time,exchg,code,price,open,high,low,settle_price,upper_limit,lower_limit,total_volume,volume,total_turnover,turnover,open_interest,diff_interest,trading_date,action_date,action_time,pre_close,pre_settle,pre_interest,bid_price_0,bid_price_1,bid_price_2,bid_price_3,bid_price_4,bid_price_5,bid_price_6,bid_price_7,bid_price_8,bid_price_9,ask_price_0,ask_price_1,ask_price_2,ask_price_3,ask_price_4,ask_price_5,ask_price_6,ask_price_7,ask_price_8,ask_price_9,bid_qty_0,bid_qty_1,bid_qty_2,bid_qty_3,bid_qty_4,bid_qty_5,bid_qty_6,bid_qty_7,bid_qty_8,bid_qty_9,ask_qty_0,ask_qty_1,ask_qty_2,ask_qty_3,ask_qty_4,ask_qty_5,ask_qty_6,ask_qty_7,ask_qty_8,ask_qty_9
20231026093649000,SSE,SSE.ETF.510500,5.452,5.446,5.454,5.439,0.0,6.014,4.92,122956369.0,104291725.0,122956369.0,104291725.0,0.0,0.0,20231026,20231026,93649000,5.467,0.0,0.0,5.451,5.45,5.449,5.448,5.447,5.446,5.445,5.444,5.443,5.442,5.452,5.453,5.454,5.455,5.456,5.457,5.458,5.459,5.46,5.461,400.0,251700.0,257800.0,910500.0,408900.0,617400.0,46700.0,127800.0,46600.0,79300.0,50000.0,590400.0,454400.0,250500.0,255600.0,50800.0,30600.0,40000.0,62330.0,39200.0
20231026093652000,SSE,SSE.ETF.510500,5.45,5.446,5.454,5.439,0.0,6.014,4.92,122992350.0,35981.0,122992350.0,35981.0,0.0,0.0,20231026,20231026,93652000,5.467,0.0,0.0,5.45,5.449,5.448,5.447,5.446,5.445,5.444,5.443,5.442,5.441,5.451,5.452,5.453,5.454,5.455,5.456,5.457,5.458,5.459,5.46,250500.0,257800.0,1250800.0,408900.0,49800.0,46700.0,167800.0,6600.0,45500.0,90800.0,500.0,194000.0,300.0,454400.0,610500.0,255600.0,10800.0,69600.0,38000.0,62330.0
20231026093655000,SSE,SSE.ETF.510500,5.45,5.446,5.454,5.439,0.0,6.014,4.92,123170565.0,178215.0,123170565.0,178215.0,0.0,0.0,20231026,20231026,93655000,5.467,0.0,0.0,5.45,5.449,5.448,5.447,5.446,5.445,5.444,5.443,5.442,5.441,5.451,5.452,5.453,5.454,5.455,5.456,5.457,5.458,5.459,5.46,226200.0,257800.0,1090800.0,368900.0,387400.0,46700.0,167800.0,46600.0,5500.0,93800.0,4000.0,226100.0,400000.0,494400.0,250500.0,255600.0,49800.0,67600.0,38000.0,65330.0
20231026093658000,SSE,SSE.ETF.510500,5.451,5.446,5.454,5.439,0.0,6.014,4.92,125370535.0,2199970.0,125370535.0,2199970.0,0.0,0.0,20231026,20231026,93658000,5.467,0.0,0.0,5.45,5.449,5.448,5.447,5.446,5.445,5.444,5.443,5.442,5.441,5.451,5.452,5.453,5.454,5.455,5.456,5.457,5.458,5.459,5.46,400.0,8500.0,900800.0,558900.0,387400.0,46700.0,167800.0,46600.0,5500.0,93800.0,250300.0,83100.0,193100.0,204400.0,450500.0,55600.0,49800.0,67600.0,38000.0,65330.0
20231026093701000,SSE,SSE.ETF.510500,5.451,5.446,5.454,5.439,0.0,6.014,4.92,125531805.0,161270.0,125531805.0,161270.0,0.0,0.0,20231026,20231026,93701000,5.467,0.0,0.0,5.448,5.447,5.446,5.445,5.444,5.443,5.442,5.441,5.44,5.439,5.45,5.451,5.452,5.453,5.454,5.455,5.456,5.457,5.458,5.459,149800.0,1408900.0,445200.0,46700.0,167800.0,46600.0,5500.0,57000.0,301100.0,170600.0,21500.0,249900.0,312200.0,193100.0,204400.0,450500.0,15600.0,49800.0,67600.0,38000.0
20231026093704000,SSE,SSE.ETF.510500,5.451,5.446,5.454,5.439,0.0,6.014,4.92,125531805.0,0.0,125531805.0,0.0,0.0,0.0,20231026,20231026,93704000,5.467,0.0,0.0,5.449,5.448,5.447,5.446,5.445,5.444,5.443,5.442,5.441,5.44,5.45,5.451,5.452,5.453,5.454,5.455,5.456,5.457,5.458,5.459,1400.0,149800.0,1258900.0,405200.0,6700.0,287800.0,46600.0,45500.0,57000.0,304100.0,35900.0,250000.0,312200.0,193100.0,484400.0,450500.0,54600.0,10800.0,70600.0,1000.0
20231026093707000,SSE,SSE.ETF.510500,5.449,5.446,5.454,5.439,0.0,6.014,4.92,126631778.0,1099973.0,126631778.0,1099973.0,0.0,0.0,20231026,20231026,93707000,5.467,0.0,0.0,5.448,5.447,5.446,5.445,5.444,5.443,5.442,5.441,5.44,5.439,5.449,5.45,5.451,5.452,5.453,5.454,5.455,5.456,5.457,5.458,149700.0,383100.0,255200.0,1236700.0,505400.0,46600.0,45500.0,17000.0,304100.0,207600.0,2400.0,86100.0,590100.0,458900.0,450000.0,94400.0,30500.0,54600.0,47800.0,67600.0
20231026093710000,SSE,SSE.ETF.510500,5.448,5.446,5.454,5.439,0.0,6.014,4.92,127724744.0,1092966.0,127724744.0,1092966.0,0.0,0.0,20231026,20231026,93710000,5.467,0.0,0.0,5.447,5.446,5.445,5.444,5.443,5.442,5.441,5.44,5.439,5.438,5.448,5.449,5.45,5.451,5.452,5.453,5.454,5.455,5.456,5.457,430400.0,216300.0,856700.0,507800.0,384200.0,45500.0,57000.0,264100.0,210800.0,177900.0,152100.0,400.0,378800.0,400000.0,508900.0,90000.0,54400.0,69500.0,52600.0,47800.0
20231026093713000,SSE,SSE.ETF.510500,5.447,5.446,5.454,5.439,0.0,6.014,4.92,128370758.0,646014.0,128370758.0,646014.0,0.0,0.0,20231026,20231026,93713000,5.467,0.0,0.0,5.447,5.446,5.445,5.444,5.443,5.442,5.441,5.44,5.439,5.438,5.448,5.449,5.45,5.451,5.452,5.453,5.454,5.455,5.456,5.457,101300.0,216300.0,256700.0,1317800.0,196600.0,233100.0,57000.0,304100.0,134000.0,180900.0,102400.0,39200.0,630000.0,643800.0,298900.0,10000.0,93400.0,67500.0,52600.0,50800.0
20231026093716000,SSE,SSE.ETF.510500,5.446,5.446,5.454,5.439,0.0,6.014,4.92,128964478.0,593720.0,128964478.0,593720.0,0.0,0.0,20231026,20231026,93716000,5.467,0.0,0.0,5.445,5.444,5.443,5.442,5.441,5.44,5.439,5.438,5.437,5.436,5.447,5.448,5.449,5.45,5.451,5.452,5.453,5.454,5.455,5.456,1800.0,338900.0,896600.0,635500.0,394600.0,304100.0,134000.0,180900.0,80000.0,12000.0,148100.0,189200.0,591000.0,490000.0,283800.0,58900.0,10000.0,93400.0,67500.0,52600.0
20231026093743000,SSE,SSE.ETF.510500,5.445,5.446,5.454,5.439,0.0,6.014,4.92,132435851.0,10890.0,132435851.0,10890.0,0.0,0.0,20231026,20231026,93743000,5.467,0.0,0.0,5.444,5.443,5.442,5.441,5.44,5.439,5.438,5.437,5.436,5.435,5.445,5.446,5.447,5.448,5.449,5.45,5.451,5.452,5.453,5.454,186400.0,809300.0,595500.0,405100.0,363700.0,224000.0,233300.0,96200.0,11800.0,71200.0,156800.0,36700.0,229600.0,66800.0,440000.0,496800.0,39200.0,95900.0,53800.0,94400.0
20231026093746000,SSE,SSE.ETF.510500,5.447,5.446,5.454,5.439,0.0,6.014,4.92,134477779.0,2041928.0,134477779.0,2041928.0,0.0,0.0,20231026,20231026,93746000,5.467,0.0,0.0,5.447,5.446,5.445,5.444,5.443,5.442,5.441,5.44,5.439,5.438,5.448,5.449,5.45,5.451,5.452,5.453,5.454,5.455,5.456,5.457,25500.0,400.0,39600.0,785400.0,209300.0,595500.0,405100.0,363700.0,224000.0,233300.0,65400.0,588300.0,646800.0,39200.0,295900.0,53800.0,94400.0,104200.0,15600.0,10800.0
20231026093749000,SSE,SSE.ETF.510500,5.444,5.446,5.454,5.439,0.0,6.014,4.92,134843189.0,365410.0,134843189.0,365410.0,0.0,0.0,20231026,20231026,93749000,5.467,0.0,0.0,5.443,5.442,5.441,5.44,5.439,5.438,5.437,5.436,5.435,5.434,5.444,5.445,5.446,5.447,5.448,5.449,5.45,5.451,5.452,5.453,249300.0,295500.0,1097500.0,513700.0,521600.0,353300.0,93200.0,98600.0,68200.0,600.0,9100.0,149700.0,150400.0,152800.0,264600.0,290000.0,296800.0,200.0,58900.0,16800.0
20231026093752000,SSE,SSE.ETF.510500,5.445,5.446,5.454,5.439,0.0,6.014,4.92,134965148.0,121959.0,134965148.0,121959.0,0.0,0.0,20231026,20231026,93752000,5.467,0.0,0.0,5.443,5.442,5.441,5.44,5.439,5.438,5.437,5.436,5.435,5.434,5.445,5.446,5.447,5.448,5.449,5.45,5.451,5.452,5.453,5.454,209900.0,790800.0,607500.0,473700.0,224000.0,353300.0,96200.0,101800.0,31200.0,77500.0,400.0,254600.0,409000.0,450000.0,240000.0,45800.0,77200.0,55900.0,56800.0,91400.0
20231026093755000,SSE,SSE.ETF.510500,5.445,5.446,5.454,5.439,0.0,6.014,4.92,134967326.0,2178.0,134967326.0,2178.0,0.0,0.0,20231026,20231026,93755000,5.467,0.0,0.0,5.445,5.444,5.443,5.442,5.441,5.44,5.439,5.438,5.437,5.436,5.446,5.447,5.448,5.449,5.45,5.451,5.452,5.453,5.454,5.455,200.0,1300.0,209500.0,790800.0,607500.0,661300.0,224500.0,233300.0,96200.0,101800.0,255000.0,309059.0,460000.0,390000.0,286800.0,76200.0,55900.0,56800.0,91400.0,67200.0
20231026093758000,SSE,SSE.ETF.510500,5.446,5.446,5.454,5.439,0.0,6.014,4.92,134978761.0,11435.0,134978761.0,11435.0,0.0,0.0,20231026,20231026,93758000,5.467,0.0,0.0,5.445,5.444,5.443,5.442,5.441,5.44,5.439,5.438,5.437,5.436,5.446,5.447,5.448,5.449,5.45,5.451,5.452,5.453,5.454,5.455,185300.0,786600.0,359500.0,355500.0,245100.0,176700.0,224500.0,233300.0,56200.0,101800.0,200.0,59059.0,254600.0,400000.0,440000.0,440200.0,57900.0,53800.0,91400.0,107200.0
20231026093955000,SSE,SSE.ETF.510500,5.446,5.446,5.454,5.439,0.0,6.014,4.92,146695214.0,87138.0,146695214.0,87138.0,0.0,0.0,20231026,20231026,93955000,5.467,0.0,0.0,5.446,5.445,5.444,5.443,5.442,5.441,5.44,5.439,5.438,5.437,5.447,5.448,5.449,5.45,5.451,5.452,5.453,5.454,5.455,5.456,786100.0,136200.0,674500.0,643300.0,71500.0,110200.0,153000.0,177500.0,183800.0,6200.0,69500.0,98300.0,207200.0,314400.0,484500.0,243500.0,647400.0,381400.0,140500.0,102600.0
20231026093958000,SSE,SSE.ETF.510500,5.446,5.446,5.454,5.439,0.0,6.014,4.92,147182631.0,487417.0,147182631.0,487417.0,0.0,0.0,20231026,20231026,93958000,5.467,0.0,0.0,5.446,5.445,5.444,5.443,5.442,5.441,5.44,5.439,5.438,5.437,5.447,5.448,5.449,5.45,5.451,5.452,5.453,5.454,5.455,5.456,519700.0,926200.0,334500.0,393300.0,261500.0,110200.0,153000.0,177500.0,143800.0,83000.0,69500.0,98300.0,194000.0,336800.0,674500.0,894500.0,49400.0,181400.0,137500.0,105600.0
20231026094001000,SSE,SSE.ETF.510500,5.446,5.446,5.454,5.439,0.0,6.014,4.92,148139493.0,956862.0,148139493.0,956862.0,0.0,0.0,20231026,20231026,94001000,5.467,0.0,0.0,5.446,5.445,5.444,5.443,5.442,5.441,5.44,5.439,5.438,5.437,5.447,5.448,5.449,5.45,5.451,5.452,5.453,5.454,5.455,5.456,744000.0,503100.0,484500.0,393300.0,111500.0,110200.0,153000.0,177500.0,143800.0,83100.0,69500.0,6900.0,17200.0,186800.0,674500.0,1094500.0,249400.0,181400.0,137500.0,105600.0
20231026094543000,SSE,SSE.ETF.510500,5.44,5.446,5.461,5.439,0.0,6.014,4.92,182697093.0,1600448.0,182697093.0,1600448.0,0.0,0.0,20231026,20231026,94543000,5.467,0.0,0.0,5.439,5.438,5.437,5.436,5.435,5.434,5.433,5.432,5.431,5.43,5.44,5.441,5.442,5.443,5.444,5.445,5.446,5.447,5.448,5.449,956500.0,842200.0,795700.0,104800.0,229400.0,117100.0,143300.0,136400.0,65800.0,183800.0,528500.0,161200.0,301900.0,245900.0,573200.0,232000.0,865100.0,242400.0,37000.0,78400.0
20231026094546000,SSE,SSE.ETF.510500,5.439,5.446,5.461,5.439,0.0,6.014,4.92,182769442.0,72349.0,182769442.0,72349.0,0.0,0.0,20231026,20231026,94546000,5.467,0.0,0.0,5.439,5.438,5.437,5.436,5.435,5.434,5.433,5.432,5.431,5.43,5.44,5.441,5.442,5.443,5.444,5.445,5.446,5.447,5.448,5.449,113300.0,1092200.0,985700.0,304800.0,279400.0,167100.0,93300.0,86400.0,65800.0,183900.0,558300.0,161200.0,491900.0,245900.0,483200.0,282000.0,765100.0,242400.0,37000.0,78400.0
20231026094549000,SSE,SSE.ETF.510500,5.44,5.446,5.461,5.439,0.0,6.014,4.92,185616194.0,2846752.0,185616194.0,2846752.0,0.0,0.0,20231026,20231026,94549000,5.467,0.0,0.0,5.44,5.439,5.438,5.437,5.436,5.435,5.434,5.433,5.432,5.431,5.441,5.442,5.443,5.444,5.445,5.446,5.447,5.448,5.449,5.45,677000.0,702800.0,829800.0,208100.0,104800.0,229400.0,167100.0,93300.0,136400.0,115800.0,161200.0,52000.0,90100.0,383200.0,272900.0,265100.0,192400.0,237000.0,278400.0,80400.0
20231026094552000,SSE,SSE.ETF.510500,5.44,5.446,5.461,5.439,0.0,6.014,4.92,185635778.0,19584.0,185635778.0,19584.0,0.0,0.0,20231026,20231026,94552000,5.467,0.0,0.0,5.44,5.439,5.438,5.437,5.436,5.435,5.434,5.433,5.432,5.431,5.441,5.442,5.443,5.444,5.445,5.446,5.447,5.448,5.449,5.45,171300.0,764100.0,642200.0,259100.0,195800.0,213400.0,81100.0,93300.0,6400.0,105800.0,282800.0,52400.0,289900.0,292000.0,521900.0,432100.0,267400.0,90000.0,88400.0,83600.0
20231026094555000,SSE,SSE.ETF.510500,5.441,5.446,5.461,5.439,0.0,6.014,4.92,185642850.0,7072.0,185642850.0,7072.0,0.0,0.0,20231026,20231026,94555000,5.467,0.0,0.0,5.44,5.439,5.438,5.437,5.436,5.435,5.434,5.433,5.432,5.431,5.441,5.442,5.443,5.444,5.445,5.446,5.447,5.448,5.449,5.45,88100.0,122200.0,843100.0,799100.0,483600.0,263400.0,131100.0,143300.0,55900.0,105800.0,336300.0,352300.0,529900.0,442000.0,231900.0,682100.0,317400.0,40000.0,38400.0,83600.0
20231026094558000,SSE,SSE.ETF.510500,5.44,5.446,5.461,5.439,0.0,6.014,4.92,185719010.0,76160.0,185719010.0,76160.0,0.0,0.0,20231026,20231026,94558000,5.467,0.0,0.0,5.44,5.439,5.438,5.437,5.436,5.435,5.434,5.433,5.432,5.431,5.441,5.442,5.443,5.444,5.445,5.446,5.447,5.448,5.449,5.45,114100.0,722200.0,643800.0,799100.0,146000.0,264600.0,134100.0,143300.0,55900.0,105800.0,336300.0,352300.0,529900.0,292000.0,231900.0,832100.0,117400.0,240000.0,38400.0,83600.0
20231026094601000,SSE,SSE.ETF.510500,5.44,5.446,5.461,5.439,0.0,6.014,4.92,185719010.0,0.0,185719010.0,0.0,0.0,0.0,20231026,20231026,94601000,5.467,0.0,0.0,5.44,5.439,5.438,5.437,5.436,5.435,5.434,5.433,5.432,5.431,5.441,5.442,5.443,5.444,5.445,5.446,5.447,5.448,5.449,5.45,135100.0,912200.0,493800.0,609100.0,296000.0,264600.0,184100.0,143300.0,5900.0,105800.0,322600.0,352300.0,339900.0,482000.0,231900.0,832100.0,117400.0,40000.0,38400.0,83700.0
20231026094604000,SSE,SSE.ETF.510500,5.44,5.446,5.461,5.439,0.0,6.014,4.92,185806594.0,87584.0,185806594.0,87584.0,0.0,0.0,20231026,20231026,94604000,5.467,0.0,0.0,5.44,5.439,5.438,5.437,5.436,5.435,5.434,5.433,5.432,5.431,5.441,5.442,5.443,5.444,5.445,5.446,5.447,5.448,5.449,5.45,119100.0,892200.0,493800.0,609100.0,296000.0,264600.0,134100.0,143300.0,55900.0,105800.0,396100.0,102400.0,339900.0,632000.0,232300.0,682100.0,117400.0,40000.0,103600.0,123700.0
20231026100946000,SSE,SSE.ETF.510500,5.452,5.446,5.461,5.438,0.0,6.014,4.92,278536407.0,0.0,278536407.0,0.0,0.0,0.0,20231026,20231026,100946000,5.467,0.0,0.0,5.452,5.451,5.45,5.449,5.448,5.447,5.446,5.445,5.444,5.443,5.454,5.455,5.456,5.457,5.458,5.459,5.46,5.461,5.462,5.463,25600.0,1341570.0,654395.0,51800.0,144600.0,183500.0,140600.0,232200.0,90200.0,86400.0,295600.0,475500.0,290500.0,82800.0,274600.0,882900.0,183800.0,243200.0,174600.0,114800.0
20231026100949000,SSE,SSE.ETF.510500,5.452,5.446,5.461,5.438,0.0,6.014,4.92,278536407.0,0.0,278536407.0,0.0,0.0,0.0,20231026,20231026,100949000,5.467,0.0,0.0,5.452,5.451,5.45,5.449,5.448,5.447,5.446,5.445,5.444,5.443,5.453,5.454,5.455,5.456,5.457,5.458,5.459,5.46,5.461,5.462,45600.0,1731570.0,464395.0,51800.0,144600.0,183500.0,240600.0,132200.0,90200.0,49600.0,6100.0,6600.0,285500.0,480500.0,332800.0,274600.0,882900.0,183800.0,243200.0,174600.0
20231026100952000,SSE,SSE.ETF.510500,5.452,5.446,5.461,5.438,0.0,6.014,4.92,278547311.0,10904.0,278547311.0,10904.0,0.0,0.0,20231026,20231026,100952000,5.467,0.0,0.0,5.452,5.451,5.45,5.449,5.448,5.447,5.446,5.445,5.444,5.443,5.453,5.454,5.455,5.456,5.457,5.458,5.459,5.46,5.461,5.462,43600.0,1731570.0,464395.0,51800.0,144600.0,183500.0,240600.0,132200.0,50200.0,89400.0,6100.0,46600.0,285500.0,480500.0,372800.0,274600.0,281900.0,144800.0,203200.0,174600.0
20231026100955000,SSE,SSE.ETF.510500,5.452,5.446,5.461,5.438,0.0,6.014,4.92,278547311.0,0.0,278547311.0,0.0,0.0,0.0,20231026,20231026,100955000,5.467,0.0,0.0,5.452,5.451,5.45,5.449,5.448,5.447,5.446,5.445,5.444,5.443,5.453,5.454,5.455,5.456,5.457,5.458,5.459,5.46,5.461,5.462,43600.0,1730570.0,464395.0,51800.0,144600.0,183500.0,240600.0,132200.0,50200.0,52600.0,8100.0,46600.0,285500.0,480500.0,372800.0,274600.0,281900.0,744800.0,40200.0,174600.0
20231026100958000,SSE,SSE.ETF.510500,5.452,5.446,5.461,5.438,0.0,6.014,4.92,278554944.0,7633.0,278554944.0,7633.0,0.0,0.0,20231026,20231026,100958000,5.467,0.0,0.0,5.452,5.451,5.45,5.449,5.448,5.447,5.446,5.445,5.444,5.443,5.453,5.454,5.455,5.456,5.457,5.458,5.459,5.46,5.461,5.462,42200.0,1730570.0,464395.0,51800.0,144600.0,183500.0,240600.0,132200.0,50200.0,52600.0,7200.0,47500.0,285500.0,480500.0,372800.0,274600.0,281900.0,744800.0,240200.0,174600.0
20231026101001000,SSE,SSE.ETF.510500,5.453,5.446,5.461,5.438,0.0,6.014,4.92,278594206.0,39262.0,278594206.0,39262.0,0.0,0.0,20231026,20231026,101001000,5.467,0.0,0.0,5.453,5.452,5.451,5.45,5.449,5.448,5.447,5.446,5.445,5.444,5.454,5.455,5.456,5.457,5.458,5.459,5.46,5.461,5.462,5.463,132800.0,242200.0,1730570.0,214395.0,51800.0,144600.0,183500.0,240600.0,92200.0,50200.0,67500.0,285500.0,480500.0,372800.0,274600.0,281900.0,744800.0,280200.0,214600.0,151500.0
20231026101004000,SSE,SSE.ETF.510500,5.453,5.446,5.461,5.438,0.0,6.014,4.92,278594206.0,0.0,278594206.0,0.0,0.0,0.0,20231026,20231026,101004000,5.467,0.0,0.0,5.453,5.452,5.451,5.45,5.449,5.448,5.447,5.446,5.445,5.444,5.454,5.455,5.456,5.457,5.458,5.459,5.46,5.461,5.462,5.463,132800.0,1029800.0,1342970.0,65395.0,92800.0,178600.0,247500.0,140600.0,52200.0,127000.0,27500.0,285500.0,480500.0,331800.0,123600.0,248900.0,969800.0,43200.0,334600.0,154800.0
20231026101007000,SSE,SSE.ETF.510500,5.454,5.446,5.461,5.438,0.0,6.014,4.92,278744191.0,149985.0,278744191.0,149985.0,0.0,0.0,20231026,20231026,101007000,5.467,0.0,0.0,5.453,5.452,5.451,5.45,5.449,5.448,5.447,5.446,5.445,5.444,5.455,5.456,5.457,5.458,5.459,5.46,5.461,5.462,5.463,5.464,1730800.0,641800.0,202970.0,115395.0,142800.0,178600.0,247500.0,90600.0,2200.0,77000.0,4400.0,290500.0,521800.0,373600.0,98900.0,369800.0,193200.0,124600.0,304800.0,102600.0
20231026101010000,SSE,SSE.ETF.510500,5.454,5.446,5.461,5.438,0.0,6.014,4.92,278744191.0,0.0,278744191.0,0.0,0.0,0.0,20231026,20231026,101010000,5.467,0.0,0.0,5.454,5.453,5.452,5.451,5.45,5.449,5.448,5.447,5.446,5.445,5.455,5.456,5.457,5.458,5.459,5.46,5.461,5.462,5.463,5.464,239300.0,1770800.0,641800.0,182970.0,115595.0,142800.0,178600.0,247500.0,50600.0,42200.0,4900.0,40500.0,521800.0,333600.0,348900.0,370800.0,232200.0,687600.0,304800.0,102600.0
20231026101013000,SSE,SSE.ETF.510500,5.455,5.446,5.461,5.438,0.0,6.014,4.92,278782374.0,38183.0,278782374.0,38183.0,0.0,0.0,20231026,20231026,101013000,5.467,0.0,0.0,5.454,5.453,5.452,5.451,5.45,5.449,5.448,5.447,5.446,5.445,5.456,5.457,5.458,5.459,5.46,5.461,5.462,5.463,5.464,5.465,240600.0,1770400.0,641800.0,183970.0,156595.0,176900.0,242600.0,147500.0,10600.0,79000.0,40900.0,521800.0,332600.0,97900.0,336800.0,868200.0,87600.0,264800.0,142600.0,141500.0
20231026101016000,SSE,SSE.ETF.510500,5.456,5.446,5.461,5.438,0.0,6.014,4.92,278841844.0,59470.0,278841844.0,59470.0,0.0,0.0,20231026,20231026,101016000,5.467,0.0,0.0,5.455,5.454,5.453,5.452,5.451,5.45,5.449,5.448,5.447,5.446,5.457,5.458,5.459,5.46,5.461,5.462,5.463,5.464,5.465,5.466,41100.0,1837800.0,592800.0,241800.0,183970.0,156595.0,176900.0,242600.0,107500.0,50600.0,292200.0,522600.0,307900.0,186800.0,269200.0,876600.0,67800.0,382600.0,101500.0,373218.0
20231026101019000,SSE,SSE.ETF.510500,5.456,5.446,5.461,5.438,0.0,6.014,4.92,278875120.0,33276.0,278875120.0,33276.0,0.0,0.0,20231026,20231026,101019000,5.467,0.0,0.0,5.455,5.454,5.453,5.452,5.451,5.45,5.449,5.448,5.447,5.446,5.457,5.458,5.459,5.46,5.461,5.462,5.463,5.464,5.465,5.466,37500.0,1837800.0,592800.0,22800.0,262770.0,190595.0,140900.0,242600.0,107500.0,47600.0,332200.0,522600.0,306900.0,145800.0,235200.0,913600.0,106800.0,265600.0,141500.0,373218.0
20231026101022000,SSE,SSE.ETF.510500,5.456,5.446,5.461,5.438,0.0,6.014,4.92,278877848.0,2728.0,278877848.0,2728.0,0.0,0.0,20231026,20231026,101022000,5.467,0.0,0.0,5.455,5.454,5.453,5.452,5.451,5.45,5.449,5.448,5.447,5.446,5.457,5.458,5.459,5.46,5.461,5.462,5.463,5.464,5.465,5.466,37500.0,1687800.0,592800.0,172800.0,262770.0,190595.0,240900.0,142600.0,107500.0,47600.0,22200.0,522600.0,306900.0,395800.0,235200.0,913600.0,106800.0,265600.0,141500.0,373218.0
20231026101025000,SSE,SSE.ETF.510500,5.457,5.446,5.461,5.438,0.0,6.014,4.92,278878394.0,546.0,278878394.0,546.0,0.0,0.0,20231026,20231026,101025000,5.467,0.0,0.0,5.455,5.454,5.453,5.452,5.451,5.45,5.449,5.448,5.447,5.446,5.457,5.458,5.459,5.46,5.461,5.462,5.463,5.464,5.465,5.466,37500.0,1667800.0,592800.0,172800.0,262770.0,190595.0,240900.0,142600.0,107500.0,84400.0,313000.0,523600.0,306900.0,145800.0,235200.0,913600.0,106800.0,305600.0,141500.0,336618.0
20231026101028000,SSE,SSE.ETF.510500,5.457,5.446,5.461,5.438,0.0,6.014,4.92,278878394.0,0.0,278878394.0,0.0,0.0,0.0,20231026,20231026,101028000,5.467,0.0,0.0,5.455,5.454,5.453,5.452,5.451,5.45,5.449,5.448,5.447,5.446,5.456,5.457,5.458,5.459,5.46,5.461,5.462,5.463,5.464,5.465,37500.0,430200.0,1380400.0,172800.0,262770.0,190595.0,140900.0,242600.0,107500.0,47600.0,500.0,326900.0,523600.0,306900.0,295800.0,235200.0,763600.0,306800.0,65600.0,141500.0
20231026101031000,SSE,SSE.ETF.510500,5.457,5.446,5.461,5.438,0.0,6.014,4.92,278878394.0,0.0,278878394.0,0.0,0.0,0.0,20231026,20231026,101031000,5.467,0.0,0.0,5.455,5.454,5.453,5.452,5.451,5.45,5.449,5.448,5.447,5.446,5.456,5.457,5.458,5.459,5.46,5.461,5.462,5.463,5.464,5.465,37500.0,1480200.0,592800.0,172800.0,262770.0,190595.0,240900.0,142600.0,67500.0,50600.0,500.0,327400.0,523600.0,306900.0,335800.0,235200.0,762600.0,67800.0,65600.0,141500.0
20231026101034000,SSE,SSE.ETF.510500,5.456,5.446,5.461,5.438,0.0,6.014,4.92,278881122.0,2728.0,278881122.0,2728.0,0.0,0.0,20231026,20231026,101034000,5.467,0.0,0.0,5.455,5.454,5.453,5.452,5.451,5.45,5.449,5.448,5.447,5.446,5.457,5.458,5.459,5.46,5.461,5.462,5.463,5.464,5.465,5.466,35900.0,1834800.0,342800.0,22800.0,262770.0,290595.0,140900.0,142600.0,67500.0,50600.0,287400.0,524100.0,306900.0,185800.0,235200.0,909600.0,67800.0,342600.0,141500.0,373218.0
20231026101037000,SSE,SSE.ETF.510500,5.456,5.446,5.461,5.438,0.0,6.014,4.92,278881122.0,0.0,278881122.0,0.0,0.0,0.0,20231026,20231026,101037000,5.467,0.0,0.0,5.456,5.455,5.454,5.453,5.452,5.451,5.45,5.449,5.448,5.447,5.457,5.458,5.459,5.46,5.461,5.462,5.463,5.464,5.465,5.466,2000.0,473500.0,1647200.0,342800.0,422800.0,262770.0,290595.0,140900.0,102600.0,107500.0,330700.0,524100.0,306900.0,145800.0,235200.0,310600.0,706800.0,305600.0,141500.0,373218.0
20231026101040000,SSE,SSE.ETF.510500,5.457,5.446,5.461,5.438,0.0,6.014,4.92,278882759.0,1637.0,278882759.0,1637.0,0.0,0.0,20231026,20231026,101040000,5.467,0.0,0.0,5.456,5.455,5.454,5.453,5.452,5.451,5.45,5.449,5.448,5.447,5.457,5.458,5.459,5.46,5.461,5.462,5.463,5.464,5.465,5.466,2200.0,35900.0,1834800.0,573800.0,463800.0,296770.0,154595.0,140900.0,162600.0,107500.0,330900.0,524100.0,306900.0,144800.0,234200.0,276600.0,742800.0,305600.0,101500.0,376618.0
20231026101043000,SSE,SSE.ETF.510500,5.456,5.446,5.461,5.438,0.0,6.014,4.92,278991879.0,109120.0,278991879.0,109120.0,0.0,0.0,20231026,20231026,101043000,5.467,0.0,0.0,5.456,5.455,5.454,5.453,5.452,5.451,5.45,5.449,5.448,5.447,5.457,5.458,5.459,5.46,5.461,5.462,5.463,5.464,5.465,5.466,52200.0,235900.0,1634800.0,283800.0,466800.0,296770.0,154595.0,240900.0,62600.0,107500.0,81000.0,524100.0,306900.0,394800.0,234200.0,276600.0,942800.0,105600.0,101500.0,413218.0
20231026101046000,SSE,SSE.ETF.510500,5.457,5.446,5.461,5.438,0.0,6.014,4.92,279015890.0,24011.0,279015890.0,24011.0,0.0,0.0,20231026,20231026,101046000,5.467,0.0,0.0,5.456,5.455,5.454,5.453,5.452,5.451,5.45,5.449,5.448,5.447,5.457,5.458,5.459,5.46,5.461,5.462,5.463,5.464,5.465,5.466,52200.0,37000.0,1437600.0,533800.0,466800.0,296770.0,154595.0,240900.0,62600.0,107500.0,323200.0,524200.0,306900.0,144800.0,234200.0,276600.0,742800.0,305600.0,101500.0,376618.0
20231026101049000,SSE,SSE.ETF.510500,5.457,5.446,5.461,5.438,0.0,6.014,4.92,279057909.0,42019.0,279057909.0,42019.0,0.0,0.0,20231026,20231026,101049000,5.467,0.0,0.0,5.456,5.455,5.454,5.453,5.452,5.451,5.45,5.449,5.448,5.447,5.457,5.458,5.459,5.46,5.461,5.462,5.463,5.464,5.465,5.466,82200.0,57000.0,1437600.0,533800.0,466800.0,296770.0,154595.0,240900.0,62600.0,107500.0,65600.0,524200.0,306900.0,394800.0,234200.0,276600.0,742800.0,255600.0,101500.0,376618.0
20231026101052000,SSE,SSE.ETF.510500,5.456,5.446,5.461,5.438,0.0,6.014,4.92,279085591.0,27682.0,279085591.0,27682.0,0.0,0.0,20231026,20231026,101052000,5.467,0.0,0.0,5.456,5.455,5.454,5.453,5.452,5.451,5.45,5.449,5.448,5.447,5.457,5.458,5.459,5.46,5.461,5.462,5.463,5.464,5.465,5.466,81627.0,1833600.0,460000.0,133800.0,466800.0,296770.0,155595.0,240900.0,62600.0,144300.0,21100.0,334200.0,306900.0,584800.0,84200.0,276600.0,892800.0,55600.0,301500.0,376618.0
20231026101055000,SSE,SSE.ETF.510500,5.457,5.446,5.461,5.438,0.0,6.014,4.92,279201280.0,115689.0,279201280.0,115689.0,0.0,0.0,20231026,20231026,101055000,5.467,0.0,0.0,5.456,5.455,5.454,5.453,5.452,5.451,5.45,5.449,5.448,5.447,5.458,5.459,5.46,5.461,5.462,5.463,5.464,5.465,5.466,5.467,82127.0,1838200.0,260000.0,183800.0,516800.0,296770.0,255595.0,90900.0,12600.0,94300.0,44600.0,306900.0,584800.0,334200.0,276600.0,292800.0,655600.0,301500.0,376618.0,162505.0
20231026101058000,SSE,SSE.ETF.510500,5.456,5.446,5.461,5.438,0.0,6.014,4.92,279255840.0,54560.0,279255840.0,54560.0,0.0,0.0,20231026,20231026,101058000,5.467,0.0,0.0,5.456,5.455,5.454,5.453,5.452,5.451,5.45,5.449,5.448,5.447,5.458,5.459,5.46,5.461,5.462,5.463,5.464,5.465,5.466,5.467,1519727.0,660600.0,260000.0,183800.0,516800.0,296770.0,255595.0,90900.0,52600.0,91300.0,44600.0,306900.0,584800.0,294200.0,126600.0,293800.0,844600.0,254500.0,376618.0,162505.0
20231026101101000,SSE,SSE.ETF.510500,5.456,5.446,5.461,5.438,0.0,6.014,4.92,279255840.0,0.0,279255840.0,0.0,0.0,0.0,20231026,20231026,101101000,5.467,0.0,0.0,5.456,5.455,5.454,5.453,5.452,5.451,5.45,5.449,5.448,5.447,5.458,5.459,5.46,5.461,5.462,5.463,5.464,5.465,5.466,5.467,1670427.0,660600.0,110000.0,91000.0,516800.0,296770.0,255595.0,90900.0,52600.0,91300.0,45100.0,307900.0,584800.0,294200.0,126600.0,293800.0,844600.0,54500.0,576618.0,162505.0
20231026101104000,SSE,SSE.ETF.510500,5.458,5.446,5.461,5.438,0.0,6.014,4.92,279505270.0,249430.0,279505270.0,249430.0,0.0,0.0,20231026,20231026,101104000,5.467,0.0,0.0,5.457,5.456,5.455,5.454,5.453,5.452,5.451,5.45,5.449,5.448,5.459,5.46,5.461,5.462,5.463,5.464,5.465,5.466,5.467,5.468,400.0,1272427.0,812700.0,220000.0,51000.0,495800.0,261700.0,115595.0,150900.0,52600.0,268300.0,544800.0,254200.0,238100.0,253800.0,654600.0,214500.0,326618.0,162505.0,218546.0
20231026101107000,SSE,SSE.ETF.510500,5.458,5.446,5.461,5.438,0.0,6.014,4.92,279505270.0,0.0,279505270.0,0.0,0.0,0.0,20231026,20231026,101107000,5.467,0.0,0.0,5.458,5.457,5.456,5.455,5.454,5.453,5.452,5.451,5.45,5.449,5.459,5.46,5.461,5.462,5.463,5.464,5.465,5.466,5.467,5.468,500.0,400.0,1610027.0,625100.0,51000.0,92000.0,529800.0,225700.0,215595.0,50900.0,268300.0,545200.0,253200.0,47100.0,219800.0,841600.0,53500.0,449618.0,202505.0,181546.0
20231026101110000,SSE,SSE.ETF.510500,5.458,5.446,5.461,5.438,0.0,6.014,4.92,279507999.0,2729.0,279507999.0,2729.0,0.0,0.0,20231026,20231026,101110000,5.467,0.0,0.0,5.457,5.456,5.455,5.454,5.453,5.452,5.451,5.45,5.449,5.448,5.459,5.46,5.461,5.462,5.463,5.464,5.465,5.466,5.467,5.468,900.0,1410027.0,606700.0,92000.0,126000.0,493800.0,225700.0,175595.0,50900.0,49500.0,271500.0,545700.0,253200.0,196100.0,218800.0,807600.0,89500.0,449618.0,162505.0,258546.0
20231026101113000,SSE,SSE.ETF.510500,5.458,5.446,5.461,5.438,0.0,6.014,4.92,279527648.0,19649.0,279527648.0,19649.0,0.0,0.0,20231026,20231026,101113000,5.467,0.0,0.0,5.457,5.456,5.455,5.454,5.453,5.452,5.451,5.45,5.449,5.448,5.458,5.459,5.46,5.461,5.462,5.463,5.464,5.465,5.466,5.467,400.0,266427.0,1095700.0,441000.0,232000.0,569800.0,265700.0,255595.0,100900.0,99500.0,285800.0,312000.0,586600.0,193200.0,237100.0,309800.0,731600.0,93500.0,249618.0,202505.0
20231026101116000,SSE,SSE.ETF.510500,5.456,5.446,5.461,5.438,0.0,6.014,4.92,279926630.0,398982.0,279926630.0,398982.0,0.0,0.0,20231026,20231026,101116000,5.467,0.0,0.0,5.455,5.454,5.453,5.452,5.451,5.45,5.449,5.448,5.447,5.446,5.457,5.458,5.459,5.46,5.461,5.462,5.463,5.464,5.465,5.466,123300.0,478600.0,1272000.0,669800.0,265700.0,155595.0,100900.0,242600.0,142300.0,47600.0,213100.0,475900.0,331900.0,297000.0,193200.0,727100.0,109800.0,130600.0,64500.0,336618.0
20231026101119000,SSE,SSE.ETF.510500,5.456,5.446,5.461,5.438,0.0,6.014,4.92,279926630.0,0.0,279926630.0,0.0,0.0,0.0,20231026,20231026,101119000,5.467,0.0,0.0,5.455,5.454,5.453,5.452,5.451,5.45,5.449,5.448,5.447,5.446,5.456,5.457,5.458,5.459,5.46,5.461,5.462,5.463,5.464,5.465,6100.0,117200.0,817600.0,1444800.0,267700.0,191595.0,140900.0,242600.0,108500.0,84400.0,212700.0,403100.0,285900.0,81900.0,848100.0,835200.0,362100.0,106800.0,15600.0,141500.0
20231026101122000,SSE,SSE.ETF.510500,5.455,5.446,5.461,5.438,0.0,6.014,4.92,280018830.0,92200.0,280018830.0,92200.0,0.0,0.0,20231026,20231026,101122000,5.467,0.0,0.0,5.454,5.453,5.452,5.451,5.45,5.449,5.448,5.447,5.446,5.445,5.456,5.457,5.458,5.459,5.46,5.461,5.462,5.463,5.464,5.465,134500.0,667600.0,1444800.0,417700.0,191595.0,240900.0,130600.0,108500.0,50600.0,76200.0,196200.0,402700.0,290100.0,62200.0,894200.0,835200.0,161100.0,117800.0,102600.0,141500.0
20231026101125000,SSE,SSE.ETF.510500,5.455,5.446,5.461,5.438,0.0,6.014,4.92,280775984.0,757154.0,280775984.0,757154.0,0.0,0.0,20231026,20231026,101125000,5.467,0.0,0.0,5.455,5.454,5.453,5.452,5.451,5.45,5.449,5.448,5.447,5.446,5.456,5.457,5.458,5.459,5.46,5.461,5.462,5.463,5.464,5.465,684200.0,1060400.0,60000.0,443000.0,226700.0,157595.0,276900.0,130600.0,148500.0,50600.0,40400.0,293500.0,290100.0,503200.0,745300.0,119200.0,275100.0,777800.0,292600.0,51500.0
20231026101128000,SSE,SSE.ETF.510500,5.456,5.446,5.461,5.438,0.0,6.014,4.92,280996406.0,220422.0,280996406.0,220422.0,0.0,0.0,20231026,20231026,101128000,5.467,0.0,0.0,5.456,5.455,5.454,5.453,5.452,5.451,5.45,5.449,5.448,5.447,5.457,5.458,5.459,5.46,5.461,5.462,5.463,5.464,5.465,5.466,2101000.0,460400.0,140000.0,90000.0,594000.0,267700.0,191595.0,90900.0,40600.0,18500.0,4000.0,40100.0,312200.0,1184300.0,86200.0,161100.0,217800.0,842600.0,91500.0,536618.0
20231026101131000,SSE,SSE.ETF.510500,5.459,5.446,5.461,5.438,0.0,6.014,4.92,281586475.0,590069.0,281586475.0,590069.0,0.0,0.0,20231026,20231026,101131000,5.467,0.0,0.0,5.458,5.457,5.456,5.455,5.454,5.453,5.452,5.451,5.45,5.449,5.46,5.461,5.462,5.463,5.464,5.465,5.466,5.467,5.468,5.469,1296500.0,646000.0,290000.0,40000.0,90000.0,91000.0,535000.0,401700.0,115595.0,50900.0,810300.0,525200.0,378100.0,142800.0,55600.0,241500.0,1116618.0,112505.0,181546.0,72400.0
20231026101134000,SSE,SSE.ETF.510500,5.459,5.446,5.461,5.438,0.0,6.014,4.92,281621959.0,35484.0,281621959.0,35484.0,0.0,0.0,20231026,20231026,101134000,5.467,0.0,0.0,5.459,5.458,5.457,5.456,5.455,5.454,5.453,5.452,5.451,5.45,5.46,5.461,5.462,5.463,5.464,5.465,5.466,5.467,5.468,5.469,319600.0,992300.0,456000.0,767900.0,91000.0,132000.0,173000.0,533000.0,175700.0,165595.0,864100.0,152200.0,336100.0,258800.0,247600.0,280500.0,328618.0,715505.0,421946.0,186300.0
20231026101137000,SSE,SSE.ETF.510500,5.459,5.446,5.461,5.438,0.0,6.014,4.92,281810294.0,188335.0,281810294.0,188335.0,0.0,0.0,20231026,20231026,101137000,5.467,0.0,0.0,5.458,5.457,5.456,5.455,5.454,5.453,5.452,5.451,5.45,5.449,5.459,5.46,5.461,5.462,5.463,5.464,5.465,5.466,5.467,5.468,215800.0,1224200.0,954300.0,282000.0,166000.0,138000.0,533000.0,325700.0,65595.0,84600.0,3700.0,1298700.0,484200.0,86100.0,67800.0,246600.0,446500.0,564618.0,115505.0,181946.0
20231026101140000,SSE,SSE.ETF.510500,5.459,5.446,5.461,5.438,0.0,6.014,4.92,281837589.0,27295.0,281837589.0,27295.0,0.0,0.0,20231026,20231026,101140000,5.467,0.0,0.0,5.458,5.457,5.456,5.455,5.454,5.453,5.452,5.451,5.45,5.449,5.459,5.46,5.461,5.462,5.463,5.464,5.465,5.466,5.467,5.468,40400.0,405400.0,1617500.0,441000.0,132000.0,174100.0,533000.0,365700.0,75595.0,87700.0,124200.0,1474200.0,484200.0,86100.0,258800.0,247600.0,729500.0,489618.0,75505.0,221946.0
20231026101143000,SSE,SSE.ETF.510500,5.458,5.446,5.461,5.438,0.0,6.014,4.92,281840318.0,2729.0,281840318.0,2729.0,0.0,0.0,20231026,20231026,101143000,5.467,0.0,0.0,5.458,5.457,5.456,5.455,5.454,5.453,5.452,5.451,5.45,5.449,5.459,5.46,5.461,5.462,5.463,5.464,5.465,5.466,5.467,5.468,39900.0,749600.0,1473300.0,441000.0,132000.0,174100.0,533000.0,365700.0,75595.0,50900.0,139700.0,1517100.0,484200.0,86100.0,108800.0,247600.0,879500.0,289618.0,312505.0,221946.0
20231026101146000,SSE,SSE.ETF.510500,5.457,5.446,5.461,5.438,0.0,6.014,4.92,282232709.0,392391.0,282232709.0,392391.0,0.0,0.0,20231026,20231026,101146000,5.467,0.0,0.0,5.456,5.455,5.454,5.453,5.452,5.451,5.45,5.449,5.448,5.447,5.457,5.458,5.459,5.46,5.461,5.462,5.463,5.464,5.465,5.466,547900.0,216400.0,1216200.0,324100.0,533000.0,265700.0,215595.0,50900.0,75300.0,54500.0,33700.0,114100.0,158700.0,1496600.0,46200.0,236100.0,858800.0,97600.0,329500.0,249618.0
20231026101149000,SSE,SSE.ETF.510500,5.458,5.446,5.461,5.438,0.0,6.014,4.92,282238167.0,5458.0,282238167.0,5458.0,0.0,0.0,20231026,20231026,101149000,5.467,0.0,0.0,5.456,5.455,5.454,5.453,5.452,5.451,5.45,5.449,5.448,5.447,5.458,5.459,5.46,5.461,5.462,5.463,5.464,5.465,5.466,5.467,548300.0,815400.0,774300.0,249100.0,535000.0,301700.0,255595.0,140900.0,1600.0,94300.0,93100.0,335800.0,1748600.0,237200.0,278100.0,742800.0,55600.0,291500.0,326618.0,112505.0
20231026101152000,SSE,SSE.ETF.510500,5.456,5.446,5.461,5.438,0.0,6.014,4.92,283786034.0,1547867.0,283786034.0,1547867.0,0.0,0.0,20231026,20231026,101152000,5.467,0.0,0.0,5.456,5.455,5.454,5.453,5.452,5.451,5.45,5.449,5.448,5.447,5.457,5.458,5.459,5.46,5.461,5.462,5.463,5.464,5.465,5.466,264700.0,40000.0,230100.0,1243300.0,935000.0,301700.0,255595.0,140900.0,41600.0,54300.0,40000.0,499600.0,85800.0,1458600.0,196200.0,728100.0,343800.0,94600.0,69500.0,376618.0
20231026101155000,SSE,SSE.ETF.510500,5.458,5.446,5.461,5.438,0.0,6.014,4.92,283814962.0,28928.0,283814962.0,28928.0,0.0,0.0,20231026,20231026,101155000,5.467,0.0,0.0,5.457,5.456,5.455,5.454,5.453,5.452,5.451,5.45,5.449,5.448,5.458,5.459,5.46,5.461,5.462,5.463,5.464,5.465,5.466,5.467,40000.0,514700.0,479900.0,1184300.0,249100.0,535000.0,301700.0,255595.0,100900.0,41600.0,74300.0,264900.0,1558600.0,236200.0,278100.0,742800.0,55600.0,296500.0,376618.0,162505.0
20231026101158000,SSE,SSE.ETF.510500,5.457,5.446,5.461,5.438,0.0,6.014,4.92,284033242.0,218280.0,284033242.0,218280.0,0.0,0.0,20231026,20231026,101158000,5.467,0.0,0.0,5.457,5.456,5.455,5.454,5.453,5.452,5.451,5.45,5.449,5.448,5.458,5.459,5.46,5.461,5.462,5.463,5.464,5.465,5.466,5.467,249900.0,518300.0,624100.0,791100.0,140100.0,569000.0,265700.0,255595.0,100900.0,41600.0,74300.0,245200.0,1558700.0,45200.0,277100.0,859800.0,332400.0,59500.0,336618.0,202505.0
20231026101201000,SSE,SSE.ETF.510500,5.457,5.446,5.461,5.438,0.0,6.014,4.92,284087812.0,54570.0,284087812.0,54570.0,0.0,0.0,20231026,20231026,101201000,5.467,0.0,0.0,5.457,5.456,5.455,5.454,5.453,5.452,5.451,5.45,5.449,5.448,5.458,5.459,5.46,5.461,5.462,5.463,5.464,5.465,5.466,5.467,30000.0,518300.0,479900.0,935300.0,290100.0,569000.0,265700.0,255595.0,60900.0,78400.0,94000.0,495200.0,1558700.0,195200.0,277100.0,709800.0,332400.0,59500.0,336618.0,202505.0
20231026101204000,SSE,SSE.ETF.510500,5.457,5.446,5.461,5.438,0.0,6.014,4.92,284087812.0,0.0,284087812.0,0.0,0.0,0.0,20231026,20231026,101204000,5.467,0.0,0.0,5.457,5.456,5.455,5.454,5.453,5.452,5.451,5.45,5.449,5.448,5.458,5.459,5.46,5.461,5.462,5.463,5.464,5.465,5.466,5.467,3600.0,504700.0,479900.0,1185800.0,290100.0,569000.0,265700.0,155595.0,200900.0,41600.0,102200.0,245200.0,1558700.0,445200.0,277100.0,709800.0,332400.0,59500.0,336618.0,202205.0
20231026101207000,SSE,SSE.ETF.510500,5.457,5.446,5.461,5.438,0.0,6.014,4.92,284087812.0,0.0,284087812.0,0.0,0.0,0.0,20231026,20231026,101207000,5.467,0.0,0.0,5.456,5.455,5.454,5.453,5.452,5.451,5.45,5.449,5.448,5.447,5.457,5.458,5.459,5.46,5.461,5.462,5.463,5.464,5.465,5.466,294800.0,291500.0,481600.0,1284300.0,721700.0,265700.0,155595.0,160900.0,41600.0,91300.0,4000.0,292200.0,305200.0,1708700.0,195200.0,727100.0,109800.0,332400.0,59500.0,336618.0
20231026101210000,SSE,SSE.ETF.510500,5.457,5.446,5.461,5.438,0.0,6.014,4.92,284087812.0,0.0,284087812.0,0.0,0.0,0.0,20231026,20231026,101210000,5.467,0.0,0.0,5.456,5.455,5.454,5.453,5.452,5.451,5.45,5.449,5.448,5.447,5.457,5.458,5.459,5.46,5.461,5.462,5.463,5.464,5.465,5.466,254800.0,291500.0,487600.0,1243300.0,687700.0,301700.0,155695.0,140900.0,1600.0,194300.0,51200.0,292200.0,305200.0,1708700.0,236200.0,728100.0,342800.0,57400.0,56500.0,376618.0
20231026101213000,SSE,SSE.ETF.510500,5.457,5.446,5.461,5.438,0.0,6.014,4.92,284097089.0,9277.0,284097089.0,9277.0,0.0,0.0,20231026,20231026,101213000,5.467,0.0,0.0,5.456,5.455,5.454,5.453,5.452,5.451,5.45,5.449,5.448,5.447,5.457,5.458,5.459,5.46,5.461,5.462,5.463,5.464,5.465,5.466,254800.0,291500.0,487600.0,1243300.0,687700.0,301700.0,155695.0,140900.0,1600.0,194300.0,49600.0,292200.0,305200.0,1708800.0,236200.0,728100.0,342800.0,57400.0,56500.0,376618.0
20231026101216000,SSE,SSE.ETF.510500,5.457,5.446,5.461,5.438,0.0,6.014,4.92,284097089.0,0.0,284097089.0,0.0,0.0,0.0,20231026,20231026,101216000,5.467,0.0,0.0,5.456,5.455,5.454,5.453,5.452,5.451,5.45,5.449,5.448,5.447,5.457,5.458,5.459,5.46,5.461,5.462,5.463,5.464,5.465,5.466,504700.0,291500.0,1381800.0,249100.0,537700.0,301700.0,155695.0,140900.0,101600.0,94300.0,49700.0,293400.0,305200.0,1558800.0,236200.0,878100.0,142800.0,257400.0,56500.0,376618.0
20231026101219000,SSE,SSE.ETF.510500,5.457,5.446,5.461,5.438,0.0,6.014,4.92,284097089.0,0.0,284097089.0,0.0,0.0,0.0,20231026,20231026,101219000,5.467,0.0,0.0,5.456,5.455,5.454,5.453,5.452,5.451,5.45,5.449,5.448,5.447,5.457,5.458,5.459,5.46,5.461,5.462,5.463,5.464,5.465,5.466,504700.0,291600.0,1381800.0,249100.0,537700.0,301700.0,155695.0,240900.0,1600.0,94300.0,29700.0,295400.0,305200.0,1558800.0,236200.0,878100.0,142800.0,257400.0,56500.0,376618.0
20231026101222000,SSE,SSE.ETF.510500,5.457,5.446,5.461,5.438,0.0,6.014,4.92,284483989.0,386900.0,284483989.0,386900.0,0.0,0.0,20231026,20231026,101222000,5.467,0.0,0.0,5.456,5.455,5.454,5.453,5.452,5.451,5.45,5.449,5.448,5.447,5.458,5.459,5.46,5.461,5.462,5.463,5.464,5.465,5.466,5.467,473800.0,291600.0,1237600.0,249100.0,537700.0,301700.0,155695.0,239400.0,1600.0,94300.0,345300.0,305200.0,1558800.0,236200.0,278100.0,742800.0,257400.0,96500.0,376618.0,162305.0
20231026101225000,SSE,SSE.ETF.510500,5.457,5.446,5.461,5.438,0.0,6.014,4.92,284483989.0,0.0,284483989.0,0.0,0.0,0.0,20231026,20231026,101225000,5.467,0.0,0.0,5.457,5.456,5.455,5.454,5.453,5.452,5.451,5.45,5.449,5.448,5.458,5.459,5.46,5.461,5.462,5.463,5.464,5.465,5.466,5.467,220000.0,473800.0,1595800.0,197600.0,99100.0,537700.0,301700.0,255795.0,99400.0,41600.0,85400.0,317100.0,1558800.0,296200.0,278100.0,293800.0,696400.0,259500.0,376618.0,199305.0
20231026101228000,SSE,SSE.ETF.510500,5.458,5.446,5.461,5.438,0.0,6.014,4.92,284950102.0,466113.0,284950102.0,466113.0,0.0,0.0,20231026,20231026,101228000,5.467,0.0,0.0,5.458,5.457,5.456,5.455,5.454,5.453,5.452,5.451,5.45,5.449,5.459,5.46,5.461,5.462,5.463,5.464,5.465,5.466,5.467,5.468,207600.0,220000.0,1758000.0,211700.0,48600.0,100100.0,571700.0,305700.0,255995.0,59400.0,59100.0,1568700.0,295200.0,377100.0,259800.0,882400.0,59500.0,486618.0,202305.0,182046.0
20231026101231000,SSE,SSE.ETF.510500,5.458,5.446,5.461,5.438,0.0,6.014,4.92,284952831.0,2729.0,284952831.0,2729.0,0.0,0.0,20231026,20231026,101231000,5.467,0.0,0.0,5.458,5.457,5.456,5.455,5.454,5.453,5.452,5.451,5.45,5.449,5.459,5.46,5.461,5.462,5.463,5.464,5.465,5.466,5.467,5.468,67100.0,220400.0,1757600.0,192700.0,49600.0,134100.0,575700.0,305700.0,175995.0,136200.0,59500.0,1568700.0,295200.0,126100.0,258800.0,809400.0,134500.0,489618.0,162305.0,222046.0
20231026101234000,SSE,SSE.ETF.510500,5.458,5.446,5.461,5.438,0.0,6.014,4.92,285771531.0,818700.0,285771531.0,818700.0,0.0,0.0,20231026,20231026,101234000,5.467,0.0,0.0,5.457,5.456,5.455,5.454,5.453,5.452,5.451,5.45,5.449,5.448,5.459,5.46,5.461,5.462,5.463,5.464,5.465,5.466,5.467,5.468,137500.0,1757600.0,442700.0,49600.0,134100.0,575700.0,305700.0,215995.0,136200.0,38500.0,212300.0,1815900.0,295200.0,126100.0,108800.0,209400.0,284500.0,289618.0,162305.0,222046.0
20231026101237000,SSE,SSE.ETF.510500,5.458,5.446,5.461,5.438,0.0,6.014,4.92,285771531.0,0.0,285771531.0,0.0,0.0,0.0,20231026,20231026,101237000,5.467,0.0,0.0,5.458,5.457,5.456,5.455,5.454,5.453,5.452,5.451,5.45,5.449,5.459,5.46,5.461,5.462,5.463,5.464,5.465,5.466,5.467,5.468,887100.0,994600.0,363400.0,101700.0,98600.0,100100.0,571700.0,255700.0,165495.0,49400.0,21900.0,1513400.0,46200.0,127100.0,452600.0,93400.0,248500.0,439618.0,752305.0,219046.0
20231026101240000,SSE,SSE.ETF.510500,5.46,5.446,5.461,5.438,0.0,6.014,4.92,286301675.0,530144.0,286301675.0,530144.0,0.0,0.0,20231026,20231026,101240000,5.467,0.0,0.0,5.459,5.458,5.457,5.456,5.455,5.454,5.453,5.452,5.451,5.45,5.46,5.461,5.462,5.463,5.464,5.465,5.466,5.467,5.468,5.469,1400400.0,460400.0,60000.0,343400.0,102700.0,99600.0,134100.0,675700.0,125800.0,24995.0,1398200.0,46200.0,126100.0,261600.0,499400.0,134500.0,439574.0,902305.0,172046.0,309400.0
20231026101243000,SSE,SSE.ETF.510500,5.46,5.446,5.461,5.438,0.0,6.014,4.92,289891863.0,3590188.0,289891863.0,3590188.0,0.0,0.0,20231026,20231026,101243000,5.467,0.0,0.0,5.459,5.458,5.457,5.456,5.455,5.454,5.453,5.452,5.451,5.45,5.46,5.461,5.462,5.463,5.464,5.465,5.466,5.467,5.468,5.469,1200756.0,460400.0,510000.0,344400.0,103700.0,133600.0,138100.0,675700.0,85800.0,64995.0,749700.0,46200.0,376000.0,357800.0,498400.0,61500.0,364574.0,465305.0,282046.0,699500.0
20231026101246000,SSE,SSE.ETF.510500,5.46,5.446,5.461,5.438,0.0,6.014,4.92,293996145.0,4104282.0,293996145.0,4104282.0,0.0,0.0,20231026,20231026,101246000,5.467,0.0,0.0,5.46,5.459,5.458,5.457,5.456,5.455,5.454,5.453,5.452,5.451,5.461,5.462,5.463,5.464,5.465,5.466,5.467,5.468,5.469,5.47,95900.0,601656.0,460000.0,490000.0,344400.0,103700.0,133600.0,238100.0,535700.0,85800.0,297000.0,376000.0,357800.0,248400.0,61500.0,514574.0,465305.0,772046.0,99500.0,150300.0
20231026101249000,SSE,SSE.ETF.510500,5.46,5.446,5.461,5.438,0.0,6.014,4.92,295012835.0,1016690.0,295012835.0,1016690.0,0.0,0.0,20231026,20231026,101249000,5.467,0.0,0.0,5.459,5.458,5.457,5.456,5.455,5.454,5.453,5.452,5.451,5.45,5.46,5.461,5.462,5.463,5.464,5.465,5.466,5.467,5.468,5.469,231256.0,60000.0,441000.0,945400.0,137700.0,137600.0,138100.0,495700.0,225800.0,98995.0,102100.0,259700.0,376400.0,107800.0,247400.0,210500.0,441574.0,790305.0,135046.0,59500.0
20231026101252000,SSE,SSE.ETF.510500,5.46,5.446,5.461,5.438,0.0,6.014,4.92,295012835.0,0.0,295012835.0,0.0,0.0,0.0,20231026,20231026,101252000,5.467,0.0,0.0,5.459,5.458,5.457,5.456,5.455,5.454,5.453,5.452,5.451,5.45,5.46,5.461,5.462,5.463,5.464,5.465,5.466,5.467,5.468,5.469,1900.0,187800.0,630000.0,694400.0,253700.0,133600.0,138100.0,535700.0,195800.0,115395.0,142100.0,260100.0,526000.0,68300.0,408400.0,211500.0,964574.0,165305.0,182046.0,149500.0
20231026101255000,SSE,SSE.ETF.510500,5.459,5.446,5.461,5.438,0.0,6.014,4.92,295023207.0,10372.0,295023207.0,10372.0,0.0,0.0,20231026,20231026,101255000,5.467,0.0,0.0,5.458,5.457,5.456,5.455,5.454,5.453,5.452,5.451,5.45,5.449,5.459,5.46,5.461,5.462,5.463,5.464,5.465,5.466,5.467,5.468,40400.0,377800.0,694400.0,453700.0,333600.0,138100.0,535700.0,235800.0,115895.0,83600.0,40000.0,150600.0,449700.0,336700.0,218300.0,408400.0,661500.0,364574.0,125305.0,182046.0
20231026101258000,SSE,SSE.ETF.510500,5.459,5.446,5.461,5.438,0.0,6.014,4.92,295025937.0,2730.0,295025937.0,2730.0,0.0,0.0,20231026,20231026,101258000,5.467,0.0,0.0,5.458,5.457,5.456,5.455,5.454,5.453,5.452,5.451,5.45,5.449,5.459,5.46,5.461,5.462,5.463,5.464,5.465,5.466,5.467,5.468,190100.0,727800.0,693400.0,252700.0,99600.0,134100.0,635700.0,175800.0,75895.0,49900.0,39500.0,150600.0,449700.0,336700.0,69300.0,409400.0,884500.0,289574.0,162305.0,222046.0
20231026101301000,SSE,SSE.ETF.510500,5.459,5.446,5.461,5.438,0.0,6.014,4.92,295025937.0,0.0,295025937.0,0.0,0.0,0.0,20231026,20231026,101301000,5.467,0.0,0.0,5.458,5.457,5.456,5.455,5.454,5.453,5.452,5.451,5.45,5.449,5.459,5.46,5.461,5.462,5.463,5.464,5.465,5.466,5.467,5.468,380100.0,660000.0,693400.0,252700.0,99600.0,134100.0,535700.0,175800.0,175895.0,86700.0,100.0,150600.0,259700.0,526700.0,69300.0,209400.0,484500.0,889574.0,152305.0,222046.0
20231026101304000,SSE,SSE.ETF.510500,5.458,5.446,5.461,5.438,0.0,6.014,4.92,295028120.0,2183.0,295028120.0,2183.0,0.0,0.0,20231026,20231026,101304000,5.467,0.0,0.0,5.457,5.456,5.455,5.454,5.453,5.452,5.451,5.45,5.449,5.448,5.459,5.46,5.461,5.462,5.463,5.464,5.465,5.466,5.467,5.468,253800.0,883500.0,452700.0,249600.0,134100.0,535700.0,175800.0,175895.0,136700.0,37500.0,140300.0,300000.0,449800.0,86700.0,219300.0,409400.0,534500.0,339574.0,162305.0,222046.0
20231026101307000,SSE,SSE.ETF.510500,5.458,5.446,5.461,5.438,0.0,6.014,4.92,295028120.0,0.0,295028120.0,0.0,0.0,0.0,20231026,20231026,101307000,5.467,0.0,0.0,5.457,5.456,5.455,5.454,5.453,5.452,5.451,5.45,5.449,5.448,5.459,5.46,5.461,5.462,5.463,5.464,5.465,5.466,5.467,5.468,253800.0,1003200.0,451700.0,248600.0,100100.0,531700.0,175800.0,155895.0,199900.0,37400.0,140300.0,300000.0,449800.0,87700.0,420300.0,243400.0,698500.0,336574.0,202305.0,219046.0
20231026101310000,SSE,SSE.ETF.510500,5.458,5.446,5.461,5.438,0.0,6.014,4.92,295028120.0,0.0,295028120.0,0.0,0.0,0.0,20231026,20231026,101310000,5.467,0.0,0.0,5.458,5.457,5.456,5.455,5.454,5.453,5.452,5.451,5.45,5.449,5.459,5.46,5.461,5.462,5.463,5.464,5.465,5.466,5.467,5.468,170100.0,814000.0,743500.0,251700.0,48600.0,100100.0,531700.0,275800.0,155895.0,99900.0,500.0,50000.0,259800.0,277700.0,70300.0,243400.0,448500.0,936574.0,202305.0,219046.0
20231026101313000,SSE,SSE.ETF.510500,5.459,5.446,5.461,5.438,0.0,6.014,4.92,295365486.0,337366.0,295365486.0,337366.0,0.0,0.0,20231026,20231026,101313000,5.467,0.0,0.0,5.459,5.458,5.457,5.456,5.455,5.454,5.453,5.452,5.451,5.45,5.46,5.461,5.462,5.463,5.464,5.465,5.466,5.467,5.468,5.469,230000.0,560500.0,523500.0,373500.0,302700.0,99600.0,134100.0,535700.0,85800.0,125895.0,10400.0,109600.0,236500.0,509300.0,59400.0,284500.0,636574.0,752305.0,172046.0,109400.0
20231026101316000,SSE,SSE.ETF.510500,5.46,5.446,5.461,5.438,0.0,6.014,4.92,295422270.0,56784.0,295422270.0,56784.0,0.0,0.0,20231026,20231026,101316000,5.467,0.0,0.0,5.46,5.459,5.458,5.457,5.456,5.455,5.454,5.453,5.452,5.451,5.461,5.462,5.463,5.464,5.465,5.466,5.467,5.468,5.469,5.47,40000.0,1300300.0,660000.0,103500.0,544500.0,103700.0,133600.0,138100.0,495700.0,145800.0,900.0,236500.0,508300.0,308400.0,61500.0,511574.0,465305.0,772046.0,149500.0,153700.0
20231026101319000,SSE,SSE.ETF.510500,5.46,5.446,5.461,5.438,0.0,6.014,4.92,295455030.0,32760.0,295455030.0,32760.0,0.0,0.0,20231026,20231026,101319000,5.467,0.0,0.0,5.46,5.459,5.458,5.457,5.456,5.455,5.454,5.453,5.452,5.451,5.461,5.462,5.463,5.464,5.465,5.466,5.467,5.468,5.469,5.47,35000.0,1280300.0,660000.0,354500.0,545500.0,137700.0,137600.0,138100.0,455700.0,185800.0,900.0,236500.0,508300.0,307400.0,60500.0,638574.0,940305.0,135046.0,109500.0,153800.0
20231026101322000,SSE,SSE.ETF.510500,5.46,5.446,5.461,5.438,0.0,6.014,4.92,295455030.0,0.0,295455030.0,0.0,0.0,0.0,20231026,20231026,101322000,5.467,0.0,0.0,5.46,5.459,5.458,5.457,5.456,5.455,5.454,5.453,5.452,5.451,5.461,5.462,5.463,5.464,5.465,5.466,5.467,5.468,5.469,5.47,175700.0,1450400.0,660000.0,304500.0,345500.0,137700.0,137600.0,138100.0,555700.0,85800.0,900.0,238500.0,515300.0,307400.0,60500.0,438574.0,1140305.0,135046.0,59500.0,153800.0
20231026101325000,SSE,SSE.ETF.510500,5.46,5.446,5.461,5.438,0.0,6.014,4.92,295455030.0,0.0,295455030.0,0.0,0.0,0.0,20231026,20231026,101325000,5.467,0.0,0.0,5.46,5.459,5.458,5.457,5.456,5.455,5.454,5.453,5.452,5.451,5.461,5.462,5.463,5.464,5.465,5.466,5.467,5.468,5.469,5.47,36000.0,1130300.0,460000.0,504500.0,545500.0,137700.0,137700.0,138100.0,455700.0,122500.0,111100.0,238500.0,517300.0,59400.0,210500.0,638574.0,790305.0,135046.0,59500.0,153800.0
20231026101328000,SSE,SSE.ETF.510500,5.46,5.446,5.461,5.438,0.0,6.014,4.92,295455030.0,0.0,295455030.0,0.0,0.0,0.0,20231026,20231026,101328000,5.467,0.0,0.0,5.46,5.459,5.458,5.457,5.456,5.455,5.454,5.453,5.452,5.451,5.461,5.462,5.463,5.464,5.465,5.466,5.467,5.468,5.469,5.47,275700.0,1130300.0,460000.0,454500.0,345500.0,137700.0,137700.0,138100.0,455700.0,185800.0,151600.0,388700.0,517300.0,59400.0,60500.0,638574.0,940305.0,135046.0,59500.0,153800.0
20231026101331000,SSE,SSE.ETF.510500,5.461,5.446,5.461,5.438,0.0,6.014,4.92,295460491.0,5461.0,295460491.0,5461.0,0.0,0.0,20231026,20231026,101331000,5.467,0.0,0.0,5.46,5.459,5.458,5.457,5.456,5.455,5.454,5.453,5.452,5.451,5.461,5.462,5.463,5.464,5.465,5.466,5.467,5.468,5.469,5.47,296300.0,1450000.0,460000.0,304500.0,345800.0,137700.0,137700.0,138100.0,555700.0,85800.0,20400.0,238900.0,517300.0,63900.0,60500.0,438574.0,1140305.0,135046.0,59500.0,153800.0
20231026101334000,SSE,SSE.ETF.510500,5.461,5.446,5.461,5.438,0.0,6.014,4.92,295803988.0,343497.0,295803988.0,343497.0,0.0,0.0,20231026,20231026,101334000,5.467,0.0,0.0,5.461,5.46,5.459,5.458,5.457,5.456,5.455,5.454,5.453,5.452,5.462,5.463,5.464,5.465,5.466,5.467,5.468,5.469,5.47,5.471,274100.0,1148400.0,460000.0,260000.0,104500.0,345800.0,137700.0,137700.0,138100.0,555700.0,139100.0,187500.0,503900.0,310500.0,288574.0,540305.0,885046.0,59500.0,158800.0,112000.0
20231026101337000,SSE,SSE.ETF.510500,5.462,5.446,5.462,5.438,0.0,6.014,4.92,296361655.0,557667.0,296361655.0,557667.0,0.0,0.0,20231026,20231026,101337000,5.467,0.0,0.0,5.462,5.461,5.46,5.459,5.458,5.457,5.456,5.455,5.454,5.453,5.463,5.464,5.465,5.466,5.467,5.468,5.469,5.47,5.471,5.472,100900.0,1451100.0,466200.0,260000.0,41000.0,105500.0,379800.0,141700.0,137700.0,158100.0,77300.0,174100.0,59500.0,477574.0,117305.0,360046.0,412500.0,718800.0,152100.0,166400.0
20231026101340000,SSE,SSE.ETF.510500,5.463,5.446,5.463,5.438,0.0,6.014,4.92,297175642.0,813987.0,297175642.0,813987.0,0.0,0.0,20231026,20231026,101340000,5.467,0.0,0.0,5.463,5.462,5.461,5.46,5.459,5.458,5.457,5.456,5.455,5.454,5.464,5.465,5.466,5.467,5.468,5.469,5.47,5.471,5.472,5.473,51300.0,141000.0,501100.0,1175100.0,191000.0,292000.0,189500.0,383800.0,141700.0,57700.0,64300.0,169700.0,476574.0,266305.0,487046.0,737500.0,71800.0,112100.0,169900.0,119000.0
20231026101343000,SSE,SSE.ETF.510500,5.463,5.446,5.463,5.438,0.0,6.014,4.92,297674414.0,498772.0,297674414.0,498772.0,0.0,0.0,20231026,20231026,101343000,5.467,0.0,0.0,5.463,5.462,5.461,5.46,5.459,5.458,5.457,5.456,5.455,5.454,5.464,5.465,5.466,5.467,5.468,5.469,5.47,5.471,5.472,5.473,126600.0,141000.0,421400.0,1346100.0,442000.0,76000.0,393500.0,383800.0,61700.0,97700.0,59800.0,499500.0,286574.0,265305.0,486046.0,664500.0,146800.0,115100.0,129900.0,159100.0
20231026101346000,SSE,SSE.ETF.510500,5.463,5.446,5.463,5.438,0.0,6.014,4.92,297674414.0,0.0,297674414.0,0.0,0.0,0.0,20231026,20231026,101346000,5.467,0.0,0.0,5.463,5.462,5.461,5.46,5.459,5.458,5.457,5.456,5.455,5.454,5.464,5.465,5.466,5.467,5.468,5.469,5.47,5.471,5.472,5.473,166600.0,390900.0,611400.0,1156100.0,192000.0,276000.0,193500.0,383800.0,61700.0,134400.0,309800.0,499500.0,286574.0,265305.0,486046.0,664500.0,146800.0,115100.0,89900.0,162100.0
20231026101349000,SSE,SSE.ETF.510500,5.463,5.446,5.463,5.438,0.0,6.014,4.92,298710745.0,1036331.0,298710745.0,1036331.0,0.0,0.0,20231026,20231026,101349000,5.467,0.0,0.0,5.462,5.461,5.46,5.459,5.458,5.457,5.456,5.455,5.454,5.453,5.463,5.464,5.465,5.466,5.467,5.468,5.469,5.47,5.471,5.472,141000.0,171500.0,412100.0,1042000.0,476000.0,343500.0,383800.0,101700.0,97700.0,131700.0,213900.0,501800.0,309500.0,436574.0,465305.0,736046.0,64500.0,146800.0,75100.0,129900.0
20231026101352000,SSE,SSE.ETF.510500,5.462,5.446,5.463,5.438,0.0,6.014,4.92,299256945.0,546200.0,299256945.0,546200.0,0.0,0.0,20231026,20231026,101352000,5.467,0.0,0.0,5.462,5.461,5.46,5.459,5.458,5.457,5.456,5.455,5.454,5.453,5.463,5.464,5.465,5.466,5.467,5.468,5.469,5.47,5.471,5.472,1000.0,171500.0,411100.0,1041000.0,442000.0,339500.0,383800.0,141700.0,57700.0,98100.0,214500.0,501800.0,311500.0,436574.0,466305.0,737046.0,187500.0,121800.0,112100.0,169900.0
20231026101428000,SSE,SSE.ETF.510500,5.457,5.446,5.463,5.438,0.0,6.014,4.92,301349089.0,0.0,301349089.0,0.0,0.0,0.0,20231026,20231026,101428000,5.467,0.0,0.0,5.457,5.456,5.455,5.454,5.453,5.452,5.451,5.45,5.449,5.448,5.458,5.459,5.46,5.461,5.462,5.463,5.464,5.465,5.466,5.467,11200.0,548700.0,286300.0,910900.0,390100.0,482200.0,376300.0,162795.0,59700.0,90600.0,297200.0,64600.0,310900.0,186000.0,991400.0,92600.0,184900.0,111600.0,333674.0,202305.0
20231026101431000,SSE,SSE.ETF.510500,5.457,5.446,5.463,5.438,0.0,6.014,4.92,301412391.0,63302.0,301412391.0,63302.0,0.0,0.0,20231026,20231026,101431000,5.467,0.0,0.0,5.456,5.455,5.454,5.453,5.452,5.451,5.45,5.449,5.448,5.447,5.457,5.458,5.459,5.46,5.461,5.462,5.463,5.464,5.465,5.466,299200.0,286300.0,299400.0,1102300.0,632200.0,176300.0,362795.0,59700.0,90600.0,148800.0,11800.0,548800.0,314200.0,410900.0,386000.0,41200.0,92800.0,184900.0,111600.0,333674.0
20231026101434000,SSE,SSE.ETF.510500,5.457,5.446,5.463,5.438,0.0,6.014,4.92,301412391.0,0.0,301412391.0,0.0,0.0,0.0,20231026,20231026,101434000,5.467,0.0,0.0,5.456,5.455,5.454,5.453,5.452,5.451,5.45,5.449,5.448,5.447,5.457,5.458,5.459,5.46,5.461,5.462,5.463,5.464,5.465,5.466,299200.0,286300.0,298400.0,951300.0,598200.0,272300.0,362795.0,139700.0,50600.0,151800.0,51800.0,548800.0,314200.0,416900.0,787000.0,42200.0,165800.0,109900.0,108600.0,373674.0
20231026101437000,SSE,SSE.ETF.510500,5.456,5.446,5.463,5.438,0.0,6.014,4.92,302461579.0,1049188.0,302461579.0,1049188.0,0.0,0.0,20231026,20231026,101437000,5.467,0.0,0.0,5.456,5.455,5.454,5.453,5.452,5.451,5.45,5.449,5.448,5.447,5.457,5.458,5.459,5.46,5.461,5.462,5.463,5.464,5.465,5.466,106900.0,51700.0,298400.0,299100.0,1638200.0,272300.0,162795.0,339700.0,50600.0,151800.0,304500.0,358800.0,414200.0,216900.0,637000.0,42200.0,165800.0,109900.0,108600.0,373674.0
20231026101440000,SSE,SSE.ETF.510500,5.456,5.446,5.463,5.438,0.0,6.014,4.92,302461579.0,0.0,302461579.0,0.0,0.0,0.0,20231026,20231026,101440000,5.467,0.0,0.0,5.456,5.455,5.454,5.453,5.452,5.451,5.45,5.449,5.448,5.447,5.457,5.458,5.459,5.46,5.461,5.462,5.463,5.464,5.465,5.466,67000.0,58700.0,298400.0,489100.0,1198200.0,272300.0,365795.0,139700.0,50600.0,115000.0,104600.0,494811.0,464200.0,416100.0,637000.0,42200.0,165800.0,107900.0,106600.0,373674.0
20231026101443000,SSE,SSE.ETF.510500,5.457,5.446,5.463,5.438,0.0,6.014,4.92,302479588.0,18009.0,302479588.0,18009.0,0.0,0.0,20231026,20231026,101443000,5.467,0.0,0.0,5.456,5.455,5.454,5.453,5.452,5.451,5.45,5.449,5.448,5.447,5.457,5.458,5.459,5.46,5.461,5.462,5.463,5.464,5.465,5.466,107000.0,58700.0,298400.0,1101300.0,598200.0,322300.0,170795.0,139700.0,50600.0,215000.0,101300.0,243211.0,314200.0,466100.0,987000.0,43200.0,165800.0,107900.0,106600.0,413674.0
20231026101446000,SSE,SSE.ETF.510500,5.457,5.446,5.463,5.438,0.0,6.014,4.92,302500870.0,21282.0,302500870.0,21282.0,0.0,0.0,20231026,20231026,101446000,5.467,0.0,0.0,5.456,5.455,5.454,5.453,5.452,5.451,5.45,5.449,5.448,5.447,5.457,5.458,5.459,5.46,5.461,5.462,5.463,5.464,5.465,5.466,108000.0,308600.0,488400.0,911300.0,598200.0,322300.0,170795.0,139700.0,50600.0,215000.0,58400.0,53211.0,504200.0,466500.0,387000.0,643200.0,165800.0,107900.0,106600.0,413674.0
20231026101449000,SSE,SSE.ETF.510500,5.456,5.446,5.463,5.438,0.0,6.014,4.92,302505235.0,4365.0,302505235.0,4365.0,0.0,0.0,20231026,20231026,101449000,5.467,0.0,0.0,5.456,5.455,5.454,5.453,5.452,5.451,5.45,5.449,5.448,5.447,5.457,5.458,5.459,5.46,5.461,5.462,5.463,5.464,5.465,5.466,107200.0,309600.0,488400.0,911300.0,598200.0,322300.0,160795.0,139700.0,50600.0,251800.0,59100.0,303211.0,504200.0,216500.0,387000.0,643200.0,165800.0,107900.0,106600.0,413674.0
20231026101452000,SSE,SSE.ETF.510500,5.457,5.446,5.463,5.438,0.0,6.014,4.92,302506326.0,1091.0,302506326.0,1091.0,0.0,0.0,20231026,20231026,101452000,5.467,0.0,0.0,5.456,5.455,5.454,5.453,5.452,5.451,5.45,5.449,5.448,5.447,5.457,5.458,5.459,5.46,5.461,5.462,5.463,5.464,5.465,5.466,107200.0,59700.0,488400.0,911300.0,598400.0,84500.0,360795.0,139700.0,150600.0,151800.0,98900.0,307211.0,504200.0,416500.0,787000.0,46200.0,165800.0,107900.0,106600.0,413674.0
20231026101455000,SSE,SSE.ETF.510500,5.457,5.446,5.463,5.438,0.0,6.014,4.92,302511237.0,4911.0,302511237.0,4911.0,0.0,0.0,20231026,20231026,101455000,5.467,0.0,0.0,5.456,5.455,5.454,5.453,5.452,5.451,5.45,5.449,5.448,5.447,5.457,5.458,5.459,5.46,5.461,5.462,5.463,5.464,5.465,5.466,356600.0,309600.0,1238400.0,249100.0,698400.0,134500.0,160895.0,239700.0,600.0,101800.0,58500.0,57211.0,504200.0,316500.0,187000.0,1001200.0,115800.0,107900.0,106600.0,413674.0
20231026101458000,SSE,SSE.ETF.510500,5.457,5.446,5.463,5.438,0.0,6.014,4.92,302833200.0,321963.0,302833200.0,321963.0,0.0,0.0,20231026,20231026,101458000,5.467,0.0,0.0,5.457,5.456,5.455,5.454,5.453,5.452,5.451,5.45,5.449,5.448,5.458,5.459,5.46,5.461,5.462,5.463,5.464,5.465,5.466,5.467,232000.0,866600.0,941800.0,48400.0,299100.0,498400.0,134500.0,160895.0,99700.0,100600.0,17111.0,68200.0,123900.0,477000.0,301200.0,465800.0,807900.0,96600.0,413674.0,162305.0
20231026101501000,SSE,SSE.ETF.510500,5.458,5.446,5.463,5.438,0.0,6.014,4.92,302926592.0,93392.0,302926592.0,93392.0,0.0,0.0,20231026,20231026,101501000,5.467,0.0,0.0,5.457,5.456,5.455,5.454,5.453,5.452,5.451,5.45,5.449,5.448,5.459,5.46,5.461,5.462,5.463,5.464,5.465,5.466,5.467,5.468,232400.0,1466200.0,479700.0,49400.0,100100.0,532400.0,138500.0,160895.0,159700.0,77400.0,28600.0,127900.0,476000.0,300200.0,392800.0,882900.0,59600.0,373674.0,242305.0,182146.0
20231026101504000,SSE,SSE.ETF.510500,5.458,5.446,5.463,5.438,0.0,6.014,4.92,302954973.0,28381.0,302954973.0,28381.0,0.0,0.0,20231026,20231026,101504000,5.467,0.0,0.0,5.458,5.457,5.456,5.455,5.454,5.453,5.452,5.451,5.45,5.449,5.459,5.46,5.461,5.462,5.463,5.464,5.465,5.466,5.467,5.468,417000.0,694700.0,696200.0,230500.0,249400.0,100100.0,532400.0,138500.0,220895.0,99700.0,68400.0,70500.0,36000.0,300100.0,442800.0,693900.0,698600.0,336674.0,202305.0,182146.0
20231026101507000,SSE,SSE.ETF.510500,5.458,5.446,5.463,5.438,0.0,6.014,4.92,302954973.0,0.0,302954973.0,0.0,0.0,0.0,20231026,20231026,101507000,5.467,0.0,0.0,5.458,5.457,5.456,5.455,5.454,5.453,5.452,5.451,5.45,5.449,5.459,5.46,5.461,5.462,5.463,5.464,5.465,5.466,5.467,5.468,417000.0,232500.0,1076200.0,218500.0,250400.0,134100.0,536400.0,138500.0,180895.0,136500.0,30200.0,133400.0,290000.0,486200.0,191800.0,409900.0,734600.0,286674.0,162305.0,262146.0
20231026101510000,SSE,SSE.ETF.510500,5.459,5.446,5.463,5.438,0.0,6.014,4.92,303119835.0,164862.0,303119835.0,164862.0,0.0,0.0,20231026,20231026,101510000,5.467,0.0,0.0,5.459,5.458,5.457,5.456,5.455,5.454,5.453,5.452,5.451,5.45,5.46,5.461,5.462,5.463,5.464,5.465,5.466,5.467,5.468,5.469,187000.0,417400.0,1044300.0,276300.0,318500.0,100400.0,134100.0,536400.0,88500.0,130895.0,30900.0,102900.0,486200.0,291800.0,409900.0,884600.0,286674.0,152305.0,222146.0,149400.0
20231026101513000,SSE,SSE.ETF.510500,5.46,5.446,5.463,5.438,0.0,6.014,4.92,303304381.0,184546.0,303304381.0,184546.0,0.0,0.0,20231026,20231026,101513000,5.467,0.0,0.0,5.46,5.459,5.458,5.457,5.456,5.455,5.454,5.453,5.452,5.451,5.461,5.462,5.463,5.464,5.465,5.466,5.467,5.468,5.469,5.47,153200.0,415300.0,1177100.0,190100.0,277300.0,120500.0,134400.0,138100.0,536400.0,158500.0,40400.0,50200.0,105800.0,498900.0,211600.0,1314674.0,115305.0,182146.0,189500.0,120600.0
20231026101516000,SSE,SSE.ETF.510500,5.46,5.446,5.463,5.438,0.0,6.014,4.92,303325675.0,21294.0,303325675.0,21294.0,0.0,0.0,20231026,20231026,101516000,5.467,0.0,0.0,5.46,5.459,5.458,5.457,5.456,5.455,5.454,5.453,5.452,5.451,5.461,5.462,5.463,5.464,5.465,5.466,5.467,5.468,5.469,5.47,153200.0,480400.0,827100.0,191100.0,228300.0,154500.0,138400.0,138100.0,456400.0,235200.0,40400.0,146900.0,290800.0,497900.0,210600.0,641674.0,190305.0,135146.0,109500.0,160700.0
20231026101519000,SSE,SSE.ETF.510500,5.46,5.446,5.463,5.438,0.0,6.014,4.92,303325675.0,0.0,303325675.0,0.0,0.0,0.0,20231026,20231026,101519000,5.467,0.0,0.0,5.46,5.459,5.458,5.457,5.456,5.455,5.454,5.453,5.452,5.451,5.461,5.462,5.463,5.464,5.465,5.466,5.467,5.468,5.469,5.47,3000.0,40400.0,193300.0,1081100.0,228300.0,304500.0,338400.0,138100.0,456400.0,135200.0,137700.0,490200.0,294800.0,207900.0,1010600.0,291674.0,190305.0,135146.0,109500.0,200700.0
20231026101522000,SSE,SSE.ETF.510500,5.46,5.446,5.463,5.438,0.0,6.014,4.92,303409769.0,84094.0,303409769.0,84094.0,0.0,0.0,20231026,20231026,101522000,5.467,0.0,0.0,5.459,5.458,5.457,5.456,5.455,5.454,5.453,5.452,5.451,5.45,5.46,5.461,5.462,5.463,5.464,5.465,5.466,5.467,5.468,5.469,196100.0,290500.0,1231100.0,228300.0,354500.0,138400.0,138100.0,496400.0,98500.0,68195.0,400.0,30600.0,333900.0,294800.0,207900.0,410600.0,891674.0,190305.0,95146.0,109500.0
20231026101525000,SSE,SSE.ETF.510500,5.46,5.446,5.463,5.438,0.0,6.014,4.92,303409769.0,0.0,303409769.0,0.0,0.0,0.0,20231026,20231026,101525000,5.467,0.0,0.0,5.459,5.458,5.457,5.456,5.455,5.454,5.453,5.452,5.451,5.45,5.46,5.461,5.462,5.463,5.464,5.465,5.466,5.467,5.468,5.469,196100.0,630500.0,1040100.0,77300.0,320500.0,134400.0,138100.0,536400.0,58500.0,207995.0,65500.0,30600.0,143900.0,484800.0,312900.0,411600.0,1114674.0,115305.0,132146.0,149500.0
20231026101528000,SSE,SSE.ETF.510500,5.46,5.446,5.463,5.438,0.0,6.014,4.92,303421781.0,12012.0,303421781.0,12012.0,0.0,0.0,20231026,20231026,101528000,5.467,0.0,0.0,5.459,5.458,5.457,5.456,5.455,5.454,5.453,5.452,5.451,5.45,5.46,5.461,5.462,5.463,5.464,5.465,5.466,5.467,5.468,5.469,196500.0,1142300.0,440100.0,227300.0,320500.0,134400.0,138100.0,536400.0,158500.0,107995.0,63400.0,33000.0,143900.0,484800.0,462900.0,415600.0,964674.0,115305.0,132146.0,149500.0
20231026101531000,SSE,SSE.ETF.510500,5.46,5.446,5.463,5.438,0.0,6.014,4.92,303767945.0,346164.0,303767945.0,346164.0,0.0,0.0,20231026,20231026,101531000,5.467,0.0,0.0,5.46,5.459,5.458,5.457,5.456,5.455,5.454,5.453,5.452,5.451,5.461,5.462,5.463,5.464,5.465,5.466,5.467,5.468,5.469,5.47,133400.0,290300.0,1312300.0,190100.0,277300.0,120500.0,134400.0,138100.0,496400.0,158500.0,33000.0,207300.0,484800.0,312900.0,217600.0,714674.0,715305.0,172146.0,149500.0,160600.0
20231026101534000,SSE,SSE.ETF.510500,5.46,5.446,5.463,5.438,0.0,6.014,4.92,303795245.0,27300.0,303795245.0,27300.0,0.0,0.0,20231026,20231026,101534000,5.467,0.0,0.0,5.46,5.459,5.458,5.457,5.456,5.455,5.454,5.453,5.452,5.451,5.461,5.462,5.463,5.464,5.465,5.466,5.467,5.468,5.469,5.47,318400.0,883100.0,922300.0,41100.0,278300.0,154600.0,138400.0,138100.0,456400.0,235200.0,33000.0,50300.0,201900.0,501900.0,66600.0,441674.0,1140305.0,135146.0,109500.0,200700.0
20231026101537000,SSE,SSE.ETF.510500,5.46,5.446,5.463,5.438,0.0,6.014,4.92,303795245.0,0.0,303795245.0,0.0,0.0,0.0,20231026,20231026,101537000,5.467,0.0,0.0,5.46,5.459,5.458,5.457,5.456,5.455,5.454,5.453,5.452,5.451,5.461,5.462,5.463,5.464,5.465,5.466,5.467,5.468,5.469,5.47,318600.0,1240300.0,460100.0,291100.0,128300.0,154600.0,138400.0,138100.0,406400.0,185200.0,33100.0,50300.0,201900.0,311900.0,506600.0,441674.0,540305.0,735146.0,59500.0,160700.0
20231026101540000,SSE,SSE.ETF.510500,5.462,5.446,5.463,5.438,0.0,6.014,4.92,304307487.0,512242.0,304307487.0,512242.0,0.0,0.0,20231026,20231026,101540000,5.467,0.0,0.0,5.46,5.459,5.458,5.457,5.456,5.455,5.454,5.453,5.452,5.451,5.462,5.463,5.464,5.465,5.466,5.467,5.468,5.469,5.47,5.471,226200.0,1259900.0,460100.0,291100.0,128300.0,154600.0,138400.0,138100.0,6400.0,185200.0,51700.0,294700.0,311900.0,506600.0,441674.0,540305.0,735146.0,99500.0,160700.0,152000.0
20231026101543000,SSE,SSE.ETF.510500,5.462,5.446,5.463,5.438,0.0,6.014,4.92,304307487.0,0.0,304307487.0,0.0,0.0,0.0,20231026,20231026,101543000,5.467,0.0,0.0,5.46,5.459,5.458,5.457,5.456,5.455,5.454,5.453,5.452,5.451,5.461,5.462,5.463,5.464,5.465,5.466,5.467,5.468,5.469,5.47,226200.0,1259900.0,460100.0,291100.0,128300.0,154600.0,138400.0,138100.0,46400.0,182100.0,2000.0,53800.0,294700.0,311900.0,506600.0,441674.0,501305.0,774146.0,22500.0,160700.0
20231026101546000,SSE,SSE.ETF.510500,5.46,5.446,5.463,5.438,0.0,6.014,4.92,304330419.0,22932.0,304330419.0,22932.0,0.0,0.0,20231026,20231026,101546000,5.467,0.0,0.0,5.46,5.459,5.458,5.457,5.456,5.455,5.454,5.453,5.452,5.451,5.461,5.462,5.463,5.464,5.465,5.466,5.467,5.468,5.469,5.47,222000.0,789900.0,460100.0,291100.0,328300.0,154600.0,138400.0,138100.0,56400.0,185200.0,42000.0,304000.0,294700.0,311900.0,256600.0,641674.0,940305.0,135146.0,59500.0,160700.0
20231026101549000,SSE,SSE.ETF.510500,5.461,5.446,5.463,5.438,0.0,6.014,4.92,304330966.0,547.0,304330966.0,547.0,0.0,0.0,20231026,20231026,101549000,5.467,0.0,0.0,5.46,5.459,5.458,5.457,5.456,5.455,5.454,5.453,5.452,5.451,5.461,5.462,5.463,5.464,5.465,5.466,5.467,5.468,5.469,5.47,222000.0,1239900.0,460100.0,41100.0,328300.0,154600.0,138400.0,138100.0,56400.0,185200.0,1900.0,304000.0,294700.0,311900.0,256600.0,641674.0,340305.0,735146.0,59500.0,160700.0
20231026101552000,SSE,SSE.ETF.510500,5.46,5.446,5.463,5.438,0.0,6.014,4.92,304336426.0,5460.0,304336426.0,5460.0,0.0,0.0,20231026,20231026,101552000,5.467,0.0,0.0,5.46,5.459,5.458,5.457,5.456,5.455,5.454,5.453,5.452,5.451,5.461,5.462,5.463,5.464,5.465,5.466,5.467,5.468,5.469,5.47,221000.0,1239900.0,460100.0,241100.0,128300.0,154600.0,138400.0,138100.0,56400.0,185200.0,1900.0,304000.0,294700.0,311900.0,256600.0,441674.0,540305.0,735146.0,59500.0,160700.0
20231026101555000,SSE,SSE.ETF.510500,5.46,5.446,5.463,5.438,0.0,6.014,4.92,304336426.0,0.0,304336426.0,0.0,0.0,0.0,20231026,20231026,101555000,5.467,0.0,0.0,5.46,5.459,5.458,5.457,5.456,5.455,5.454,5.453,5.452,5.451,5.461,5.462,5.463,5.464,5.465,5.466,5.467,5.468,5.469,5.47,421000.0,1259900.0,460100.0,241100.0,128300.0,154600.0,138400.0,138100.0,56400.0,185200.0,1900.0,304000.0,294700.0,311900.0,256600.0,441674.0,540305.0,735146.0,59500.0,160700.0
20231026101558000,SSE,SSE.ETF.510500,5.46,5.446,5.463,5.438,0.0,6.014,4.92,304336426.0,0.0,304336426.0,0.0,0.0,0.0,20231026,20231026,101558000,5.467,0.0,0.0,5.46,5.459,5.458,5.457,5.456,5.455,5.454,5.453,5.452,5.451,5.461,5.462,5.463,5.464,5.465,5.466,5.467,5.468,5.469,5.47,421000.0,1259900.0,460100.0,241100.0,128300.0,154600.0,138400.0,138100.0,56400.0,185200.0,1900.0,304000.0,294700.0,311900.0,256600.0,441674.0,540305.0,735146.0,59500.0,160700.0
20231026101601000,SSE,SSE.ETF.510500,5.461,5.446,5.463,5.438,0.0,6.014,4.92,304346801.0,10375.0,304346801.0,10375.0,0.0,0.0,20231026,20231026,101601000,5.467,0.0,0.0,5.46,5.459,5.458,5.457,5.456,5.455,5.454,5.453,5.452,5.451,5.462,5.463,5.464,5.465,5.466,5.467,5.468,5.469,5.47,5.471,771000.0,1059900.0,310100.0,241100.0,128300.0,154600.0,138400.0,138100.0,56400.0,185200.0,15100.0,294700.0,311900.0,506600.0,291674.0,540305.0,935146.0,149500.0,200700.0,112000.0
20231026101604000,SSE,SSE.ETF.510500,5.462,5.446,5.463,5.438,0.0,6.014,4.92,304431462.0,84661.0,304431462.0,84661.0,0.0,0.0,20231026,20231026,101604000,5.467,0.0,0.0,5.462,5.461,5.46,5.459,5.458,5.457,5.456,5.455,5.454,5.453,5.463,5.464,5.465,5.466,5.467,5.468,5.469,5.47,5.471,5.472,190000.0,1440400.0,650500.0,289900.0,40100.0,41200.0,128300.0,154600.0,138400.0,98100.0,5200.0,61900.0,316600.0,541674.0,591305.0,324146.0,412500.0,800700.0,112100.0,166900.0
20231026101607000,SSE,SSE.ETF.510500,5.462,5.446,5.463,5.438,0.0,6.014,4.92,304431462.0,0.0,304431462.0,0.0,0.0,0.0,20231026,20231026,101607000,5.467,0.0,0.0,5.462,5.461,5.46,5.459,5.458,5.457,5.456,5.455,5.454,5.453,5.463,5.464,5.465,5.466,5.467,5.468,5.469,5.47,5.471,5.472,230000.0,1290400.0,650500.0,190900.0,242100.0,126200.0,166300.0,158600.0,58400.0,134800.0,47200.0,311800.0,315600.0,729674.0,116305.0,487146.0,887500.0,123700.0,112100.0,133400.0
20231026101610000,SSE,SSE.ETF.510500,5.462,5.446,5.463,5.438,0.0,6.014,4.92,304442386.0,10924.0,304442386.0,10924.0,0.0,0.0,20231026,20231026,101610000,5.467,0.0,0.0,5.462,5.461,5.46,5.459,5.458,5.457,5.456,5.455,5.454,5.453,5.463,5.464,5.465,5.466,5.467,5.468,5.469,5.47,5.471,5.472,228000.0,1041400.0,650500.0,440900.0,242100.0,126200.0,166300.0,158600.0,58400.0,134800.0,7200.0,313800.0,315600.0,729674.0,116305.0,487146.0,887500.0,123700.0,112100.0,130400.0
20231026101613000,SSE,SSE.ETF.510500,5.462,5.446,5.463,5.438,0.0,6.014,4.92,304445117.0,2731.0,304445117.0,2731.0,0.0,0.0,20231026,20231026,101613000,5.467,0.0,0.0,5.462,5.461,5.46,5.459,5.458,5.457,5.456,5.455,5.454,5.453,5.463,5.464,5.465,5.466,5.467,5.468,5.469,5.47,5.471,5.472,227500.0,1041400.0,650600.0,440900.0,242100.0,126200.0,166300.0,158600.0,58400.0,134800.0,27200.0,313800.0,317600.0,729674.0,116305.0,487146.0,887500.0,123700.0,112100.0,130400.0
20231026101616000,SSE,SSE.ETF.510500,5.463,5.446,5.463,5.438,0.0,6.014,4.92,304453311.0,8194.0,304453311.0,8194.0,0.0,0.0,20231026,20231026,101616000,5.467,0.0,0.0,5.462,5.461,5.46,5.459,5.458,5.457,5.456,5.455,5.454,5.453,5.463,5.464,5.465,5.466,5.467,5.468,5.469,5.47,5.471,5.472,227500.0,1261400.0,650700.0,240900.0,42100.0,126200.0,166300.0,158600.0,58400.0,234800.0,25700.0,313800.0,317600.0,731674.0,116305.0,287146.0,487500.0,723700.0,112100.0,130400.0
20231026101619000,SSE,SSE.ETF.510500,5.462,5.446,5.463,5.438,0.0,6.014,4.92,304596442.0,143131.0,304596442.0,143131.0,0.0,0.0,20231026,20231026,101619000,5.467,0.0,0.0,5.463,5.462,5.461,5.46,5.459,5.458,5.457,5.456,5.455,5.454,5.464,5.465,5.466,5.467,5.468,5.469,5.47,5.471,5.472,5.473,190000.0,490400.0,1061000.0,600700.0,40900.0,42100.0,126200.0,166300.0,158600.0,58400.0,24800.0,317600.0,541674.0,558305.0,137146.0,487500.0,823700.0,152100.0,130400.0,114000.0
20231026101622000,SSE,SSE.ETF.510500,5.462,5.446,5.463,5.438,0.0,6.014,4.92,304596442.0,0.0,304596442.0,0.0,0.0,0.0,20231026,20231026,101622000,5.467,0.0,0.0,5.463,5.462,5.461,5.46,5.459,5.458,5.457,5.456,5.455,5.454,5.464,5.465,5.466,5.467,5.468,5.469,5.47,5.471,5.472,5.473,231800.0,40400.0,1061000.0,631700.0,241900.0,76100.0,130200.0,166300.0,78600.0,135100.0,64900.0,317600.0,541674.0,557305.0,286146.0,414500.0,748700.0,115100.0,90400.0,154100.0
20231026101625000,SSE,SSE.ETF.510500,5.464,5.446,5.464,5.438,0.0,6.014,4.92,304597534.0,1092.0,304597534.0,1092.0,0.0,0.0,20231026,20231026,101625000,5.467,0.0,0.0,5.463,5.462,5.461,5.46,5.459,5.458,5.457,5.456,5.455,5.454,5.464,5.465,5.466,5.467,5.468,5.469,5.47,5.471,5.472,5.473,231700.0,490400.0,1061000.0,581700.0,41900.0,76100.0,130200.0,166300.0,78600.0,135100.0,64800.0,317600.0,541674.0,557305.0,136146.0,414500.0,898700.0,115100.0,90400.0,154100.0
20231026101628000,SSE,SSE.ETF.510500,5.464,5.446,5.464,5.438,0.0,6.014,4.92,304597534.0,0.0,304597534.0,0.0,0.0,0.0,20231026,20231026,101628000,5.467,0.0,0.0,5.463,5.462,5.461,5.46,5.459,5.458,5.457,5.456,5.455,5.454,5.464,5.465,5.466,5.467,5.468,5.469,5.47,5.471,5.472,5.473,231700.0,952600.0,461000.0,381700.0,241900.0,76100.0,130200.0,166300.0,78600.0,235100.0,64800.0,317600.0,541674.0,557305.0,286146.0,414500.0,748700.0,115100.0,90400.0,154100.0
20231026101631000,SSE,SSE.ETF.510500,5.464,5.446,5.464,5.438,0.0,6.014,4.92,304597534.0,0.0,304597534.0,0.0,0.0,0.0,20231026,20231026,101631000,5.467,0.0,0.0,5.463,5.462,5.461,5.46,5.459,5.458,5.457,5.456,5.455,5.454,5.464,5.465,5.466,5.467,5.468,5.469,5.47,5.471,5.472,5.473,231700.0,1302600.0,461000.0,431700.0,41900.0,76100.0,130200.0,166300.0,78600.0,135100.0,24800.0,320700.0,541674.0,557305.0,136146.0,414500.0,898700.0,115100.0,90400.0,154100.0
20231026101634000,SSE,SSE.ETF.510500,5.464,5.446,5.464,5.438,0.0,6.014,4.92,304598627.0,1093.0,304598627.0,1093.0,0.0,0.0,20231026,20231026,101634000,5.467,0.0,0.0,5.463,5.462,5.461,5.46,5.459,5.458,5.457,5.456,5.455,5.454,5.464,5.465,5.466,5.467,5.468,5.469,5.47,5.471,5.472,5.473,231700.0,1302600.0,461100.0,431900.0,41900.0,126100.0,130200.0,166300.0,78600.0,135100.0,24900.0,320700.0,541674.0,557305.0,136146.0,414500.0,898700.0,115100.0,90400.0,154100.0
20231026101637000,SSE,SSE.ETF.510500,5.464,5.446,5.464,5.438,0.0,6.014,4.92,304599720.0,1093.0,304599720.0,1093.0,0.0,0.0,20231026,20231026,101637000,5.467,0.0,0.0,5.463,5.462,5.461,5.46,5.459,5.458,5.457,5.456,5.455,5.454,5.464,5.465,5.466,5.467,5.468,5.469,5.47,5.471,5.472,5.473,681700.0,1102600.0,211100.0,431900.0,41900.0,126100.0,130200.0,166300.0,78600.0,135100.0,24700.0,318700.0,541674.0,557305.0,136146.0,214500.0,498700.0,715100.0,90400.0,154100.0
20231026101640000,SSE,SSE.ETF.510500,5.464,5.446,5.464,5.438,0.0,6.014,4.92,304843961.0,244241.0,304843961.0,244241.0,0.0,0.0,20231026,20231026,101640000,5.467,0.0,0.0,5.464,5.463,5.462,5.461,5.46,5.459,5.458,5.457,5.456,5.455,5.465,5.466,5.467,5.468,5.469,5.47,5.471,5.472,5.473,5.474,412900.0,1242200.0,460000.0,61100.0,431900.0,41900.0,126100.0,130200.0,126300.0,78600.0,29100.0,541674.0,367305.0,576146.0,64500.0,498700.0,815100.0,130400.0,154100.0,87500.0
20231026101643000,SSE,SSE.ETF.510500,5.464,5.446,5.464,5.438,0.0,6.014,4.92,304843961.0,0.0,304843961.0,0.0,0.0,0.0,20231026,20231026,101643000,5.467,0.0,0.0,5.464,5.463,5.462,5.461,5.46,5.459,5.458,5.457,5.456,5.455,5.465,5.466,5.467,5.468,5.469,5.47,5.471,5.472,5.473,5.474,241900.0,232400.0,1040000.0,442100.0,432900.0,75900.0,130100.0,130200.0,86300.0,155300.0,319500.0,541674.0,557305.0,135146.0,413500.0,225700.0,740100.0,93400.0,114100.0,127600.0
20231026101646000,SSE,SSE.ETF.510500,5.463,5.446,5.464,5.438,0.0,6.014,4.92,305090891.0,246930.0,305090891.0,246930.0,0.0,0.0,20231026,20231026,101646000,5.467,0.0,0.0,5.462,5.461,5.46,5.459,5.458,5.457,5.456,5.455,5.454,5.453,5.464,5.465,5.466,5.467,5.468,5.469,5.47,5.471,5.472,5.473,85400.0,384700.0,1232900.0,75900.0,330100.0,130200.0,126300.0,118600.0,132000.0,146100.0,245100.0,319600.0,481674.0,117305.0,487146.0,813500.0,75700.0,140100.0,53400.0,114100.0
20231026101649000,SSE,SSE.ETF.510500,5.464,5.446,5.464,5.438,0.0,6.014,4.92,305091437.0,546.0,305091437.0,546.0,0.0,0.0,20231026,20231026,101649000,5.467,0.0,0.0,5.462,5.461,5.46,5.459,5.458,5.457,5.456,5.455,5.454,5.453,5.464,5.465,5.466,5.467,5.468,5.469,5.47,5.471,5.472,5.473,275400.0,1103300.0,630900.0,40900.0,92100.0,126200.0,166300.0,158600.0,98400.0,182700.0,245000.0,274600.0,541674.0,308305.0,289146.0,248500.0,712700.0,65100.0,130400.0,114100.0
20231026101652000,SSE,SSE.ETF.510500,5.464,5.446,5.464,5.438,0.0,6.014,4.92,305091437.0,0.0,305091437.0,0.0,0.0,0.0,20231026,20231026,101652000,5.467,0.0,0.0,5.462,5.461,5.46,5.459,5.458,5.457,5.456,5.455,5.454,5.453,5.464,5.465,5.466,5.467,5.468,5.469,5.47,5.471,5.472,5.473,275400.0,953300.0,630900.0,190900.0,292100.0,126200.0,166300.0,158600.0,98400.0,182700.0,245200.0,274600.0,731674.0,272805.0,489646.0,699200.0,112700.0,65100.0,130400.0,114100.0
20231026101655000,SSE,SSE.ETF.510500,5.464,5.446,5.464,5.438,0.0,6.014,4.92,305094169.0,2732.0,305094169.0,2732.0,0.0,0.0,20231026,20231026,101655000,5.467,0.0,0.0,5.462,5.461,5.46,5.459,5.458,5.457,5.456,5.455,5.454,5.453,5.463,5.464,5.465,5.466,5.467,5.468,5.469,5.47,5.471,5.472,230400.0,286300.0,1230900.0,440900.0,292100.0,126200.0,166300.0,158600.0,98400.0,45800.0,204700.0,244700.0,274600.0,481674.0,272805.0,489646.0,699200.0,112700.0,65100.0,130400.0
20231026101658000,SSE,SSE.ETF.510500,5.464,5.446,5.464,5.438,0.0,6.014,4.92,305094169.0,0.0,305094169.0,0.0,0.0,0.0,20231026,20231026,101658000,5.467,0.0,0.0,5.462,5.461,5.46,5.459,5.458,5.457,5.456,5.455,5.454,5.453,5.464,5.465,5.466,5.467,5.468,5.469,5.47,5.471,5.472,5.473,294400.0,286300.0,1230900.0,190900.0,292100.0,126200.0,166300.0,158600.0,58400.0,49100.0,245200.0,275500.0,731674.0,122805.0,489646.0,738200.0,73700.0,102100.0,130400.0,150600.0
20231026101701000,SSE,SSE.ETF.510500,5.464,5.446,5.464,5.438,0.0,6.014,4.92,305094169.0,0.0,305094169.0,0.0,0.0,0.0,20231026,20231026,101701000,5.467,0.0,0.0,5.462,5.461,5.46,5.459,5.458,5.457,5.456,5.455,5.454,5.453,5.464,5.465,5.466,5.467,5.468,5.469,5.47,5.471,5.472,5.473,294400.0,898500.0,630900.0,40900.0,292100.0,126200.0,166300.0,158600.0,98400.0,82700.0,300800.0,275500.0,481674.0,122805.0,489646.0,849200.0,112700.0,65100.0,130400.0,114600.0
20231026101704000,SSE,SSE.ETF.510500,5.464,5.446,5.464,5.438,0.0,6.014,4.92,305094169.0,0.0,305094169.0,0.0,0.0,0.0,20231026,20231026,101704000,5.467,0.0,0.0,5.462,5.461,5.46,5.459,5.458,5.457,5.456,5.455,5.454,5.453,5.464,5.465,5.466,5.467,5.468,5.469,5.47,5.471,5.472,5.473,294400.0,898500.0,630900.0,40900.0,292100.0,126200.0,166300.0,158600.0,98400.0,82700.0,300800.0,275500.0,731674.0,122805.0,489646.0,849200.0,112700.0,65100.0,130400.0,114600.0
20231026101707000,SSE,SSE.ETF.510500,5.464,5.446,5.464,5.438,0.0,6.014,4.92,305094169.0,0.0,305094169.0,0.0,0.0,0.0,20231026,20231026,101707000,5.467,0.0,0.0,5.462,5.461,5.46,5.459,5.458,5.457,5.456,5.455,5.454,5.453,5.463,5.464,5.465,5.466,5.467,5.468,5.469,5.47,5.471,5.472,209200.0,748500.0,630900.0,440900.0,292100.0,126200.0,166300.0,158600.0,98400.0,45800.0,40900.0,300800.0,275500.0,481674.0,272805.0,489646.0,699200.0,112700.0,25100.0,130400.0
20231026101710000,SSE,SSE.ETF.510500,5.462,5.446,5.464,5.438,0.0,6.014,4.92,305199040.0,104871.0,305199040.0,104871.0,0.0,0.0,20231026,20231026,101710000,5.467,0.0,0.0,5.461,5.46,5.459,5.458,5.457,5.456,5.455,5.454,5.453,5.452,5.462,5.463,5.464,5.465,5.466,5.467,5.468,5.469,5.47,5.471,1500.0,230900.0,895300.0,442100.0,276200.0,366300.0,158600.0,98400.0,135800.0,42800.0,229500.0,246000.0,490600.0,222300.0,641674.0,722805.0,139646.0,188200.0,83700.0,112100.0
20231026101713000,SSE,SSE.ETF.510500,5.46,5.446,5.464,5.438,0.0,6.014,4.92,306239190.0,1040150.0,306239190.0,1040150.0,0.0,0.0,20231026,20231026,101713000,5.467,0.0,0.0,5.46,5.459,5.458,5.457,5.456,5.455,5.454,5.453,5.452,5.451,5.461,5.462,5.463,5.464,5.465,5.466,5.467,5.468,5.469,5.47,24700.0,39900.0,41100.0,905700.0,512300.0,308600.0,338400.0,99100.0,95900.0,131800.0,176300.0,410700.0,190900.0,245900.0,672300.0,292674.0,123805.0,212646.0,113200.0,120700.0
20231026101716000,SSE,SSE.ETF.510500,5.46,5.446,5.464,5.438,0.0,6.014,4.92,306374052.0,134862.0,306374052.0,134862.0,0.0,0.0,20231026,20231026,101716000,5.467,0.0,0.0,5.459,5.458,5.457,5.456,5.455,5.454,5.453,5.452,5.451,5.45,5.46,5.461,5.462,5.463,5.464,5.465,5.466,5.467,5.468,5.469,290300.0,290000.0,1231100.0,228300.0,354600.0,138400.0,139100.0,95900.0,98200.0,114695.0,218900.0,95900.0,406300.0,290000.0,245900.0,1023300.0,293674.0,196805.0,97646.0,110200.0
20231026101719000,SSE,SSE.ETF.510500,5.46,5.446,5.464,5.438,0.0,6.014,4.92,307738506.0,1364454.0,307738506.0,1364454.0,0.0,0.0,20231026,20231026,101719000,5.467,0.0,0.0,5.459,5.458,5.457,5.456,5.455,5.454,5.453,5.452,5.451,5.45,5.461,5.462,5.463,5.464,5.465,5.466,5.467,5.468,5.469,5.47,230400.0,1102200.0,440100.0,277300.0,120600.0,134400.0,139100.0,135900.0,58200.0,81095.0,345800.0,216300.0,480000.0,96900.0,427000.0,1116674.0,121805.0,134646.0,150200.0,157200.0
20231026101722000,SSE,SSE.ETF.510500,5.461,5.446,5.464,5.438,0.0,6.014,4.92,307749428.0,10922.0,307749428.0,10922.0,0.0,0.0,20231026,20231026,101722000,5.467,0.0,0.0,5.46,5.459,5.458,5.457,5.456,5.455,5.454,5.453,5.452,5.451,5.461,5.462,5.463,5.464,5.465,5.466,5.467,5.468,5.469,5.47,400.0,230000.0,1102200.0,440100.0,277300.0,120600.0,134400.0,139100.0,95900.0,98200.0,303800.0,216700.0,290000.0,287100.0,227000.0,677674.0,760805.0,137646.0,150200.0,83700.0
20231026101725000,SSE,SSE.ETF.510500,5.461,5.446,5.464,5.438,0.0,6.014,4.92,307749428.0,0.0,307749428.0,0.0,0.0,0.0,20231026,20231026,101725000,5.467,0.0,0.0,5.46,5.459,5.458,5.457,5.456,5.455,5.454,5.453,5.452,5.451,5.461,5.462,5.463,5.464,5.465,5.466,5.467,5.468,5.469,5.47,400.0,230000.0,1102200.0,441100.0,278300.0,154600.0,138400.0,139100.0,55900.0,98200.0,343800.0,216700.0,290000.0,286100.0,424000.0,493674.0,848305.0,187646.0,110200.0,160700.0
20231026101728000,SSE,SSE.ETF.510500,5.46,5.446,5.464,5.438,0.0,6.014,4.92,307775090.0,25662.0,307775090.0,25662.0,0.0,0.0,20231026,20231026,101728000,5.467,0.0,0.0,5.459,5.458,5.457,5.456,5.455,5.454,5.453,5.452,5.451,5.45,5.46,5.461,5.462,5.463,5.464,5.465,5.466,5.467,5.468,5.469,230400.0,752200.0,441100.0,278300.0,154600.0,138400.0,139100.0,95900.0,98200.0,214695.0,249900.0,343700.0,216300.0,230000.0,96100.0,424000.0,1041674.0,200605.0,187646.0,110200.0
20231026101731000,SSE,SSE.ETF.510500,5.46,5.446,5.464,5.438,0.0,6.014,4.92,308127251.0,352161.0,308127251.0,352161.0,0.0,0.0,20231026,20231026,101731000,5.467,0.0,0.0,5.46,5.459,5.458,5.457,5.456,5.455,5.454,5.453,5.452,5.451,5.461,5.462,5.463,5.464,5.465,5.466,5.467,5.468,5.469,5.47,144600.0,221300.0,1102200.0,440100.0,277300.0,120600.0,134400.0,139100.0,135900.0,58200.0,343700.0,216300.0,480000.0,97100.0,227000.0,714674.0,725605.0,182646.0,150200.0,157200.0
20231026101734000,SSE,SSE.ETF.510500,5.461,5.446,5.464,5.438,0.0,6.014,4.92,308128889.0,1638.0,308128889.0,1638.0,0.0,0.0,20231026,20231026,101734000,5.467,0.0,0.0,5.46,5.459,5.458,5.457,5.456,5.455,5.454,5.453,5.452,5.451,5.461,5.462,5.463,5.464,5.465,5.466,5.467,5.468,5.469,5.47,39900.0,223000.0,1102200.0,441100.0,278300.0,154600.0,138400.0,138600.0,55900.0,98200.0,343500.0,216300.0,480000.0,96100.0,225500.0,641674.0,800605.0,185646.0,110200.0,160700.0
20231026101737000,SSE,SSE.ETF.510500,5.46,5.446,5.464,5.438,0.0,6.014,4.92,308129981.0,1092.0,308129981.0,1092.0,0.0,0.0,20231026,20231026,101737000,5.467,0.0,0.0,5.459,5.458,5.457,5.456,5.455,5.454,5.453,5.452,5.451,5.45,5.46,5.461,5.462,5.463,5.464,5.465,5.466,5.467,5.468,5.469,192100.0,40300.0,1041100.0,478300.0,304600.0,138400.0,138600.0,95900.0,98200.0,164695.0,249700.0,343500.0,226300.0,230000.0,246100.0,425500.0,891674.0,200605.0,185646.0,110200.0
20231026101740000,SSE,SSE.ETF.510500,5.459,5.446,5.464,5.438,0.0,6.014,4.92,309179201.0,1049220.0,309179201.0,1049220.0,0.0,0.0,20231026,20231026,101740000,5.467,0.0,0.0,5.458,5.457,5.456,5.455,5.454,5.453,5.452,5.451,5.45,5.449,5.459,5.46,5.461,5.462,5.463,5.464,5.465,5.466,5.467,5.468,40300.0,1040100.0,477300.0,270600.0,134400.0,138100.0,135900.0,58200.0,131095.0,183400.0,57500.0,289600.0,343500.0,50000.0,230000.0,447100.0,826000.0,414674.0,175605.0,182646.0
20231026101743000,SSE,SSE.ETF.510500,5.459,5.446,5.464,5.438,0.0,6.014,4.92,309197762.0,18561.0,309197762.0,18561.0,0.0,0.0,20231026,20231026,101743000,5.467,0.0,0.0,5.458,5.457,5.456,5.455,5.454,5.453,5.452,5.451,5.45,5.449,5.46,5.461,5.462,5.463,5.464,5.465,5.466,5.467,5.468,5.469,40500.0,232500.0,1266300.0,469600.0,300400.0,134100.0,135900.0,98200.0,91095.0,149700.0,97900.0,533100.0,300000.0,191000.0,448100.0,749000.0,339774.0,212605.0,222646.0,146700.0
20231026101746000,SSE,SSE.ETF.510500,5.458,5.446,5.464,5.438,0.0,6.014,4.92,309252342.0,54580.0,309252342.0,54580.0,0.0,0.0,20231026,20231026,101746000,5.467,0.0,0.0,5.458,5.457,5.456,5.455,5.454,5.453,5.452,5.451,5.45,5.449,5.459,5.46,5.461,5.462,5.463,5.464,5.465,5.466,5.467,5.468,182900.0,232900.0,1266300.0,219600.0,300400.0,134100.0,135900.0,138200.0,171095.0,46600.0,42700.0,153000.0,533600.0,300000.0,191000.0,448100.0,710000.0,338774.0,135605.0,225646.0
20231026101749000,SSE,SSE.ETF.510500,5.458,5.446,5.464,5.438,0.0,6.014,4.92,309252342.0,0.0,309252342.0,0.0,0.0,0.0,20231026,20231026,101749000,5.467,0.0,0.0,5.457,5.456,5.455,5.454,5.453,5.452,5.451,5.45,5.449,5.448,5.459,5.46,5.461,5.462,5.463,5.464,5.465,5.466,5.467,5.468,223400.0,1266300.0,219600.0,300400.0,134100.0,135900.0,138200.0,131095.0,86500.0,147900.0,43400.0,153000.0,533600.0,300000.0,191000.0,648100.0,549000.0,299774.0,172605.0,225646.0
20231026101752000,SSE,SSE.ETF.510500,5.458,5.446,5.464,5.438,0.0,6.014,4.92,309252342.0,0.0,309252342.0,0.0,0.0,0.0,20231026,20231026,101752000,5.467,0.0,0.0,5.457,5.456,5.455,5.454,5.453,5.452,5.451,5.45,5.449,5.448,5.459,5.46,5.461,5.462,5.463,5.464,5.465,5.466,5.467,5.468,223400.0,1316300.0,468600.0,50100.0,100100.0,131900.0,138200.0,171095.0,49700.0,184700.0,110400.0,345500.0,533600.0,201000.0,392000.0,732100.0,113000.0,339774.0,212605.0,185646.0
20231026101755000,SSE,SSE.ETF.510500,5.458,5.446,5.464,5.438,0.0,6.014,4.92,309252342.0,0.0,309252342.0,0.0,0.0,0.0,20231026,20231026,101755000,5.467,0.0,0.0,5.457,5.456,5.455,5.454,5.453,5.452,5.451,5.45,5.449,5.448,5.459,5.46,5.461,5.462,5.463,5.464,5.465,5.466,5.467,5.468,223400.0,1466300.0,468600.0,250100.0,100100.0,131900.0,138200.0,171095.0,99700.0,184700.0,110400.0,345500.0,533600.0,51000.0,392000.0,882100.0,113000.0,339774.0,212605.0,185646.0
20231026101758000,SSE,SSE.ETF.510500,5.458,5.446,5.464,5.438,0.0,6.014,4.92,309252342.0,0.0,309252342.0,0.0,0.0,0.0,20231026,20231026,101758000,5.467,0.0,0.0,5.457,5.456,5.455,5.454,5.453,5.452,5.451,5.45,5.449,5.448,5.459,5.46,5.461,5.462,5.463,5.464,5.465,5.466,5.467,5.468,223400.0,1316300.0,468600.0,200100.0,300100.0,131900.0,138200.0,171095.0,99700.0,184700.0,110400.0,345500.0,533600.0,51000.0,392000.0,882100.0,113000.0,339774.0,212605.0,185646.0
20231026101801000,SSE,SSE.ETF.510500,5.458,5.446,5.464,5.438,0.0,6.014,4.92,309252342.0,0.0,309252342.0,0.0,0.0,0.0,20231026,20231026,101801000,5.467,0.0,0.0,5.457,5.456,5.455,5.454,5.453,5.452,5.451,5.45,5.449,5.448,5.458,5.459,5.46,5.461,5.462,5.463,5.464,5.465,5.466,5.467,224100.0,716300.0,1068600.0,200100.0,300100.0,131900.0,138200.0,171095.0,99700.0,84700.0,108800.0,165800.0,535500.0,290400.0,51000.0,392000.0,826000.0,113000.0,299774.0,212605.0
20231026101804000,SSE,SSE.ETF.510500,5.458,5.446,5.464,5.438,0.0,6.014,4.92,309257800.0,5458.0,309257800.0,5458.0,0.0,0.0,20231026,20231026,101804000,5.467,0.0,0.0,5.457,5.456,5.455,5.454,5.453,5.452,5.451,5.45,5.449,5.448,5.458,5.459,5.46,5.461,5.462,5.463,5.464,5.465,5.466,5.467,224200.0,449200.0,1068600.0,200100.0,300100.0,131900.0,138200.0,171095.0,59700.0,152000.0,148300.0,165800.0,535500.0,290500.0,201000.0,392000.0,715000.0,74000.0,336774.0,212605.0
20231026101807000,SSE,SSE.ETF.510500,5.457,5.446,5.464,5.438,0.0,6.014,4.92,309260528.0,2728.0,309260528.0,2728.0,0.0,0.0,20231026,20231026,101807000,5.467,0.0,0.0,5.457,5.456,5.455,5.454,5.453,5.452,5.451,5.45,5.449,5.448,5.458,5.459,5.46,5.461,5.462,5.463,5.464,5.465,5.466,5.467,413700.0,1092400.0,218600.0,250100.0,100100.0,131900.0,138200.0,271195.0,59700.0,52000.0,108300.0,98800.0,153000.0,480500.0,51000.0,192000.0,1065000.0,74000.0,336774.0,212605.0
20231026101810000,SSE,SSE.ETF.510500,5.459,5.446,5.464,5.438,0.0,6.014,4.92,310172619.0,912091.0,310172619.0,912091.0,0.0,0.0,20231026,20231026,101810000,5.467,0.0,0.0,5.458,5.457,5.456,5.455,5.454,5.453,5.452,5.451,5.45,5.449,5.46,5.461,5.462,5.463,5.464,5.465,5.466,5.467,5.468,5.469,596200.0,1393300.0,347300.0,318600.0,100100.0,100100.0,131900.0,138200.0,81195.0,9700.0,55900.0,215800.0,301000.0,482000.0,115000.0,424000.0,1076774.0,202605.0,222246.0,73200.0
20231026101813000,SSE,SSE.ETF.510500,5.459,5.446,5.464,5.438,0.0,6.014,4.92,310172619.0,0.0,310172619.0,0.0,0.0,0.0,20231026,20231026,101813000,5.467,0.0,0.0,5.458,5.457,5.456,5.455,5.454,5.453,5.452,5.451,5.45,5.449,5.459,5.46,5.461,5.462,5.463,5.464,5.465,5.466,5.467,5.468,256200.0,1396200.0,497300.0,319600.0,101100.0,134100.0,135900.0,138200.0,81195.0,183400.0,95500.0,274500.0,215800.0,240000.0,41000.0,392000.0,460000.0,728774.0,85605.0,225646.0
20231026101816000,SSE,SSE.ETF.510500,5.459,5.446,5.464,5.438,0.0,6.014,4.92,310281799.0,109180.0,310281799.0,109180.0,0.0,0.0,20231026,20231026,101816000,5.467,0.0,0.0,5.458,5.457,5.456,5.455,5.454,5.453,5.452,5.451,5.45,5.449,5.459,5.46,5.461,5.462,5.463,5.464,5.465,5.466,5.467,5.468,258400.0,1630400.0,497300.0,69600.0,301100.0,134100.0,135900.0,138200.0,191195.0,84500.0,56800.0,274500.0,215800.0,300000.0,231000.0,192000.0,499000.0,889774.0,122605.0,225646.0
20231026101819000,SSE,SSE.ETF.510500,5.459,5.446,5.464,5.438,0.0,6.014,4.92,310281799.0,0.0,310281799.0,0.0,0.0,0.0,20231026,20231026,101819000,5.467,0.0,0.0,5.458,5.457,5.456,5.455,5.454,5.453,5.452,5.451,5.45,5.449,5.459,5.46,5.461,5.462,5.463,5.464,5.465,5.466,5.467,5.468,242600.0,446200.0,1077300.0,469600.0,101100.0,334100.0,135900.0,138200.0,88195.0,84500.0,330900.0,274500.0,405800.0,50000.0,191000.0,392000.0,799000.0,339774.0,172605.0,225646.0
20231026101822000,SSE,SSE.ETF.510500,5.459,5.446,5.464,5.438,0.0,6.014,4.92,310281799.0,0.0,310281799.0,0.0,0.0,0.0,20231026,20231026,101822000,5.467,0.0,0.0,5.458,5.457,5.456,5.455,5.454,5.453,5.452,5.451,5.45,5.449,5.459,5.46,5.461,5.462,5.463,5.464,5.465,5.466,5.467,5.468,202600.0,40400.0,843100.0,659600.0,301100.0,334100.0,135900.0,138200.0,88195.0,97700.0,330900.0,274500.0,405800.0,50000.0,391000.0,792000.0,199000.0,339774.0,172605.0,225646.0
20231026101825000,SSE,SSE.ETF.510500,5.458,5.446,5.464,5.438,0.0,6.014,4.92,310299810.0,18011.0,310299810.0,18011.0,0.0,0.0,20231026,20231026,101825000,5.467,0.0,0.0,5.458,5.457,5.456,5.455,5.454,5.453,5.452,5.451,5.45,5.449,5.459,5.46,5.461,5.462,5.463,5.464,5.465,5.466,5.467,5.468,199700.0,246200.0,843100.0,469600.0,251100.0,134100.0,135900.0,138200.0,94195.0,97700.0,96800.0,274500.0,405800.0,50000.0,191000.0,392000.0,799000.0,339774.0,172605.0,225646.0
20231026101828000,SSE,SSE.ETF.510500,5.458,5.446,5.464,5.438,0.0,6.014,4.92,310310726.0,10916.0,310310726.0,10916.0,0.0,0.0,20231026,20231026,101828000,5.467,0.0,0.0,5.458,5.457,5.456,5.455,5.454,5.453,5.452,5.451,5.45,5.449,5.459,5.46,5.461,5.462,5.463,5.464,5.465,5.466,5.467,5.468,237700.0,246200.0,1077300.0,469600.0,251100.0,134100.0,135900.0,138200.0,96195.0,134500.0,330900.0,274500.0,405800.0,50000.0,391000.0,192000.0,799000.0,339774.0,172605.0,225646.0
20231026101831000,SSE,SSE.ETF.510500,5.458,5.446,5.464,5.438,0.0,6.014,4.92,310310726.0,0.0,310310726.0,0.0,0.0,0.0,20231026,20231026,101831000,5.467,0.0,0.0,5.458,5.457,5.456,5.455,5.454,5.453,5.452,5.451,5.45,5.449,5.459,5.46,5.461,5.462,5.463,5.464,5.465,5.466,5.467,5.468,237700.0,230400.0,693100.0,469600.0,451100.0,334100.0,135900.0,138200.0,96195.0,197700.0,332400.0,274500.0,405800.0,50000.0,391000.0,792000.0,199000.0,339774.0,172605.0,225646.0
20231026101834000,SSE,SSE.ETF.510500,5.458,5.446,5.464,5.438,0.0,6.014,4.92,310310726.0,0.0,310310726.0,0.0,0.0,0.0,20231026,20231026,101834000,5.467,0.0,0.0,5.458,5.457,5.456,5.455,5.454,5.453,5.452,5.451,5.45,5.449,5.459,5.46,5.461,5.462,5.463,5.464,5.465,5.466,5.467,5.468,237700.0,45400.0,883100.0,469600.0,451100.0,334100.0,135900.0,138200.0,96195.0,197700.0,340000.0,464500.0,215800.0,200000.0,391000.0,642000.0,199000.0,339774.0,172605.0,225646.0
20231026101837000,SSE,SSE.ETF.510500,5.458,5.446,5.464,5.438,0.0,6.014,4.92,310313455.0,2729.0,310313455.0,2729.0,0.0,0.0,20231026,20231026,101837000,5.467,0.0,0.0,5.458,5.457,5.456,5.455,5.454,5.453,5.452,5.451,5.45,5.449,5.459,5.46,5.461,5.462,5.463,5.464,5.465,5.466,5.467,5.468,197400.0,61200.0,1267300.0,469600.0,251200.0,134100.0,135900.0,138200.0,96195.0,197700.0,341000.0,464500.0,215800.0,50000.0,191000.0,992000.0,199000.0,339774.0,172605.0,225646.0
20231026101840000,SSE,SSE.ETF.510500,5.459,5.446,5.464,5.438,0.0,6.014,4.92,310516495.0,203040.0,310516495.0,203040.0,0.0,0.0,20231026,20231026,101840000,5.467,0.0,0.0,5.458,5.457,5.456,5.455,5.454,5.453,5.452,5.451,5.45,5.449,5.459,5.46,5.461,5.462,5.463,5.464,5.465,5.466,5.467,5.468,202100.0,245600.0,883100.0,469600.0,201200.0,334100.0,135900.0,138200.0,96195.0,97700.0,303800.0,464500.0,215800.0,200000.0,391000.0,642000.0,199000.0,339774.0,172605.0,265646.0
20231026101843000,SSE,SSE.ETF.510500,5.459,5.446,5.464,5.438,0.0,6.014,4.92,310516495.0,0.0,310516495.0,0.0,0.0,0.0,20231026,20231026,101843000,5.467,0.0,0.0,5.458,5.457,5.456,5.455,5.454,5.453,5.452,5.451,5.45,5.449,5.459,5.46,5.461,5.462,5.463,5.464,5.465,5.466,5.467,5.468,162100.0,45600.0,1033100.0,469600.0,301200.0,334100.0,135900.0,138200.0,96195.0,137700.0,303800.0,464500.0,215800.0,50000.0,391000.0,792000.0,199000.0,339774.0,172605.0,225646.0
20231026101846000,SSE,SSE.ETF.510500,5.459,5.446,5.464,5.438,0.0,6.014,4.92,310543790.0,27295.0,310543790.0,27295.0,0.0,0.0,20231026,20231026,101846000,5.467,0.0,0.0,5.458,5.457,5.456,5.455,5.454,5.453,5.452,5.451,5.45,5.449,5.459,5.46,5.461,5.462,5.463,5.464,5.465,5.466,5.467,5.468,162100.0,45600.0,883100.0,469600.0,451200.0,334100.0,135900.0,138200.0,96195.0,97700.0,309300.0,464500.0,215800.0,200000.0,391000.0,642000.0,199000.0,339774.0,172605.0,225646.0
20231026101849000,SSE,SSE.ETF.510500,5.459,5.446,5.464,5.438,0.0,6.014,4.92,310543790.0,0.0,310543790.0,0.0,0.0,0.0,20231026,20231026,101849000,5.467,0.0,0.0,5.458,5.457,5.456,5.455,5.454,5.453,5.452,5.451,5.45,5.449,5.459,5.46,5.461,5.462,5.463,5.464,5.465,5.466,5.467,5.468,162100.0,45600.0,883100.0,469600.0,451200.0,334100.0,135900.0,138200.0,96195.0,97700.0,309800.0,464500.0,216500.0,200000.0,391000.0,642000.0,199000.0,339774.0,172605.0,225646.0
20231026101852000,SSE,SSE.ETF.510500,5.458,5.446,5.464,5.438,0.0,6.014,4.92,311646852.0,1103062.0,311646852.0,1103062.0,0.0,0.0,20231026,20231026,101852000,5.467,0.0,0.0,5.457,5.456,5.455,5.454,5.453,5.452,5.451,5.45,5.449,5.448,5.459,5.46,5.461,5.462,5.463,5.464,5.465,5.466,5.467,5.468,111600.0,441800.0,1069600.0,451200.0,334100.0,135900.0,138200.0,96195.0,97700.0,185700.0,151500.0,464300.0,41200.0,200000.0,391000.0,642000.0,199000.0,339774.0,172605.0,225646.0
20231026101855000,SSE,SSE.ETF.510500,5.458,5.446,5.464,5.438,0.0,6.014,4.92,312078034.0,431182.0,312078034.0,431182.0,0.0,0.0,20231026,20231026,101855000,5.467,0.0,0.0,5.458,5.457,5.456,5.455,5.454,5.453,5.452,5.451,5.45,5.449,5.459,5.46,5.461,5.462,5.463,5.464,5.465,5.466,5.467,5.468,26200.0,426900.0,441800.0,1068600.0,202200.0,300100.0,131900.0,138200.0,136195.0,97700.0,76100.0,464300.0,41200.0,201000.0,992000.0,76000.0,163000.0,339774.0,212605.0,185646.0
20231026101858000,SSE,SSE.ETF.510500,5.458,5.446,5.464,5.438,0.0,6.014,4.92,312086766.0,8732.0,312086766.0,8732.0,0.0,0.0,20231026,20231026,101858000,5.467,0.0,0.0,5.457,5.456,5.455,5.454,5.453,5.452,5.451,5.45,5.449,5.448,5.458,5.459,5.46,5.461,5.462,5.463,5.464,5.465,5.466,5.467,426900.0,441800.0,1069600.0,203200.0,334100.0,135900.0,138200.0,136195.0,197700.0,85700.0,5500.0,79000.0,464300.0,291200.0,200000.0,991000.0,42000.0,149000.0,299774.0,172605.0
20231026101901000,SSE,SSE.ETF.510500,5.458,5.446,5.464,5.438,0.0,6.014,4.92,312086766.0,0.0,312086766.0,0.0,0.0,0.0,20231026,20231026,101901000,5.467,0.0,0.0,5.457,5.456,5.455,5.454,5.453,5.452,5.451,5.45,5.449,5.448,5.458,5.459,5.46,5.461,5.462,5.463,5.464,5.465,5.466,5.467,426900.0,441800.0,1068600.0,202200.0,300100.0,131900.0,138200.0,176195.0,57700.0,88800.0,126100.0,79000.0,464300.0,291200.0,201000.0,392000.0,715000.0,74000.0,336774.0,212605.0
20231026101904000,SSE,SSE.ETF.510500,5.457,5.446,5.464,5.438,0.0,6.014,4.92,312165893.0,79127.0,312165893.0,79127.0,0.0,0.0,20231026,20231026,101904000,5.467,0.0,0.0,5.457,5.456,5.455,5.454,5.453,5.452,5.451,5.45,5.449,5.448,5.458,5.459,5.46,5.461,5.462,5.463,5.464,5.465,5.466,5.467,137500.0,328000.0,318600.0,1242200.0,200100.0,281900.0,138200.0,176195.0,57700.0,102000.0,129293.0,506500.0,274300.0,191200.0,401000.0,692000.0,165000.0,124000.0,336774.0,212605.0
20231026101907000,SSE,SSE.ETF.510500,5.457,5.446,5.464,5.438,0.0,6.014,4.92,312916231.0,750338.0,312916231.0,750338.0,0.0,0.0,20231026,20231026,101907000,5.467,0.0,0.0,5.456,5.455,5.454,5.453,5.452,5.451,5.45,5.449,5.448,5.447,5.457,5.458,5.459,5.46,5.461,5.462,5.463,5.464,5.465,5.466,78500.0,68600.0,302200.0,1240100.0,231900.0,138200.0,176195.0,57700.0,102000.0,148800.0,227000.0,383693.0,316100.0,190200.0,791200.0,51000.0,92000.0,165000.0,124000.0,336774.0
20231026101910000,SSE,SSE.ETF.510500,5.457,5.446,5.464,5.438,0.0,6.014,4.92,312916776.0,545.0,312916776.0,545.0,0.0,0.0,20231026,20231026,101910000,5.467,0.0,0.0,5.456,5.455,5.454,5.453,5.452,5.451,5.45,5.449,5.448,5.447,5.457,5.458,5.459,5.46,5.461,5.462,5.463,5.464,5.465,5.466,38500.0,318500.0,301200.0,1239100.0,197900.0,84200.0,176195.0,137700.0,62000.0,115000.0,241700.0,381693.0,316100.0,390200.0,792200.0,52000.0,165000.0,90000.0,121000.0,376774.0
20231026101913000,SSE,SSE.ETF.510500,5.456,5.446,5.464,5.438,0.0,6.014,4.92,312974064.0,57288.0,312974064.0,57288.0,0.0,0.0,20231026,20231026,101913000,5.467,0.0,0.0,5.456,5.455,5.454,5.453,5.452,5.451,5.45,5.449,5.448,5.447,5.457,5.458,5.459,5.46,5.461,5.462,5.463,5.464,5.465,5.466,28000.0,68600.0,301100.0,489100.0,1047900.0,234200.0,376195.0,137700.0,62000.0,115000.0,491700.0,381693.0,205600.0,990200.0,42200.0,52000.0,165000.0,90000.0,121000.0,376774.0
20231026101916000,SSE,SSE.ETF.510500,5.456,5.446,5.464,5.438,0.0,6.014,4.92,313130652.0,156588.0,313130652.0,156588.0,0.0,0.0,20231026,20231026,101916000,5.467,0.0,0.0,5.455,5.454,5.453,5.452,5.451,5.45,5.449,5.448,5.447,5.446,5.456,5.457,5.458,5.459,5.46,5.461,5.462,5.463,5.464,5.465,68800.0,51200.0,299100.0,1087900.0,234200.0,326095.0,337700.0,62000.0,115000.0,131300.0,161900.0,303100.0,381693.0,405600.0,792200.0,42200.0,52000.0,165000.0,90000.0,121000.0
20231026101919000,SSE,SSE.ETF.510500,5.455,5.446,5.464,5.438,0.0,6.014,4.92,313515230.0,384578.0,313515230.0,384578.0,0.0,0.0,20231026,20231026,101919000,5.467,0.0,0.0,5.454,5.453,5.452,5.451,5.45,5.449,5.448,5.447,5.446,5.445,5.455,5.456,5.457,5.458,5.459,5.46,5.461,5.462,5.463,5.464,11600.0,298100.0,486900.0,450200.0,322095.0,137700.0,142000.0,75000.0,97500.0,176400.0,10400.0,279900.0,290000.0,450693.0,405600.0,643200.0,43200.0,125000.0,50000.0,87600.0
20231026101922000,SSE,SSE.ETF.510500,5.454,5.446,5.464,5.438,0.0,6.014,4.92,313545227.0,29997.0,313545227.0,29997.0,0.0,0.0,20231026,20231026,101922000,5.467,0.0,0.0,5.454,5.453,5.452,5.451,5.45,5.449,5.448,5.447,5.446,5.445,5.455,5.456,5.457,5.458,5.459,5.46,5.461,5.462,5.463,5.464,6200.0,298000.0,485900.0,1049200.0,238095.0,333700.0,142000.0,155000.0,57500.0,192600.0,50300.0,280900.0,290000.0,443293.0,406600.0,644200.0,116200.0,50000.0,87000.0,127600.0
20231026101925000,SSE,SSE.ETF.510500,5.454,5.446,5.464,5.438,0.0,6.014,4.92,313545227.0,0.0,313545227.0,0.0,0.0,0.0,20231026,20231026,101925000,5.467,0.0,0.0,5.454,5.453,5.452,5.451,5.45,5.449,5.448,5.447,5.446,5.445,5.455,5.456,5.457,5.458,5.459,5.46,5.461,5.462,5.463,5.464,6500.0,298800.0,485900.0,899200.0,88095.0,333700.0,142000.0,155000.0,57500.0,192600.0,50300.0,528900.0,290000.0,43293.0,256600.0,644200.0,116200.0,50000.0,87000.0,127600.0
20231026101928000,SSE,SSE.ETF.510500,5.454,5.446,5.464,5.438,0.0,6.014,4.92,313556135.0,10908.0,313556135.0,10908.0,0.0,0.0,20231026,20231026,101928000,5.467,0.0,0.0,5.454,5.453,5.452,5.451,5.45,5.449,5.448,5.447,5.446,5.445,5.455,5.456,5.457,5.458,5.459,5.46,5.461,5.462,5.463,5.464,4500.0,298800.0,485900.0,649200.0,88295.0,333700.0,142000.0,155000.0,188500.0,92600.0,50300.0,278900.0,290000.0,293293.0,256600.0,644200.0,116200.0,50000.0,87000.0,127600.0
20231026101931000,SSE,SSE.ETF.510500,5.454,5.446,5.464,5.438,0.0,6.014,4.92,313556135.0,0.0,313556135.0,0.0,0.0,0.0,20231026,20231026,101931000,5.467,0.0,0.0,5.454,5.453,5.452,5.451,5.45,5.449,5.448,5.447,5.446,5.445,5.455,5.456,5.457,5.458,5.459,5.46,5.461,5.462,5.463,5.464,4500.0,48900.0,485900.0,899200.0,338295.0,133700.0,342000.0,155000.0,88500.0,92600.0,50300.0,528900.0,290000.0,243293.0,656600.0,94200.0,166200.0,100000.0,87000.0,127600.0
20231026101934000,SSE,SSE.ETF.510500,5.453,5.446,5.464,5.438,0.0,6.014,4.92,314117254.0,561119.0,314117254.0,561119.0,0.0,0.0,20231026,20231026,101934000,5.467,0.0,0.0,5.452,5.451,5.45,5.449,5.448,5.447,5.446,5.445,5.444,5.443,5.454,5.455,5.456,5.457,5.458,5.459,5.46,5.461,5.462,5.463,486300.0,1049200.0,238295.0,133700.0,342000.0,155000.0,88500.0,92600.0,183200.0,50600.0,44600.0,71900.0,482700.0,290000.0,193293.0,1006600.0,44200.0,166200.0,60000.0,87000.0
20231026101937000,SSE,SSE.ETF.510500,5.453,5.446,5.464,5.438,0.0,6.014,4.92,314117254.0,0.0,314117254.0,0.0,0.0,0.0,20231026,20231026,101937000,5.467,0.0,0.0,5.453,5.452,5.451,5.45,5.449,5.448,5.447,5.446,5.445,5.444,5.454,5.455,5.456,5.457,5.458,5.459,5.46,5.461,5.462,5.463,20000.0,359300.0,1208200.0,446295.0,258700.0,64000.0,111000.0,128500.0,232600.0,9400.0,44600.0,118800.0,442700.0,251000.0,155293.0,401600.0,41200.0,51200.0,97000.0,87000.0
20231026101940000,SSE,SSE.ETF.510500,5.453,5.446,5.464,5.438,0.0,6.014,4.92,314117254.0,0.0,314117254.0,0.0,0.0,0.0,20231026,20231026,101940000,5.467,0.0,0.0,5.453,5.452,5.451,5.45,5.449,5.448,5.447,5.446,5.445,5.444,5.454,5.455,5.456,5.457,5.458,5.459,5.46,5.461,5.462,5.463,183000.0,448300.0,1008200.0,197295.0,259700.0,98000.0,115000.0,128500.0,152600.0,49400.0,46600.0,31900.0,279600.0,250000.0,404293.0,367600.0,677200.0,1200.0,97000.0,127000.0
20231026101943000,SSE,SSE.ETF.510500,5.453,5.446,5.464,5.438,0.0,6.014,4.92,314172329.0,55075.0,314172329.0,55075.0,0.0,0.0,20231026,20231026,101943000,5.467,0.0,0.0,5.453,5.452,5.451,5.45,5.449,5.448,5.447,5.446,5.445,5.444,5.454,5.455,5.456,5.457,5.458,5.459,5.46,5.461,5.462,5.463,172900.0,648300.0,1008200.0,197295.0,259700.0,98000.0,115000.0,128500.0,152600.0,86200.0,46600.0,21800.0,279600.0,250000.0,404293.0,366100.0,677200.0,1200.0,97000.0,127000.0
