time,exchg,code,price,open,high,low,settle_price,upper_limit,lower_limit,total_volume,volume,total_turnover,turnover,open_interest,diff_interest,trading_date,action_date,action_time,pre_close,pre_settle,pre_interest,bid_price_0,bid_price_1,bid_price_2,bid_price_3,bid_price_4,bid_price_5,bid_price_6,bid_price_7,bid_price_8,bid_price_9,ask_price_0,ask_price_1,ask_price_2,ask_price_3,ask_price_4,ask_price_5,ask_price_6,ask_price_7,ask_price_8,ask_price_9,bid_qty_0,bid_qty_1,bid_qty_2,bid_qty_3,bid_qty_4,bid_qty_5,bid_qty_6,bid_qty_7,bid_qty_8,bid_qty_9,ask_qty_0,ask_qty_1,ask_qty_2,ask_qty_3,ask_qty_4,ask_qty_5,ask_qty_6,ask_qty_7,ask_qty_8,ask_qty_9
20231026093025000,SSE,SSE.ETF.588000,0.886,0.885,0.886,0.884,0.0,1.069,0.713,75924961.0,12774763.0,75924961.0,12774763.0,0.0,0.0,20231026,20231026,93025000,0.891,0.0,0.0,0.885,0.884,0.883,0.882,0.881,0.88,0.879,0.878,0.877,0.876,0.886,0.887,0.888,0.889,0.89,0.891,0.892,0.893,0.894,0.895,4152400.0,14919609.0,20155500.0,19594500.0,30458200.0,40347000.0,9898800.0,11834600.0,9478100.0,9987700.0,4499000.0,15537200.0,8837400.0,12755162.0,18273452.0,8030000.0,8027000.0,6683900.0,8163900.0,9277900.0
20231026093649000,SSE,SSE.ETF.588000,0.886,0.885,0.889,0.884,0.0,1.069,0.713,239478314.0,163553353.0,239478314.0,163553353.0,0.0,0.0,20231026,20231026,93649000,0.891,0.0,0.0,0.885,0.884,0.883,0.882,0.881,0.88,0.879,0.878,0.877,0.876,0.886,0.887,0.888,0.889,0.89,0.891,0.892,0.893,0.894,0.895,18804200.0,25794809.0,35524100.0,23509300.0,35007200.0,46147400.0,11172800.0,14172400.0,9616100.0,10503100.0,19401000.0,25025599.0,19858400.0,14387962.0,19073352.0,9951800.0,11262000.0,7526200.0,9720000.0,11422400.0
20231026093652000,SSE,SSE.ETF.588000,0.886,0.885,0.889,0.884,0.0,1.069,0.713,240234521.0,756207.0,240234521.0,756207.0,0.0,0.0,20231026,20231026,93652000,0.891,0.0,0.0,0.885,0.884,0.883,0.882,0.881,0.88,0.879,0.878,0.877,0.876,0.886,0.887,0.888,0.889,0.89,0.891,0.892,0.893,0.894,0.895,16890200.0,25795109.0,35615400.0,23522600.0,35012900.0,46183200.0,11172800.0,14172400.0,9616100.0,10513100.0,22630800.0,25025599.0,20100000.0,14387962.0,19094352.0,9951800.0,11262000.0,7526200.0,9720000.0,11522400.0
20231026093655000,SSE,SSE.ETF.588000,0.886,0.885,0.889,0.884,0.0,1.069,0.713,240617362.0,382841.0,240617362.0,382841.0,0.0,0.0,20231026,20231026,93655000,0.891,0.0,0.0,0.885,0.884,0.883,0.882,0.881,0.88,0.879,0.878,0.877,0.876,0.886,0.887,0.888,0.889,0.89,0.891,0.892,0.893,0.894,0.895,16932600.0,25892709.0,35682800.0,23508400.0,35019400.0,46244200.0,11172800.0,14172400.0,9616100.0,10513100.0,22641000.0,25025599.0,19352000.0,14600562.0,19097152.0,9971800.0,11262000.0,7526200.0,9720000.0,11122400.0
20231026093658000,SSE,SSE.ETF.588000,0.885,0.885,0.889,0.884,0.0,1.069,0.713,245172976.0,4555614.0,245172976.0,4555614.0,0.0,0.0,20231026,20231026,93658000,0.891,0.0,0.0,0.885,0.884,0.883,0.882,0.881,0.88,0.879,0.878,0.877,0.876,0.886,0.887,0.888,0.889,0.89,0.891,0.892,0.893,0.894,0.895,11608800.0,25962709.0,35454700.0,23792700.0,35067700.0,46267200.0,11172800.0,14172400.0,9616100.0,10516100.0,22387900.0,25275599.0,19202000.0,14600562.0,18747952.0,9971800.0,11262000.0,7526200.0,9720000.0,11122400.0
20231026093701000,SSE,SSE.ETF.588000,0.885,0.885,0.889,0.884,0.0,1.069,0.713,247142260.0,1969284.0,247142260.0,1969284.0,0.0,0.0,20231026,20231026,93701000,0.891,0.0,0.0,0.885,0.884,0.883,0.882,0.881,0.88,0.879,0.878,0.877,0.876,0.886,0.887,0.888,0.889,0.89,0.891,0.892,0.893,0.894,0.895,9706100.0,25746809.0,35220100.0,23695000.0,35069800.0,46234300.0,11172800.0,14172400.0,9616100.0,10516100.0,21648700.0,25103099.0,18872000.0,14490562.0,18673052.0,9971800.0,11262000.0,7526200.0,9700000.0,11122400.0
20231026093704000,SSE,SSE.ETF.588000,0.886,0.885,0.889,0.884,0.0,1.069,0.713,250105902.0,2963642.0,250105902.0,2963642.0,0.0,0.0,20231026,20231026,93704000,0.891,0.0,0.0,0.885,0.884,0.883,0.882,0.881,0.88,0.879,0.878,0.877,0.876,0.886,0.887,0.888,0.889,0.89,0.891,0.892,0.893,0.894,0.895,6746800.0,26031809.0,35750100.0,23755600.0,35086700.0,45962900.0,11172800.0,14172400.0,9616100.0,10516100.0,22193600.0,25083099.0,19452000.0,14770562.0,18673052.0,9971800.0,11282000.0,7526200.0,9700000.0,11122400.0
20231026093707000,SSE,SSE.ETF.588000,0.885,0.885,0.889,0.884,0.0,1.069,0.713,256311109.0,6205207.0,256311109.0,6205207.0,0.0,0.0,20231026,20231026,93707000,0.891,0.0,0.0,0.884,0.883,0.882,0.881,0.88,0.879,0.878,0.877,0.876,0.875,0.885,0.886,0.887,0.888,0.889,0.89,0.891,0.892,0.893,0.894,26496909.0,27135100.0,23855600.0,35120900.0,45993200.0,11172800.0,14172300.0,9616100.0,10518700.0,9974900.0,1927200.0,26359700.0,16390299.0,19355800.0,14770562.0,18693052.0,9971800.0,11284000.0,7526200.0,9700000.0
20231026093710000,SSE,SSE.ETF.588000,0.885,0.885,0.889,0.884,0.0,1.069,0.713,256533244.0,222135.0,256533244.0,222135.0,0.0,0.0,20231026,20231026,93710000,0.891,0.0,0.0,0.884,0.883,0.882,0.881,0.88,0.879,0.878,0.877,0.876,0.875,0.885,0.886,0.887,0.888,0.889,0.89,0.891,0.892,0.893,0.894,26685009.0,27718600.0,32635400.0,35124100.0,46000200.0,11173300.0,14173300.0,9616100.0,10518700.0,9974900.0,15378600.0,23199400.0,13404499.0,18693100.0,14670562.0,18693052.0,10031800.0,11284000.0,7526300.0,9700000.0
20231026093713000,SSE,SSE.ETF.588000,0.885,0.885,0.889,0.884,0.0,1.069,0.713,257047780.0,514536.0,257047780.0,514536.0,0.0,0.0,20231026,20231026,93713000,0.891,0.0,0.0,0.884,0.883,0.882,0.881,0.88,0.879,0.878,0.877,0.876,0.875,0.885,0.886,0.887,0.888,0.889,0.89,0.891,0.892,0.893,0.894,24980909.0,26684600.0,33405400.0,35903200.0,46357100.0,11173300.0,14172300.0,9619100.0,10518700.0,9974900.0,18907000.0,23316600.0,12937199.0,18655200.0,14648562.0,18693052.0,10031800.0,11294000.0,7526300.0,9700000.0
20231026093716000,SSE,SSE.ETF.588000,0.884,0.885,0.889,0.884,0.0,1.069,0.713,257642073.0,594293.0,257642073.0,594293.0,0.0,0.0,20231026,20231026,93716000,0.891,0.0,0.0,0.884,0.883,0.882,0.881,0.88,0.879,0.878,0.877,0.876,0.875,0.885,0.886,0.887,0.888,0.889,0.89,0.891,0.892,0.893,0.894,24329109.0,26689600.0,33623300.0,36099200.0,46487100.0,11173300.0,14172300.0,9619100.0,10518700.0,9974900.0,19188400.0,23180100.0,12996199.0,18450200.0,14638562.0,18703052.0,9995600.0,11279000.0,7526300.0,9685100.0
20231026093743000,SSE,SSE.ETF.588000,0.883,0.885,0.889,0.883,0.0,1.069,0.713,280598140.0,633200.0,280598140.0,633200.0,0.0,0.0,20231026,20231026,93743000,0.891,0.0,0.0,0.883,0.882,0.881,0.88,0.879,0.878,0.877,0.876,0.875,0.874,0.884,0.885,0.886,0.887,0.888,0.889,0.89,0.891,0.892,0.893,28645700.0,26852300.0,41220400.0,47813500.0,11181400.0,14191900.0,9632300.0,11018700.0,10990000.0,6135800.0,20408900.0,14583000.0,13907500.0,12644299.0,19516300.0,14509562.0,18739152.0,9804000.0,11288100.0,7549200.0
20231026093746000,SSE,SSE.ETF.588000,0.884,0.885,0.889,0.883,0.0,1.069,0.713,281360756.0,762616.0,281360756.0,762616.0,0.0,0.0,20231026,20231026,93746000,0.891,0.0,0.0,0.883,0.882,0.881,0.88,0.879,0.878,0.877,0.876,0.875,0.874,0.884,0.885,0.886,0.887,0.888,0.889,0.89,0.891,0.892,0.893,29411100.0,26793500.0,41242100.0,47865300.0,11688800.0,14197000.0,9632300.0,11018700.0,11020000.0,6145800.0,20866900.0,14802700.0,13907500.0,12669299.0,19538900.0,14494562.0,18739152.0,9804000.0,11288100.0,7549200.0
20231026093749000,SSE,SSE.ETF.588000,0.883,0.885,0.889,0.883,0.0,1.069,0.713,285834864.0,4474108.0,285834864.0,4474108.0,0.0,0.0,20231026,20231026,93749000,0.891,0.0,0.0,0.883,0.882,0.881,0.88,0.879,0.878,0.877,0.876,0.875,0.874,0.884,0.885,0.886,0.887,0.888,0.889,0.89,0.891,0.892,0.893,23474800.0,30745000.0,37273200.0,47882600.0,11688800.0,14197100.0,9632300.0,11018700.0,11020000.0,6160800.0,18901600.0,14803700.0,13431300.0,12769299.0,19538900.0,14366962.0,18739152.0,9805200.0,11288100.0,7549200.0
20231026093752000,SSE,SSE.ETF.588000,0.884,0.885,0.889,0.883,0.0,1.069,0.713,286412105.0,577241.0,286412105.0,577241.0,0.0,0.0,20231026,20231026,93752000,0.891,0.0,0.0,0.883,0.882,0.881,0.88,0.879,0.878,0.877,0.876,0.875,0.874,0.884,0.885,0.886,0.887,0.888,0.889,0.89,0.891,0.892,0.893,23681000.0,26504800.0,41048100.0,47890600.0,11688800.0,14197100.0,9632300.0,11025700.0,11020000.0,6160800.0,17163400.0,14553700.0,13111300.0,12679899.0,19034000.0,14366962.0,18739152.0,9805200.0,11288100.0,7549200.0
20231026093755000,SSE,SSE.ETF.588000,0.883,0.885,0.889,0.883,0.0,1.069,0.713,287355692.0,943587.0,287355692.0,943587.0,0.0,0.0,20231026,20231026,93755000,0.891,0.0,0.0,0.883,0.882,0.881,0.88,0.879,0.878,0.877,0.876,0.875,0.874,0.884,0.885,0.886,0.887,0.888,0.889,0.89,0.891,0.892,0.893,23318100.0,26836100.0,41111500.0,48222000.0,11688800.0,14197100.0,9632300.0,11068700.0,11020000.0,6160800.0,9020000.0,14626700.0,15825800.0,12618399.0,19034000.0,13891162.0,18739152.0,9805200.0,11288100.0,7549200.0
20231026093758000,SSE,SSE.ETF.588000,0.884,0.885,0.889,0.883,0.0,1.069,0.713,288552262.0,1196570.0,288552262.0,1196570.0,0.0,0.0,20231026,20231026,93758000,0.891,0.0,0.0,0.883,0.882,0.881,0.88,0.879,0.878,0.877,0.876,0.875,0.874,0.884,0.885,0.886,0.887,0.888,0.889,0.89,0.891,0.892,0.893,23065900.0,31196100.0,36557200.0,48264500.0,11688800.0,14200100.0,9635700.0,11068700.0,11021000.0,6160800.0,6558900.0,10373700.0,21070800.0,12618399.0,19020200.0,13891162.0,18739152.0,9805200.0,11288100.0,7549200.0
20231026093955000,SSE,SSE.ETF.588000,0.885,0.885,0.889,0.883,0.0,1.069,0.713,327145181.0,175043.0,327145181.0,175043.0,0.0,0.0,20231026,20231026,93955000,0.891,0.0,0.0,0.884,0.883,0.882,0.881,0.88,0.879,0.878,0.877,0.876,0.875,0.885,0.886,0.887,0.888,0.889,0.89,0.891,0.892,0.893,0.894,14272000.0,38587700.0,28090600.0,37972900.0,56990700.0,12123800.0,14440600.0,10196700.0,11147900.0,11186700.0,417200.0,15232900.0,23568699.0,23014800.0,12746962.0,18940052.0,10023400.0,11903600.0,7634200.0,9638100.0
20231026093958000,SSE,SSE.ETF.588000,0.885,0.885,0.889,0.883,0.0,1.069,0.713,327965753.0,820572.0,327965753.0,820572.0,0.0,0.0,20231026,20231026,93958000,0.891,0.0,0.0,0.884,0.883,0.882,0.881,0.88,0.879,0.878,0.877,0.876,0.875,0.885,0.886,0.887,0.888,0.889,0.89,0.891,0.892,0.893,0.894,14581600.0,38607000.0,28071600.0,37979100.0,56937600.0,12112200.0,14440600.0,10196700.0,11147900.0,11186700.0,1000.0,17810400.0,23568699.0,23014800.0,12746962.0,18940052.0,10023400.0,11903700.0,7634200.0,9638100.0
20231026094001000,SSE,SSE.ETF.588000,0.886,0.885,0.889,0.883,0.0,1.069,0.713,328352233.0,386480.0,328352233.0,386480.0,0.0,0.0,20231026,20231026,94001000,0.891,0.0,0.0,0.885,0.884,0.883,0.882,0.881,0.88,0.879,0.878,0.877,0.876,0.886,0.887,0.888,0.889,0.89,0.891,0.892,0.893,0.894,0.895,1207600.0,15145000.0,38897800.0,27777300.0,38035600.0,57121800.0,12112200.0,14496600.0,10196700.0,11147900.0,17810300.0,23318699.0,23264800.0,12796962.0,18960052.0,10012100.0,11903700.0,7634200.0,9638100.0,11242700.0
20231026094543000,SSE,SSE.ETF.588000,0.885,0.885,0.889,0.883,0.0,1.069,0.713,475090430.0,31750.0,475090430.0,31750.0,0.0,0.0,20231026,20231026,94543000,0.891,0.0,0.0,0.884,0.883,0.882,0.881,0.88,0.879,0.878,0.877,0.876,0.875,0.885,0.886,0.887,0.888,0.889,0.89,0.891,0.892,0.893,0.894,14290600.0,31407200.0,37377400.0,40129300.0,62820100.0,12899500.0,14790500.0,10606800.0,11205500.0,11645500.0,4466500.0,20447500.0,12003513.0,23822400.0,15030762.0,22145952.0,11503900.0,12656200.0,8294300.0,10487200.0
20231026094546000,SSE,SSE.ETF.588000,0.885,0.885,0.889,0.883,0.0,1.069,0.713,475232508.0,142078.0,475232508.0,142078.0,0.0,0.0,20231026,20231026,94546000,0.891,0.0,0.0,0.884,0.883,0.882,0.881,0.88,0.879,0.878,0.877,0.876,0.875,0.885,0.886,0.887,0.888,0.889,0.89,0.891,0.892,0.893,0.894,14210700.0,31787500.0,37405600.0,40373800.0,62736100.0,12899500.0,14800500.0,10606800.0,11205500.0,11647500.0,6553500.0,20502000.0,12203513.0,23772400.0,15050062.0,22147952.0,11503900.0,12656200.0,8295300.0,10487200.0
20231026094549000,SSE,SSE.ETF.588000,0.885,0.885,0.889,0.883,0.0,1.069,0.713,476517351.0,1284843.0,476517351.0,1284843.0,0.0,0.0,20231026,20231026,94549000,0.891,0.0,0.0,0.884,0.883,0.882,0.881,0.88,0.879,0.878,0.877,0.876,0.875,0.885,0.886,0.887,0.888,0.889,0.89,0.891,0.892,0.893,0.894,15362324.0,40472100.0,28905600.0,40134700.0,62500800.0,13232800.0,14800500.0,10606800.0,11205500.0,11647500.0,4255200.0,20503200.0,12143513.0,24022400.0,15075062.0,22147952.0,11503900.0,12656200.0,8295300.0,10487200.0
20231026094552000,SSE,SSE.ETF.588000,0.884,0.885,0.889,0.883,0.0,1.069,0.713,476600372.0,83021.0,476600372.0,83021.0,0.0,0.0,20231026,20231026,94552000,0.891,0.0,0.0,0.884,0.883,0.882,0.881,0.88,0.879,0.878,0.877,0.876,0.875,0.885,0.886,0.887,0.888,0.889,0.89,0.891,0.892,0.893,0.894,15837524.0,31402300.0,37070600.0,40444700.0,62529200.0,13232800.0,14800500.0,10606800.0,11205500.0,11647500.0,11783500.0,20323200.0,11902413.0,23772400.0,15075062.0,22144352.0,11503900.0,12656200.0,8295300.0,10487200.0
20231026094555000,SSE,SSE.ETF.588000,0.884,0.885,0.889,0.883,0.0,1.069,0.713,477101703.0,501331.0,477101703.0,501331.0,0.0,0.0,20231026,20231026,94555000,0.891,0.0,0.0,0.884,0.883,0.882,0.881,0.88,0.879,0.878,0.877,0.876,0.875,0.885,0.886,0.887,0.888,0.889,0.89,0.891,0.892,0.893,0.894,15746224.0,31054400.0,37301600.0,40797600.0,62367900.0,13232800.0,14800500.0,10606800.0,11216800.0,11647500.0,13250400.0,20443200.0,12187013.0,23657300.0,15075562.0,22143352.0,11503900.0,12656200.0,8295300.0,10487200.0
20231026094558000,SSE,SSE.ETF.588000,0.885,0.885,0.889,0.883,0.0,1.069,0.713,477594323.0,492620.0,477594323.0,492620.0,0.0,0.0,20231026,20231026,94558000,0.891,0.0,0.0,0.884,0.883,0.882,0.881,0.88,0.879,0.878,0.877,0.876,0.875,0.885,0.886,0.887,0.888,0.889,0.89,0.891,0.892,0.893,0.894,14760324.0,31304400.0,37305600.0,41107600.0,62471900.0,13232800.0,14800500.0,10633500.0,11216800.0,11648000.0,13406400.0,20673200.0,12187013.0,23659500.0,15075562.0,21893352.0,11503900.0,12656200.0,8395300.0,10487200.0
20231026094601000,SSE,SSE.ETF.588000,0.884,0.885,0.889,0.883,0.0,1.069,0.713,477857635.0,263312.0,477857635.0,263312.0,0.0,0.0,20231026,20231026,94601000,0.891,0.0,0.0,0.884,0.883,0.882,0.881,0.88,0.879,0.878,0.877,0.876,0.875,0.885,0.886,0.887,0.888,0.889,0.89,0.891,0.892,0.893,0.894,15191924.0,31234000.0,37605600.0,41165600.0,62622900.0,13270800.0,14800500.0,10633500.0,11216800.0,11654000.0,15523600.0,20448200.0,11892013.0,23659500.0,15075562.0,21893352.0,11503900.0,12656200.0,8395300.0,10487200.0
20231026094604000,SSE,SSE.ETF.588000,0.884,0.885,0.889,0.883,0.0,1.069,0.713,478008987.0,151352.0,478008987.0,151352.0,0.0,0.0,20231026,20231026,94604000,0.891,0.0,0.0,0.884,0.883,0.882,0.881,0.88,0.879,0.878,0.877,0.876,0.875,0.885,0.886,0.887,0.888,0.889,0.89,0.891,0.892,0.893,0.894,15115424.0,31747800.0,37860500.0,41185600.0,62771100.0,13270800.0,14800500.0,10633500.0,11216800.0,11674000.0,15460200.0,20387100.0,12079013.0,23659500.0,15075562.0,21893352.0,11511100.0,12656200.0,8453200.0,10487200.0
20231026100943000,SSE,SSE.ETF.588000,0.884,0.885,0.889,0.882,0.0,1.069,0.713,845828428.0,9989.0,845828428.0,9989.0,0.0,0.0,20231026,20231026,100943000,0.891,0.0,0.0,0.883,0.882,0.881,0.88,0.879,0.878,0.877,0.876,0.875,0.874,0.884,0.885,0.886,0.887,0.888,0.889,0.89,0.891,0.892,0.893,23110348.0,51043904.0,61053100.0,92653900.0,22011800.0,22260400.0,12422800.0,12207000.0,12216600.0,7358100.0,10086156.0,31058700.0,23561500.0,14601913.0,16058215.0,13631862.0,20083252.0,11469600.0,12700200.0,6787900.0
20231026100946000,SSE,SSE.ETF.588000,0.884,0.885,0.889,0.882,0.0,1.069,0.713,845883678.0,55250.0,845883678.0,55250.0,0.0,0.0,20231026,20231026,100946000,0.891,0.0,0.0,0.883,0.882,0.881,0.88,0.879,0.878,0.877,0.876,0.875,0.874,0.884,0.885,0.886,0.887,0.888,0.889,0.89,0.891,0.892,0.893,22977448.0,50238004.0,61153200.0,92734400.0,22011800.0,22260400.0,12422800.0,12207000.0,12216600.0,7358100.0,11293956.0,30893100.0,23361500.0,14698613.0,16058215.0,13631862.0,20083252.0,11469600.0,12700200.0,6787900.0
20231026100949000,SSE,SSE.ETF.588000,0.884,0.885,0.889,0.882,0.0,1.069,0.713,846080609.0,196931.0,846080609.0,196931.0,0.0,0.0,20231026,20231026,100949000,0.891,0.0,0.0,0.883,0.882,0.881,0.88,0.879,0.878,0.877,0.876,0.875,0.874,0.884,0.885,0.886,0.887,0.888,0.889,0.89,0.891,0.892,0.893,23319548.0,50457904.0,61391200.0,92724400.0,22011800.0,22260400.0,12422800.0,12207000.0,12216600.0,7358100.0,10883156.0,31125600.0,23591500.0,14998613.0,16058215.0,13631862.0,20085252.0,11469600.0,12700200.0,6787900.0
20231026100952000,SSE,SSE.ETF.588000,0.884,0.885,0.889,0.882,0.0,1.069,0.713,846524062.0,443453.0,846524062.0,443453.0,0.0,0.0,20231026,20231026,100952000,0.891,0.0,0.0,0.883,0.882,0.881,0.88,0.879,0.878,0.877,0.876,0.875,0.874,0.884,0.885,0.886,0.887,0.888,0.889,0.89,0.891,0.892,0.893,22851348.0,50403900.0,61391200.0,92757000.0,22011800.0,22260400.0,12425800.0,12207000.0,12216600.0,7358100.0,9542456.0,32125600.0,23591500.0,15048613.0,16058215.0,13631862.0,20085252.0,11469600.0,12700200.0,6787900.0
20231026100955000,SSE,SSE.ETF.588000,0.884,0.885,0.889,0.882,0.0,1.069,0.713,846677866.0,153804.0,846677866.0,153804.0,0.0,0.0,20231026,20231026,100955000,0.891,0.0,0.0,0.883,0.882,0.881,0.88,0.879,0.878,0.877,0.876,0.875,0.874,0.884,0.885,0.886,0.887,0.888,0.889,0.89,0.891,0.892,0.893,23212848.0,50402400.0,61385200.0,92763100.0,22011800.0,22260400.0,12617200.0,12207000.0,12216600.0,7358100.0,6768756.0,32127800.0,23591500.0,15058613.0,16058215.0,13631862.0,20085252.0,11469600.0,12700200.0,6787900.0
20231026100958000,SSE,SSE.ETF.588000,0.884,0.885,0.889,0.882,0.0,1.069,0.713,846867750.0,189884.0,846867750.0,189884.0,0.0,0.0,20231026,20231026,100958000,0.891,0.0,0.0,0.883,0.882,0.881,0.88,0.879,0.878,0.877,0.876,0.875,0.874,0.884,0.885,0.886,0.887,0.888,0.889,0.89,0.891,0.892,0.893,23594548.0,50124800.0,61401200.0,92778100.0,21985800.0,22257200.0,12617200.0,12207000.0,12216600.0,7358100.0,4817856.0,32357600.0,23371500.0,15058613.0,16058215.0,13631862.0,20085252.0,11469600.0,12700200.0,6787900.0
20231026101001000,SSE,SSE.ETF.588000,0.884,0.885,0.889,0.882,0.0,1.069,0.713,846992700.0,124950.0,846992700.0,124950.0,0.0,0.0,20231026,20231026,101001000,0.891,0.0,0.0,0.883,0.882,0.881,0.88,0.879,0.878,0.877,0.876,0.875,0.874,0.884,0.885,0.886,0.887,0.888,0.889,0.89,0.891,0.892,0.893,24392748.0,49969700.0,61307200.0,93099500.0,21986800.0,22258400.0,12617200.0,12207000.0,12216600.0,7358100.0,3076356.0,32137600.0,23411500.0,15058613.0,16058215.0,13631862.0,20085252.0,11469600.0,12700200.0,6787900.0
20231026101004000,SSE,SSE.ETF.588000,0.884,0.885,0.889,0.882,0.0,1.069,0.713,847014181.0,21481.0,847014181.0,21481.0,0.0,0.0,20231026,20231026,101004000,0.891,0.0,0.0,0.883,0.882,0.881,0.88,0.879,0.878,0.877,0.876,0.875,0.874,0.884,0.885,0.886,0.887,0.888,0.889,0.89,0.891,0.892,0.893,26534148.0,50200700.0,61537200.0,93149400.0,21989800.0,22259400.0,12617200.0,12227000.0,12216600.0,7358100.0,5117356.0,32479000.0,23641500.0,15058613.0,16055215.0,13631862.0,20085252.0,11469600.0,12700200.0,6787900.0
20231026101007000,SSE,SSE.ETF.588000,0.884,0.885,0.889,0.882,0.0,1.069,0.713,848027243.0,1013062.0,848027243.0,1013062.0,0.0,0.0,20231026,20231026,101007000,0.891,0.0,0.0,0.883,0.882,0.881,0.88,0.879,0.878,0.877,0.876,0.875,0.874,0.884,0.885,0.886,0.887,0.888,0.889,0.89,0.891,0.892,0.893,26519348.0,50287300.0,61484200.0,93149400.0,22019600.0,22259400.0,12617200.0,12227000.0,12216600.0,7358100.0,2851156.0,32479000.0,23641500.0,15078613.0,16055215.0,13631862.0,20095252.0,11469600.0,12700200.0,6787900.0
20231026101010000,SSE,SSE.ETF.588000,0.884,0.885,0.889,0.882,0.0,1.069,0.713,850204646.0,2177403.0,850204646.0,2177403.0,0.0,0.0,20231026,20231026,101010000,0.891,0.0,0.0,0.883,0.882,0.881,0.88,0.879,0.878,0.877,0.876,0.875,0.874,0.884,0.885,0.886,0.887,0.888,0.889,0.89,0.891,0.892,0.893,26710948.0,50575900.0,61588400.0,93161400.0,22029600.0,22259400.0,12617200.0,12227000.0,12266600.0,7358100.0,347856.0,32706300.0,23641500.0,15078613.0,16055215.0,13631862.0,20095252.0,11469600.0,12700200.0,6787900.0
20231026101013000,SSE,SSE.ETF.588000,0.884,0.885,0.889,0.882,0.0,1.069,0.713,851857246.0,1652600.0,851857246.0,1652600.0,0.0,0.0,20231026,20231026,101013000,0.891,0.0,0.0,0.884,0.883,0.882,0.881,0.88,0.879,0.878,0.877,0.876,0.875,0.885,0.886,0.887,0.888,0.889,0.89,0.891,0.892,0.893,0.894,185744.0,26918548.0,50878800.0,61645500.0,93169400.0,22029600.0,22261400.0,12617200.0,12227000.0,12266600.0,24183800.0,23923700.0,15078613.0,16055215.0,13631862.0,20095252.0,11469600.0,12700200.0,6787900.0,6989300.0
20231026101016000,SSE,SSE.ETF.588000,0.884,0.885,0.889,0.882,0.0,1.069,0.713,851904805.0,47559.0,851904805.0,47559.0,0.0,0.0,20231026,20231026,101016000,0.891,0.0,0.0,0.884,0.883,0.882,0.881,0.88,0.879,0.878,0.877,0.876,0.875,0.885,0.886,0.887,0.888,0.889,0.89,0.891,0.892,0.893,0.894,6141644.0,28081448.0,50980900.0,60655500.0,93197400.0,22030600.0,22261400.0,12617200.0,12227000.0,12266600.0,23225900.0,24171400.0,15538613.0,16055215.0,13629862.0,20095252.0,11469600.0,12771400.0,6747900.0,6989300.0
20231026101019000,SSE,SSE.ETF.588000,0.884,0.885,0.889,0.882,0.0,1.069,0.713,852495052.0,590247.0,852495052.0,590247.0,0.0,0.0,20231026,20231026,101019000,0.891,0.0,0.0,0.884,0.883,0.882,0.881,0.88,0.879,0.878,0.877,0.876,0.875,0.885,0.886,0.887,0.888,0.889,0.89,0.891,0.892,0.893,0.894,8816744.0,28825548.0,50950900.0,60692500.0,93267900.0,22030600.0,22253200.0,12617200.0,12227000.0,12266600.0,22481300.0,24174200.0,16533013.0,16055215.0,13629862.0,20095252.0,11397100.0,12771400.0,6747900.0,6989300.0
20231026101022000,SSE,SSE.ETF.588000,0.884,0.885,0.889,0.882,0.0,1.069,0.713,852537842.0,42790.0,852537842.0,42790.0,0.0,0.0,20231026,20231026,101022000,0.891,0.0,0.0,0.884,0.883,0.882,0.881,0.88,0.879,0.878,0.877,0.876,0.875,0.885,0.886,0.887,0.888,0.889,0.89,0.891,0.892,0.893,0.894,10974644.0,28452048.0,51014000.0,60680200.0,93273900.0,22030600.0,22254200.0,12617200.0,12227000.0,12266600.0,22383100.0,24174200.0,16533013.0,16055215.0,13629862.0,20095252.0,11397100.0,12771400.0,6747900.0,6989300.0
20231026101025000,SSE,SSE.ETF.588000,0.884,0.885,0.889,0.882,0.0,1.069,0.713,852617111.0,79269.0,852617111.0,79269.0,0.0,0.0,20231026,20231026,101025000,0.891,0.0,0.0,0.884,0.883,0.882,0.881,0.88,0.879,0.878,0.877,0.876,0.875,0.885,0.886,0.887,0.888,0.889,0.89,0.891,0.892,0.893,0.894,11041610.0,37025348.0,42527500.0,60710200.0,93244400.0,22030600.0,22254200.0,12617200.0,12227000.0,12266600.0,21765400.0,25002400.0,17233013.0,16055215.0,13629862.0,20095252.0,11397100.0,12771400.0,6747900.0,6989300.0
20231026101028000,SSE,SSE.ETF.588000,0.884,0.885,0.889,0.882,0.0,1.069,0.713,856347770.0,3730659.0,856347770.0,3730659.0,0.0,0.0,20231026,20231026,101028000,0.891,0.0,0.0,0.884,0.883,0.882,0.881,0.88,0.879,0.878,0.877,0.876,0.875,0.885,0.886,0.887,0.888,0.889,0.89,0.891,0.892,0.893,0.894,5252410.0,36578548.0,41498500.0,60765700.0,93265100.0,22080600.0,22254200.0,12717200.0,12227000.0,12266600.0,21714300.0,24542400.0,16753013.0,16055215.0,13629862.0,20095252.0,11397100.0,12771400.0,6777900.0,6989300.0
20231026101031000,SSE,SSE.ETF.588000,0.885,0.885,0.889,0.882,0.0,1.069,0.713,856623638.0,275868.0,856623638.0,275868.0,0.0,0.0,20231026,20231026,101031000,0.891,0.0,0.0,0.884,0.883,0.882,0.881,0.88,0.879,0.878,0.877,0.876,0.875,0.885,0.886,0.887,0.888,0.889,0.89,0.891,0.892,0.893,0.894,2639010.0,37106048.0,42023000.0,60765700.0,93260000.0,22080600.0,22254200.0,12717200.0,12227000.0,12266600.0,21359900.0,24772400.0,17233013.0,16395215.0,13609862.0,20095252.0,11397100.0,12771400.0,6777900.0,6989300.0
20231026101034000,SSE,SSE.ETF.588000,0.885,0.885,0.889,0.882,0.0,1.069,0.713,856624700.0,1062.0,856624700.0,1062.0,0.0,0.0,20231026,20231026,101034000,0.891,0.0,0.0,0.884,0.883,0.882,0.881,0.88,0.879,0.878,0.877,0.876,0.875,0.885,0.886,0.887,0.888,0.889,0.89,0.891,0.892,0.893,0.894,4980410.0,38384948.0,41906400.0,60488800.0,93168800.0,22080600.0,22255200.0,12717200.0,12227000.0,12266600.0,21508900.0,24769600.0,17133013.0,16745215.0,13609862.0,20095252.0,11397100.0,12771400.0,6777900.0,6989300.0
20231026101037000,SSE,SSE.ETF.588000,0.885,0.885,0.889,0.882,0.0,1.069,0.713,856822192.0,197492.0,856822192.0,197492.0,0.0,0.0,20231026,20231026,101037000,0.891,0.0,0.0,0.884,0.883,0.882,0.881,0.88,0.879,0.878,0.877,0.876,0.875,0.885,0.886,0.887,0.888,0.889,0.89,0.891,0.892,0.893,0.894,8027610.0,39028148.0,41412400.0,60440300.0,93208800.0,22080600.0,22255200.0,12717200.0,12227000.0,12266600.0,21306200.0,24769600.0,17133013.0,16745215.0,13609862.0,20095252.0,11397100.0,12771400.0,6777900.0,6989300.0
20231026101040000,SSE,SSE.ETF.588000,0.885,0.885,0.889,0.882,0.0,1.069,0.713,856992564.0,170372.0,856992564.0,170372.0,0.0,0.0,20231026,20231026,101040000,0.891,0.0,0.0,0.884,0.883,0.882,0.881,0.88,0.879,0.878,0.877,0.876,0.875,0.885,0.886,0.887,0.888,0.889,0.89,0.891,0.892,0.893,0.894,8963110.0,39156648.0,41226300.0,60464300.0,93214300.0,22075600.0,22255200.0,12717200.0,13227000.0,12266600.0,21280400.0,24769600.0,16883013.0,16745215.0,13609862.0,20095252.0,11397100.0,12771400.0,6777900.0,6989300.0
20231026101043000,SSE,SSE.ETF.588000,0.885,0.885,0.889,0.882,0.0,1.069,0.713,857010618.0,18054.0,857010618.0,18054.0,0.0,0.0,20231026,20231026,101043000,0.891,0.0,0.0,0.884,0.883,0.882,0.881,0.88,0.879,0.878,0.877,0.876,0.875,0.885,0.886,0.887,0.888,0.889,0.89,0.891,0.892,0.893,0.894,10582010.0,37806248.0,41245300.0,60474300.0,93214300.0,22075600.0,22251900.0,12717200.0,13227000.0,12266600.0,21186600.0,20769600.0,21133013.0,16745215.0,13609862.0,20095252.0,11397100.0,12771400.0,6777900.0,6989300.0
20231026101046000,SSE,SSE.ETF.588000,0.885,0.885,0.889,0.882,0.0,1.069,0.713,857618696.0,608078.0,857618696.0,608078.0,0.0,0.0,20231026,20231026,101046000,0.891,0.0,0.0,0.884,0.883,0.882,0.881,0.88,0.879,0.878,0.877,0.876,0.875,0.885,0.886,0.887,0.888,0.889,0.89,0.891,0.892,0.893,0.894,11988510.0,37635448.0,41046800.0,60455700.0,93219800.0,22088400.0,22246400.0,12717200.0,13227000.0,12266600.0,20505700.0,20339600.0,20903013.0,16745215.0,13619862.0,20095252.0,11397100.0,12771400.0,6777900.0,6989300.0
20231026101049000,SSE,SSE.ETF.588000,0.885,0.885,0.889,0.882,0.0,1.069,0.713,857926977.0,308281.0,857926977.0,308281.0,0.0,0.0,20231026,20231026,101049000,0.891,0.0,0.0,0.884,0.883,0.882,0.881,0.88,0.879,0.878,0.877,0.876,0.875,0.885,0.886,0.887,0.888,0.889,0.89,0.891,0.892,0.893,0.894,15601110.0,37860448.0,41256700.0,60455700.0,93212800.0,22088400.0,22246400.0,12717200.0,13227000.0,12266600.0,20159200.0,17069600.0,25633013.0,16745215.0,13619862.0,20095252.0,11397100.0,12771400.0,6777900.0,6989300.0
20231026101052000,SSE,SSE.ETF.588000,0.885,0.885,0.889,0.882,0.0,1.069,0.713,858119642.0,192665.0,858119642.0,192665.0,0.0,0.0,20231026,20231026,101052000,0.891,0.0,0.0,0.884,0.883,0.882,0.881,0.88,0.879,0.878,0.877,0.876,0.875,0.885,0.886,0.887,0.888,0.889,0.89,0.891,0.892,0.893,0.894,15437910.0,38347648.0,41130700.0,61132700.0,93209800.0,22088400.0,22251400.0,12717200.0,13227000.0,12266600.0,18251700.0,17069600.0,25383013.0,16745215.0,13619862.0,20131852.0,11407100.0,12771400.0,6777900.0,6989300.0
20231026101055000,SSE,SSE.ETF.588000,0.885,0.885,0.889,0.882,0.0,1.069,0.713,858152543.0,32901.0,858152543.0,32901.0,0.0,0.0,20231026,20231026,101055000,0.891,0.0,0.0,0.884,0.883,0.882,0.881,0.88,0.879,0.878,0.877,0.876,0.875,0.885,0.886,0.887,0.888,0.889,0.89,0.891,0.892,0.893,0.894,16311010.0,39230548.0,41470100.0,60437800.0,93175300.0,22088400.0,22351400.0,12717200.0,13227000.0,12266600.0,17499500.0,17081500.0,25710813.0,16745215.0,13609862.0,20125052.0,11407100.0,12771400.0,6777900.0,6989300.0
20231026101058000,SSE,SSE.ETF.588000,0.884,0.885,0.889,0.882,0.0,1.069,0.713,858192073.0,39530.0,858192073.0,39530.0,0.0,0.0,20231026,20231026,101058000,0.891,0.0,0.0,0.884,0.883,0.882,0.881,0.88,0.879,0.878,0.877,0.876,0.875,0.885,0.886,0.887,0.888,0.889,0.89,0.891,0.892,0.893,0.894,16666710.0,39445648.0,41471700.0,60432800.0,93175300.0,22088400.0,22351400.0,12727200.0,13227000.0,12266600.0,16816400.0,18305400.0,25970013.0,16725815.0,13609862.0,20135052.0,11407100.0,12771400.0,6777900.0,6989300.0
20231026101101000,SSE,SSE.ETF.588000,0.885,0.885,0.889,0.882,0.0,1.069,0.713,858212870.0,20797.0,858212870.0,20797.0,0.0,0.0,20231026,20231026,101101000,0.891,0.0,0.0,0.884,0.883,0.882,0.881,0.88,0.879,0.878,0.877,0.876,0.875,0.885,0.886,0.887,0.888,0.889,0.89,0.891,0.892,0.893,0.894,17915210.0,39412948.0,40990000.0,60483000.0,93866000.0,22082400.0,22351400.0,12700600.0,13227000.0,12266600.0,16689800.0,18287200.0,25590013.0,16975815.0,13619862.0,20133052.0,11407100.0,12771400.0,6777900.0,6989300.0
20231026101104000,SSE,SSE.ETF.588000,0.885,0.885,0.889,0.882,0.0,1.069,0.713,858384826.0,171956.0,858384826.0,171956.0,0.0,0.0,20231026,20231026,101104000,0.891,0.0,0.0,0.884,0.883,0.882,0.881,0.88,0.879,0.878,0.877,0.876,0.875,0.885,0.886,0.887,0.888,0.889,0.89,0.891,0.892,0.893,0.894,18394210.0,39589148.0,41465600.0,60483000.0,93186000.0,22081400.0,22353200.0,12700600.0,13227000.0,12266600.0,16776600.0,17751500.0,25800013.0,16725815.0,13619862.0,20133052.0,11407100.0,12771400.0,6777900.0,6989300.0
20231026101107000,SSE,SSE.ETF.588000,0.884,0.885,0.889,0.882,0.0,1.069,0.713,858664815.0,279989.0,858664815.0,279989.0,0.0,0.0,20231026,20231026,101107000,0.891,0.0,0.0,0.884,0.883,0.882,0.881,0.88,0.879,0.878,0.877,0.876,0.875,0.885,0.886,0.887,0.888,0.889,0.89,0.891,0.892,0.893,0.894,18142400.0,39464348.0,41207600.0,60493300.0,93202900.0,22081400.0,22351900.0,12700600.0,13227000.0,12266600.0,16750600.0,17521500.0,25451013.0,16785515.0,13619862.0,20133052.0,11407100.0,12771400.0,6777900.0,6989300.0
20231026101110000,SSE,SSE.ETF.588000,0.885,0.885,0.889,0.882,0.0,1.069,0.713,858886002.0,221187.0,858886002.0,221187.0,0.0,0.0,20231026,20231026,101110000,0.891,0.0,0.0,0.884,0.883,0.882,0.881,0.88,0.879,0.878,0.877,0.876,0.875,0.885,0.886,0.887,0.888,0.889,0.89,0.891,0.892,0.893,0.894,18294100.0,40223848.0,41372100.0,60411100.0,93211600.0,22081400.0,22331900.0,12700600.0,13227000.0,12266600.0,16691500.0,17521500.0,25451013.0,17035515.0,13619862.0,20133052.0,11407100.0,12771400.0,6777900.0,6989300.0
20231026101113000,SSE,SSE.ETF.588000,0.885,0.885,0.889,0.882,0.0,1.069,0.713,858918294.0,32292.0,858918294.0,32292.0,0.0,0.0,20231026,20231026,101113000,0.891,0.0,0.0,0.884,0.883,0.882,0.881,0.88,0.879,0.878,0.877,0.876,0.875,0.885,0.886,0.887,0.888,0.889,0.89,0.891,0.892,0.893,0.894,17356500.0,39984148.0,41614900.0,60428100.0,93200200.0,22081400.0,22331900.0,12700600.0,13227000.0,12266600.0,16684000.0,18031500.0,25851013.0,16785515.0,13619862.0,20133052.0,11407100.0,12771400.0,6777900.0,6989300.0
20231026101116000,SSE,SSE.ETF.588000,0.885,0.885,0.889,0.882,0.0,1.069,0.713,859074186.0,155892.0,859074186.0,155892.0,0.0,0.0,20231026,20231026,101116000,0.891,0.0,0.0,0.884,0.883,0.882,0.881,0.88,0.879,0.878,0.877,0.876,0.875,0.885,0.886,0.887,0.888,0.889,0.89,0.891,0.892,0.893,0.894,16696900.0,39766148.0,41406200.0,60418200.0,93217500.0,22081400.0,22336400.0,12700600.0,13227000.0,12266600.0,17625000.0,17801500.0,25621013.0,16785515.0,13639862.0,20133052.0,11407100.0,12771400.0,6777900.0,6989300.0
20231026101119000,SSE,SSE.ETF.588000,0.885,0.885,0.889,0.882,0.0,1.069,0.713,863065981.0,3991795.0,863065981.0,3991795.0,0.0,0.0,20231026,20231026,101119000,0.891,0.0,0.0,0.884,0.883,0.882,0.881,0.88,0.879,0.878,0.877,0.876,0.875,0.885,0.886,0.887,0.888,0.889,0.89,0.891,0.892,0.893,0.894,9140000.0,39339948.0,41014500.0,60237200.0,93257700.0,22058400.0,22336400.0,12700600.0,13227000.0,12266600.0,17699000.0,26101600.0,17351013.0,16540515.0,13641862.0,20148052.0,11407100.0,12771400.0,6777900.0,6989300.0
20231026101122000,SSE,SSE.ETF.588000,0.885,0.885,0.889,0.882,0.0,1.069,0.713,863092531.0,26550.0,863092531.0,26550.0,0.0,0.0,20231026,20231026,101122000,0.891,0.0,0.0,0.884,0.883,0.882,0.881,0.88,0.879,0.878,0.877,0.876,0.875,0.885,0.886,0.887,0.888,0.889,0.89,0.891,0.892,0.893,0.894,6441200.0,40142048.0,41035900.0,60495200.0,93164100.0,22058400.0,22370000.0,12700600.0,13227000.0,12266600.0,20886300.0,25953600.0,17351013.0,16240515.0,13641862.0,20148052.0,11407100.0,12771400.0,6777900.0,6989300.0
20231026101125000,SSE,SSE.ETF.588000,0.885,0.885,0.889,0.882,0.0,1.069,0.713,863387375.0,294844.0,863387375.0,294844.0,0.0,0.0,20231026,20231026,101125000,0.891,0.0,0.0,0.884,0.883,0.882,0.881,0.88,0.879,0.878,0.877,0.876,0.875,0.885,0.886,0.887,0.888,0.889,0.89,0.891,0.892,0.893,0.894,4999400.0,40121048.0,41295300.0,60503200.0,93173200.0,22058400.0,22370000.0,12700600.0,13224000.0,12266600.0,20933400.0,26021600.0,17251013.0,16240515.0,13641862.0,20148052.0,11407100.0,12771400.0,6777900.0,6989300.0
20231026101128000,SSE,SSE.ETF.588000,0.885,0.885,0.889,0.882,0.0,1.069,0.713,863578093.0,190718.0,863578093.0,190718.0,0.0,0.0,20231026,20231026,101128000,0.891,0.0,0.0,0.884,0.883,0.882,0.881,0.88,0.879,0.878,0.877,0.876,0.875,0.885,0.886,0.887,0.888,0.889,0.89,0.891,0.892,0.893,0.894,6614400.0,40011048.0,41312300.0,60385400.0,93189900.0,22058400.0,22370000.0,12700600.0,13224000.0,12266600.0,20436800.0,25591600.0,17251013.0,16540515.0,13641862.0,20148052.0,11407100.0,12771400.0,6777900.0,6989300.0
20231026101131000,SSE,SSE.ETF.588000,0.885,0.885,0.889,0.882,0.0,1.069,0.713,864031390.0,453297.0,864031390.0,453297.0,0.0,0.0,20231026,20231026,101131000,0.891,0.0,0.0,0.884,0.883,0.882,0.881,0.88,0.879,0.878,0.877,0.876,0.875,0.885,0.886,0.887,0.888,0.889,0.89,0.891,0.892,0.893,0.894,11810200.0,41221148.0,40852300.0,60140500.0,93213400.0,22058400.0,22370000.0,12706300.0,13224000.0,12266600.0,19440100.0,17321600.0,25791013.0,16540515.0,13646862.0,20148052.0,11407100.0,12771400.0,6777900.0,6989300.0
20231026101134000,SSE,SSE.ETF.588000,0.885,0.885,0.889,0.882,0.0,1.069,0.713,864396275.0,364885.0,864396275.0,364885.0,0.0,0.0,20231026,20231026,101134000,0.891,0.0,0.0,0.884,0.883,0.882,0.881,0.88,0.879,0.878,0.877,0.876,0.875,0.885,0.886,0.887,0.888,0.889,0.89,0.891,0.892,0.893,0.894,19351800.0,41109748.0,40110900.0,59883200.0,93211400.0,22068400.0,22370000.0,12706300.0,13224000.0,12276600.0,18898600.0,17321600.0,25999813.0,16790515.0,13646862.0,20148052.0,11407100.0,12771400.0,6777900.0,6989300.0
20231026101137000,SSE,SSE.ETF.588000,0.884,0.885,0.889,0.882,0.0,1.069,0.713,864852226.0,455951.0,864852226.0,455951.0,0.0,0.0,20231026,20231026,101137000,0.891,0.0,0.0,0.884,0.883,0.882,0.881,0.88,0.879,0.878,0.877,0.876,0.875,0.885,0.886,0.887,0.888,0.889,0.89,0.891,0.892,0.893,0.894,20757500.0,39751748.0,40166900.0,59883700.0,93195100.0,22067400.0,22372000.0,12706300.0,13224000.0,12276600.0,16490600.0,17321600.0,25999813.0,16791515.0,13646862.0,20148052.0,11407100.0,12771400.0,6760100.0,6989300.0
20231026101140000,SSE,SSE.ETF.588000,0.885,0.885,0.889,0.882,0.0,1.069,0.713,865466350.0,614124.0,865466350.0,614124.0,0.0,0.0,20231026,20231026,101140000,0.891,0.0,0.0,0.884,0.883,0.882,0.881,0.88,0.879,0.878,0.877,0.876,0.875,0.885,0.886,0.887,0.888,0.889,0.89,0.891,0.892,0.893,0.894,20668000.0,40585248.0,40161100.0,59501500.0,93245700.0,22067400.0,22372000.0,12706300.0,13224000.0,12276600.0,13740400.0,17808000.0,25749813.0,17041515.0,13646862.0,20148052.0,11407100.0,12771400.0,6760100.0,6989300.0
20231026101143000,SSE,SSE.ETF.588000,0.885,0.885,0.889,0.882,0.0,1.069,0.713,865980153.0,513803.0,865980153.0,513803.0,0.0,0.0,20231026,20231026,101143000,0.891,0.0,0.0,0.884,0.883,0.882,0.881,0.88,0.879,0.878,0.877,0.876,0.875,0.885,0.886,0.887,0.888,0.889,0.89,0.891,0.892,0.893,0.894,20806400.0,41136148.0,39538500.0,59700500.0,93288400.0,22067400.0,22372000.0,12706300.0,13224000.0,12276600.0,13715200.0,19098800.0,25592013.0,16991515.0,13646862.0,20148052.0,11407100.0,12771400.0,6760100.0,6989300.0
20231026101146000,SSE,SSE.ETF.588000,0.885,0.885,0.889,0.882,0.0,1.069,0.713,866254488.0,274335.0,866254488.0,274335.0,0.0,0.0,20231026,20231026,101146000,0.891,0.0,0.0,0.884,0.883,0.882,0.881,0.88,0.879,0.878,0.877,0.876,0.875,0.885,0.886,0.887,0.888,0.889,0.89,0.891,0.892,0.893,0.894,21188800.0,41138448.0,39876100.0,59695800.0,93300100.0,22077400.0,22362000.0,12693300.0,13224000.0,12276600.0,12922100.0,19098800.0,25822013.0,17003015.0,13646862.0,20148052.0,11407100.0,12771400.0,6760100.0,6989300.0
20231026101149000,SSE,SSE.ETF.588000,0.885,0.885,0.889,0.882,0.0,1.069,0.713,867054174.0,799686.0,867054174.0,799686.0,0.0,0.0,20231026,20231026,101149000,0.891,0.0,0.0,0.884,0.883,0.882,0.881,0.88,0.879,0.878,0.877,0.876,0.875,0.885,0.886,0.887,0.888,0.889,0.89,0.891,0.892,0.893,0.894,21243200.0,40955748.0,39980700.0,59498500.0,93303700.0,22076400.0,22361200.0,12693300.0,13224000.0,12276600.0,12696400.0,19098800.0,25822313.0,17008615.0,13646862.0,20148052.0,11407100.0,12771400.0,6748100.0,6989300.0
20231026101152000,SSE,SSE.ETF.588000,0.885,0.885,0.889,0.882,0.0,1.069,0.713,867964397.0,910223.0,867964397.0,910223.0,0.0,0.0,20231026,20231026,101152000,0.891,0.0,0.0,0.884,0.883,0.882,0.881,0.88,0.879,0.878,0.877,0.876,0.875,0.885,0.886,0.887,0.888,0.889,0.89,0.891,0.892,0.893,0.894,21276600.0,40890148.0,40115900.0,59498500.0,93294200.0,22076400.0,22361200.0,12693300.0,13224000.0,12276600.0,12792900.0,19098800.0,25824313.0,17405315.0,13646862.0,20148052.0,11407100.0,12771400.0,6748100.0,6989300.0
20231026101155000,SSE,SSE.ETF.588000,0.885,0.885,0.889,0.882,0.0,1.069,0.713,868026504.0,62107.0,868026504.0,62107.0,0.0,0.0,20231026,20231026,101155000,0.891,0.0,0.0,0.884,0.883,0.882,0.881,0.88,0.879,0.878,0.877,0.876,0.875,0.885,0.886,0.887,0.888,0.889,0.89,0.891,0.892,0.893,0.894,21338100.0,40713848.0,40374200.0,59500600.0,93299200.0,22076400.0,22361300.0,12693300.0,13224000.0,12276600.0,12742800.0,17840000.0,25824313.0,17405315.0,13646862.0,20148052.0,11407100.0,12771400.0,6748100.0,6989300.0
20231026101158000,SSE,SSE.ETF.588000,0.884,0.885,0.889,0.882,0.0,1.069,0.713,868413070.0,386566.0,868413070.0,386566.0,0.0,0.0,20231026,20231026,101158000,0.891,0.0,0.0,0.884,0.883,0.882,0.881,0.88,0.879,0.878,0.877,0.876,0.875,0.885,0.886,0.887,0.888,0.889,0.89,0.891,0.892,0.893,0.894,21225500.0,41031548.0,40550300.0,58520600.0,93298400.0,22076400.0,22361300.0,12693300.0,13224000.0,12276600.0,14607900.0,18070000.0,25824313.0,17405315.0,13652462.0,20168052.0,11407100.0,12771400.0,6748100.0,6989300.0
20231026101201000,SSE,SSE.ETF.588000,0.884,0.885,0.889,0.882,0.0,1.069,0.713,868698875.0,285805.0,868698875.0,285805.0,0.0,0.0,20231026,20231026,101201000,0.891,0.0,0.0,0.884,0.883,0.882,0.881,0.88,0.879,0.878,0.877,0.876,0.875,0.885,0.886,0.887,0.888,0.889,0.89,0.891,0.892,0.893,0.894,16617500.0,41031648.0,40855300.0,58517200.0,93259900.0,22086400.0,22361300.0,12693000.0,13274000.0,12272400.0,15258700.0,23302000.0,21154313.0,17190315.0,13652462.0,20168052.0,11407100.0,12771400.0,6748100.0,6989300.0
20231026101204000,SSE,SSE.ETF.588000,0.885,0.885,0.889,0.882,0.0,1.069,0.713,868750549.0,51674.0,868750549.0,51674.0,0.0,0.0,20231026,20231026,101204000,0.891,0.0,0.0,0.884,0.883,0.882,0.881,0.88,0.879,0.878,0.877,0.876,0.875,0.885,0.886,0.887,0.888,0.889,0.89,0.891,0.892,0.893,0.894,13459200.0,41004748.0,40764400.0,58640700.0,93259500.0,22086400.0,22358800.0,12693000.0,13274000.0,12272400.0,16917400.0,23502000.0,21154313.0,17190315.0,13652462.0,20168052.0,11387100.0,12771400.0,6748100.0,6989300.0
20231026101207000,SSE,SSE.ETF.588000,0.884,0.885,0.889,0.882,0.0,1.069,0.713,869590203.0,839654.0,869590203.0,839654.0,0.0,0.0,20231026,20231026,101207000,0.891,0.0,0.0,0.884,0.883,0.882,0.881,0.88,0.879,0.878,0.877,0.876,0.875,0.885,0.886,0.887,0.888,0.889,0.89,0.891,0.892,0.893,0.894,8732400.0,40769248.0,41343200.0,58647700.0,93280100.0,22086400.0,22358800.0,12693000.0,13274000.0,12272400.0,18871700.0,23502000.0,21104313.0,16640315.0,13652462.0,20168052.0,11387100.0,12771400.0,6748100.0,6989300.0
20231026101210000,SSE,SSE.ETF.588000,0.885,0.885,0.889,0.882,0.0,1.069,0.713,872633940.0,3043737.0,872633940.0,3043737.0,0.0,0.0,20231026,20231026,101210000,0.891,0.0,0.0,0.884,0.883,0.882,0.881,0.88,0.879,0.878,0.877,0.876,0.875,0.885,0.886,0.887,0.888,0.889,0.89,0.891,0.892,0.893,0.894,3325900.0,40947448.0,41013200.0,58626400.0,93320100.0,22086400.0,22358800.0,12693000.0,13274000.0,12272400.0,19490100.0,27552000.0,16374313.0,16600315.0,13664462.0,20168052.0,11387100.0,12771400.0,6748100.0,6989300.0
20231026101213000,SSE,SSE.ETF.588000,0.885,0.885,0.889,0.882,0.0,1.069,0.713,873039160.0,405220.0,873039160.0,405220.0,0.0,0.0,20231026,20231026,101213000,0.891,0.0,0.0,0.884,0.883,0.882,0.881,0.88,0.879,0.878,0.877,0.876,0.875,0.885,0.886,0.887,0.888,0.889,0.89,0.891,0.892,0.893,0.894,2604800.0,40987848.0,41613700.0,58638900.0,93372100.0,22036400.0,22358800.0,12693000.0,13274000.0,12272400.0,20116900.0,27558800.0,16604313.0,16300315.0,13664462.0,20170052.0,11387100.0,12771400.0,6748100.0,6989300.0
20231026101216000,SSE,SSE.ETF.588000,0.884,0.885,0.889,0.882,0.0,1.069,0.713,873471303.0,432143.0,873471303.0,432143.0,0.0,0.0,20231026,20231026,101216000,0.891,0.0,0.0,0.884,0.883,0.882,0.881,0.88,0.879,0.878,0.877,0.876,0.875,0.885,0.886,0.887,0.888,0.889,0.89,0.891,0.892,0.893,0.894,8223000.0,41672148.0,41642000.0,58640000.0,93363100.0,22036400.0,22358800.0,12693000.0,13274000.0,12272400.0,19631500.0,27788800.0,16604313.0,16309315.0,13664462.0,20170052.0,11387100.0,12771400.0,6748100.0,6989300.0
20231026101219000,SSE,SSE.ETF.588000,0.885,0.885,0.889,0.882,0.0,1.069,0.713,873490058.0,18755.0,873490058.0,18755.0,0.0,0.0,20231026,20231026,101219000,0.891,0.0,0.0,0.884,0.883,0.882,0.881,0.88,0.879,0.878,0.877,0.876,0.875,0.885,0.886,0.887,0.888,0.889,0.89,0.891,0.892,0.893,0.894,4663200.0,41456348.0,41375900.0,58643800.0,93363400.0,22036400.0,22358800.0,12693000.0,13274000.0,12272400.0,19709300.0,27558800.0,16603113.0,16319315.0,13664462.0,20190052.0,11387100.0,12771400.0,6748100.0,6989300.0
20231026101222000,SSE,SSE.ETF.588000,0.885,0.885,0.889,0.882,0.0,1.069,0.713,873565017.0,74959.0,873565017.0,74959.0,0.0,0.0,20231026,20231026,101222000,0.891,0.0,0.0,0.884,0.883,0.882,0.881,0.88,0.879,0.878,0.877,0.876,0.875,0.885,0.886,0.887,0.888,0.889,0.89,0.891,0.892,0.893,0.894,4567500.0,41723148.0,41603200.0,58656300.0,93375500.0,22014400.0,22358800.0,12693000.0,13274000.0,12272400.0,19971100.0,27558800.0,16603113.0,16319315.0,13664462.0,20205852.0,11387100.0,12771400.0,6748100.0,6989300.0
20231026101225000,SSE,SSE.ETF.588000,0.885,0.885,0.889,0.882,0.0,1.069,0.713,873674371.0,109354.0,873674371.0,109354.0,0.0,0.0,20231026,20231026,101225000,0.891,0.0,0.0,0.884,0.883,0.882,0.881,0.88,0.879,0.878,0.877,0.876,0.875,0.885,0.886,0.887,0.888,0.889,0.89,0.891,0.892,0.893,0.894,5274300.0,43642148.0,41615900.0,58656300.0,93375000.0,22014400.0,22372800.0,12693000.0,13274100.0,12272400.0,19560700.0,27604100.0,16563113.0,16334315.0,13664462.0,20205852.0,11387100.0,12771400.0,6748100.0,6989300.0
20231026101228000,SSE,SSE.ETF.588000,0.885,0.885,0.889,0.882,0.0,1.069,0.713,874640381.0,966010.0,874640381.0,966010.0,0.0,0.0,20231026,20231026,101228000,0.891,0.0,0.0,0.884,0.883,0.882,0.881,0.88,0.879,0.878,0.877,0.876,0.875,0.885,0.886,0.887,0.888,0.889,0.89,0.891,0.892,0.893,0.894,5908200.0,43840848.0,41434200.0,58656300.0,93375100.0,22015800.0,22352800.0,12693000.0,13274100.0,12272400.0,18824900.0,27604100.0,16563113.0,16334315.0,13636862.0,20205852.0,11387100.0,12771400.0,6748100.0,6989300.0
20231026101231000,SSE,SSE.ETF.588000,0.885,0.885,0.889,0.882,0.0,1.069,0.713,874796548.0,156167.0,874796548.0,156167.0,0.0,0.0,20231026,20231026,101231000,0.891,0.0,0.0,0.884,0.883,0.882,0.881,0.88,0.879,0.878,0.877,0.876,0.875,0.885,0.886,0.887,0.888,0.889,0.89,0.891,0.892,0.893,0.894,7530000.0,44095048.0,41423300.0,58459500.0,93376100.0,22015800.0,22352800.0,12693000.0,13274100.0,12272400.0,19347800.0,27604100.0,16563113.0,16334315.0,13636862.0,20205852.0,11387100.0,12721400.0,6748100.0,6989300.0
20231026101234000,SSE,SSE.ETF.588000,0.885,0.885,0.889,0.882,0.0,1.069,0.713,874940262.0,143714.0,874940262.0,143714.0,0.0,0.0,20231026,20231026,101234000,0.891,0.0,0.0,0.884,0.883,0.882,0.881,0.88,0.879,0.878,0.877,0.876,0.875,0.885,0.886,0.887,0.888,0.889,0.89,0.891,0.892,0.893,0.894,17135900.0,44209148.0,41034700.0,58400500.0,93369900.0,22015800.0,22352800.0,12693000.0,13274100.0,12272400.0,18875400.0,27374100.0,16334113.0,16634315.0,13636862.0,20205852.0,11387100.0,12721400.0,6748100.0,6989300.0
20231026101237000,SSE,SSE.ETF.588000,0.885,0.885,0.889,0.882,0.0,1.069,0.713,874982025.0,41763.0,874982025.0,41763.0,0.0,0.0,20231026,20231026,101237000,0.891,0.0,0.0,0.884,0.883,0.882,0.881,0.88,0.879,0.878,0.877,0.876,0.875,0.885,0.886,0.887,0.888,0.889,0.89,0.891,0.892,0.893,0.894,12597700.0,44363348.0,40798400.0,58410500.0,92909900.0,22015800.0,22341600.0,12693000.0,13274100.0,12272400.0,15832100.0,27369100.0,16334113.0,16634315.0,13594862.0,20205852.0,11387100.0,12721400.0,7248100.0,6989300.0
20231026101240000,SSE,SSE.ETF.588000,0.885,0.885,0.889,0.882,0.0,1.069,0.713,874983795.0,1770.0,874983795.0,1770.0,0.0,0.0,20231026,20231026,101240000,0.891,0.0,0.0,0.884,0.883,0.882,0.881,0.88,0.879,0.878,0.877,0.876,0.875,0.885,0.886,0.887,0.888,0.889,0.89,0.891,0.892,0.893,0.894,12919800.0,44609248.0,41007400.0,58420500.0,92906400.0,22007300.0,22341600.0,12693000.0,13274100.0,12272400.0,14528600.0,27599100.0,16464113.0,16634315.0,13594862.0,20205852.0,11387100.0,12742000.0,7248100.0,6989300.0
20231026101243000,SSE,SSE.ETF.588000,0.885,0.885,0.889,0.882,0.0,1.069,0.713,875111746.0,127951.0,875111746.0,127951.0,0.0,0.0,20231026,20231026,101243000,0.891,0.0,0.0,0.884,0.883,0.882,0.881,0.88,0.879,0.878,0.877,0.876,0.875,0.885,0.886,0.887,0.888,0.889,0.89,0.891,0.892,0.893,0.894,13289700.0,44913848.0,41161200.0,58420500.0,92919400.0,22009000.0,22341600.0,12693000.0,13274100.0,12272400.0,14405100.0,27599100.0,16464113.0,16634315.0,13554862.0,20205852.0,11387100.0,12742000.0,7248100.0,6989300.0
20231026101246000,SSE,SSE.ETF.588000,0.885,0.885,0.889,0.882,0.0,1.069,0.713,875345227.0,233481.0,875345227.0,233481.0,0.0,0.0,20231026,20231026,101246000,0.891,0.0,0.0,0.884,0.883,0.882,0.881,0.88,0.879,0.878,0.877,0.876,0.875,0.885,0.886,0.887,0.888,0.889,0.89,0.891,0.892,0.893,0.894,14622700.0,44954848.0,41273100.0,58407900.0,92914400.0,22009000.0,22341600.0,12693000.0,13274100.0,12322400.0,14211200.0,27609100.0,16454113.0,16634315.0,13554862.0,20305852.0,11377100.0,12742000.0,7248100.0,6989300.0
20231026101249000,SSE,SSE.ETF.588000,0.885,0.885,0.889,0.882,0.0,1.069,0.713,875528599.0,183372.0,875528599.0,183372.0,0.0,0.0,20231026,20231026,101249000,0.891,0.0,0.0,0.884,0.883,0.882,0.881,0.88,0.879,0.878,0.877,0.876,0.875,0.885,0.886,0.887,0.888,0.889,0.89,0.891,0.892,0.893,0.894,14999300.0,44976448.0,41062400.0,58507900.0,92926500.0,22009500.0,22341600.0,12693000.0,13274100.0,12322400.0,14016700.0,27669100.0,16332113.0,16634315.0,13554862.0,20305852.0,11377100.0,12742000.0,7248100.0,6989300.0
20231026101252000,SSE,SSE.ETF.588000,0.885,0.885,0.889,0.882,0.0,1.069,0.713,875963905.0,435306.0,875963905.0,435306.0,0.0,0.0,20231026,20231026,101252000,0.891,0.0,0.0,0.884,0.883,0.882,0.881,0.88,0.879,0.878,0.877,0.876,0.875,0.885,0.886,0.887,0.888,0.889,0.89,0.891,0.892,0.893,0.894,14995300.0,44984948.0,41272400.0,58507900.0,92925100.0,22009500.0,22351600.0,12693000.0,13274100.0,12322400.0,13634700.0,27739100.0,16562113.0,16634315.0,13554862.0,20305852.0,11377100.0,12742000.0,7248100.0,6989300.0
20231026101255000,SSE,SSE.ETF.588000,0.885,0.885,0.889,0.882,0.0,1.069,0.713,876019041.0,55136.0,876019041.0,55136.0,0.0,0.0,20231026,20231026,101255000,0.891,0.0,0.0,0.884,0.883,0.882,0.881,0.88,0.879,0.878,0.877,0.876,0.875,0.885,0.886,0.887,0.888,0.889,0.89,0.891,0.892,0.893,0.894,16320800.0,45411248.0,41416300.0,58572600.0,92957100.0,22009500.0,22351600.0,12693000.0,13274100.0,12322400.0,15248400.0,27749100.0,16562113.0,16634315.0,13559862.0,20305852.0,11377100.0,12742000.0,7248100.0,6989300.0
20231026101258000,SSE,SSE.ETF.588000,0.884,0.885,0.889,0.882,0.0,1.069,0.713,879736732.0,3717691.0,879736732.0,3717691.0,0.0,0.0,20231026,20231026,101258000,0.891,0.0,0.0,0.884,0.883,0.882,0.881,0.88,0.879,0.878,0.877,0.876,0.875,0.885,0.886,0.887,0.888,0.889,0.89,0.891,0.892,0.893,0.894,12213100.0,45472648.0,41426300.0,58582600.0,92957100.0,21979500.0,22351600.0,12693000.0,13274100.0,12322400.0,15729900.0,27749100.0,16562113.0,16634315.0,13571862.0,20305852.0,11377100.0,12742000.0,7248500.0,6989300.0
20231026101301000,SSE,SSE.ETF.588000,0.885,0.885,0.889,0.882,0.0,1.069,0.713,879967625.0,230893.0,879967625.0,230893.0,0.0,0.0,20231026,20231026,101301000,0.891,0.0,0.0,0.884,0.883,0.882,0.881,0.88,0.879,0.878,0.877,0.876,0.875,0.885,0.886,0.887,0.888,0.889,0.89,0.891,0.892,0.893,0.894,10583900.0,45770148.0,41425400.0,58582600.0,92957100.0,21940300.0,22351600.0,12693000.0,13274100.0,12322400.0,16874200.0,28142600.0,16582613.0,16634315.0,13584362.0,20305852.0,11377100.0,12742000.0,7248500.0,6989300.0
20231026101304000,SSE,SSE.ETF.588000,0.884,0.885,0.889,0.882,0.0,1.069,0.713,880063104.0,95479.0,880063104.0,95479.0,0.0,0.0,20231026,20231026,101304000,0.891,0.0,0.0,0.884,0.883,0.882,0.881,0.88,0.879,0.878,0.877,0.876,0.875,0.885,0.886,0.887,0.888,0.889,0.89,0.891,0.892,0.893,0.894,9911800.0,45464948.0,41392800.0,58582600.0,92972300.0,21940300.0,22351600.0,12699500.0,13274100.0,12322400.0,17605900.0,27890700.0,16582613.0,16634315.0,13584362.0,20305852.0,11377100.0,12742000.0,7248500.0,6989300.0
20231026101307000,SSE,SSE.ETF.588000,0.885,0.885,0.889,0.882,0.0,1.069,0.713,880113091.0,49987.0,880113091.0,49987.0,0.0,0.0,20231026,20231026,101307000,0.891,0.0,0.0,0.884,0.883,0.882,0.881,0.88,0.879,0.878,0.877,0.876,0.875,0.885,0.886,0.887,0.888,0.889,0.89,0.891,0.892,0.893,0.894,8444400.0,45584948.0,41717000.0,58599600.0,92972400.0,21940300.0,22351600.0,12699500.0,13274100.0,12322400.0,18445100.0,27910700.0,16582613.0,16634315.0,13584362.0,20295852.0,11377100.0,12742000.0,7248500.0,6989300.0
20231026101310000,SSE,SSE.ETF.588000,0.885,0.885,0.889,0.882,0.0,1.069,0.713,880184726.0,71635.0,880184726.0,71635.0,0.0,0.0,20231026,20231026,101310000,0.891,0.0,0.0,0.884,0.883,0.882,0.881,0.88,0.879,0.878,0.877,0.876,0.875,0.885,0.886,0.887,0.888,0.889,0.89,0.891,0.892,0.893,0.894,8763800.0,45808648.0,41488000.0,58610500.0,92973600.0,21940300.0,22351600.0,12699500.0,13274100.0,12347400.0,17539000.0,27909900.0,16362613.0,16634315.0,13584362.0,20295852.0,11377100.0,12742000.0,7248500.0,6989300.0
20231026101313000,SSE,SSE.ETF.588000,0.885,0.885,0.889,0.882,0.0,1.069,0.713,880316503.0,131777.0,880316503.0,131777.0,0.0,0.0,20231026,20231026,101313000,0.891,0.0,0.0,0.884,0.883,0.882,0.881,0.88,0.879,0.878,0.877,0.876,0.875,0.885,0.886,0.887,0.888,0.889,0.89,0.891,0.892,0.893,0.894,14303800.0,45799048.0,41438000.0,58612500.0,93024100.0,21940300.0,22351600.0,12699500.0,13274100.0,12347400.0,18268300.0,23920800.0,20592613.0,16634315.0,13584362.0,20319652.0,11377100.0,12742000.0,7248500.0,6989300.0
20231026101316000,SSE,SSE.ETF.588000,0.885,0.885,0.889,0.882,0.0,1.069,0.713,881220327.0,903824.0,881220327.0,903824.0,0.0,0.0,20231026,20231026,101316000,0.891,0.0,0.0,0.884,0.883,0.882,0.881,0.88,0.879,0.878,0.877,0.876,0.875,0.885,0.886,0.887,0.888,0.889,0.89,0.891,0.892,0.893,0.894,14409000.0,43149648.0,41459300.0,58619500.0,93024100.0,21940300.0,22351600.0,12699500.0,13274100.0,12347400.0,18619600.0,19414000.0,25092613.0,16634315.0,13584362.0,20319652.0,11427100.0,12742000.0,7248500.0,6989300.0
20231026101319000,SSE,SSE.ETF.588000,0.885,0.885,0.889,0.882,0.0,1.069,0.713,881599815.0,379488.0,881599815.0,379488.0,0.0,0.0,20231026,20231026,101319000,0.891,0.0,0.0,0.884,0.883,0.882,0.881,0.88,0.879,0.878,0.877,0.876,0.875,0.885,0.886,0.887,0.888,0.889,0.89,0.891,0.892,0.893,0.894,16039400.0,43171648.0,41455600.0,58619500.0,93011200.0,21922200.0,22351600.0,12699500.0,13274100.0,12347600.0,17498300.0,19614000.0,25092613.0,16634315.0,13584362.0,20299652.0,11427100.0,12742000.0,7248500.0,6989300.0
20231026101322000,SSE,SSE.ETF.588000,0.885,0.885,0.889,0.882,0.0,1.069,0.713,881622992.0,23177.0,881622992.0,23177.0,0.0,0.0,20231026,20231026,101322000,0.891,0.0,0.0,0.884,0.883,0.882,0.881,0.88,0.879,0.878,0.877,0.876,0.875,0.885,0.886,0.887,0.888,0.889,0.89,0.891,0.892,0.893,0.894,16433900.0,42945948.0,41229200.0,58620500.0,93012400.0,21912200.0,22352100.0,12699500.0,13279100.0,12347600.0,17982200.0,20696300.0,24862613.0,16634315.0,13584362.0,20299652.0,11427100.0,12742000.0,7248500.0,6993300.0
20231026101325000,SSE,SSE.ETF.588000,0.885,0.885,0.889,0.882,0.0,1.069,0.713,882347892.0,724900.0,882347892.0,724900.0,0.0,0.0,20231026,20231026,101325000,0.891,0.0,0.0,0.884,0.883,0.882,0.881,0.88,0.879,0.878,0.877,0.876,0.875,0.885,0.886,0.887,0.888,0.889,0.89,0.891,0.892,0.893,0.894,16311900.0,43184948.0,41411100.0,58620500.0,93028400.0,21932200.0,22352100.0,12699500.0,13279100.0,12347600.0,17202100.0,26736100.0,20592613.0,16634315.0,13584362.0,20299652.0,11427100.0,12742000.0,7248500.0,6993300.0
20231026101328000,SSE,SSE.ETF.588000,0.885,0.885,0.889,0.882,0.0,1.069,0.713,882380726.0,32834.0,882380726.0,32834.0,0.0,0.0,20231026,20231026,101328000,0.891,0.0,0.0,0.884,0.883,0.882,0.881,0.88,0.879,0.878,0.877,0.876,0.875,0.885,0.886,0.887,0.888,0.889,0.89,0.891,0.892,0.893,0.894,16395000.0,43149948.0,41344100.0,58610600.0,93039900.0,21932200.0,22352100.0,12696800.0,13279100.0,12347600.0,17220500.0,27644200.0,20592613.0,16634315.0,13534162.0,20315652.0,11427100.0,12742000.0,7248500.0,6993300.0
20231026101331000,SSE,SSE.ETF.588000,0.885,0.885,0.889,0.882,0.0,1.069,0.713,882403205.0,22479.0,882403205.0,22479.0,0.0,0.0,20231026,20231026,101331000,0.891,0.0,0.0,0.884,0.883,0.882,0.881,0.88,0.879,0.878,0.877,0.876,0.875,0.885,0.886,0.887,0.888,0.889,0.89,0.891,0.892,0.893,0.894,17306400.0,42143048.0,41344100.0,58610600.0,93040000.0,21932200.0,22352100.0,12696800.0,13279100.0,12347600.0,17496100.0,27644200.0,20592613.0,16634315.0,13534162.0,20337952.0,11427100.0,12742000.0,7248500.0,6993300.0
20231026101334000,SSE,SSE.ETF.588000,0.885,0.885,0.889,0.882,0.0,1.069,0.713,882421613.0,18408.0,882421613.0,18408.0,0.0,0.0,20231026,20231026,101334000,0.891,0.0,0.0,0.884,0.883,0.882,0.881,0.88,0.879,0.878,0.877,0.876,0.875,0.885,0.886,0.887,0.888,0.889,0.89,0.891,0.892,0.893,0.894,17470000.0,42181048.0,41233200.0,58610600.0,93041000.0,21932200.0,22352100.0,12697300.0,13279100.0,12347600.0,17677100.0,31844200.0,16592513.0,16634315.0,13534162.0,20337952.0,11427100.0,12742000.0,7248500.0,6993300.0
20231026101337000,SSE,SSE.ETF.588000,0.885,0.885,0.889,0.882,0.0,1.069,0.713,882559286.0,137673.0,882559286.0,137673.0,0.0,0.0,20231026,20231026,101337000,0.891,0.0,0.0,0.884,0.883,0.882,0.881,0.88,0.879,0.878,0.877,0.876,0.875,0.885,0.886,0.887,0.888,0.889,0.89,0.891,0.892,0.893,0.894,17386900.0,41885448.0,41012200.0,58655600.0,93041200.0,21932200.0,22352100.0,12697300.0,13279100.0,12347600.0,17142300.0,27618000.0,20362513.0,16634315.0,13534162.0,20339952.0,11427100.0,12742000.0,7248500.0,6993300.0
20231026101340000,SSE,SSE.ETF.588000,0.885,0.885,0.889,0.882,0.0,1.069,0.713,883003025.0,443739.0,883003025.0,443739.0,0.0,0.0,20231026,20231026,101340000,0.891,0.0,0.0,0.884,0.883,0.882,0.881,0.88,0.879,0.878,0.877,0.876,0.875,0.885,0.886,0.887,0.888,0.889,0.89,0.891,0.892,0.893,0.894,12945200.0,42161448.0,41207700.0,58654400.0,93018200.0,21932200.0,22352100.0,12697300.0,13284100.0,12347600.0,16959000.0,32010800.0,16694713.0,16334315.0,13534162.0,20339952.0,11427100.0,12742000.0,7248500.0,6993300.0
20231026101343000,SSE,SSE.ETF.588000,0.885,0.885,0.889,0.882,0.0,1.069,0.713,883014265.0,11240.0,883014265.0,11240.0,0.0,0.0,20231026,20231026,101343000,0.891,0.0,0.0,0.884,0.883,0.882,0.881,0.88,0.879,0.878,0.877,0.876,0.875,0.885,0.886,0.887,0.888,0.889,0.89,0.891,0.892,0.893,0.894,11836200.0,41951448.0,41209700.0,58654400.0,92868600.0,21932200.0,22352100.0,12697300.0,13284100.0,12347600.0,16984300.0,32780800.0,16694713.0,16334315.0,13534162.0,20339952.0,11427100.0,12742000.0,7248500.0,6993300.0
20231026101346000,SSE,SSE.ETF.588000,0.885,0.885,0.889,0.882,0.0,1.069,0.713,883534554.0,520289.0,883534554.0,520289.0,0.0,0.0,20231026,20231026,101346000,0.891,0.0,0.0,0.884,0.883,0.882,0.881,0.88,0.879,0.878,0.877,0.876,0.875,0.885,0.886,0.887,0.888,0.889,0.89,0.891,0.892,0.893,0.894,9988600.0,42179648.0,40999700.0,58604400.0,92875600.0,21932200.0,22352100.0,12697300.0,13284600.0,12347600.0,15158400.0,34199700.0,16694713.0,16337315.0,13534162.0,20339952.0,11427100.0,12742000.0,7248500.0,6993300.0
20231026101349000,SSE,SSE.ETF.588000,0.884,0.885,0.889,0.882,0.0,1.069,0.713,887334726.0,3800172.0,887334726.0,3800172.0,0.0,0.0,20231026,20231026,101349000,0.891,0.0,0.0,0.884,0.883,0.882,0.881,0.88,0.879,0.878,0.877,0.876,0.875,0.885,0.886,0.887,0.888,0.889,0.89,0.891,0.892,0.893,0.894,4293400.0,41949648.0,41172400.0,58603700.0,92892900.0,21647800.0,22352100.0,12697300.0,13284600.0,12347600.0,15288400.0,33969700.0,16694713.0,16337315.0,13584162.0,20366452.0,11477100.0,12742000.0,7248500.0,6993300.0
20231026101352000,SSE,SSE.ETF.588000,0.885,0.885,0.889,0.882,0.0,1.069,0.713,888216297.0,881571.0,888216297.0,881571.0,0.0,0.0,20231026,20231026,101352000,0.891,0.0,0.0,0.884,0.883,0.882,0.881,0.88,0.879,0.878,0.877,0.876,0.875,0.885,0.886,0.887,0.888,0.889,0.89,0.891,0.892,0.893,0.894,2571400.0,37860448.0,45229600.0,58592900.0,92922100.0,21647800.0,22352100.0,12697300.0,13284600.0,12347600.0,24211100.0,34968900.0,16794713.0,16337315.0,13584162.0,20366452.0,11477100.0,12742000.0,7248500.0,6993300.0
20231026101428000,SSE,SSE.ETF.588000,0.883,0.885,0.889,0.882,0.0,1.069,0.713,895515029.0,611299.0,895515029.0,611299.0,0.0,0.0,20231026,20231026,101428000,0.891,0.0,0.0,0.883,0.882,0.881,0.88,0.879,0.878,0.877,0.876,0.875,0.874,0.884,0.885,0.886,0.887,0.888,0.889,0.89,0.891,0.892,0.893,24212748.0,41931900.0,69731800.0,94026000.0,21636800.0,22386700.0,12697800.0,13284600.0,12386100.0,7399600.0,22490500.0,32071000.0,21210900.0,15118213.0,16415315.0,13546862.0,20493052.0,11477100.0,12742500.0,7248500.0
20231026101431000,SSE,SSE.ETF.588000,0.884,0.885,0.889,0.882,0.0,1.069,0.713,896224464.0,709435.0,896224464.0,709435.0,0.0,0.0,20231026,20231026,101431000,0.891,0.0,0.0,0.883,0.882,0.881,0.88,0.879,0.878,0.877,0.876,0.875,0.874,0.884,0.885,0.886,0.887,0.888,0.889,0.89,0.891,0.892,0.893,23680848.0,42997200.0,69783800.0,93532000.0,21636800.0,22376700.0,12697800.0,13284600.0,12386100.0,7399600.0,22460800.0,31841000.0,20979200.0,15133213.0,16415315.0,13546862.0,20493052.0,11477100.0,12742500.0,7248500.0
20231026101434000,SSE,SSE.ETF.588000,0.883,0.885,0.889,0.882,0.0,1.069,0.713,896239828.0,15364.0,896239828.0,15364.0,0.0,0.0,20231026,20231026,101434000,0.891,0.0,0.0,0.883,0.882,0.881,0.88,0.879,0.878,0.877,0.876,0.875,0.874,0.884,0.885,0.886,0.887,0.888,0.889,0.89,0.891,0.892,0.893,23816648.0,43227200.0,69606800.0,93513800.0,21636800.0,22356700.0,12697800.0,13284600.0,12386100.0,7399600.0,23760500.0,32503100.0,20749200.0,15133213.0,16416615.0,13566862.0,20493052.0,11477100.0,12742500.0,7259500.0
20231026101437000,SSE,SSE.ETF.588000,0.883,0.885,0.889,0.882,0.0,1.069,0.713,896342558.0,102730.0,896342558.0,102730.0,0.0,0.0,20231026,20231026,101437000,0.891,0.0,0.0,0.883,0.882,0.881,0.88,0.879,0.878,0.877,0.876,0.875,0.874,0.884,0.885,0.886,0.887,0.888,0.889,0.89,0.891,0.892,0.893,23133748.0,43238700.0,69836800.0,93525300.0,21636800.0,22356700.0,12697800.0,13284600.0,12386100.0,7399600.0,23734000.0,32282900.0,20979200.0,15082713.0,16418615.0,13516862.0,20993052.0,11477100.0,12742500.0,7259500.0
20231026101440000,SSE,SSE.ETF.588000,0.883,0.885,0.889,0.882,0.0,1.069,0.713,900193244.0,3850686.0,900193244.0,3850686.0,0.0,0.0,20231026,20231026,101440000,0.891,0.0,0.0,0.883,0.882,0.881,0.88,0.879,0.878,0.877,0.876,0.875,0.874,0.884,0.885,0.886,0.887,0.888,0.889,0.89,0.891,0.892,0.893,18801448.0,43274400.0,69857800.0,93533400.0,21646800.0,22356700.0,12697800.0,13285100.0,12386100.0,7399600.0,24203700.0,32124700.0,20979200.0,15082713.0,16418615.0,13516862.0,20943052.0,11477100.0,12742500.0,7269600.0
20231026101443000,SSE,SSE.ETF.588000,0.884,0.885,0.889,0.882,0.0,1.069,0.713,900599568.0,406324.0,900599568.0,406324.0,0.0,0.0,20231026,20231026,101443000,0.891,0.0,0.0,0.883,0.882,0.881,0.88,0.879,0.878,0.877,0.876,0.875,0.874,0.884,0.885,0.886,0.887,0.888,0.889,0.89,0.891,0.892,0.893,17681048.0,43537900.0,69857800.0,93536400.0,21778700.0,22386700.0,12697800.0,13285100.0,12386100.0,7399600.0,24444500.0,32355600.0,20779200.0,15082713.0,16408615.0,13517062.0,20943052.0,11477100.0,12742500.0,7269600.0
20231026101446000,SSE,SSE.ETF.588000,0.884,0.885,0.889,0.882,0.0,1.069,0.713,901773965.0,1174397.0,901773965.0,1174397.0,0.0,0.0,20231026,20231026,101446000,0.891,0.0,0.0,0.883,0.882,0.881,0.88,0.879,0.878,0.877,0.876,0.875,0.874,0.884,0.885,0.886,0.887,0.888,0.889,0.89,0.891,0.892,0.893,15223348.0,43681500.0,69847800.0,93536400.0,21778700.0,22386700.0,12697800.0,13285100.0,12386100.0,7399600.0,24237500.0,32125600.0,20774300.0,15082713.0,16408615.0,13517062.0,20953052.0,11477100.0,12742500.0,7269600.0
20231026101449000,SSE,SSE.ETF.588000,0.884,0.885,0.889,0.882,0.0,1.069,0.713,901791821.0,17856.0,901791821.0,17856.0,0.0,0.0,20231026,20231026,101449000,0.891,0.0,0.0,0.883,0.882,0.881,0.88,0.879,0.878,0.877,0.876,0.875,0.874,0.884,0.885,0.886,0.887,0.888,0.889,0.89,0.891,0.892,0.893,16085648.0,43678500.0,69867800.0,93569900.0,21778700.0,22386700.0,12732100.0,13286100.0,12386100.0,7399600.0,24367900.0,32790000.0,20774300.0,15082713.0,16408615.0,13517062.0,20953052.0,11477100.0,12742500.0,7269600.0
20231026101452000,SSE,SSE.ETF.588000,0.884,0.885,0.889,0.882,0.0,1.069,0.713,902152622.0,360801.0,902152622.0,360801.0,0.0,0.0,20231026,20231026,101452000,0.891,0.0,0.0,0.883,0.882,0.881,0.88,0.879,0.878,0.877,0.876,0.875,0.874,0.884,0.885,0.886,0.887,0.888,0.889,0.89,0.891,0.892,0.893,17259648.0,43669500.0,70067900.0,93579800.0,21778700.0,22386800.0,12732100.0,13286100.0,12361100.0,7399600.0,24472500.0,32820000.0,20786300.0,15082713.0,16411615.0,13417062.0,20953052.0,11477100.0,12742500.0,7269600.0
20231026101455000,SSE,SSE.ETF.588000,0.884,0.885,0.889,0.882,0.0,1.069,0.713,902214374.0,61752.0,902214374.0,61752.0,0.0,0.0,20231026,20231026,101455000,0.891,0.0,0.0,0.883,0.882,0.881,0.88,0.879,0.878,0.877,0.876,0.875,0.874,0.884,0.885,0.886,0.887,0.888,0.889,0.89,0.891,0.892,0.893,17561000.0,43694500.0,70405200.0,93619800.0,21788700.0,22386800.0,12732100.0,13271100.0,12361100.0,7399600.0,24443600.0,32750000.0,20786300.0,15082713.0,16411615.0,13417062.0,20953052.0,11477100.0,12742500.0,7269600.0
20231026101458000,SSE,SSE.ETF.588000,0.884,0.885,0.889,0.882,0.0,1.069,0.713,902233993.0,19619.0,902233993.0,19619.0,0.0,0.0,20231026,20231026,101458000,0.891,0.0,0.0,0.883,0.882,0.881,0.88,0.879,0.878,0.877,0.876,0.875,0.874,0.884,0.885,0.886,0.887,0.888,0.889,0.89,0.891,0.892,0.893,19527800.0,43786100.0,69590200.0,93576700.0,21788700.0,22386800.0,12732100.0,13271100.0,12361100.0,7399600.0,15639300.0,32525000.0,20756300.0,15182713.0,16411615.0,13417062.0,20953052.0,11477100.0,12742500.0,7269600.0
20231026101501000,SSE,SSE.ETF.588000,0.884,0.885,0.889,0.882,0.0,1.069,0.713,902242833.0,8840.0,902242833.0,8840.0,0.0,0.0,20231026,20231026,101501000,0.891,0.0,0.0,0.883,0.882,0.881,0.88,0.879,0.878,0.877,0.876,0.875,0.874,0.884,0.885,0.886,0.887,0.888,0.889,0.89,0.891,0.892,0.893,20656800.0,48475900.0,65334200.0,93346600.0,21788700.0,22398100.0,12732100.0,13271100.0,12361100.0,7399600.0,12138400.0,32488000.0,21586300.0,15202713.0,16412615.0,13498262.0,20953052.0,11477100.0,12742500.0,7269600.0
20231026101504000,SSE,SSE.ETF.588000,0.884,0.885,0.889,0.882,0.0,1.069,0.713,902354305.0,111472.0,902354305.0,111472.0,0.0,0.0,20231026,20231026,101504000,0.891,0.0,0.0,0.883,0.882,0.881,0.88,0.879,0.878,0.877,0.876,0.875,0.874,0.884,0.885,0.886,0.887,0.888,0.889,0.89,0.891,0.892,0.893,22076300.0,44205100.0,70090900.0,93315100.0,21798700.0,22403100.0,12732100.0,13271100.0,12361100.0,7399600.0,8723900.0,32188000.0,22106300.0,15502713.0,16412615.0,13498262.0,21173052.0,11477100.0,12742500.0,7269600.0
20231026101507000,SSE,SSE.ETF.588000,0.884,0.885,0.889,0.882,0.0,1.069,0.713,902990835.0,636530.0,902990835.0,636530.0,0.0,0.0,20231026,20231026,101507000,0.891,0.0,0.0,0.883,0.882,0.881,0.88,0.879,0.878,0.877,0.876,0.875,0.874,0.884,0.885,0.886,0.887,0.888,0.889,0.89,0.891,0.892,0.893,21945800.0,52444400.0,61604600.0,93330800.0,21799200.0,22403100.0,12732100.0,13271100.0,12371100.0,7399600.0,6634700.0,32113600.0,22006300.0,15502713.0,16414615.0,13498262.0,21173052.0,11477100.0,12742500.0,7269600.0
20231026101510000,SSE,SSE.ETF.588000,0.884,0.885,0.889,0.882,0.0,1.069,0.713,903098585.0,107750.0,903098585.0,107750.0,0.0,0.0,20231026,20231026,101510000,0.891,0.0,0.0,0.883,0.882,0.881,0.88,0.879,0.878,0.877,0.876,0.875,0.874,0.884,0.885,0.886,0.887,0.888,0.889,0.89,0.891,0.892,0.893,23157200.0,52800900.0,60874600.0,93126200.0,21799200.0,22403100.0,12732100.0,13296100.0,12371100.0,7399600.0,5735000.0,32276400.0,21776300.0,15752713.0,16414615.0,13499262.0,21173052.0,11478800.0,12742500.0,7269600.0
20231026101513000,SSE,SSE.ETF.588000,0.884,0.885,0.889,0.882,0.0,1.069,0.713,903261898.0,163313.0,903261898.0,163313.0,0.0,0.0,20231026,20231026,101513000,0.891,0.0,0.0,0.883,0.882,0.881,0.88,0.879,0.878,0.877,0.876,0.875,0.874,0.884,0.885,0.886,0.887,0.888,0.889,0.89,0.891,0.892,0.893,25086934.0,52228500.0,61104600.0,93153000.0,21799200.0,22403100.0,12732100.0,13301100.0,12371100.0,7399600.0,6795500.0,28447000.0,22006300.0,15752713.0,16414615.0,13501262.0,21173052.0,11478800.0,12742500.0,7269600.0
20231026101516000,SSE,SSE.ETF.588000,0.884,0.885,0.889,0.882,0.0,1.069,0.713,904269121.0,1007223.0,904269121.0,1007223.0,0.0,0.0,20231026,20231026,101516000,0.891,0.0,0.0,0.883,0.882,0.881,0.88,0.879,0.878,0.877,0.876,0.875,0.874,0.884,0.885,0.886,0.887,0.888,0.889,0.89,0.891,0.892,0.893,26711834.0,52180400.0,61124700.0,93159000.0,21799200.0,22403100.0,12732100.0,13301100.0,12371100.0,7399600.0,5614400.0,28476100.0,26006300.0,15732713.0,16414615.0,13501262.0,21173052.0,11478800.0,12742500.0,7269600.0
20231026101519000,SSE,SSE.ETF.588000,0.883,0.885,0.889,0.882,0.0,1.069,0.713,904652992.0,383871.0,904652992.0,383871.0,0.0,0.0,20231026,20231026,101519000,0.891,0.0,0.0,0.883,0.882,0.881,0.88,0.879,0.878,0.877,0.876,0.875,0.874,0.884,0.885,0.886,0.887,0.888,0.889,0.89,0.891,0.892,0.893,27062434.0,52181200.0,61134700.0,93173000.0,21799200.0,22415600.0,12732100.0,13301100.0,12371100.0,7399600.0,5589600.0,32406000.0,22106300.0,15482713.0,16414615.0,13501262.0,21173052.0,11478800.0,12742500.0,7269600.0
20231026101522000,SSE,SSE.ETF.588000,0.883,0.885,0.889,0.882,0.0,1.069,0.713,904725956.0,72964.0,904725956.0,72964.0,0.0,0.0,20231026,20231026,101522000,0.891,0.0,0.0,0.883,0.882,0.881,0.88,0.879,0.878,0.877,0.876,0.875,0.874,0.884,0.885,0.886,0.887,0.888,0.889,0.89,0.891,0.892,0.893,27112834.0,52418200.0,61135900.0,93439000.0,21799200.0,22420600.0,12732100.0,13301100.0,12371100.0,7399600.0,5856000.0,32685800.0,22010900.0,15482713.0,16414615.0,13501262.0,21173052.0,11478800.0,12742500.0,7269600.0
20231026101525000,SSE,SSE.ETF.588000,0.884,0.885,0.889,0.882,0.0,1.069,0.713,904848994.0,123038.0,904848994.0,123038.0,0.0,0.0,20231026,20231026,101525000,0.891,0.0,0.0,0.883,0.882,0.881,0.88,0.879,0.878,0.877,0.876,0.875,0.874,0.884,0.885,0.886,0.887,0.888,0.889,0.89,0.891,0.892,0.893,27469034.0,52206200.0,60906000.0,93462600.0,21799200.0,22408800.0,12732100.0,13302100.0,12371100.0,7399600.0,6422500.0,32704900.0,21780900.0,15182713.0,16414615.0,13501262.0,21173052.0,11478800.0,12742500.0,7269600.0
20231026101528000,SSE,SSE.ETF.588000,0.883,0.885,0.889,0.882,0.0,1.069,0.713,905795838.0,946844.0,905795838.0,946844.0,0.0,0.0,20231026,20231026,101528000,0.891,0.0,0.0,0.883,0.882,0.881,0.88,0.879,0.878,0.877,0.876,0.875,0.874,0.884,0.885,0.886,0.887,0.888,0.889,0.89,0.891,0.892,0.893,26489134.0,52052700.0,61633000.0,93488400.0,21799200.0,22358800.0,12732100.0,13302100.0,12376100.0,7399600.0,6632900.0,32474900.0,22010900.0,15182713.0,16412615.0,13501262.0,21183052.0,11478800.0,12742500.0,7269600.0
20231026101531000,SSE,SSE.ETF.588000,0.884,0.885,0.889,0.882,0.0,1.069,0.713,909576515.0,3780677.0,909576515.0,3780677.0,0.0,0.0,20231026,20231026,101531000,0.891,0.0,0.0,0.883,0.882,0.881,0.88,0.879,0.878,0.877,0.876,0.875,0.874,0.884,0.885,0.886,0.887,0.888,0.889,0.89,0.891,0.892,0.893,22476834.0,52058400.0,61233000.0,93238400.0,21799200.0,22358800.0,12732100.0,13302100.0,12376100.0,7399600.0,6549400.0,32727300.0,22010900.0,15432713.0,16412615.0,13501262.0,21183052.0,11478800.0,12742500.0,7269600.0
20231026101534000,SSE,SSE.ETF.588000,0.883,0.885,0.889,0.882,0.0,1.069,0.713,909728181.0,151666.0,909728181.0,151666.0,0.0,0.0,20231026,20231026,101534000,0.891,0.0,0.0,0.883,0.882,0.881,0.88,0.879,0.878,0.877,0.876,0.875,0.874,0.884,0.885,0.886,0.887,0.888,0.889,0.89,0.891,0.892,0.893,24347734.0,52394300.0,61223000.0,93289200.0,21799200.0,22368800.0,12732100.0,13303100.0,12376100.0,7399600.0,6494300.0,32547300.0,21980900.0,15332713.0,16412615.0,13501262.0,21183052.0,11478800.0,12742500.0,7269600.0
20231026101537000,SSE,SSE.ETF.588000,0.883,0.885,0.889,0.882,0.0,1.069,0.713,910665017.0,936836.0,910665017.0,936836.0,0.0,0.0,20231026,20231026,101537000,0.891,0.0,0.0,0.883,0.882,0.881,0.88,0.879,0.878,0.877,0.876,0.875,0.874,0.884,0.885,0.886,0.887,0.888,0.889,0.89,0.891,0.892,0.893,24319034.0,52456200.0,61245500.0,93282200.0,21799200.0,22369200.0,12732100.0,13303100.0,12376100.0,7399600.0,6619000.0,32548100.0,22000900.0,15132713.0,16412615.0,13501262.0,21183052.0,11478800.0,12742500.0,7269600.0
20231026101540000,SSE,SSE.ETF.588000,0.883,0.885,0.889,0.882,0.0,1.069,0.713,911630316.0,965299.0,911630316.0,965299.0,0.0,0.0,20231026,20231026,101540000,0.891,0.0,0.0,0.883,0.882,0.881,0.88,0.879,0.878,0.877,0.876,0.875,0.874,0.884,0.885,0.886,0.887,0.888,0.889,0.89,0.891,0.892,0.893,24758834.0,52479800.0,61250100.0,93294200.0,21799200.0,22349200.0,12732100.0,13303100.0,12376100.0,7399600.0,7703800.0,28538600.0,26000900.0,15132713.0,16412615.0,13501262.0,21183052.0,11478800.0,12742500.0,7269600.0
20231026101543000,SSE,SSE.ETF.588000,0.884,0.885,0.889,0.882,0.0,1.069,0.713,912807451.0,1177135.0,912807451.0,1177135.0,0.0,0.0,20231026,20231026,101543000,0.891,0.0,0.0,0.883,0.882,0.881,0.88,0.879,0.878,0.877,0.876,0.875,0.874,0.884,0.885,0.886,0.887,0.888,0.889,0.89,0.891,0.892,0.893,25525934.0,52482600.0,61280100.0,93299200.0,21799200.0,22349200.0,12732100.0,13303100.0,12376100.0,7399600.0,6177200.0,28578100.0,26000900.0,15132713.0,16412615.0,13501262.0,21199052.0,11478800.0,12742500.0,7269600.0
20231026101546000,SSE,SSE.ETF.588000,0.884,0.885,0.889,0.882,0.0,1.069,0.713,912835906.0,28455.0,912835906.0,28455.0,0.0,0.0,20231026,20231026,101546000,0.891,0.0,0.0,0.883,0.882,0.881,0.88,0.879,0.878,0.877,0.876,0.875,0.874,0.884,0.885,0.886,0.887,0.888,0.889,0.89,0.891,0.892,0.893,26067834.0,52203800.0,61085000.0,93285700.0,21799200.0,22349200.0,12732100.0,13303100.0,12376100.0,7399600.0,5977700.0,28934000.0,25720900.0,15405213.0,16423715.0,13501262.0,21199052.0,11478800.0,12742500.0,7269600.0
20231026101549000,SSE,SSE.ETF.588000,0.884,0.885,0.889,0.882,0.0,1.069,0.713,912867533.0,31627.0,912867533.0,31627.0,0.0,0.0,20231026,20231026,101549000,0.891,0.0,0.0,0.883,0.882,0.881,0.88,0.879,0.878,0.877,0.876,0.875,0.874,0.884,0.885,0.886,0.887,0.888,0.889,0.89,0.891,0.892,0.893,26429434.0,52194500.0,61280400.0,93300700.0,21799200.0,22349200.0,12732100.0,13303100.0,12376100.0,7399600.0,6277900.0,28752900.0,25950900.0,15675213.0,16423715.0,13501262.0,21199052.0,11478800.0,12742500.0,7269600.0
20231026101552000,SSE,SSE.ETF.588000,0.884,0.885,0.889,0.882,0.0,1.069,0.713,912968622.0,101089.0,912968622.0,101089.0,0.0,0.0,20231026,20231026,101552000,0.891,0.0,0.0,0.883,0.882,0.881,0.88,0.879,0.878,0.877,0.876,0.875,0.874,0.884,0.885,0.886,0.887,0.888,0.889,0.89,0.891,0.892,0.893,26783434.0,52204700.0,61280400.0,93306300.0,21803200.0,22349200.0,12732100.0,13303100.0,12376100.0,7399600.0,6293500.0,29023400.0,25950900.0,15415213.0,16423715.0,13501262.0,21199052.0,11478800.0,12742500.0,7269600.0
20231026101555000,SSE,SSE.ETF.588000,0.883,0.885,0.889,0.882,0.0,1.069,0.713,913667511.0,698889.0,913667511.0,698889.0,0.0,0.0,20231026,20231026,101555000,0.891,0.0,0.0,0.883,0.882,0.881,0.88,0.879,0.878,0.877,0.876,0.875,0.874,0.884,0.885,0.886,0.887,0.888,0.889,0.89,0.891,0.892,0.893,28526234.0,52212600.0,61274400.0,93303300.0,21850700.0,22349200.0,12732100.0,13303100.0,12376100.0,7399600.0,6643200.0,28998000.0,25950900.0,15685213.0,16423715.0,13516262.0,21199052.0,11478800.0,12742500.0,7269600.0
20231026101558000,SSE,SSE.ETF.588000,0.884,0.885,0.889,0.882,0.0,1.069,0.713,913708701.0,41190.0,913708701.0,41190.0,0.0,0.0,20231026,20231026,101558000,0.891,0.0,0.0,0.883,0.882,0.881,0.88,0.879,0.878,0.877,0.876,0.875,0.874,0.884,0.885,0.886,0.887,0.888,0.889,0.89,0.891,0.892,0.893,28768334.0,52032600.0,61044400.0,93288300.0,21850700.0,22350700.0,12732100.0,13303100.0,12376100.0,7399600.0,6600800.0,28768000.0,25720900.0,15685213.0,16423715.0,13516262.0,21199052.0,11478800.0,12742500.0,7269600.0
20231026101601000,SSE,SSE.ETF.588000,0.884,0.885,0.889,0.882,0.0,1.069,0.713,914618337.0,909636.0,914618337.0,909636.0,0.0,0.0,20231026,20231026,101601000,0.891,0.0,0.0,0.883,0.882,0.881,0.88,0.879,0.878,0.877,0.876,0.875,0.874,0.884,0.885,0.886,0.887,0.888,0.889,0.89,0.891,0.892,0.893,28948834.0,52550600.0,61382600.0,93289800.0,21870700.0,22350700.0,12732100.0,13303100.0,12376100.0,7399600.0,6081900.0,19960800.0,30350900.0,15740213.0,16423715.0,13516262.0,21199052.0,11478800.0,12742500.0,7269600.0
20231026101604000,SSE,SSE.ETF.588000,0.885,0.885,0.889,0.882,0.0,1.069,0.713,920015967.0,5397630.0,920015967.0,5397630.0,0.0,0.0,20231026,20231026,101604000,0.891,0.0,0.0,0.884,0.883,0.882,0.881,0.88,0.879,0.878,0.877,0.876,0.875,0.885,0.886,0.887,0.888,0.889,0.89,0.891,0.892,0.893,0.894,3686500.0,29070634.0,52358100.0,61082600.0,93319800.0,21871700.0,22400700.0,12732100.0,13303100.0,12376100.0,19646900.0,30350900.0,15740213.0,16423715.0,13516262.0,21199052.0,11478800.0,12742500.0,7269600.0,6697200.0
20231026101607000,SSE,SSE.ETF.588000,0.884,0.885,0.889,0.882,0.0,1.069,0.713,920744117.0,728150.0,920744117.0,728150.0,0.0,0.0,20231026,20231026,101607000,0.891,0.0,0.0,0.884,0.883,0.882,0.881,0.88,0.879,0.878,0.877,0.876,0.875,0.885,0.886,0.887,0.888,0.889,0.89,0.891,0.892,0.893,0.894,8449700.0,28722434.0,52208300.0,60592600.0,93326600.0,21876700.0,22406500.0,12732100.0,13303100.0,12376100.0,18946500.0,30860800.0,15700213.0,16423715.0,13716262.0,21199052.0,11478800.0,12742500.0,7269600.0,6697200.0
20231026101610000,SSE,SSE.ETF.588000,0.884,0.885,0.889,0.882,0.0,1.069,0.713,920859391.0,115274.0,920859391.0,115274.0,0.0,0.0,20231026,20231026,101610000,0.891,0.0,0.0,0.884,0.883,0.882,0.881,0.88,0.879,0.878,0.877,0.876,0.875,0.885,0.886,0.887,0.888,0.889,0.89,0.891,0.892,0.893,0.894,9855700.0,29144634.0,52433500.0,60388400.0,93327100.0,21876700.0,22406500.0,12732100.0,13303100.0,12376100.0,25536200.0,31110800.0,15950213.0,16423715.0,13716262.0,21199052.0,11478800.0,12742500.0,7269600.0,6697200.0
20231026101613000,SSE,SSE.ETF.588000,0.885,0.885,0.889,0.882,0.0,1.069,0.713,920859834.0,443.0,920859834.0,443.0,0.0,0.0,20231026,20231026,101613000,0.891,0.0,0.0,0.884,0.883,0.882,0.881,0.88,0.879,0.878,0.877,0.876,0.875,0.885,0.886,0.887,0.888,0.889,0.89,0.891,0.892,0.893,0.894,11008400.0,29330134.0,48324900.0,60220100.0,93397100.0,21876700.0,22406500.0,12732100.0,13303100.0,12376100.0,17685200.0,30655700.0,16450213.0,16423715.0,13716262.0,21199052.0,11478800.0,12742500.0,7269600.0,6697200.0
20231026101616000,SSE,SSE.ETF.588000,0.885,0.885,0.889,0.882,0.0,1.069,0.713,921502698.0,642864.0,921502698.0,642864.0,0.0,0.0,20231026,20231026,101616000,0.891,0.0,0.0,0.884,0.883,0.882,0.881,0.88,0.879,0.878,0.877,0.876,0.875,0.885,0.886,0.887,0.888,0.889,0.89,0.891,0.892,0.893,0.894,11381000.0,33810434.0,48054900.0,60220100.0,93409100.0,21877200.0,22406500.0,12732100.0,13303100.0,12376100.0,16798200.0,30922800.0,15950213.0,16423715.0,13716262.0,21199052.0,11478800.0,12742500.0,7269600.0,6697200.0
20231026101619000,SSE,SSE.ETF.588000,0.885,0.885,0.889,0.882,0.0,1.069,0.713,925274228.0,3771530.0,925274228.0,3771530.0,0.0,0.0,20231026,20231026,101619000,0.891,0.0,0.0,0.884,0.883,0.882,0.881,0.88,0.879,0.878,0.877,0.876,0.875,0.885,0.886,0.887,0.888,0.889,0.89,0.891,0.892,0.893,0.894,7416700.0,38299534.0,43784900.0,60232100.0,93484800.0,21877200.0,22406500.0,12732100.0,13303100.0,12376100.0,14785700.0,30922800.0,16680213.0,16423715.0,13716262.0,21199052.0,11478800.0,12742500.0,7269600.0,6697200.0
20231026101622000,SSE,SSE.ETF.588000,0.885,0.885,0.889,0.882,0.0,1.069,0.713,925307848.0,33620.0,925307848.0,33620.0,0.0,0.0,20231026,20231026,101622000,0.891,0.0,0.0,0.884,0.883,0.882,0.881,0.88,0.879,0.878,0.877,0.876,0.875,0.885,0.886,0.887,0.888,0.889,0.89,0.891,0.892,0.893,0.894,6568100.0,37918134.0,43532700.0,60977600.0,93484800.0,21866100.0,22406500.0,12732100.0,13304100.0,12376100.0,15341100.0,30923900.0,16681613.0,16434615.0,13716262.0,21199052.0,11478800.0,12742500.0,7269600.0,6697200.0
20231026101625000,SSE,SSE.ETF.588000,0.885,0.885,0.889,0.882,0.0,1.069,0.713,925839555.0,531707.0,925839555.0,531707.0,0.0,0.0,20231026,20231026,101625000,0.891,0.0,0.0,0.884,0.883,0.882,0.881,0.88,0.879,0.878,0.877,0.876,0.875,0.885,0.886,0.887,0.888,0.889,0.89,0.891,0.892,0.893,0.894,7481300.0,37570234.0,43582700.0,60967600.0,93474300.0,21866100.0,22406500.0,12732100.0,13304100.0,12376100.0,14864000.0,30923900.0,16681613.0,16435115.0,13741262.0,21199052.0,11478800.0,12855000.0,7269600.0,6697200.0
20231026101628000,SSE,SSE.ETF.588000,0.885,0.885,0.889,0.882,0.0,1.069,0.713,925912232.0,72677.0,925912232.0,72677.0,0.0,0.0,20231026,20231026,101628000,0.891,0.0,0.0,0.884,0.883,0.882,0.881,0.88,0.879,0.878,0.877,0.876,0.875,0.885,0.886,0.887,0.888,0.889,0.89,0.891,0.892,0.893,0.894,9694500.0,36963334.0,43212000.0,60979900.0,93374300.0,21866100.0,22406500.0,12732100.0,13304100.0,12376100.0,14531300.0,30923900.0,17146913.0,16435115.0,13741262.0,21199052.0,11478800.0,12855000.0,7269600.0,6697200.0
20231026101631000,SSE,SSE.ETF.588000,0.885,0.885,0.889,0.882,0.0,1.069,0.713,925967187.0,54955.0,925967187.0,54955.0,0.0,0.0,20231026,20231026,101631000,0.891,0.0,0.0,0.884,0.883,0.882,0.881,0.88,0.879,0.878,0.877,0.876,0.875,0.885,0.886,0.887,0.888,0.889,0.89,0.891,0.892,0.893,0.894,11878100.0,36689434.0,43000400.0,61006900.0,93389300.0,21866100.0,22406500.0,12732100.0,13289200.0,12376100.0,14440200.0,30695000.0,16916913.0,16435115.0,13741062.0,21234052.0,11478800.0,12857000.0,7269600.0,6697200.0
20231026101634000,SSE,SSE.ETF.588000,0.884,0.885,0.889,0.882,0.0,1.069,0.713,926011257.0,44070.0,926011257.0,44070.0,0.0,0.0,20231026,20231026,101634000,0.891,0.0,0.0,0.884,0.883,0.882,0.881,0.88,0.879,0.878,0.877,0.876,0.875,0.885,0.886,0.887,0.888,0.889,0.89,0.891,0.892,0.893,0.894,14283200.0,37106434.0,42710500.0,60766400.0,93377400.0,21866100.0,22406500.0,12732100.0,13289200.0,12376100.0,14143400.0,30935200.0,17146913.0,16655115.0,13541062.0,21234052.0,11478800.0,12857000.0,7269600.0,6697200.0
20231026101637000,SSE,SSE.ETF.588000,0.885,0.885,0.889,0.882,0.0,1.069,0.713,926060107.0,48850.0,926060107.0,48850.0,0.0,0.0,20231026,20231026,101637000,0.891,0.0,0.0,0.884,0.883,0.882,0.881,0.88,0.879,0.878,0.877,0.876,0.875,0.885,0.886,0.887,0.888,0.889,0.89,0.891,0.892,0.893,0.894,15811400.0,38034234.0,42055500.0,60736500.0,93391500.0,21866100.0,22406500.0,12732100.0,13289200.0,12376100.0,14090200.0,31054900.0,17146913.0,16655115.0,13541062.0,21234052.0,11478800.0,12857000.0,7269600.0,6697200.0
20231026101640000,SSE,SSE.ETF.588000,0.885,0.885,0.889,0.882,0.0,1.069,0.713,926134852.0,74745.0,926134852.0,74745.0,0.0,0.0,20231026,20231026,101640000,0.891,0.0,0.0,0.884,0.883,0.882,0.881,0.88,0.879,0.878,0.877,0.876,0.875,0.885,0.886,0.887,0.888,0.889,0.89,0.891,0.892,0.893,0.894,15951300.0,38039934.0,42279400.0,60759300.0,93394000.0,21866100.0,22406500.0,12732100.0,13289200.0,12396100.0,12991800.0,31035200.0,17416913.0,16955115.0,13541062.0,21204052.0,11478800.0,12857000.0,7269600.0,6697200.0
20231026101643000,SSE,SSE.ETF.588000,0.885,0.885,0.889,0.882,0.0,1.069,0.713,926207510.0,72658.0,926207510.0,72658.0,0.0,0.0,20231026,20231026,101643000,0.891,0.0,0.0,0.884,0.883,0.882,0.881,0.88,0.879,0.878,0.877,0.876,0.875,0.885,0.886,0.887,0.888,0.889,0.89,0.891,0.892,0.893,0.894,15775500.0,37923734.0,42159400.0,60769300.0,93336000.0,21866100.0,22406500.0,12732100.0,13289200.0,12396700.0,12819200.0,31015200.0,17416913.0,16985115.0,13541062.0,21209052.0,11502300.0,12857000.0,7269600.0,6697200.0
20231026101646000,SSE,SSE.ETF.588000,0.885,0.885,0.889,0.882,0.0,1.069,0.713,926261215.0,53705.0,926261215.0,53705.0,0.0,0.0,20231026,20231026,101646000,0.891,0.0,0.0,0.884,0.883,0.882,0.881,0.88,0.879,0.878,0.877,0.876,0.875,0.885,0.886,0.887,0.888,0.889,0.89,0.891,0.892,0.893,0.894,16137000.0,37010034.0,42247400.0,60769300.0,93326000.0,21866100.0,22406500.0,12732100.0,13289200.0,12396700.0,12940000.0,30965800.0,17611913.0,16985115.0,13591062.0,21231652.0,11502300.0,12857000.0,7269600.0,6697200.0
20231026101649000,SSE,SSE.ETF.588000,0.885,0.885,0.889,0.882,0.0,1.069,0.713,926381309.0,120094.0,926381309.0,120094.0,0.0,0.0,20231026,20231026,101649000,0.891,0.0,0.0,0.884,0.883,0.882,0.881,0.88,0.879,0.878,0.877,0.876,0.875,0.885,0.886,0.887,0.888,0.889,0.89,0.891,0.892,0.893,0.894,16606400.0,37021034.0,42309900.0,60764800.0,93326000.0,21866100.0,22406500.0,12732100.0,13289200.0,12396700.0,13449300.0,31095800.0,17611913.0,16985115.0,13611062.0,21231652.0,11502300.0,12857000.0,7269600.0,6697200.0
20231026101652000,SSE,SSE.ETF.588000,0.884,0.885,0.889,0.882,0.0,1.069,0.713,927505450.0,1124141.0,927505450.0,1124141.0,0.0,0.0,20231026,20231026,101652000,0.891,0.0,0.0,0.884,0.883,0.882,0.881,0.88,0.879,0.878,0.877,0.876,0.875,0.885,0.886,0.887,0.888,0.889,0.89,0.891,0.892,0.893,0.894,15192700.0,36567934.0,41914300.0,60765200.0,93285000.0,21866100.0,22406500.0,12732100.0,13289200.0,12396200.0,14464200.0,30877800.0,17111913.0,16985115.0,13611362.0,21219152.0,11502300.0,12857000.0,7249600.0,6697200.0
20231026101655000,SSE,SSE.ETF.588000,0.885,0.885,0.889,0.882,0.0,1.069,0.713,929049575.0,1544125.0,929049575.0,1544125.0,0.0,0.0,20231026,20231026,101655000,0.891,0.0,0.0,0.884,0.883,0.882,0.881,0.88,0.879,0.878,0.877,0.876,0.875,0.885,0.886,0.887,0.888,0.889,0.89,0.891,0.892,0.893,0.894,13891900.0,37056434.0,42175600.0,60743200.0,93415400.0,21866100.0,22406500.0,12732100.0,13289200.0,12396200.0,12718300.0,31337800.0,17341913.0,16735115.0,13611362.0,21219152.0,11502300.0,12857000.0,7249600.0,6697200.0
20231026101658000,SSE,SSE.ETF.588000,0.884,0.885,0.889,0.882,0.0,1.069,0.713,929115861.0,66286.0,929115861.0,66286.0,0.0,0.0,20231026,20231026,101658000,0.891,0.0,0.0,0.884,0.883,0.882,0.881,0.88,0.879,0.878,0.877,0.876,0.875,0.885,0.886,0.887,0.888,0.889,0.89,0.891,0.892,0.893,0.894,14619200.0,37103734.0,42166600.0,60733200.0,93332500.0,21866100.0,22401500.0,12732100.0,13289200.0,12396200.0,12556800.0,31207800.0,17371913.0,16985115.0,13611362.0,21219152.0,11502300.0,12857000.0,7249600.0,6697200.0
20231026101701000,SSE,SSE.ETF.588000,0.885,0.885,0.889,0.882,0.0,1.069,0.713,929281090.0,165229.0,929281090.0,165229.0,0.0,0.0,20231026,20231026,101701000,0.891,0.0,0.0,0.884,0.883,0.882,0.881,0.88,0.879,0.878,0.877,0.876,0.875,0.885,0.886,0.887,0.888,0.889,0.89,0.891,0.892,0.893,0.894,14821500.0,37297734.0,42202400.0,60720800.0,93312200.0,21866100.0,22330800.0,12732100.0,13289200.0,12396200.0,14300100.0,31407800.0,17641913.0,16685115.0,13611362.0,21219152.0,11525100.0,12836400.0,7249600.0,6697200.0
20231026101704000,SSE,SSE.ETF.588000,0.885,0.885,0.889,0.882,0.0,1.069,0.713,929288082.0,6992.0,929288082.0,6992.0,0.0,0.0,20231026,20231026,101704000,0.891,0.0,0.0,0.884,0.883,0.882,0.881,0.88,0.879,0.878,0.877,0.876,0.875,0.885,0.886,0.887,0.888,0.889,0.89,0.891,0.892,0.893,0.894,14827600.0,37287234.0,42242400.0,60720800.0,93334300.0,21866100.0,22330800.0,12729700.0,13289200.0,12396200.0,14658200.0,31407800.0,17641913.0,16435115.0,13611362.0,21219152.0,11525100.0,12840700.0,7249600.0,6697200.0
20231026101707000,SSE,SSE.ETF.588000,0.885,0.885,0.889,0.882,0.0,1.069,0.713,929363520.0,75438.0,929363520.0,75438.0,0.0,0.0,20231026,20231026,101707000,0.891,0.0,0.0,0.884,0.883,0.882,0.881,0.88,0.879,0.878,0.877,0.876,0.875,0.885,0.886,0.887,0.888,0.889,0.89,0.891,0.892,0.893,0.894,14965700.0,37295934.0,42295700.0,60740800.0,93322300.0,21866100.0,22330800.0,12729700.0,13289200.0,12396200.0,23315400.0,31407800.0,17371913.0,16435115.0,13611362.0,21219152.0,11525100.0,12840700.0,7249600.0,6697200.0
20231026101710000,SSE,SSE.ETF.588000,0.884,0.885,0.889,0.882,0.0,1.069,0.713,940945975.0,11582455.0,940945975.0,11582455.0,0.0,0.0,20231026,20231026,101710000,0.891,0.0,0.0,0.883,0.882,0.881,0.88,0.879,0.878,0.877,0.876,0.875,0.874,0.884,0.885,0.886,0.887,0.888,0.889,0.89,0.891,0.892,0.893,36620134.0,42565700.0,60744700.0,93309800.0,21846800.0,22330800.0,12730700.0,13289200.0,12396200.0,7399600.0,395800.0,23628000.0,30855000.0,17176913.0,16695115.0,13611362.0,21219152.0,11525100.0,12840700.0,7249600.0
20231026101713000,SSE,SSE.ETF.588000,0.884,0.885,0.889,0.882,0.0,1.069,0.713,941896982.0,951007.0,941896982.0,951007.0,0.0,0.0,20231026,20231026,101713000,0.891,0.0,0.0,0.883,0.882,0.881,0.88,0.879,0.878,0.877,0.876,0.875,0.874,0.884,0.885,0.886,0.887,0.888,0.889,0.89,0.891,0.892,0.893,25891934.0,52008400.0,61224700.0,93320500.0,21846800.0,22326900.0,12730700.0,13289200.0,12396200.0,7399600.0,1715600.0,25705600.0,30075100.0,16416913.0,16495115.0,13611362.0,21219152.0,11525100.0,12840700.0,7249600.0
20231026101716000,SSE,SSE.ETF.588000,0.884,0.885,0.889,0.882,0.0,1.069,0.713,942798043.0,901061.0,942798043.0,901061.0,0.0,0.0,20231026,20231026,101716000,0.891,0.0,0.0,0.883,0.882,0.881,0.88,0.879,0.878,0.877,0.876,0.875,0.874,0.884,0.885,0.886,0.887,0.888,0.889,0.89,0.891,0.892,0.893,25788834.0,52159500.0,61489900.0,93206900.0,21846800.0,22332900.0,12730700.0,13289200.0,12396200.0,7399600.0,1294900.0,25652200.0,29645100.0,15916913.0,16495115.0,13611362.0,21219152.0,11525100.0,12840700.0,7249600.0
20231026101719000,SSE,SSE.ETF.588000,0.883,0.885,0.889,0.882,0.0,1.069,0.713,943044137.0,246094.0,943044137.0,246094.0,0.0,0.0,20231026,20231026,101719000,0.891,0.0,0.0,0.883,0.882,0.881,0.88,0.879,0.878,0.877,0.876,0.875,0.874,0.884,0.885,0.886,0.887,0.888,0.889,0.89,0.891,0.892,0.893,25619634.0,52180700.0,62023200.0,93211900.0,21846800.0,22332900.0,12730700.0,13289200.0,12396200.0,7399600.0,2446300.0,25653600.0,29847000.0,15616913.0,16495115.0,13611362.0,21219152.0,11525100.0,12840700.0,7249600.0
20231026101722000,SSE,SSE.ETF.588000,0.884,0.885,0.889,0.882,0.0,1.069,0.713,943414483.0,370346.0,943414483.0,370346.0,0.0,0.0,20231026,20231026,101722000,0.891,0.0,0.0,0.883,0.882,0.881,0.88,0.879,0.878,0.877,0.876,0.875,0.874,0.884,0.885,0.886,0.887,0.888,0.889,0.89,0.891,0.892,0.893,25169834.0,52601500.0,62523200.0,93240400.0,21846800.0,22333100.0,12730700.0,13289200.0,12396200.0,7399600.0,2654900.0,26346400.0,29825600.0,15366913.0,16495115.0,13611362.0,21219152.0,11525100.0,12840700.0,7249600.0
20231026101725000,SSE,SSE.ETF.588000,0.884,0.885,0.889,0.882,0.0,1.069,0.713,943749972.0,335489.0,943749972.0,335489.0,0.0,0.0,20231026,20231026,101725000,0.891,0.0,0.0,0.883,0.882,0.881,0.88,0.879,0.878,0.877,0.876,0.875,0.874,0.884,0.885,0.886,0.887,0.888,0.889,0.89,0.891,0.892,0.893,26099934.0,52160800.0,62293200.0,93171200.0,21846800.0,22333100.0,12730700.0,13289200.0,12396200.0,7399600.0,4887600.0,26116600.0,30075600.0,15666913.0,16495115.0,13611362.0,21305052.0,11525100.0,12840700.0,7249600.0
20231026101728000,SSE,SSE.ETF.588000,0.883,0.885,0.889,0.882,0.0,1.069,0.713,943875745.0,125773.0,943875745.0,125773.0,0.0,0.0,20231026,20231026,101728000,0.891,0.0,0.0,0.883,0.882,0.881,0.88,0.879,0.878,0.877,0.876,0.875,0.874,0.884,0.885,0.886,0.887,0.888,0.889,0.89,0.891,0.892,0.893,26448834.0,52210900.0,62307600.0,93166700.0,21846800.0,22333100.0,12730700.0,13319200.0,12396200.0,7399600.0,5133800.0,26883000.0,30075600.0,15689613.0,16495115.0,13441362.0,21305052.0,11525100.0,12940700.0,7249600.0
20231026101731000,SSE,SSE.ETF.588000,0.884,0.885,0.889,0.882,0.0,1.069,0.713,944073673.0,197928.0,944073673.0,197928.0,0.0,0.0,20231026,20231026,101731000,0.891,0.0,0.0,0.883,0.882,0.881,0.88,0.879,0.878,0.877,0.876,0.875,0.874,0.884,0.885,0.886,0.887,0.888,0.889,0.89,0.891,0.892,0.893,26531634.0,52258900.0,61889600.0,93158100.0,21846800.0,22354000.0,12730700.0,13319200.0,12396200.0,7399600.0,5745800.0,26753000.0,29595600.0,15989613.0,16495115.0,13441362.0,21305052.0,11525100.0,12940700.0,7249600.0
20231026101734000,SSE,SSE.ETF.588000,0.884,0.885,0.889,0.882,0.0,1.069,0.713,944368012.0,294339.0,944368012.0,294339.0,0.0,0.0,20231026,20231026,101734000,0.891,0.0,0.0,0.883,0.882,0.881,0.88,0.879,0.878,0.877,0.876,0.875,0.874,0.884,0.885,0.886,0.887,0.888,0.889,0.89,0.891,0.892,0.893,27266134.0,52437200.0,62959100.0,93164100.0,21846800.0,22354300.0,12730700.0,13319200.0,12396200.0,7399600.0,5501100.0,27353200.0,29288600.0,15989613.0,16495115.0,13441362.0,21305052.0,11525100.0,12940700.0,7249600.0
20231026101737000,SSE,SSE.ETF.588000,0.883,0.885,0.889,0.882,0.0,1.069,0.713,944407407.0,39395.0,944407407.0,39395.0,0.0,0.0,20231026,20231026,101737000,0.891,0.0,0.0,0.883,0.882,0.881,0.88,0.879,0.878,0.877,0.876,0.875,0.874,0.884,0.885,0.886,0.887,0.888,0.889,0.89,0.891,0.892,0.893,28217234.0,52450300.0,62894100.0,93173500.0,21847300.0,22354300.0,12730700.0,13319200.0,12396200.0,7399600.0,5763500.0,27403700.0,29288600.0,15989613.0,16495115.0,13441362.0,21305052.0,11525100.0,12940700.0,7249600.0
20231026101740000,SSE,SSE.ETF.588000,0.884,0.885,0.889,0.882,0.0,1.069,0.713,944449397.0,41990.0,944449397.0,41990.0,0.0,0.0,20231026,20231026,101740000,0.891,0.0,0.0,0.883,0.882,0.881,0.88,0.879,0.878,0.877,0.876,0.875,0.874,0.884,0.885,0.886,0.887,0.888,0.889,0.89,0.891,0.892,0.893,30358634.0,52484100.0,62661800.0,93172500.0,21847300.0,22354300.0,12730700.0,13319200.0,12396200.0,7399600.0,6133500.0,27939700.0,29288600.0,15989613.0,16515115.0,13441362.0,21305052.0,11525100.0,12940700.0,7249600.0
20231026101743000,SSE,SSE.ETF.588000,0.884,0.885,0.889,0.882,0.0,1.069,0.713,944617014.0,167617.0,944617014.0,167617.0,0.0,0.0,20231026,20231026,101743000,0.891,0.0,0.0,0.883,0.882,0.881,0.88,0.879,0.878,0.877,0.876,0.875,0.874,0.884,0.885,0.886,0.887,0.888,0.889,0.89,0.891,0.892,0.893,30384934.0,52235100.0,62886800.0,93173400.0,21847300.0,22370800.0,12730700.0,13319200.0,12396200.0,7399600.0,5601800.0,28240800.0,29538600.0,15789613.0,16515115.0,13441362.0,21305052.0,11525100.0,12940700.0,7249600.0
20231026101746000,SSE,SSE.ETF.588000,0.884,0.885,0.889,0.882,0.0,1.069,0.713,944723713.0,106699.0,944723713.0,106699.0,0.0,0.0,20231026,20231026,101746000,0.891,0.0,0.0,0.883,0.882,0.881,0.88,0.879,0.878,0.877,0.876,0.875,0.874,0.884,0.885,0.886,0.887,0.888,0.889,0.89,0.891,0.892,0.893,31272334.0,52033400.0,62664700.0,93454400.0,21850300.0,22370800.0,12730700.0,13349200.0,12396200.0,7399600.0,5656600.0,27966300.0,29308600.0,15531313.0,16515115.0,13441362.0,21305052.0,11525100.0,12940700.0,7249600.0
20231026101749000,SSE,SSE.ETF.588000,0.884,0.885,0.889,0.882,0.0,1.069,0.713,944926306.0,202593.0,944926306.0,202593.0,0.0,0.0,20231026,20231026,101749000,0.891,0.0,0.0,0.883,0.882,0.881,0.88,0.879,0.878,0.877,0.876,0.875,0.874,0.884,0.885,0.886,0.887,0.888,0.889,0.89,0.891,0.892,0.893,30451134.0,52533400.0,63145700.0,93528900.0,21861700.0,22370800.0,12730700.0,13349200.0,12397200.0,7399600.0,5847400.0,32796300.0,24788600.0,15781313.0,16515115.0,13441362.0,21305052.0,11525100.0,12940700.0,7249600.0
20231026101752000,SSE,SSE.ETF.588000,0.884,0.885,0.889,0.882,0.0,1.069,0.713,944977755.0,51449.0,944977755.0,51449.0,0.0,0.0,20231026,20231026,101752000,0.891,0.0,0.0,0.883,0.882,0.881,0.88,0.879,0.878,0.877,0.876,0.875,0.874,0.884,0.885,0.886,0.887,0.888,0.889,0.89,0.891,0.892,0.893,30483434.0,52233400.0,63412900.0,93550000.0,21862200.0,22370800.0,12730700.0,13349200.0,12397200.0,7399600.0,7193100.0,32796300.0,25033700.0,15531313.0,16515115.0,13441362.0,21305052.0,11525100.0,12940700.0,7249600.0
20231026101755000,SSE,SSE.ETF.588000,0.884,0.885,0.889,0.882,0.0,1.069,0.713,944980407.0,2652.0,944980407.0,2652.0,0.0,0.0,20231026,20231026,101755000,0.891,0.0,0.0,0.883,0.882,0.881,0.88,0.879,0.878,0.877,0.876,0.875,0.874,0.884,0.885,0.886,0.887,0.888,0.889,0.89,0.891,0.892,0.893,30474034.0,52475400.0,63333000.0,93550000.0,21862200.0,22376800.0,12730700.0,13349200.0,12397200.0,7399600.0,12470800.0,37081200.0,20533700.0,15531313.0,16515115.0,13441362.0,21305052.0,11525100.0,12940700.0,7249600.0
20231026101758000,SSE,SSE.ETF.588000,0.884,0.885,0.889,0.882,0.0,1.069,0.713,945590908.0,610501.0,945590908.0,610501.0,0.0,0.0,20231026,20231026,101758000,0.891,0.0,0.0,0.883,0.882,0.881,0.88,0.879,0.878,0.877,0.876,0.875,0.874,0.884,0.885,0.886,0.887,0.888,0.889,0.89,0.891,0.892,0.893,29791134.0,52499200.0,63251700.0,93640100.0,21862200.0,22376800.0,12730700.0,13349200.0,12397200.0,7399600.0,16347400.0,36904000.0,20263700.0,15531313.0,16520115.0,13441362.0,21305052.0,11525100.0,12940700.0,7249600.0
20231026101801000,SSE,SSE.ETF.588000,0.884,0.885,0.889,0.882,0.0,1.069,0.713,945639527.0,48619.0,945639527.0,48619.0,0.0,0.0,20231026,20231026,101801000,0.891,0.0,0.0,0.883,0.882,0.881,0.88,0.879,0.878,0.877,0.876,0.875,0.874,0.884,0.885,0.886,0.887,0.888,0.889,0.89,0.891,0.892,0.893,29729534.0,52519300.0,63021700.0,93808900.0,21872200.0,22376800.0,12730700.0,13349200.0,12397200.0,7399600.0,16786950.0,36792100.0,20033700.0,15231313.0,16455115.0,13441362.0,21305052.0,11525100.0,12940700.0,7249600.0
20231026101804000,SSE,SSE.ETF.588000,0.884,0.885,0.889,0.882,0.0,1.069,0.713,945757796.0,118269.0,945757796.0,118269.0,0.0,0.0,20231026,20231026,101804000,0.891,0.0,0.0,0.883,0.882,0.881,0.88,0.879,0.878,0.877,0.876,0.875,0.874,0.884,0.885,0.886,0.887,0.888,0.889,0.89,0.891,0.892,0.893,30209934.0,53112500.0,63403800.0,93778900.0,21872200.0,22376800.0,12730700.0,13349200.0,12397200.0,7399600.0,16663950.0,37373100.0,20262600.0,14753513.0,16462415.0,13441362.0,21305052.0,11525100.0,12940700.0,7249600.0
20231026101807000,SSE,SSE.ETF.588000,0.884,0.885,0.889,0.882,0.0,1.069,0.713,945839650.0,81854.0,945839650.0,81854.0,0.0,0.0,20231026,20231026,101807000,0.891,0.0,0.0,0.883,0.882,0.881,0.88,0.879,0.878,0.877,0.876,0.875,0.874,0.884,0.885,0.886,0.887,0.888,0.889,0.89,0.891,0.892,0.893,30366034.0,53150200.0,63402600.0,93779100.0,21847200.0,22376800.0,12758700.0,13349200.0,12397200.0,7399600.0,16856850.0,37413100.0,20262600.0,14753513.0,16542415.0,13441362.0,21305052.0,11525100.0,12940700.0,7249600.0
20231026101810000,SSE,SSE.ETF.588000,0.884,0.885,0.889,0.882,0.0,1.069,0.713,946826275.0,986625.0,946826275.0,986625.0,0.0,0.0,20231026,20231026,101810000,0.891,0.0,0.0,0.883,0.882,0.881,0.88,0.879,0.878,0.877,0.876,0.875,0.874,0.884,0.885,0.886,0.887,0.888,0.889,0.89,0.891,0.892,0.893,30550934.0,53170200.0,62902600.0,93787800.0,21847200.0,22376800.0,12758700.0,13349200.0,12397200.0,7399600.0,9458650.0,37374100.0,20532600.0,14753513.0,16571515.0,13441362.0,21305052.0,11525100.0,12940700.0,7249600.0
20231026101813000,SSE,SSE.ETF.588000,0.883,0.885,0.889,0.882,0.0,1.069,0.713,947602604.0,776329.0,947602604.0,776329.0,0.0,0.0,20231026,20231026,101813000,0.891,0.0,0.0,0.883,0.882,0.881,0.88,0.879,0.878,0.877,0.876,0.875,0.874,0.884,0.885,0.886,0.887,0.888,0.889,0.89,0.891,0.892,0.893,31167334.0,53073800.0,62911500.0,93813800.0,21847200.0,22351800.0,12758700.0,13349200.0,12397200.0,7399600.0,5104850.0,25093000.0,24732600.0,15053513.0,16571515.0,13441362.0,21305052.0,11525100.0,12940700.0,7249600.0
20231026101816000,SSE,SSE.ETF.588000,0.884,0.885,0.889,0.882,0.0,1.069,0.713,948411641.0,809037.0,948411641.0,809037.0,0.0,0.0,20231026,20231026,101816000,0.891,0.0,0.0,0.883,0.882,0.881,0.88,0.879,0.878,0.877,0.876,0.875,0.874,0.884,0.885,0.886,0.887,0.888,0.889,0.89,0.891,0.892,0.893,31118634.0,53170800.0,62612500.0,93822800.0,21847200.0,22351800.0,12758700.0,13349200.0,12397200.0,7399600.0,2315050.0,24565200.0,25514800.0,15053513.0,16571515.0,13441362.0,21305052.0,11525100.0,12940700.0,7249600.0
20231026101819000,SSE,SSE.ETF.588000,0.884,0.885,0.889,0.882,0.0,1.069,0.713,948613554.0,201913.0,948613554.0,201913.0,0.0,0.0,20231026,20231026,101819000,0.891,0.0,0.0,0.883,0.882,0.881,0.88,0.879,0.878,0.877,0.876,0.875,0.874,0.884,0.885,0.886,0.887,0.888,0.889,0.89,0.891,0.892,0.893,31370034.0,53168400.0,62612500.0,93568000.0,21847200.0,22362900.0,12758700.0,13349200.0,12367700.0,7399600.0,2242850.0,24865200.0,25514800.0,15503513.0,16571515.0,13441362.0,21305052.0,11525100.0,12940700.0,7249600.0
20231026101822000,SSE,SSE.ETF.588000,0.884,0.885,0.889,0.882,0.0,1.069,0.713,948702036.0,88482.0,948702036.0,88482.0,0.0,0.0,20231026,20231026,101822000,0.891,0.0,0.0,0.883,0.882,0.881,0.88,0.879,0.878,0.877,0.876,0.875,0.874,0.884,0.885,0.886,0.887,0.888,0.889,0.89,0.891,0.892,0.893,31683234.0,53488300.0,62669400.0,94027900.0,21847200.0,22362900.0,12758700.0,13349200.0,12367700.0,7399600.0,2398950.0,24925200.0,25514800.0,15253513.0,16576515.0,13441362.0,21305052.0,11544100.0,12940700.0,7249600.0
20231026101825000,SSE,SSE.ETF.588000,0.884,0.885,0.889,0.882,0.0,1.069,0.713,948906401.0,204365.0,948906401.0,204365.0,0.0,0.0,20231026,20231026,101825000,0.891,0.0,0.0,0.883,0.882,0.881,0.88,0.879,0.878,0.877,0.876,0.875,0.874,0.884,0.885,0.886,0.887,0.888,0.889,0.89,0.891,0.892,0.893,31668434.0,53567400.0,62669400.0,93834900.0,21847200.0,22364900.0,12758700.0,13349200.0,12367700.0,7399600.0,1981350.0,24986100.0,25514800.0,15253513.0,16576515.0,13459362.0,21305052.0,11524100.0,12940700.0,7249600.0
20231026101828000,SSE,SSE.ETF.588000,0.883,0.885,0.889,0.882,0.0,1.069,0.713,950140378.0,1233977.0,950140378.0,1233977.0,0.0,0.0,20231026,20231026,101828000,0.891,0.0,0.0,0.883,0.882,0.881,0.88,0.879,0.878,0.877,0.876,0.875,0.874,0.884,0.885,0.886,0.887,0.888,0.889,0.89,0.891,0.892,0.893,30691934.0,53600700.0,62509400.0,93840200.0,21847200.0,22364900.0,12758700.0,13349200.0,12367700.0,7399600.0,1941050.0,24987200.0,25284800.0,15503513.0,16596515.0,13459362.0,21305052.0,11524100.0,12940700.0,7249600.0
20231026101831000,SSE,SSE.ETF.588000,0.884,0.885,0.889,0.882,0.0,1.069,0.713,950215948.0,75570.0,950215948.0,75570.0,0.0,0.0,20231026,20231026,101831000,0.891,0.0,0.0,0.883,0.882,0.881,0.88,0.879,0.878,0.877,0.876,0.875,0.874,0.884,0.885,0.886,0.887,0.888,0.889,0.89,0.891,0.892,0.893,30456534.0,53583000.0,62739900.0,94101700.0,21847200.0,22362900.0,12758700.0,13349200.0,12367700.0,7399600.0,2488450.0,25183500.0,25229600.0,15253513.0,16596515.0,13479362.0,21305052.0,11524100.0,12940700.0,7249600.0
20231026101834000,SSE,SSE.ETF.588000,0.884,0.885,0.889,0.882,0.0,1.069,0.713,950240347.0,24399.0,950240347.0,24399.0,0.0,0.0,20231026,20231026,101834000,0.891,0.0,0.0,0.883,0.882,0.881,0.88,0.879,0.878,0.877,0.876,0.875,0.874,0.884,0.885,0.886,0.887,0.888,0.889,0.89,0.891,0.892,0.893,31086034.0,53465600.0,62738400.0,93863500.0,21848200.0,22376300.0,12758700.0,13349200.0,12367700.0,7399600.0,2210850.0,25413500.0,25229600.0,15253513.0,16596515.0,13479362.0,21325052.0,11524100.0,12960700.0,7257600.0
20231026101837000,SSE,SSE.ETF.588000,0.883,0.885,0.889,0.882,0.0,1.069,0.713,950250601.0,10254.0,950250601.0,10254.0,0.0,0.0,20231026,20231026,101837000,0.891,0.0,0.0,0.883,0.882,0.881,0.88,0.879,0.878,0.877,0.876,0.875,0.874,0.884,0.885,0.886,0.887,0.888,0.889,0.89,0.891,0.892,0.893,31085434.0,53250400.0,62739400.0,93858300.0,21848200.0,22376300.0,12758700.0,13349200.0,12367700.0,7399600.0,2278550.0,24904400.0,25511800.0,15198513.0,16596515.0,13479362.0,21325052.0,11524100.0,12986800.0,7257600.0
20231026101840000,SSE,SSE.ETF.588000,0.883,0.885,0.889,0.882,0.0,1.069,0.713,950777253.0,526652.0,950777253.0,526652.0,0.0,0.0,20231026,20231026,101840000,0.891,0.0,0.0,0.883,0.882,0.881,0.88,0.879,0.878,0.877,0.876,0.875,0.874,0.884,0.885,0.886,0.887,0.888,0.889,0.89,0.891,0.892,0.893,30368234.0,53241800.0,63349100.0,94064500.0,21848200.0,22376300.0,12758700.0,13349200.0,12367700.0,7399600.0,2498250.0,24904400.0,25511800.0,15198513.0,16746515.0,13479362.0,21325052.0,11544100.0,12986800.0,7257600.0
