time,exchg,code,price,open,high,low,settle_price,upper_limit,lower_limit,total_volume,volume,total_turnover,turnover,open_interest,diff_interest,trading_date,action_date,action_time,pre_close,pre_settle,pre_interest,bid_price_0,bid_price_1,bid_price_2,bid_price_3,bid_price_4,bid_price_5,bid_price_6,bid_price_7,bid_price_8,bid_price_9,ask_price_0,ask_price_1,ask_price_2,ask_price_3,ask_price_4,ask_price_5,ask_price_6,ask_price_7,ask_price_8,ask_price_9,bid_qty_0,bid_qty_1,bid_qty_2,bid_qty_3,bid_qty_4,bid_qty_5,bid_qty_6,bid_qty_7,bid_qty_8,bid_qty_9,ask_qty_0,ask_qty_1,ask_qty_2,ask_qty_3,ask_qty_4,ask_qty_5,ask_qty_6,ask_qty_7,ask_qty_8,ask_qty_9
20231026093651000,SSE,SSE.ETF.510050,2.465,2.452,2.469,2.45,0.0,2.707,2.215,162685793.0,133111.0,162685793.0,133111.0,0.0,0.0,20231026,20231026,93651000,2.461,0.0,0.0,2.465,2.464,2.463,2.462,2.461,2.46,2.459,2.458,2.457,2.456,2.466,2.467,2.468,2.469,2.47,2.471,2.472,2.473,2.474,2.475,48000.0,2237600.0,3554600.0,3374500.0,961400.0,1267700.0,572000.0,248300.0,105700.0,178900.0,2781600.0,2188600.0,4583200.0,1987800.0,2899400.0,743600.0,859200.0,1687400.0,200500.0,1101000.0
20231026093654000,SSE,SSE.ETF.510050,2.465,2.452,2.469,2.45,0.0,2.707,2.215,163300171.0,614378.0,163300171.0,614378.0,0.0,0.0,20231026,20231026,93654000,2.461,0.0,0.0,2.465,2.464,2.463,2.462,2.461,2.46,2.459,2.458,2.457,2.456,2.466,2.467,2.468,2.469,2.47,2.471,2.472,2.473,2.474,2.475,50000.0,2639300.0,3554600.0,3375500.0,890100.0,1348900.0,572000.0,248300.0,105700.0,178900.0,1829100.0,2188600.0,3824200.0,3068900.0,2598400.0,666700.0,859200.0,1687400.0,420500.0,1101000.0
20231026093657000,SSE,SSE.ETF.510050,2.465,2.452,2.469,2.45,0.0,2.707,2.215,163555052.0,254881.0,163555052.0,254881.0,0.0,0.0,20231026,20231026,93657000,2.461,0.0,0.0,2.465,2.464,2.463,2.462,2.461,2.46,2.459,2.458,2.457,2.456,2.466,2.467,2.468,2.469,2.47,2.471,2.472,2.473,2.474,2.475,896600.0,1731300.0,3565100.0,3394700.0,890100.0,1349900.0,862700.0,248300.0,105700.0,178900.0,2148200.0,2153700.0,4524300.0,2072900.0,2598900.0,666700.0,859200.0,1687400.0,200500.0,1101000.0
20231026093700000,SSE,SSE.ETF.510050,2.465,2.452,2.469,2.45,0.0,2.707,2.215,164944086.0,1389034.0,164944086.0,1389034.0,0.0,0.0,20231026,20231026,93700000,2.461,0.0,0.0,2.465,2.464,2.463,2.462,2.461,2.46,2.459,2.458,2.457,2.456,2.466,2.467,2.468,2.469,2.47,2.471,2.472,2.473,2.474,2.475,165200.0,1243700.0,2167700.0,3095100.0,2821400.0,1287100.0,862700.0,248300.0,105700.0,178900.0,2965700.0,2353700.0,5148300.0,1541900.0,2679900.0,666700.0,709200.0,1687400.0,200500.0,1101000.0
20231026093703000,SSE,SSE.ETF.510050,2.465,2.452,2.469,2.45,0.0,2.707,2.215,165015817.0,71731.0,165015817.0,71731.0,0.0,0.0,20231026,20231026,93703000,2.461,0.0,0.0,2.464,2.463,2.462,2.461,2.46,2.459,2.458,2.457,2.456,2.455,2.465,2.466,2.467,2.468,2.469,2.47,2.471,2.472,2.473,2.474,1680300.0,2079700.0,3332000.0,2871300.0,1368500.0,862700.0,468300.0,105700.0,178900.0,668500.0,276200.0,2166200.0,2281800.0,5063300.0,1627100.0,2805900.0,772300.0,710200.0,1687400.0,200500.0
20231026093706000,SSE,SSE.ETF.510050,2.465,2.452,2.469,2.45,0.0,2.707,2.215,165157062.0,141245.0,165157062.0,141245.0,0.0,0.0,20231026,20231026,93706000,2.461,0.0,0.0,2.464,2.463,2.462,2.461,2.46,2.459,2.458,2.457,2.456,2.455,2.465,2.466,2.467,2.468,2.469,2.47,2.471,2.472,2.473,2.474,1639600.0,2113400.0,3030000.0,2882600.0,1540300.0,782700.0,548300.0,110500.0,178900.0,668500.0,1265700.0,2512200.0,2569800.0,3725900.0,1807400.0,2583600.0,682300.0,710200.0,1687400.0,200500.0
20231026093709000,SSE,SSE.ETF.510050,2.465,2.452,2.469,2.45,0.0,2.707,2.215,165243805.0,86743.0,165243805.0,86743.0,0.0,0.0,20231026,20231026,93709000,2.461,0.0,0.0,2.464,2.463,2.462,2.461,2.46,2.459,2.458,2.457,2.456,2.455,2.465,2.466,2.467,2.468,2.469,2.47,2.471,2.472,2.473,2.474,1614700.0,1213400.0,3840000.0,2972600.0,1540800.0,782700.0,548300.0,110500.0,178900.0,668500.0,1267500.0,2519400.0,2569800.0,3726100.0,1897400.0,2414200.0,682300.0,710200.0,1687400.0,200500.0
20231026093712000,SSE,SSE.ETF.510050,2.464,2.452,2.469,2.45,0.0,2.707,2.215,165499576.0,255771.0,165499576.0,255771.0,0.0,0.0,20231026,20231026,93712000,2.461,0.0,0.0,2.464,2.463,2.462,2.461,2.46,2.459,2.458,2.457,2.456,2.455,2.465,2.466,2.467,2.468,2.469,2.47,2.471,2.472,2.473,2.474,911000.0,1065000.0,2444400.0,2923900.0,1650300.0,883200.0,839000.0,110500.0,180900.0,668500.0,1673200.0,2522800.0,3571800.0,2528600.0,1897400.0,2420600.0,532300.0,707800.0,1702400.0,200500.0
20231026093715000,SSE,SSE.ETF.510050,2.464,2.452,2.469,2.45,0.0,2.707,2.215,166578979.0,1079403.0,166578979.0,1079403.0,0.0,0.0,20231026,20231026,93715000,2.461,0.0,0.0,2.464,2.463,2.462,2.461,2.46,2.459,2.458,2.457,2.456,2.455,2.465,2.466,2.467,2.468,2.469,2.47,2.471,2.472,2.473,2.474,891900.0,375100.0,2837100.0,3063900.0,1830300.0,883200.0,839000.0,110500.0,180900.0,668500.0,1689200.0,2396600.0,3851200.0,2079500.0,1907400.0,2420600.0,532300.0,487800.0,1702400.0,200500.0
20231026093718000,SSE,SSE.ETF.510050,2.464,2.452,2.469,2.45,0.0,2.707,2.215,167971386.0,1392407.0,167971386.0,1392407.0,0.0,0.0,20231026,20231026,93718000,2.461,0.0,0.0,2.464,2.463,2.462,2.461,2.46,2.459,2.458,2.457,2.456,2.455,2.465,2.466,2.467,2.468,2.469,2.47,2.471,2.472,2.473,2.474,900.0,746800.0,2796400.0,2944900.0,3390300.0,1024000.0,939000.0,110500.0,180900.0,673500.0,2371700.0,2546000.0,3871100.0,2128900.0,1897400.0,2368400.0,532300.0,707800.0,1702400.0,205500.0
20231026093745000,SSE,SSE.ETF.510050,2.464,2.452,2.469,2.45,0.0,2.707,2.215,173029974.0,200771.0,173029974.0,200771.0,0.0,0.0,20231026,20231026,93745000,2.461,0.0,0.0,2.463,2.462,2.461,2.46,2.459,2.458,2.457,2.456,2.455,2.454,2.464,2.465,2.466,2.467,2.468,2.469,2.47,2.471,2.472,2.473,2361300.0,2362800.0,2553900.0,1702800.0,1443000.0,964000.0,110500.0,198700.0,753500.0,148700.0,348400.0,1045800.0,3262900.0,2293300.0,2242000.0,1603500.0,2287200.0,533900.0,714100.0,1503700.0
20231026093748000,SSE,SSE.ETF.510050,2.463,2.452,2.469,2.45,0.0,2.707,2.215,173094751.0,64777.0,173094751.0,64777.0,0.0,0.0,20231026,20231026,93748000,2.461,0.0,0.0,2.463,2.462,2.461,2.46,2.459,2.458,2.457,2.456,2.455,2.454,2.464,2.465,2.466,2.467,2.468,2.469,2.47,2.471,2.472,2.473,1146700.0,2806300.0,2761900.0,1502800.0,1453000.0,964000.0,110500.0,198700.0,753500.0,148700.0,899300.0,2845800.0,2603700.0,2293300.0,2212000.0,1562900.0,2287200.0,533900.0,714100.0,1503700.0
20231026093751000,SSE,SSE.ETF.510050,2.463,2.452,2.469,2.45,0.0,2.707,2.215,173241053.0,146302.0,173241053.0,146302.0,0.0,0.0,20231026,20231026,93751000,2.461,0.0,0.0,2.463,2.462,2.461,2.46,2.459,2.458,2.457,2.456,2.455,2.454,2.464,2.465,2.466,2.467,2.468,2.469,2.47,2.471,2.472,2.473,1890300.0,2767600.0,2701900.0,1791900.0,1453000.0,964000.0,210500.0,198700.0,753500.0,148700.0,1254900.0,1950800.0,3991700.0,881300.0,2219700.0,1562900.0,2287200.0,533900.0,494100.0,1503700.0
20231026093754000,SSE,SSE.ETF.510050,2.463,2.452,2.469,2.45,0.0,2.707,2.215,173673434.0,432381.0,173673434.0,432381.0,0.0,0.0,20231026,20231026,93754000,2.461,0.0,0.0,2.463,2.462,2.461,2.46,2.459,2.458,2.457,2.456,2.455,2.454,2.464,2.465,2.466,2.467,2.468,2.469,2.47,2.471,2.472,2.473,2897200.0,3305500.0,2688500.0,1554000.0,1303000.0,1064000.0,110500.0,198700.0,753500.0,148700.0,381200.0,1050800.0,3308900.0,3793300.0,1989700.0,1562900.0,2287200.0,618100.0,714600.0,1503700.0
20231026093757000,SSE,SSE.ETF.510050,2.464,2.452,2.469,2.45,0.0,2.707,2.215,174760549.0,1087115.0,174760549.0,1087115.0,0.0,0.0,20231026,20231026,93757000,2.461,0.0,0.0,2.464,2.463,2.462,2.461,2.46,2.459,2.458,2.457,2.456,2.455,2.465,2.466,2.467,2.468,2.469,2.47,2.471,2.472,2.473,2.474,433400.0,3373600.0,3224300.0,2599200.0,1732000.0,1213000.0,553300.0,110500.0,202900.0,753500.0,781800.0,2408900.0,4211300.0,3179700.0,1603500.0,2067200.0,618100.0,714600.0,1503700.0,426800.0
20231026093800000,SSE,SSE.ETF.510050,2.464,2.452,2.469,2.45,0.0,2.707,2.215,175295104.0,534555.0,175295104.0,534555.0,0.0,0.0,20231026,20231026,93800000,2.461,0.0,0.0,2.464,2.463,2.462,2.461,2.46,2.459,2.458,2.457,2.456,2.455,2.465,2.466,2.467,2.468,2.469,2.47,2.471,2.472,2.473,2.474,3710700.0,1762900.0,2972400.0,1181500.0,1430800.0,1141200.0,453300.0,110500.0,202900.0,673500.0,240200.0,1157400.0,3390700.0,4042500.0,2689700.0,2193800.0,618100.0,874600.0,1503700.0,426800.0
20231026093954000,SSE,SSE.ETF.510050,2.464,2.452,2.469,2.45,0.0,2.707,2.215,190949520.0,68748.0,190949520.0,68748.0,0.0,0.0,20231026,20231026,93954000,2.461,0.0,0.0,2.464,2.463,2.462,2.461,2.46,2.459,2.458,2.457,2.456,2.455,2.465,2.466,2.467,2.468,2.469,2.47,2.471,2.472,2.473,2.474,1164200.0,2750700.0,4746900.0,2650300.0,1828800.0,1100800.0,993500.0,132800.0,204900.0,225800.0,1998400.0,3934600.0,3639800.0,2273300.0,1803000.0,2521300.0,599300.0,727300.0,1503700.0,229200.0
20231026093957000,SSE,SSE.ETF.510050,2.464,2.452,2.469,2.45,0.0,2.707,2.215,191005946.0,56426.0,191005946.0,56426.0,0.0,0.0,20231026,20231026,93957000,2.461,0.0,0.0,2.464,2.463,2.462,2.461,2.46,2.459,2.458,2.457,2.456,2.455,2.465,2.466,2.467,2.468,2.469,2.47,2.471,2.472,2.473,2.474,1137300.0,2062700.0,5256900.0,2908300.0,1822800.0,1100800.0,993500.0,132800.0,204900.0,225800.0,3078300.0,2814800.0,3839800.0,2415300.0,2043000.0,2441300.0,599300.0,509300.0,1503700.0,229200.0
20231026094000000,SSE,SSE.ETF.510050,2.465,2.452,2.469,2.45,0.0,2.707,2.215,191034042.0,28096.0,191034042.0,28096.0,0.0,0.0,20231026,20231026,94000000,2.461,0.0,0.0,2.464,2.463,2.462,2.461,2.46,2.459,2.458,2.457,2.456,2.455,2.465,2.466,2.467,2.468,2.469,2.47,2.471,2.472,2.473,2.474,1131900.0,1455000.0,5164900.0,2908300.0,1766600.0,1100800.0,993500.0,132800.0,204900.0,225800.0,4020200.0,3934100.0,3887200.0,2185300.0,2043000.0,2462300.0,607300.0,509300.0,1503700.0,229200.0
20231026094003000,SSE,SSE.ETF.510050,2.465,2.452,2.469,2.45,0.0,2.707,2.215,191116832.0,82790.0,191116832.0,82790.0,0.0,0.0,20231026,20231026,94003000,2.461,0.0,0.0,2.464,2.463,2.462,2.461,2.46,2.459,2.458,2.457,2.456,2.455,2.465,2.466,2.467,2.468,2.469,2.47,2.471,2.472,2.473,2.474,1548300.0,4845600.0,2964900.0,1288300.0,1866600.0,1100800.0,993500.0,132800.0,204900.0,225800.0,2526200.0,4452300.0,3575800.0,2218300.0,2033000.0,2382300.0,607300.0,729300.0,1503700.0,229200.0
20231026094542000,SSE,SSE.ETF.510050,2.464,2.452,2.469,2.45,0.0,2.707,2.215,274756908.0,369353.0,274756908.0,369353.0,0.0,0.0,20231026,20231026,94542000,2.461,0.0,0.0,2.463,2.462,2.461,2.46,2.459,2.458,2.457,2.456,2.455,2.454,2.464,2.465,2.466,2.467,2.468,2.469,2.47,2.471,2.472,2.473,4775400.0,3289200.0,3190100.0,1959800.0,1566200.0,873800.0,149800.0,210900.0,349200.0,153700.0,329900.0,1704200.0,5594400.0,3548900.0,1191300.0,1881400.0,2421100.0,573400.0,934200.0,741300.0
20231026094545000,SSE,SSE.ETF.510050,2.464,2.452,2.469,2.45,0.0,2.707,2.215,274758880.0,1972.0,274758880.0,1972.0,0.0,0.0,20231026,20231026,94545000,2.461,0.0,0.0,2.463,2.462,2.461,2.46,2.459,2.458,2.457,2.456,2.455,2.454,2.464,2.465,2.466,2.467,2.468,2.469,2.47,2.471,2.472,2.473,3575400.0,4348700.0,3380100.0,1959800.0,1566200.0,873800.0,149800.0,210900.0,349200.0,227300.0,414300.0,2881700.0,5593500.0,3238900.0,1191300.0,1881400.0,2421100.0,573400.0,934200.0,741300.0
20231026094548000,SSE,SSE.ETF.510050,2.464,2.452,2.469,2.45,0.0,2.707,2.215,275876054.0,1117174.0,275876054.0,1117174.0,0.0,0.0,20231026,20231026,94548000,2.461,0.0,0.0,2.463,2.462,2.461,2.46,2.459,2.458,2.457,2.456,2.455,2.454,2.464,2.465,2.466,2.467,2.468,2.469,2.47,2.471,2.472,2.473,6022100.0,3201000.0,1462100.0,1959800.0,1416200.0,873800.0,149800.0,210900.0,349200.0,227300.0,252800.0,1279800.0,5587500.0,3720900.0,1103300.0,1881400.0,2416100.0,573400.0,934200.0,741300.0
20231026094551000,SSE,SSE.ETF.510050,2.463,2.452,2.469,2.45,0.0,2.707,2.215,276290481.0,414427.0,276290481.0,414427.0,0.0,0.0,20231026,20231026,94551000,2.461,0.0,0.0,2.463,2.462,2.461,2.46,2.459,2.458,2.457,2.456,2.455,2.454,2.464,2.465,2.466,2.467,2.468,2.469,2.47,2.471,2.472,2.473,4964900.0,3201000.0,2810200.0,2155800.0,1607000.0,873800.0,149800.0,210900.0,349200.0,227300.0,308000.0,2287900.0,5665500.0,3953900.0,1193300.0,1811600.0,2416100.0,573400.0,934200.0,741300.0
20231026094554000,SSE,SSE.ETF.510050,2.464,2.452,2.469,2.45,0.0,2.707,2.215,276408212.0,117731.0,276408212.0,117731.0,0.0,0.0,20231026,20231026,94554000,2.461,0.0,0.0,2.463,2.462,2.461,2.46,2.459,2.458,2.457,2.456,2.455,2.454,2.464,2.465,2.466,2.467,2.468,2.469,2.47,2.471,2.472,2.473,5852300.0,3310300.0,3100900.0,2155800.0,1416200.0,583100.0,149800.0,210900.0,349200.0,227300.0,567400.0,2155200.0,5519300.0,3803900.0,1152700.0,1811600.0,2571100.0,573400.0,934200.0,741300.0
20231026094557000,SSE,SSE.ETF.510050,2.464,2.452,2.469,2.45,0.0,2.707,2.215,277548793.0,1140581.0,277548793.0,1140581.0,0.0,0.0,20231026,20231026,94557000,2.461,0.0,0.0,2.463,2.462,2.461,2.46,2.459,2.458,2.457,2.456,2.455,2.454,2.464,2.465,2.466,2.467,2.468,2.469,2.47,2.471,2.472,2.473,6199000.0,3401000.0,3100900.0,1951800.0,1416200.0,583100.0,159800.0,210900.0,349200.0,227300.0,199600.0,1105400.0,4019300.0,5103900.0,1393300.0,1811600.0,2420100.0,573400.0,934200.0,741300.0
20231026094600000,SSE,SSE.ETF.510050,2.464,2.452,2.469,2.45,0.0,2.707,2.215,278491766.0,942973.0,278491766.0,942973.0,0.0,0.0,20231026,20231026,94600000,2.461,0.0,0.0,2.464,2.463,2.462,2.461,2.46,2.459,2.458,2.457,2.456,2.455,2.465,2.466,2.467,2.468,2.469,2.47,2.471,2.472,2.473,2.474,1873100.0,5734700.0,3770200.0,1570900.0,1861800.0,1416200.0,335900.0,159800.0,205900.0,349200.0,658200.0,3365700.0,4274500.0,3963300.0,2131600.0,2350100.0,573400.0,934200.0,741300.0,446400.0
20231026094603000,SSE,SSE.ETF.510050,2.464,2.452,2.469,2.45,0.0,2.707,2.215,279271376.0,779610.0,279271376.0,779610.0,0.0,0.0,20231026,20231026,94603000,2.461,0.0,0.0,2.464,2.463,2.462,2.461,2.46,2.459,2.458,2.457,2.456,2.455,2.465,2.466,2.467,2.468,2.469,2.47,2.471,2.472,2.473,2.474,5950500.0,4150800.0,4130900.0,1568000.0,1791900.0,772300.0,335900.0,159800.0,205900.0,349200.0,612600.0,2453600.0,4853400.0,2855300.0,2209600.0,2654700.0,723400.0,934200.0,741300.0,446400.0
20231026094909000,SSE,SSE.ETF.510050,2.463,2.452,2.469,2.45,0.0,2.707,2.215,297261662.0,0.0,297261662.0,0.0,0.0,0.0,20231026,20231026,94909000,2.461,0.0,0.0,2.462,2.461,2.46,2.459,2.458,2.457,2.456,2.455,2.454,2.453,2.463,2.464,2.465,2.466,2.467,2.468,2.469,2.47,2.471,2.472,1363500.0,4859200.0,4232300.0,1641700.0,2005300.0,1968000.0,436900.0,353100.0,230300.0,306800.0,132800.0,4475700.0,5002500.0,1764000.0,1394000.0,1591500.0,1404400.0,2703000.0,595300.0,540800.0
20231026094912000,SSE,SSE.ETF.510050,2.462,2.452,2.469,2.45,0.0,2.707,2.215,297901782.0,640120.0,297901782.0,640120.0,0.0,0.0,20231026,20231026,94912000,2.461,0.0,0.0,2.462,2.461,2.46,2.459,2.458,2.457,2.456,2.455,2.454,2.453,2.463,2.464,2.465,2.466,2.467,2.468,2.469,2.47,2.471,2.472,1103500.0,4549200.0,4232300.0,1951700.0,2020000.0,1968000.0,436900.0,553100.0,230300.0,306800.0,1679500.0,4019300.0,4692500.0,1764000.0,1394000.0,1591500.0,1404400.0,2708000.0,595300.0,540800.0
20231026094915000,SSE,SSE.ETF.510050,2.462,2.452,2.469,2.45,0.0,2.707,2.215,298218888.0,317106.0,298218888.0,317106.0,0.0,0.0,20231026,20231026,94915000,2.461,0.0,0.0,2.461,2.46,2.459,2.458,2.457,2.456,2.455,2.454,2.453,2.452,2.462,2.463,2.464,2.465,2.466,2.467,2.468,2.469,2.47,2.471,3890300.0,4412300.0,3226000.0,1779200.0,2168000.0,727600.0,553100.0,230300.0,306800.0,280500.0,28900.0,2746200.0,3951800.0,2542500.0,1764000.0,1489000.0,1591500.0,1404400.0,2708000.0,595300.0
20231026094918000,SSE,SSE.ETF.510050,2.462,2.452,2.469,2.45,0.0,2.707,2.215,298219626.0,738.0,298219626.0,738.0,0.0,0.0,20231026,20231026,94918000,2.461,0.0,0.0,2.461,2.46,2.459,2.458,2.457,2.456,2.455,2.454,2.453,2.452,2.462,2.463,2.464,2.465,2.466,2.467,2.468,2.469,2.47,2.471,2041900.0,5692600.0,3147900.0,1571400.0,2521400.0,727600.0,663100.0,230300.0,306800.0,280500.0,88700.0,4923800.0,3183900.0,1783800.0,2024200.0,1086000.0,1395300.0,1404400.0,2708000.0,595300.0
20231026094921000,SSE,SSE.ETF.510050,2.462,2.452,2.469,2.45,0.0,2.707,2.215,298232182.0,12556.0,298232182.0,12556.0,0.0,0.0,20231026,20231026,94921000,2.461,0.0,0.0,2.461,2.46,2.459,2.458,2.457,2.456,2.455,2.454,2.453,2.452,2.462,2.463,2.464,2.465,2.466,2.467,2.468,2.469,2.47,2.471,2041900.0,5382600.0,3235900.0,1696700.0,2601400.0,877600.0,953800.0,230300.0,306800.0,500500.0,1170200.0,4411100.0,3961900.0,971800.0,2024200.0,1006000.0,1395300.0,1404400.0,2708000.0,595300.0
20231026094924000,SSE,SSE.ETF.510050,2.461,2.452,2.469,2.45,0.0,2.707,2.215,298300352.0,68170.0,298300352.0,68170.0,0.0,0.0,20231026,20231026,94924000,2.461,0.0,0.0,2.461,2.46,2.459,2.458,2.457,2.456,2.455,2.454,2.453,2.452,2.462,2.463,2.464,2.465,2.466,2.467,2.468,2.469,2.47,2.471,1022200.0,5983100.0,3235900.0,1746700.0,2601400.0,917600.0,953800.0,230300.0,306800.0,600500.0,1192500.0,4613100.0,3972000.0,971800.0,2102200.0,756000.0,1395300.0,1404400.0,2488000.0,595300.0
20231026094927000,SSE,SSE.ETF.510050,2.462,2.452,2.469,2.45,0.0,2.707,2.215,300966413.0,2666061.0,300966413.0,2666061.0,0.0,0.0,20231026,20231026,94927000,2.461,0.0,0.0,2.461,2.46,2.459,2.458,2.457,2.456,2.455,2.454,2.453,2.452,2.462,2.463,2.464,2.465,2.466,2.467,2.468,2.469,2.47,2.471,479800.0,5984100.0,3235900.0,1948700.0,2601400.0,1117900.0,953800.0,230300.0,306800.0,600500.0,1476700.0,4346100.0,3372000.0,971800.0,2302500.0,754000.0,1395300.0,1404400.0,2708000.0,395000.0
20231026094930000,SSE,SSE.ETF.510050,2.461,2.452,2.469,2.45,0.0,2.707,2.215,303672529.0,2706116.0,303672529.0,2706116.0,0.0,0.0,20231026,20231026,94930000,2.461,0.0,0.0,2.461,2.46,2.459,2.458,2.457,2.456,2.455,2.454,2.453,2.452,2.462,2.463,2.464,2.465,2.466,2.467,2.468,2.469,2.47,2.471,330000.0,5895500.0,3235900.0,1639500.0,2519900.0,1199400.0,673100.0,230300.0,306800.0,600500.0,639600.0,3369400.0,3682000.0,1953000.0,2221300.0,759100.0,1395300.0,1404400.0,2708000.0,395000.0
20231026094933000,SSE,SSE.ETF.510050,2.461,2.452,2.469,2.45,0.0,2.707,2.215,303819699.0,147170.0,303819699.0,147170.0,0.0,0.0,20231026,20231026,94933000,2.461,0.0,0.0,2.46,2.459,2.458,2.457,2.456,2.455,2.454,2.453,2.452,2.451,2.462,2.463,2.464,2.465,2.466,2.467,2.468,2.469,2.47,2.471,5895500.0,3396700.0,3019500.0,2519900.0,1249900.0,963800.0,230300.0,306900.0,620500.0,1952300.0,1421100.0,3724600.0,2812000.0,1953000.0,2221300.0,759100.0,1395300.0,1406400.0,2708000.0,395000.0
20231026094936000,SSE,SSE.ETF.510050,2.461,2.452,2.469,2.45,0.0,2.707,2.215,304114886.0,295187.0,304114886.0,295187.0,0.0,0.0,20231026,20231026,94936000,2.461,0.0,0.0,2.461,2.46,2.459,2.458,2.457,2.456,2.455,2.454,2.453,2.452,2.462,2.463,2.464,2.465,2.466,2.467,2.468,2.469,2.47,2.471,1000.0,6272000.0,3585900.0,2999400.0,2420000.0,1330700.0,963800.0,230300.0,306900.0,620500.0,1304300.0,3684900.0,3521300.0,1063600.0,2321200.0,809100.0,1385300.0,1406400.0,2708000.0,395000.0
20231026094939000,SSE,SSE.ETF.510050,2.461,2.452,2.469,2.45,0.0,2.707,2.215,304196837.0,81951.0,304196837.0,81951.0,0.0,0.0,20231026,20231026,94939000,2.461,0.0,0.0,2.461,2.46,2.459,2.458,2.457,2.456,2.455,2.454,2.453,2.452,2.462,2.463,2.464,2.465,2.466,2.467,2.468,2.469,2.47,2.471,5798500.0,4026400.0,3235900.0,1888400.0,2337900.0,1099900.0,673100.0,230300.0,306900.0,620500.0,385300.0,1763900.0,3882000.0,3913500.0,2221300.0,909100.0,1374300.0,1406400.0,2708000.0,395000.0
20231026094942000,SSE,SSE.ETF.510050,2.461,2.452,2.469,2.45,0.0,2.707,2.215,304332930.0,136093.0,304332930.0,136093.0,0.0,0.0,20231026,20231026,94942000,2.461,0.0,0.0,2.461,2.46,2.459,2.458,2.457,2.456,2.455,2.454,2.453,2.452,2.462,2.463,2.464,2.465,2.466,2.467,2.468,2.469,2.47,2.471,6084800.0,4563700.0,3278700.0,1751200.0,2339400.0,798400.0,673100.0,230300.0,306900.0,624500.0,819600.0,2443600.0,3794000.0,2353600.0,2091800.0,999100.0,1374300.0,1406400.0,2708000.0,395000.0
20231026094945000,SSE,SSE.ETF.510050,2.462,2.452,2.469,2.45,0.0,2.707,2.215,304357550.0,24620.0,304357550.0,24620.0,0.0,0.0,20231026,20231026,94945000,2.461,0.0,0.0,2.461,2.46,2.459,2.458,2.457,2.456,2.455,2.454,2.453,2.452,2.462,2.463,2.464,2.465,2.466,2.467,2.468,2.469,2.47,2.471,5785000.0,4563700.0,3278700.0,2009200.0,2339400.0,1059200.0,675100.0,230300.0,306900.0,624500.0,517100.0,1812700.0,3882000.0,3791600.0,2183100.0,989100.0,1374300.0,1406400.0,2708000.0,395000.0
20231026094948000,SSE,SSE.ETF.510050,2.461,2.452,2.469,2.45,0.0,2.707,2.215,304426213.0,68663.0,304426213.0,68663.0,0.0,0.0,20231026,20231026,94948000,2.461,0.0,0.0,2.461,2.46,2.459,2.458,2.457,2.456,2.455,2.454,2.453,2.452,2.462,2.463,2.464,2.465,2.466,2.467,2.468,2.469,2.47,2.471,7026600.0,3978700.0,3209400.0,2009200.0,2339400.0,727700.0,675300.0,230300.0,306800.0,624500.0,500100.0,1206700.0,3873700.0,2551600.0,2383100.0,990700.0,1364300.0,1406400.0,2708000.0,395000.0
20231026094951000,SSE,SSE.ETF.510050,2.461,2.452,2.469,2.45,0.0,2.707,2.215,304536963.0,110750.0,304536963.0,110750.0,0.0,0.0,20231026,20231026,94951000,2.461,0.0,0.0,2.461,2.46,2.459,2.458,2.457,2.456,2.455,2.454,2.453,2.452,2.462,2.463,2.464,2.465,2.466,2.467,2.468,2.469,2.47,2.471,6168500.0,4128700.0,3228700.0,1929200.0,2189400.0,1059200.0,675300.0,230300.0,306800.0,624500.0,618200.0,2043000.0,3873700.0,3495000.0,2383100.0,990700.0,1514300.0,1412400.0,2708000.0,395000.0
20231026094954000,SSE,SSE.ETF.510050,2.461,2.452,2.469,2.45,0.0,2.707,2.215,305012449.0,475486.0,305012449.0,475486.0,0.0,0.0,20231026,20231026,94954000,2.461,0.0,0.0,2.461,2.46,2.459,2.458,2.457,2.456,2.455,2.454,2.453,2.452,2.462,2.463,2.464,2.465,2.466,2.467,2.468,2.469,2.47,2.471,5340100.0,4513700.0,3228700.0,1929200.0,2269400.0,1018400.0,675300.0,230300.0,306800.0,624500.0,465200.0,2417400.0,3873700.0,3495000.0,2383100.0,990700.0,1350300.0,1412400.0,2708000.0,395000.0
20231026094957000,SSE,SSE.ETF.510050,2.461,2.452,2.469,2.45,0.0,2.707,2.215,305373724.0,361275.0,305373724.0,361275.0,0.0,0.0,20231026,20231026,94957000,2.461,0.0,0.0,2.461,2.46,2.459,2.458,2.457,2.456,2.455,2.454,2.453,2.452,2.462,2.463,2.464,2.465,2.466,2.467,2.468,2.469,2.47,2.471,5193300.0,4513700.0,3149200.0,1939200.0,2419400.0,1059200.0,675300.0,230300.0,306800.0,624500.0,839200.0,2654600.0,4074700.0,2295000.0,2183100.0,991000.0,1350300.0,1412400.0,2708000.0,395000.0
20231026095000000,SSE,SSE.ETF.510050,2.461,2.452,2.469,2.45,0.0,2.707,2.215,305386029.0,12305.0,305386029.0,12305.0,0.0,0.0,20231026,20231026,95000000,2.461,0.0,0.0,2.461,2.46,2.459,2.458,2.457,2.456,2.455,2.454,2.453,2.452,2.462,2.463,2.464,2.465,2.466,2.467,2.468,2.469,2.47,2.471,3940300.0,4813700.0,3061200.0,1852500.0,2419400.0,1059200.0,675300.0,230300.0,306800.0,624500.0,846600.0,2654600.0,3989400.0,2207000.0,2193200.0,991700.0,1350300.0,1412400.0,2708000.0,395000.0
20231026095003000,SSE,SSE.ETF.510050,2.462,2.452,2.469,2.45,0.0,2.707,2.215,305530056.0,144027.0,305530056.0,144027.0,0.0,0.0,20231026,20231026,95003000,2.461,0.0,0.0,2.461,2.46,2.459,2.458,2.457,2.456,2.455,2.454,2.453,2.452,2.462,2.463,2.464,2.465,2.466,2.467,2.468,2.469,2.47,2.471,1049200.0,5006100.0,3409200.0,3119700.0,2419400.0,1168400.0,966000.0,230300.0,306800.0,724500.0,1857800.0,3983000.0,3627400.0,975000.0,2193200.0,761700.0,1350300.0,1412400.0,2708000.0,395000.0
20231026095006000,SSE,SSE.ETF.510050,2.462,2.452,2.469,2.45,0.0,2.707,2.215,305531287.0,1231.0,305531287.0,1231.0,0.0,0.0,20231026,20231026,95006000,2.461,0.0,0.0,2.461,2.46,2.459,2.458,2.457,2.456,2.455,2.454,2.453,2.452,2.462,2.463,2.464,2.465,2.466,2.467,2.468,2.469,2.47,2.471,1126200.0,5007100.0,3638400.0,3090500.0,2619400.0,1020400.0,675300.0,230300.0,306800.0,729500.0,1857300.0,4661600.0,2577400.0,1675000.0,2193200.0,911700.0,1350300.0,1412400.0,2708000.0,395000.0
20231026095009000,SSE,SSE.ETF.510050,2.461,2.452,2.469,2.45,0.0,2.707,2.215,306351538.0,820251.0,306351538.0,820251.0,0.0,0.0,20231026,20231026,95009000,2.461,0.0,0.0,2.461,2.46,2.459,2.458,2.457,2.456,2.455,2.454,2.453,2.452,2.462,2.463,2.464,2.465,2.466,2.467,2.468,2.469,2.47,2.471,196300.0,5640400.0,3488400.0,2799800.0,2619400.0,1211200.0,966000.0,230300.0,306800.0,729500.0,1394700.0,3947400.0,3809500.0,775000.0,2493200.0,761700.0,1350300.0,1412400.0,2488000.0,395000.0
20231026095012000,SSE,SSE.ETF.510050,2.461,2.452,2.469,2.45,0.0,2.707,2.215,306373691.0,22153.0,306373691.0,22153.0,0.0,0.0,20231026,20231026,95012000,2.461,0.0,0.0,2.461,2.46,2.459,2.458,2.457,2.456,2.455,2.454,2.453,2.452,2.462,2.463,2.464,2.465,2.466,2.467,2.468,2.469,2.47,2.471,312900.0,5640400.0,3488400.0,1940500.0,2457900.0,1294800.0,675300.0,230300.0,306800.0,729500.0,1398400.0,4110700.0,3809500.0,856200.0,2192000.0,769900.0,1350300.0,1412400.0,2708000.0,395000.0
20231026095248000,SSE,SSE.ETF.510050,2.46,2.452,2.469,2.45,0.0,2.707,2.215,316303400.0,165865.0,316303400.0,165865.0,0.0,0.0,20231026,20231026,95248000,2.461,0.0,0.0,2.46,2.459,2.458,2.457,2.456,2.455,2.454,2.453,2.452,2.451,2.461,2.462,2.463,2.464,2.465,2.466,2.467,2.468,2.469,2.47,4853900.0,3119100.0,4097200.0,2658300.0,1679000.0,1159600.0,305900.0,470300.0,821900.0,2146800.0,112000.0,2663200.0,4040300.0,1316800.0,959100.0,1765400.0,608600.0,1410300.0,1491200.0,2512700.0
20231026095251000,SSE,SSE.ETF.510050,2.46,2.452,2.469,2.45,0.0,2.707,2.215,316336364.0,32964.0,316336364.0,32964.0,0.0,0.0,20231026,20231026,95251000,2.461,0.0,0.0,2.46,2.459,2.458,2.457,2.456,2.455,2.454,2.453,2.452,2.451,2.461,2.462,2.463,2.464,2.465,2.466,2.467,2.468,2.469,2.47,3862800.0,3806200.0,4185700.0,2656300.0,1769000.0,1159600.0,305900.0,471300.0,821900.0,2146800.0,112000.0,2261100.0,4128300.0,1904800.0,869100.0,1765400.0,608600.0,1410300.0,1491200.0,2732700.0
20231026095254000,SSE,SSE.ETF.510050,2.46,2.452,2.469,2.45,0.0,2.707,2.215,316541530.0,205166.0,316541530.0,205166.0,0.0,0.0,20231026,20231026,95254000,2.461,0.0,0.0,2.46,2.459,2.458,2.457,2.456,2.455,2.454,2.453,2.452,2.451,2.461,2.462,2.463,2.464,2.465,2.466,2.467,2.468,2.469,2.47,3665500.0,3746200.0,4595700.0,2456800.0,1619000.0,1160100.0,305900.0,471300.0,821900.0,2146800.0,496200.0,2671100.0,4128300.0,1344800.0,719600.0,1835400.0,608600.0,1410300.0,1491200.0,2512200.0
20231026095257000,SSE,SSE.ETF.510050,2.461,2.452,2.469,2.45,0.0,2.707,2.215,316692614.0,151084.0,316692614.0,151084.0,0.0,0.0,20231026,20231026,95257000,2.461,0.0,0.0,2.46,2.459,2.458,2.457,2.456,2.455,2.454,2.453,2.452,2.451,2.461,2.462,2.463,2.464,2.465,2.466,2.467,2.468,2.469,2.47,2871100.0,3896200.0,4375700.0,2456800.0,1619500.0,1160100.0,305900.0,471300.0,821900.0,2146800.0,281900.0,2821100.0,4278300.0,1344800.0,719600.0,1615400.0,608600.0,1410300.0,1491200.0,2512200.0
20231026095300000,SSE,SSE.ETF.510050,2.46,2.452,2.469,2.45,0.0,2.707,2.215,317081302.0,388688.0,317081302.0,388688.0,0.0,0.0,20231026,20231026,95300000,2.461,0.0,0.0,2.46,2.459,2.458,2.457,2.456,2.455,2.454,2.453,2.452,2.451,2.461,2.462,2.463,2.464,2.465,2.466,2.467,2.468,2.469,2.47,3911100.0,3059100.0,4376500.0,2456800.0,1769500.0,1401400.0,305900.0,471300.0,821900.0,2142800.0,638900.0,2821100.0,4128300.0,1344800.0,919600.0,1615400.0,608600.0,1410300.0,1480200.0,2312200.0
20231026095415000,SSE,SSE.ETF.510050,2.459,2.452,2.469,2.45,0.0,2.707,2.215,334981090.0,3197797.0,334981090.0,3197797.0,0.0,0.0,20231026,20231026,95415000,2.461,0.0,0.0,2.459,2.458,2.457,2.456,2.455,2.454,2.453,2.452,2.451,2.45,2.46,2.461,2.462,2.463,2.464,2.465,2.466,2.467,2.468,2.469,1544800.0,5941300.0,4465000.0,1249600.0,1819000.0,1576100.0,552800.0,830500.0,2157800.0,1256100.0,470900.0,4702500.0,3142100.0,1868400.0,696800.0,463200.0,1662200.0,633900.0,1450600.0,1396900.0
20231026095418000,SSE,SSE.ETF.510050,2.459,2.452,2.469,2.45,0.0,2.707,2.215,335153466.0,172376.0,335153466.0,172376.0,0.0,0.0,20231026,20231026,95418000,2.461,0.0,0.0,2.459,2.458,2.457,2.456,2.455,2.454,2.453,2.452,2.451,2.45,2.46,2.461,2.462,2.463,2.464,2.465,2.466,2.467,2.468,2.469,934300.0,6512600.0,4245000.0,1393900.0,2188300.0,1222600.0,552800.0,830500.0,2157800.0,1256100.0,1591800.0,4602500.0,3201400.0,1520000.0,855000.0,665400.0,1662200.0,633900.0,1450600.0,1396900.0
20231026095421000,SSE,SSE.ETF.510050,2.459,2.452,2.469,2.45,0.0,2.707,2.215,335712643.0,559177.0,335712643.0,559177.0,0.0,0.0,20231026,20231026,95421000,2.461,0.0,0.0,2.459,2.458,2.457,2.456,2.455,2.454,2.453,2.452,2.451,2.45,2.46,2.461,2.462,2.463,2.464,2.465,2.466,2.467,2.468,2.469,3401500.0,5181800.0,3775000.0,1483900.0,2098300.0,1002600.0,552800.0,831000.0,2160800.0,1261600.0,741400.0,3816800.0,3403400.0,1690000.0,945000.0,665400.0,1692200.0,633900.0,1450600.0,1396900.0
20231026095424000,SSE,SSE.ETF.510050,2.459,2.452,2.469,2.45,0.0,2.707,2.215,335786431.0,73788.0,335786431.0,73788.0,0.0,0.0,20231026,20231026,95424000,2.461,0.0,0.0,2.459,2.458,2.457,2.456,2.455,2.454,2.453,2.452,2.451,2.45,2.46,2.461,2.462,2.463,2.464,2.465,2.466,2.467,2.468,2.469,1728100.0,5485800.0,3870400.0,1381900.0,2100300.0,1222600.0,472800.0,831000.0,2160800.0,1261600.0,967500.0,3816800.0,3315400.0,1938000.0,935000.0,665400.0,1732900.0,633900.0,1450600.0,1396900.0
20231026095427000,SSE,SSE.ETF.510050,2.46,2.452,2.469,2.45,0.0,2.707,2.215,335839300.0,52869.0,335839300.0,52869.0,0.0,0.0,20231026,20231026,95427000,2.461,0.0,0.0,2.459,2.458,2.457,2.456,2.455,2.454,2.453,2.452,2.451,2.45,2.46,2.461,2.462,2.463,2.464,2.465,2.466,2.467,2.468,2.469,1722800.0,5930100.0,3770400.0,1525000.0,2013300.0,1302600.0,472800.0,831000.0,2160800.0,1286600.0,954500.0,4070100.0,3323300.0,1807300.0,1025000.0,665400.0,1692200.0,633900.0,1450600.0,1396900.0
20231026095430000,SSE,SSE.ETF.510050,2.46,2.452,2.469,2.45,0.0,2.707,2.215,336124657.0,285357.0,336124657.0,285357.0,0.0,0.0,20231026,20231026,95430000,2.461,0.0,0.0,2.459,2.458,2.457,2.456,2.455,2.454,2.453,2.452,2.451,2.45,2.46,2.461,2.462,2.463,2.464,2.465,2.466,2.467,2.468,2.469,2309000.0,5149700.0,4123400.0,1435000.0,2113800.0,1302600.0,472800.0,831000.0,2160800.0,1286600.0,719400.0,4028800.0,3323300.0,1487300.0,935000.0,665400.0,1692200.0,633900.0,1450600.0,1396900.0
20231026095433000,SSE,SSE.ETF.510050,2.46,2.452,2.469,2.45,0.0,2.707,2.215,336199195.0,74538.0,336199195.0,74538.0,0.0,0.0,20231026,20231026,95433000,2.461,0.0,0.0,2.459,2.458,2.457,2.456,2.455,2.454,2.453,2.452,2.451,2.45,2.46,2.461,2.462,2.463,2.464,2.465,2.466,2.467,2.468,2.469,109800.0,5010200.0,5162500.0,2054300.0,1913800.0,1302600.0,763500.0,831000.0,2161600.0,1287600.0,2541300.0,3755400.0,4311300.0,437300.0,935000.0,665400.0,1692200.0,633900.0,1450600.0,1346900.0
20231026095436000,SSE,SSE.ETF.510050,2.46,2.452,2.469,2.45,0.0,2.707,2.215,336321692.0,122497.0,336321692.0,122497.0,0.0,0.0,20231026,20231026,95436000,2.461,0.0,0.0,2.459,2.458,2.457,2.456,2.455,2.454,2.453,2.452,2.451,2.45,2.46,2.461,2.462,2.463,2.464,2.465,2.466,2.467,2.468,2.469,116300.0,6535800.0,4165800.0,2566300.0,1833300.0,1394100.0,763500.0,831000.0,2161600.0,1308500.0,2398900.0,3714700.0,4311800.0,430600.0,853800.0,665400.0,1692200.0,633900.0,1450600.0,1346900.0
20231026095439000,SSE,SSE.ETF.510050,2.459,2.452,2.469,2.45,0.0,2.707,2.215,336639149.0,317457.0,336639149.0,317457.0,0.0,0.0,20231026,20231026,95439000,2.461,0.0,0.0,2.459,2.458,2.457,2.456,2.455,2.454,2.453,2.452,2.451,2.45,2.46,2.461,2.462,2.463,2.464,2.465,2.466,2.467,2.468,2.469,17200.0,5009700.0,5065800.0,2706300.0,1743300.0,1394100.0,773500.0,831000.0,2161600.0,1308500.0,3416800.0,3414700.0,3711800.0,341100.0,943800.0,665400.0,1692200.0,633900.0,1450600.0,1446900.0
20231026095442000,SSE,SSE.ETF.510050,2.459,2.452,2.469,2.45,0.0,2.707,2.215,337120867.0,481718.0,337120867.0,481718.0,0.0,0.0,20231026,20231026,95442000,2.461,0.0,0.0,2.459,2.458,2.457,2.456,2.455,2.454,2.453,2.452,2.451,2.45,2.46,2.461,2.462,2.463,2.464,2.465,2.466,2.467,2.468,2.469,30000.0,5009700.0,5018600.0,1557000.0,2035300.0,1394100.0,482800.0,831000.0,2161600.0,1348500.0,2225600.0,4358700.0,3623800.0,431100.0,854300.0,665400.0,1684000.0,633900.0,1450600.0,1446900.0
20231026095445000,SSE,SSE.ETF.510050,2.46,2.452,2.469,2.45,0.0,2.707,2.215,337258325.0,137458.0,337258325.0,137458.0,0.0,0.0,20231026,20231026,95445000,2.461,0.0,0.0,2.459,2.458,2.457,2.456,2.455,2.454,2.453,2.452,2.451,2.45,2.46,2.461,2.462,2.463,2.464,2.465,2.466,2.467,2.468,2.469,33200.0,5072200.0,5106600.0,2111300.0,2035300.0,1394100.0,773500.0,835800.0,2161600.0,1348500.0,2424100.0,4358700.0,3711800.0,431100.0,949300.0,665900.0,1684000.0,633900.0,1450600.0,1443100.0
20231026095448000,SSE,SSE.ETF.510050,2.459,2.452,2.469,2.45,0.0,2.707,2.215,338004877.0,746552.0,338004877.0,746552.0,0.0,0.0,20231026,20231026,95448000,2.461,0.0,0.0,2.459,2.458,2.457,2.456,2.455,2.454,2.453,2.452,2.451,2.45,2.46,2.461,2.462,2.463,2.464,2.465,2.466,2.467,2.468,2.469,303600.0,4562200.0,4655800.0,2866300.0,1750800.0,1394100.0,773500.0,835800.0,2161600.0,1348500.0,3634100.0,2998000.0,1901800.0,770300.0,944300.0,665900.0,1684500.0,633900.0,1450600.0,1443100.0
20231026095451000,SSE,SSE.ETF.510050,2.46,2.452,2.469,2.45,0.0,2.707,2.215,338186109.0,181232.0,338186109.0,181232.0,0.0,0.0,20231026,20231026,95451000,2.461,0.0,0.0,2.459,2.458,2.457,2.456,2.455,2.454,2.453,2.452,2.451,2.45,2.46,2.461,2.462,2.463,2.464,2.465,2.466,2.467,2.468,2.469,30000.0,5510000.0,5106600.0,2794300.0,1950800.0,1394100.0,773500.0,843900.0,2161600.0,1353500.0,2016200.0,4576800.0,3711800.0,448300.0,864300.0,665900.0,1684500.0,633900.0,1450600.0,1443100.0
20231026095454000,SSE,SSE.ETF.510050,2.459,2.452,2.469,2.45,0.0,2.707,2.215,338561711.0,375602.0,338561711.0,375602.0,0.0,0.0,20231026,20231026,95454000,2.461,0.0,0.0,2.459,2.458,2.457,2.456,2.455,2.454,2.453,2.452,2.451,2.45,2.46,2.461,2.462,2.463,2.464,2.465,2.466,2.467,2.468,2.469,1075000.0,6328400.0,4167700.0,1557000.0,2040800.0,1394100.0,482800.0,843900.0,2161600.0,1353500.0,1557700.0,4308000.0,2811800.0,1430300.0,774300.0,665900.0,1684500.0,633900.0,1450600.0,1443100.0
20231026095457000,SSE,SSE.ETF.510050,2.46,2.452,2.469,2.45,0.0,2.707,2.215,338640419.0,78708.0,338640419.0,78708.0,0.0,0.0,20231026,20231026,95457000,2.461,0.0,0.0,2.459,2.458,2.457,2.456,2.455,2.454,2.453,2.452,2.451,2.45,2.46,2.461,2.462,2.463,2.464,2.465,2.466,2.467,2.468,2.469,1975900.0,6237900.0,4653600.0,1737000.0,2038300.0,1092600.0,482800.0,843900.0,2161600.0,1355500.0,1870500.0,3302800.0,4311800.0,777000.0,945500.0,666900.0,1684500.0,633900.0,1450600.0,1443100.0
20231026095500000,SSE,SSE.ETF.510050,2.46,2.452,2.469,2.45,0.0,2.707,2.215,338641895.0,1476.0,338641895.0,1476.0,0.0,0.0,20231026,20231026,95500000,2.461,0.0,0.0,2.459,2.458,2.457,2.456,2.455,2.454,2.453,2.452,2.451,2.45,2.46,2.461,2.462,2.463,2.464,2.465,2.466,2.467,2.468,2.469,382400.0,6339900.0,4228200.0,1647000.0,2136400.0,1312600.0,482800.0,843900.0,2166600.0,1355600.0,2241800.0,4312800.0,3711800.0,457000.0,935500.0,662800.0,1684500.0,633900.0,1450600.0,1443100.0
20231026100033000,SSE,SSE.ETF.510050,2.46,2.452,2.469,2.45,0.0,2.707,2.215,371174854.0,0.0,371174854.0,0.0,0.0,0.0,20231026,20231026,100033000,2.461,0.0,0.0,2.46,2.459,2.458,2.457,2.456,2.455,2.454,2.453,2.452,2.451,2.461,2.462,2.463,2.464,2.465,2.466,2.467,2.468,2.469,2.47,1450800.0,5702000.0,4370900.0,2646000.0,1673300.0,1854800.0,667800.0,547900.0,968500.0,2169300.0,1257400.0,4372100.0,2978600.0,2046900.0,992700.0,1874800.0,632300.0,1497500.0,1425000.0,1982500.0
20231026100036000,SSE,SSE.ETF.510050,2.46,2.452,2.469,2.45,0.0,2.707,2.215,371218642.0,43788.0,371218642.0,43788.0,0.0,0.0,20231026,20231026,100036000,2.461,0.0,0.0,2.46,2.459,2.458,2.457,2.456,2.455,2.454,2.453,2.452,2.451,2.461,2.462,2.463,2.464,2.465,2.466,2.467,2.468,2.469,2.47,2063000.0,5242800.0,4370900.0,2558000.0,1632500.0,1854800.0,667800.0,547900.0,968500.0,2169300.0,1180400.0,4331400.0,2978600.0,1958900.0,1033400.0,1654800.0,632300.0,1497500.0,1425000.0,1982500.0
20231026100039000,SSE,SSE.ETF.510050,2.461,2.452,2.469,2.45,0.0,2.707,2.215,371223564.0,4922.0,371223564.0,4922.0,0.0,0.0,20231026,20231026,100039000,2.461,0.0,0.0,2.46,2.459,2.458,2.457,2.456,2.455,2.454,2.453,2.452,2.451,2.461,2.462,2.463,2.464,2.465,2.466,2.467,2.468,2.469,2.47,1210700.0,4282800.0,5270900.0,2355300.0,1632500.0,1854800.0,958500.0,547900.0,968500.0,2169300.0,1788400.0,3731400.0,2978600.0,1896900.0,1033400.0,1634800.0,632300.0,1497500.0,1425000.0,1982500.0
20231026100042000,SSE,SSE.ETF.510050,2.461,2.452,2.469,2.45,0.0,2.707,2.215,371328894.0,105330.0,371328894.0,105330.0,0.0,0.0,20231026,20231026,100042000,2.461,0.0,0.0,2.46,2.459,2.458,2.457,2.456,2.455,2.454,2.453,2.452,2.451,2.461,2.462,2.463,2.464,2.465,2.466,2.467,2.468,2.469,2.47,1522900.0,5707000.0,4370900.0,2646000.0,1673300.0,1843300.0,667800.0,547900.0,968500.0,2169300.0,1176400.0,4372100.0,2978600.0,2046900.0,992700.0,1854800.0,632300.0,1497500.0,1425000.0,1982500.0
20231026100045000,SSE,SSE.ETF.510050,2.461,2.452,2.469,2.45,0.0,2.707,2.215,371331847.0,2953.0,371331847.0,2953.0,0.0,0.0,20231026,20231026,100045000,2.461,0.0,0.0,2.46,2.459,2.458,2.457,2.456,2.455,2.454,2.453,2.452,2.451,2.461,2.462,2.463,2.464,2.465,2.466,2.467,2.468,2.469,2.47,1580100.0,5207000.0,4780900.0,2706000.0,1763300.0,1843300.0,667800.0,547900.0,968500.0,2169300.0,1368300.0,4782100.0,2978600.0,1576900.0,904700.0,1854800.0,632300.0,1497500.0,1425000.0,1982500.0
20231026100048000,SSE,SSE.ETF.510050,2.461,2.452,2.469,2.45,0.0,2.707,2.215,373836407.0,2504560.0,373836407.0,2504560.0,0.0,0.0,20231026,20231026,100048000,2.461,0.0,0.0,2.461,2.46,2.459,2.458,2.457,2.456,2.455,2.454,2.453,2.452,2.462,2.463,2.464,2.465,2.466,2.467,2.468,2.469,2.47,2.471,367900.0,4556100.0,3627800.0,2656800.0,2656000.0,1763300.0,1352600.0,667800.0,547900.0,968500.0,1806100.0,3764500.0,2486900.0,1095400.0,1635000.0,632300.0,1497500.0,1425000.0,2202500.0,339300.0
20231026100051000,SSE,SSE.ETF.510050,2.461,2.452,2.469,2.45,0.0,2.707,2.215,373854864.0,18457.0,373854864.0,18457.0,0.0,0.0,20231026,20231026,100051000,2.461,0.0,0.0,2.461,2.46,2.459,2.458,2.457,2.456,2.455,2.454,2.453,2.452,2.462,2.463,2.464,2.465,2.466,2.467,2.468,2.469,2.47,2.471,701400.0,5007000.0,3627800.0,2681900.0,2632800.0,1360600.0,1352600.0,667800.0,547900.0,968700.0,1712300.0,4074500.0,2977600.0,2078400.0,1712000.0,822300.0,1497500.0,1425000.0,2202500.0,339300.0
20231026100054000,SSE,SSE.ETF.510050,2.461,2.452,2.469,2.45,0.0,2.707,2.215,374563386.0,708522.0,374563386.0,708522.0,0.0,0.0,20231026,20231026,100054000,2.461,0.0,0.0,2.46,2.459,2.458,2.457,2.456,2.455,2.454,2.453,2.452,2.451,2.461,2.462,2.463,2.464,2.465,2.466,2.467,2.468,2.469,2.47,2701000.0,4947800.0,4043200.0,2626300.0,1279100.0,1643400.0,667800.0,547900.0,970700.0,2179300.0,30000.0,3572000.0,3500600.0,3408900.0,687200.0,1793200.0,822300.0,1497500.0,1425000.0,2202500.0
20231026100057000,SSE,SSE.ETF.510050,2.461,2.452,2.469,2.45,0.0,2.707,2.215,374563386.0,0.0,374563386.0,0.0,0.0,0.0,20231026,20231026,100057000,2.461,0.0,0.0,2.46,2.459,2.458,2.457,2.456,2.455,2.454,2.453,2.452,2.451,2.461,2.462,2.463,2.464,2.465,2.466,2.467,2.468,2.469,2.47,1924700.0,5032900.0,4046100.0,2546000.0,1632500.0,1643400.0,667800.0,547900.0,970700.0,2179300.0,30000.0,3883400.0,3088600.0,3396900.0,1035400.0,1635000.0,632300.0,1497500.0,1425000.0,2202500.0
20231026100100000,SSE,SSE.ETF.510050,2.461,2.452,2.469,2.45,0.0,2.707,2.215,374621450.0,58064.0,374621450.0,58064.0,0.0,0.0,20231026,20231026,100100000,2.461,0.0,0.0,2.46,2.459,2.458,2.457,2.456,2.455,2.454,2.453,2.452,2.451,2.461,2.462,2.463,2.464,2.465,2.466,2.467,2.468,2.469,2.47,211800.0,3535000.0,5721200.0,2715300.0,1513800.0,1843400.0,1178500.0,547900.0,970700.0,2179800.0,2360100.0,4409000.0,3478600.0,586900.0,1035400.0,1855000.0,632300.0,1497500.0,1425000.0,1982500.0
20231026100103000,SSE,SSE.ETF.510050,2.46,2.452,2.469,2.45,0.0,2.707,2.215,374983562.0,362112.0,374983562.0,362112.0,0.0,0.0,20231026,20231026,100103000,2.461,0.0,0.0,2.459,2.458,2.457,2.456,2.455,2.454,2.453,2.452,2.451,2.45,2.46,2.461,2.462,2.463,2.464,2.465,2.466,2.467,2.468,2.469,2616800.0,6371200.0,4315300.0,1432300.0,1924800.0,1378500.0,547900.0,970700.0,2179800.0,1419700.0,780100.0,4894900.0,2830100.0,2099100.0,668100.0,913500.0,1855000.0,632300.0,1497500.0,1425000.0
20231026100248000,SSE,SSE.ETF.510050,2.461,2.452,2.469,2.45,0.0,2.707,2.215,375697671.0,54388.0,375697671.0,54388.0,0.0,0.0,20231026,20231026,100248000,2.461,0.0,0.0,2.46,2.459,2.458,2.457,2.456,2.455,2.454,2.453,2.452,2.451,2.461,2.462,2.463,2.464,2.465,2.466,2.467,2.468,2.469,2.47,2641100.0,5693600.0,4015400.0,2565100.0,1589600.0,1757200.0,734200.0,548000.0,968000.0,2201800.0,1076300.0,4613700.0,2369100.0,2106900.0,824700.0,1550500.0,1627300.0,1474500.0,1442000.0,2198000.0
20231026100251000,SSE,SSE.ETF.510050,2.461,2.452,2.469,2.45,0.0,2.707,2.215,375698901.0,1230.0,375698901.0,1230.0,0.0,0.0,20231026,20231026,100251000,2.461,0.0,0.0,2.46,2.459,2.458,2.457,2.456,2.455,2.454,2.453,2.452,2.451,2.461,2.462,2.463,2.464,2.465,2.466,2.467,2.468,2.469,2.47,1757100.0,5718600.0,4015400.0,2825100.0,1589600.0,1757200.0,734200.0,548000.0,968000.0,2201800.0,2736900.0,4423800.0,3369100.0,756900.0,824700.0,1770500.0,1627300.0,1474500.0,1442000.0,1978000.0
20231026100254000,SSE,SSE.ETF.510050,2.461,2.452,2.469,2.45,0.0,2.707,2.215,375770024.0,71123.0,375770024.0,71123.0,0.0,0.0,20231026,20231026,100254000,2.461,0.0,0.0,2.46,2.459,2.458,2.457,2.456,2.455,2.454,2.453,2.452,2.451,2.461,2.462,2.463,2.464,2.465,2.466,2.467,2.468,2.469,2.47,1257300.0,5068600.0,4205400.0,3674400.0,1689600.0,1757200.0,1244900.0,548000.0,968000.0,2201800.0,3136600.0,3527900.0,3679100.0,756900.0,824700.0,1770500.0,1627300.0,1474500.0,1442000.0,2008000.0
20231026100257000,SSE,SSE.ETF.510050,2.461,2.452,2.469,2.45,0.0,2.707,2.215,375770270.0,246.0,375770270.0,246.0,0.0,0.0,20231026,20231026,100257000,2.461,0.0,0.0,2.46,2.459,2.458,2.457,2.456,2.455,2.454,2.453,2.452,2.451,2.461,2.462,2.463,2.464,2.465,2.466,2.467,2.468,2.469,2.47,1707100.0,5968600.0,4207800.0,2615100.0,1599600.0,1847200.0,954200.0,548000.0,968000.0,2201800.0,1630000.0,5023700.0,2869100.0,676900.0,824700.0,1770500.0,1627300.0,1474500.0,1442000.0,2008000.0
20231026100300000,SSE,SSE.ETF.510050,2.461,2.452,2.469,2.45,0.0,2.707,2.215,375771255.0,985.0,375771255.0,985.0,0.0,0.0,20231026,20231026,100300000,2.461,0.0,0.0,2.46,2.459,2.458,2.457,2.456,2.455,2.454,2.453,2.452,2.451,2.461,2.462,2.463,2.464,2.465,2.466,2.467,2.468,2.469,2.47,1707300.0,5108600.0,5327800.0,2324400.0,1599600.0,1847200.0,1024900.0,548000.0,968000.0,2201800.0,1629600.0,5023700.0,2869100.0,1576900.0,824700.0,1550500.0,1627300.0,1474500.0,1442000.0,2008000.0
20231026100303000,SSE,SSE.ETF.510050,2.46,2.452,2.469,2.45,0.0,2.707,2.215,379197297.0,3426042.0,379197297.0,3426042.0,0.0,0.0,20231026,20231026,100303000,2.461,0.0,0.0,2.459,2.458,2.457,2.456,2.455,2.454,2.453,2.452,2.451,2.45,2.46,2.461,2.462,2.463,2.464,2.465,2.466,2.467,2.468,2.469,2205500.0,4816300.0,4519400.0,1909600.0,1647200.0,1444900.0,548000.0,968000.0,2202300.0,1442300.0,2027600.0,3240000.0,1936900.0,1519100.0,676900.0,919700.0,1770500.0,1627300.0,1474500.0,1442000.0
20231026100406000,SSE,SSE.ETF.510050,2.459,2.452,2.469,2.45,0.0,2.707,2.215,384105569.0,0.0,384105569.0,0.0,0.0,0.0,20231026,20231026,100406000,2.461,0.0,0.0,2.458,2.457,2.456,2.455,2.454,2.453,2.452,2.451,2.45,2.449,2.459,2.46,2.461,2.462,2.463,2.464,2.465,2.466,2.467,2.468,2276400.0,5108000.0,3911500.0,2322000.0,1749200.0,1038800.0,1561100.0,2202400.0,1356000.0,511700.0,3835600.0,3525400.0,2948300.0,353400.0,648800.0,919500.0,477000.0,1580500.0,1627300.0,1256500.0
20231026100409000,SSE,SSE.ETF.510050,2.459,2.452,2.469,2.45,0.0,2.707,2.215,384105569.0,0.0,384105569.0,0.0,0.0,0.0,20231026,20231026,100409000,2.461,0.0,0.0,2.458,2.457,2.456,2.455,2.454,2.453,2.452,2.451,2.45,2.449,2.459,2.46,2.461,2.462,2.463,2.464,2.465,2.466,2.467,2.468,1366800.0,5988000.0,4219500.0,1552000.0,1649200.0,1038800.0,1341100.0,2202400.0,1356000.0,511700.0,2965600.0,3525400.0,3756300.0,501900.0,648800.0,919500.0,477000.0,1580500.0,1627300.0,1256500.0
20231026100412000,SSE,SSE.ETF.510050,2.458,2.452,2.469,2.45,0.0,2.707,2.215,384172672.0,67103.0,384172672.0,67103.0,0.0,0.0,20231026,20231026,100412000,2.461,0.0,0.0,2.458,2.457,2.456,2.455,2.454,2.453,2.452,2.451,2.45,2.449,2.459,2.46,2.461,2.462,2.463,2.464,2.465,2.466,2.467,2.468,1340500.0,5688000.0,3999500.0,1540000.0,1749200.0,1038800.0,1351100.0,2202400.0,1356000.0,511700.0,2998000.0,3525400.0,3756300.0,589900.0,648800.0,919500.0,477000.0,1580500.0,1627300.0,1256500.0
20231026100415000,SSE,SSE.ETF.510050,2.459,2.452,2.469,2.45,0.0,2.707,2.215,384177836.0,5164.0,384177836.0,5164.0,0.0,0.0,20231026,20231026,100415000,2.461,0.0,0.0,2.458,2.457,2.456,2.455,2.454,2.453,2.452,2.451,2.45,2.449,2.459,2.46,2.461,2.462,2.463,2.464,2.465,2.466,2.467,2.468,1940800.0,6588000.0,3099700.0,2025800.0,1649200.0,1038800.0,1060400.0,2202400.0,1356000.0,511700.0,1508600.0,4421800.0,3756300.0,589900.0,743800.0,919500.0,477000.0,1580500.0,1627300.0,1256500.0
20231026100418000,SSE,SSE.ETF.510050,2.458,2.452,2.469,2.45,0.0,2.707,2.215,384210527.0,32691.0,384210527.0,32691.0,0.0,0.0,20231026,20231026,100418000,2.461,0.0,0.0,2.458,2.457,2.456,2.455,2.454,2.453,2.452,2.451,2.45,2.449,2.459,2.46,2.461,2.462,2.463,2.464,2.465,2.466,2.467,2.468,1927500.0,6588000.0,3231200.0,1871600.0,1749200.0,1038800.0,1060400.0,2202400.0,1366000.0,511700.0,1559500.0,4421700.0,3668300.0,589900.0,648800.0,919500.0,477000.0,1580500.0,1647300.0,1256500.0
20231026100421000,SSE,SSE.ETF.510050,2.458,2.452,2.469,2.45,0.0,2.707,2.215,385896470.0,1685943.0,385896470.0,1685943.0,0.0,0.0,20231026,20231026,100421000,2.461,0.0,0.0,2.458,2.457,2.456,2.455,2.454,2.453,2.452,2.451,2.45,2.449,2.459,2.46,2.461,2.462,2.463,2.464,2.465,2.466,2.467,2.468,321800.0,3688100.0,5019200.0,3762100.0,1659200.0,1124800.0,1771100.0,2205400.0,1366000.0,511700.0,4752600.0,3026300.0,3128800.0,349900.0,848800.0,917500.0,477000.0,1580500.0,1647300.0,1056700.0
20231026100424000,SSE,SSE.ETF.510050,2.458,2.452,2.469,2.45,0.0,2.707,2.215,386663617.0,767147.0,386663617.0,767147.0,0.0,0.0,20231026,20231026,100424000,2.461,0.0,0.0,2.457,2.456,2.455,2.454,2.453,2.452,2.451,2.45,2.449,2.448,2.458,2.459,2.46,2.461,2.462,2.463,2.464,2.465,2.466,2.467,2277100.0,3879200.0,4607100.0,1368500.0,1124800.0,1771100.0,2496100.0,1366000.0,511700.0,610900.0,913800.0,3872500.0,3415300.0,698800.0,261900.0,848800.0,917500.0,477000.0,1580500.0,1647300.0
20231026100427000,SSE,SSE.ETF.510050,2.458,2.452,2.469,2.45,0.0,2.707,2.215,387284498.0,620881.0,387284498.0,620881.0,0.0,0.0,20231026,20231026,100427000,2.461,0.0,0.0,2.457,2.456,2.455,2.454,2.453,2.452,2.451,2.45,2.449,2.448,2.458,2.459,2.46,2.461,2.462,2.463,2.464,2.465,2.466,2.467,3317700.0,5029200.0,3522500.0,1668800.0,1388400.0,1691100.0,2205400.0,1366000.0,511700.0,610900.0,971400.0,3997200.0,2519400.0,1396800.0,691500.0,690400.0,727500.0,477000.0,1580500.0,1647300.0
20231026100430000,SSE,SSE.ETF.510050,2.458,2.452,2.469,2.45,0.0,2.707,2.215,387320631.0,36133.0,387320631.0,36133.0,0.0,0.0,20231026,20231026,100430000,2.461,0.0,0.0,2.457,2.456,2.455,2.454,2.453,2.452,2.451,2.45,2.449,2.448,2.458,2.459,2.46,2.461,2.462,2.463,2.464,2.465,2.466,2.467,3374200.0,4991200.0,3663300.0,1478800.0,1478400.0,1771100.0,2205400.0,1356000.0,511700.0,610900.0,1103700.0,4488000.0,2519400.0,498800.0,601500.0,690400.0,727500.0,477000.0,1580500.0,1647300.0
20231026100433000,SSE,SSE.ETF.510050,2.458,2.452,2.469,2.45,0.0,2.707,2.215,387345211.0,24580.0,387345211.0,24580.0,0.0,0.0,20231026,20231026,100433000,2.461,0.0,0.0,2.457,2.456,2.455,2.454,2.453,2.452,2.451,2.45,2.449,2.448,2.458,2.459,2.46,2.461,2.462,2.463,2.464,2.465,2.466,2.467,2775200.0,4900400.0,3651700.0,1508800.0,1478400.0,1771100.0,2205400.0,1356000.0,511700.0,610900.0,1623600.0,3733600.0,3166600.0,1310800.0,601500.0,690400.0,727500.0,477000.0,1580500.0,1647300.0
20231026100436000,SSE,SSE.ETF.510050,2.458,2.452,2.469,2.45,0.0,2.707,2.215,387365367.0,20156.0,387365367.0,20156.0,0.0,0.0,20231026,20231026,100436000,2.461,0.0,0.0,2.457,2.456,2.455,2.454,2.453,2.452,2.451,2.45,2.449,2.448,2.458,2.459,2.46,2.461,2.462,2.463,2.464,2.465,2.466,2.467,3367200.0,4942200.0,3610900.0,1596800.0,1478400.0,1771100.0,2205400.0,1355000.0,511700.0,610900.0,1615400.0,4115300.0,3207400.0,1398800.0,601500.0,690400.0,727500.0,477000.0,1580500.0,1647300.0
20231026100439000,SSE,SSE.ETF.510050,2.458,2.452,2.469,2.45,0.0,2.707,2.215,387365858.0,491.0,387365858.0,491.0,0.0,0.0,20231026,20231026,100439000,2.461,0.0,0.0,2.457,2.456,2.455,2.454,2.453,2.452,2.451,2.45,2.449,2.448,2.458,2.459,2.46,2.461,2.462,2.463,2.464,2.465,2.466,2.467,2117200.0,3696500.0,4671700.0,1996800.0,1388400.0,1771100.0,2206700.0,1355000.0,511700.0,610900.0,3409000.0,3406200.0,3156600.0,338800.0,611500.0,700400.0,727500.0,477000.0,1580500.0,1647300.0
20231026100442000,SSE,SSE.ETF.510050,2.457,2.452,2.469,2.45,0.0,2.707,2.215,388429929.0,1064071.0,388429929.0,1064071.0,0.0,0.0,20231026,20231026,100442000,2.461,0.0,0.0,2.457,2.456,2.455,2.454,2.453,2.452,2.451,2.45,2.449,2.448,2.458,2.459,2.46,2.461,2.462,2.463,2.464,2.465,2.466,2.467,1876200.0,4107600.0,4672700.0,3035500.0,1478400.0,1510000.0,2697400.0,1365000.0,511700.0,590900.0,3536200.0,3414300.0,3197400.0,340800.0,521500.0,700400.0,727500.0,477000.0,1580500.0,1647500.0
20231026100445000,SSE,SSE.ETF.510050,2.458,2.452,2.469,2.45,0.0,2.707,2.215,388464331.0,34402.0,388464331.0,34402.0,0.0,0.0,20231026,20231026,100445000,2.461,0.0,0.0,2.457,2.456,2.455,2.454,2.453,2.452,2.451,2.45,2.449,2.448,2.458,2.459,2.46,2.461,2.462,2.463,2.464,2.465,2.466,2.467,1868300.0,2893700.0,5364700.0,2935500.0,1578400.0,1510000.0,2797400.0,1360000.0,511700.0,590900.0,4357900.0,3398200.0,3068600.0,340800.0,521500.0,700400.0,727500.0,477000.0,1360500.0,1649500.0
20231026100448000,SSE,SSE.ETF.510050,2.458,2.452,2.469,2.45,0.0,2.707,2.215,389502939.0,1038608.0,389502939.0,1038608.0,0.0,0.0,20231026,20231026,100448000,2.461,0.0,0.0,2.457,2.456,2.455,2.454,2.453,2.452,2.451,2.45,2.449,2.448,2.458,2.459,2.46,2.461,2.462,2.463,2.464,2.465,2.466,2.467,1374200.0,3193700.0,5069100.0,2786400.0,1583400.0,1510000.0,2797500.0,1383000.0,511700.0,590900.0,4175300.0,3198700.0,3068600.0,340800.0,741500.0,700400.0,727500.0,477000.0,1360500.0,1649500.0
20231026100451000,SSE,SSE.ETF.510050,2.458,2.452,2.469,2.45,0.0,2.707,2.215,389502939.0,0.0,389502939.0,0.0,0.0,0.0,20231026,20231026,100451000,2.461,0.0,0.0,2.457,2.456,2.455,2.454,2.453,2.452,2.451,2.45,2.449,2.448,2.458,2.459,2.46,2.461,2.462,2.463,2.464,2.465,2.466,2.467,1384200.0,3071700.0,5154100.0,3446400.0,1483400.0,1510100.0,2797500.0,1383000.0,511700.0,590900.0,4435300.0,3198700.0,2747100.0,340800.0,521500.0,700400.0,727500.0,477500.0,1360500.0,1649500.0
20231026100454000,SSE,SSE.ETF.510050,2.457,2.452,2.469,2.45,0.0,2.707,2.215,389525052.0,22113.0,389525052.0,22113.0,0.0,0.0,20231026,20231026,100454000,2.461,0.0,0.0,2.457,2.456,2.455,2.454,2.453,2.452,2.451,2.45,2.449,2.448,2.458,2.459,2.46,2.461,2.462,2.463,2.464,2.465,2.466,2.467,1375200.0,3529500.0,5144100.0,3131400.0,1483400.0,1510100.0,2797500.0,1383000.0,511700.0,590900.0,3737500.0,3198700.0,3197900.0,340800.0,616500.0,700400.0,727500.0,477500.0,1580500.0,1649500.0
20231026100457000,SSE,SSE.ETF.510050,2.458,2.452,2.469,2.45,0.0,2.707,2.215,389525789.0,737.0,389525789.0,737.0,0.0,0.0,20231026,20231026,100457000,2.461,0.0,0.0,2.457,2.456,2.455,2.454,2.453,2.452,2.451,2.45,2.449,2.448,2.458,2.459,2.46,2.461,2.462,2.463,2.464,2.465,2.466,2.467,1375200.0,3063800.0,5144100.0,3346400.0,1583400.0,1510100.0,2797500.0,1388000.0,511700.0,590900.0,4147200.0,3198700.0,2747100.0,340800.0,741500.0,700400.0,727500.0,477500.0,1360500.0,1649500.0
20231026100500000,SSE,SSE.ETF.510050,2.457,2.452,2.469,2.45,0.0,2.707,2.215,390108590.0,582801.0,390108590.0,582801.0,0.0,0.0,20231026,20231026,100500000,2.461,0.0,0.0,2.457,2.456,2.455,2.454,2.453,2.452,2.451,2.45,2.449,2.448,2.458,2.459,2.46,2.461,2.462,2.463,2.464,2.465,2.466,2.467,1141100.0,2823800.0,5144100.0,3446400.0,1483800.0,1510100.0,2797500.0,1388000.0,511700.0,590900.0,4916000.0,3278700.0,2747100.0,340800.0,521500.0,700400.0,727500.0,477500.0,1580500.0,1649500.0
20231026100503000,SSE,SSE.ETF.510050,2.457,2.452,2.469,2.45,0.0,2.707,2.215,391566573.0,1457983.0,391566573.0,1457983.0,0.0,0.0,20231026,20231026,100503000,2.461,0.0,0.0,2.457,2.456,2.455,2.454,2.453,2.452,2.451,2.45,2.449,2.448,2.458,2.459,2.46,2.461,2.462,2.463,2.464,2.465,2.466,2.467,557800.0,2922500.0,5403300.0,1996400.0,1583800.0,1751000.0,2797500.0,1388000.0,511700.0,590900.0,4972100.0,3278700.0,2747200.0,300100.0,941500.0,700400.0,727500.0,477500.0,1366500.0,1409500.0
20231026100506000,SSE,SSE.ETF.510050,2.457,2.452,2.469,2.45,0.0,2.707,2.215,392875663.0,1309090.0,392875663.0,1309090.0,0.0,0.0,20231026,20231026,100506000,2.461,0.0,0.0,2.456,2.455,2.454,2.453,2.452,2.451,2.45,2.449,2.448,2.447,2.457,2.458,2.459,2.46,2.461,2.462,2.463,2.464,2.465,2.466,1733300.0,4540100.0,4056500.0,1293100.0,1751000.0,2797500.0,1904700.0,511700.0,590900.0,238200.0,2198800.0,3661300.0,3577700.0,477600.0,340800.0,941500.0,700300.0,727500.0,477500.0,1366500.0
20231026100509000,SSE,SSE.ETF.510050,2.457,2.452,2.469,2.45,0.0,2.707,2.215,392875663.0,0.0,392875663.0,0.0,0.0,0.0,20231026,20231026,100509000,2.461,0.0,0.0,2.456,2.455,2.454,2.453,2.452,2.451,2.45,2.449,2.448,2.447,2.457,2.458,2.459,2.46,2.461,2.462,2.463,2.464,2.465,2.466,2325500.0,5634500.0,2971400.0,1344700.0,2194600.0,2797500.0,1614000.0,511700.0,590900.0,238200.0,1132100.0,4205600.0,3660800.0,367600.0,478500.0,783100.0,510300.0,727500.0,477500.0,1366500.0
20231026100512000,SSE,SSE.ETF.510050,2.457,2.452,2.469,2.45,0.0,2.707,2.215,393317677.0,442014.0,393317677.0,442014.0,0.0,0.0,20231026,20231026,100512000,2.461,0.0,0.0,2.456,2.455,2.454,2.453,2.452,2.451,2.45,2.449,2.448,2.447,2.457,2.458,2.459,2.46,2.461,2.462,2.463,2.464,2.465,2.466,2329200.0,5547500.0,3311300.0,1344700.0,2194600.0,2717500.0,1394000.0,511700.0,590900.0,238200.0,961000.0,4283900.0,2761300.0,2609600.0,478500.0,783100.0,510300.0,727500.0,477500.0,1366500.0
20231026100515000,SSE,SSE.ETF.510050,2.457,2.452,2.469,2.45,0.0,2.707,2.215,393651720.0,334043.0,393651720.0,334043.0,0.0,0.0,20231026,20231026,100515000,2.461,0.0,0.0,2.456,2.455,2.454,2.453,2.452,2.451,2.45,2.449,2.448,2.447,2.457,2.458,2.459,2.46,2.461,2.462,2.463,2.464,2.465,2.466,2420100.0,5547500.0,3399300.0,1450700.0,2194600.0,2717500.0,1474000.0,511700.0,590900.0,238200.0,922100.0,4321400.0,2848200.0,1797600.0,478600.0,488200.0,510300.0,727500.0,477500.0,1586700.0
20231026100518000,SSE,SSE.ETF.510050,2.457,2.452,2.469,2.45,0.0,2.707,2.215,394955644.0,1303924.0,394955644.0,1303924.0,0.0,0.0,20231026,20231026,100518000,2.461,0.0,0.0,2.457,2.456,2.455,2.454,2.453,2.452,2.451,2.45,2.449,2.448,2.458,2.459,2.46,2.461,2.462,2.463,2.464,2.465,2.466,2.467,1380300.0,4036000.0,4758500.0,1740700.0,1450700.0,2394600.0,2426800.0,1474000.0,511700.0,590900.0,1984000.0,3368200.0,3032700.0,478600.0,488300.0,510300.0,727500.0,477500.0,1586700.0,1409500.0
20231026100521000,SSE,SSE.ETF.510050,2.457,2.452,2.469,2.45,0.0,2.707,2.215,395014612.0,58968.0,395014612.0,58968.0,0.0,0.0,20231026,20231026,100521000,2.461,0.0,0.0,2.457,2.456,2.455,2.454,2.453,2.452,2.451,2.45,2.449,2.448,2.458,2.459,2.46,2.461,2.462,2.463,2.464,2.465,2.466,2.467,199400.0,2878500.0,5179300.0,2127000.0,1531200.0,1800100.0,2747500.0,1494500.0,511700.0,590900.0,3670700.0,3270200.0,2734800.0,170900.0,646700.0,700300.0,727500.0,477500.0,1586700.0,1409500.0
20231026100524000,SSE,SSE.ETF.510050,2.457,2.452,2.469,2.45,0.0,2.707,2.215,395656871.0,642259.0,395656871.0,642259.0,0.0,0.0,20231026,20231026,100524000,2.461,0.0,0.0,2.457,2.456,2.455,2.454,2.453,2.452,2.451,2.45,2.449,2.448,2.458,2.459,2.46,2.461,2.462,2.463,2.464,2.465,2.466,2.467,12100.0,3406000.0,5187300.0,1697000.0,1449600.0,2122600.0,2747500.0,1494500.0,511700.0,590900.0,1043400.0,4074000.0,1752800.0,252200.0,785400.0,690300.0,727500.0,477500.0,1366700.0,1409500.0
20231026100527000,SSE,SSE.ETF.510050,2.457,2.452,2.469,2.45,0.0,2.707,2.215,395795201.0,138330.0,395795201.0,138330.0,0.0,0.0,20231026,20231026,100527000,2.461,0.0,0.0,2.457,2.456,2.455,2.454,2.453,2.452,2.451,2.45,2.449,2.448,2.458,2.459,2.46,2.461,2.462,2.463,2.464,2.465,2.466,2.467,1005100.0,5026000.0,3687300.0,1427800.0,1449600.0,2081700.0,2256800.0,1494500.0,511700.0,590900.0,1171500.0,4574000.0,3542800.0,402200.0,565400.0,690300.0,727500.0,477500.0,1586700.0,1409500.0
20231026100530000,SSE,SSE.ETF.510050,2.457,2.452,2.469,2.45,0.0,2.707,2.215,395797903.0,2702.0,395797903.0,2702.0,0.0,0.0,20231026,20231026,100530000,2.461,0.0,0.0,2.457,2.456,2.455,2.454,2.453,2.452,2.451,2.45,2.449,2.448,2.458,2.459,2.46,2.461,2.462,2.463,2.464,2.465,2.466,2.467,1304100.0,5059000.0,3687500.0,1427800.0,1621200.0,1930100.0,2336800.0,1414500.0,511700.0,590900.0,1407700.0,4574000.0,2552800.0,1310900.0,646700.0,690300.0,727500.0,477500.0,1586700.0,1409500.0
20231026100533000,SSE,SSE.ETF.510050,2.457,2.452,2.469,2.45,0.0,2.707,2.215,395797903.0,0.0,395797903.0,0.0,0.0,0.0,20231026,20231026,100533000,2.461,0.0,0.0,2.457,2.456,2.455,2.454,2.453,2.452,2.451,2.45,2.449,2.448,2.458,2.459,2.46,2.461,2.462,2.463,2.464,2.465,2.466,2.467,3070100.0,4813000.0,2922500.0,1515800.0,1824200.0,1930100.0,2336800.0,1414500.0,511700.0,590900.0,521600.0,1060200.0,3956600.0,3018900.0,646700.0,690300.0,727500.0,477500.0,1586700.0,1409500.0
20231026100536000,SSE,SSE.ETF.510050,2.458,2.452,2.469,2.45,0.0,2.707,2.215,395835506.0,37603.0,395835506.0,37603.0,0.0,0.0,20231026,20231026,100536000,2.461,0.0,0.0,2.457,2.456,2.455,2.454,2.453,2.452,2.451,2.45,2.449,2.448,2.458,2.459,2.46,2.461,2.462,2.463,2.464,2.465,2.466,2.467,1616600.0,5508800.0,3191700.0,1515800.0,1624200.0,1932100.0,2336800.0,1414500.0,511700.0,590900.0,1057400.0,3223200.0,3113600.0,1888900.0,646700.0,690300.0,727500.0,477500.0,1586700.0,1409500.0
20231026100539000,SSE,SSE.ETF.510050,2.457,2.452,2.469,2.45,0.0,2.707,2.215,395868921.0,33415.0,395868921.0,33415.0,0.0,0.0,20231026,20231026,100539000,2.461,0.0,0.0,2.457,2.456,2.455,2.454,2.453,2.452,2.451,2.45,2.449,2.448,2.458,2.459,2.46,2.461,2.462,2.463,2.464,2.465,2.466,2.467,3293000.0,4719100.0,3643500.0,1539600.0,1824200.0,1932100.0,2336800.0,1414500.0,511700.0,590900.0,857400.0,3124100.0,3072800.0,2828900.0,646700.0,690300.0,727500.0,477500.0,1586700.0,1409500.0
20231026100542000,SSE,SSE.ETF.510050,2.458,2.452,2.469,2.45,0.0,2.707,2.215,397425793.0,1556872.0,397425793.0,1556872.0,0.0,0.0,20231026,20231026,100542000,2.461,0.0,0.0,2.457,2.456,2.455,2.454,2.453,2.452,2.451,2.45,2.449,2.448,2.458,2.459,2.46,2.461,2.462,2.463,2.464,2.465,2.466,2.467,1099500.0,4657100.0,2303500.0,1539600.0,1534200.0,2022100.0,2398200.0,1414500.0,511700.0,590900.0,230000.0,3675100.0,3162800.0,1238900.0,646700.0,690300.0,727500.0,477500.0,1586700.0,1409500.0
20231026100545000,SSE,SSE.ETF.510050,2.458,2.452,2.469,2.45,0.0,2.707,2.215,397629996.0,204203.0,397629996.0,204203.0,0.0,0.0,20231026,20231026,100545000,2.461,0.0,0.0,2.457,2.456,2.455,2.454,2.453,2.452,2.451,2.45,2.449,2.448,2.458,2.459,2.46,2.461,2.462,2.463,2.464,2.465,2.466,2.467,1721500.0,5329800.0,3243500.0,1451600.0,1824200.0,1931100.0,2398200.0,1413500.0,511700.0,590900.0,548000.0,3715200.0,3113600.0,1800900.0,646700.0,690300.0,727500.0,477500.0,1586700.0,1409500.0
20231026100548000,SSE,SSE.ETF.510050,2.458,2.452,2.469,2.45,0.0,2.707,2.215,397903080.0,273084.0,397903080.0,273084.0,0.0,0.0,20231026,20231026,100548000,2.461,0.0,0.0,2.457,2.456,2.455,2.454,2.453,2.452,2.451,2.45,2.449,2.448,2.458,2.459,2.46,2.461,2.462,2.463,2.464,2.465,2.466,2.467,3250100.0,4689100.0,3155500.0,1634600.0,1624200.0,1931100.0,2398200.0,1414500.0,511700.0,590900.0,282600.0,3265100.0,2984800.0,1739900.0,741700.0,690300.0,727500.0,477500.0,1586700.0,1409500.0
20231026100551000,SSE,SSE.ETF.510050,2.458,2.452,2.469,2.45,0.0,2.707,2.215,397903080.0,0.0,397903080.0,0.0,0.0,0.0,20231026,20231026,100551000,2.461,0.0,0.0,2.457,2.456,2.455,2.454,2.453,2.452,2.451,2.45,2.449,2.448,2.458,2.459,2.46,2.461,2.462,2.463,2.464,2.465,2.466,2.467,3420100.0,4690100.0,3243300.0,1640600.0,1734200.0,1931100.0,2401500.0,1415500.0,511700.0,590900.0,297200.0,3265100.0,3072800.0,3239900.0,646700.0,690300.0,727500.0,477500.0,1586700.0,1409500.0
20231026100554000,SSE,SSE.ETF.510050,2.458,2.452,2.469,2.45,0.0,2.707,2.215,398676116.0,773036.0,398676116.0,773036.0,0.0,0.0,20231026,20231026,100554000,2.461,0.0,0.0,2.458,2.457,2.456,2.455,2.454,2.453,2.452,2.451,2.45,2.449,2.459,2.46,2.461,2.462,2.463,2.464,2.465,2.466,2.467,2.468,1849000.0,5527700.0,3256400.0,1874000.0,1640600.0,2734200.0,1420400.0,2403500.0,1424500.0,511700.0,962100.0,4082300.0,2679900.0,1546700.0,690300.0,507500.0,477500.0,1588700.0,1409500.0,1339100.0
20231026100557000,SSE,SSE.ETF.510050,2.459,2.452,2.469,2.45,0.0,2.707,2.215,398677346.0,1230.0,398677346.0,1230.0,0.0,0.0,20231026,20231026,100557000,2.461,0.0,0.0,2.458,2.457,2.456,2.455,2.454,2.453,2.452,2.451,2.45,2.449,2.459,2.46,2.461,2.462,2.463,2.464,2.465,2.466,2.467,2.468,2729700.0,4484300.0,3036400.0,2018300.0,1809000.0,2385600.0,1420400.0,2403500.0,1419500.0,511700.0,382200.0,4092300.0,2779900.0,1608300.0,848700.0,917500.0,477500.0,1588700.0,1409500.0,1119100.0
20231026100600000,SSE,SSE.ETF.510050,2.459,2.452,2.469,2.45,0.0,2.707,2.215,398677346.0,0.0,398677346.0,0.0,0.0,0.0,20231026,20231026,100600000,2.461,0.0,0.0,2.458,2.457,2.456,2.455,2.454,2.453,2.452,2.451,2.45,2.449,2.459,2.46,2.461,2.462,2.463,2.464,2.465,2.466,2.467,2.468,2750200.0,4582300.0,3036400.0,1868300.0,1721000.0,2385600.0,1420400.0,2403500.0,1419500.0,511700.0,432200.0,4304300.0,2691900.0,1696300.0,848700.0,697500.0,477500.0,1588700.0,1409500.0,1339100.0
20231026100603000,SSE,SSE.ETF.510050,2.458,2.452,2.469,2.45,0.0,2.707,2.215,398679804.0,2458.0,398679804.0,2458.0,0.0,0.0,20231026,20231026,100603000,2.461,0.0,0.0,2.458,2.457,2.456,2.455,2.454,2.453,2.452,2.451,2.45,2.449,2.459,2.46,2.461,2.462,2.463,2.464,2.465,2.466,2.467,2.468,650900.0,3482300.0,4104400.0,3387600.0,1721000.0,2385600.0,1931100.0,2323500.0,1419500.0,511700.0,3553200.0,3315600.0,3289900.0,386300.0,848700.0,917500.0,477500.0,1583700.0,1409500.0,1119100.0
20231026100606000,SSE,SSE.ETF.510050,2.458,2.452,2.469,2.45,0.0,2.707,2.215,398679804.0,0.0,398679804.0,0.0,0.0,0.0,20231026,20231026,100606000,2.461,0.0,0.0,2.458,2.457,2.456,2.455,2.454,2.453,2.452,2.451,2.45,2.449,2.459,2.46,2.461,2.462,2.463,2.464,2.465,2.466,2.467,2.468,381600.0,3485300.0,4329400.0,3279600.0,1740000.0,2385600.0,1711100.0,2403500.0,2421500.0,511700.0,3880300.0,3315600.0,3289900.0,378300.0,848700.0,917500.0,477500.0,1583700.0,1409500.0,1119100.0
20231026100609000,SSE,SSE.ETF.510050,2.458,2.452,2.469,2.45,0.0,2.707,2.215,398688899.0,9095.0,398688899.0,9095.0,0.0,0.0,20231026,20231026,100609000,2.461,0.0,0.0,2.458,2.457,2.456,2.455,2.454,2.453,2.452,2.451,2.45,2.449,2.459,2.46,2.461,2.462,2.463,2.464,2.465,2.466,2.467,2.468,380000.0,3545700.0,4109500.0,2220300.0,1740000.0,2385600.0,1640400.0,2403500.0,2426000.0,511700.0,4188000.0,3315600.0,3289900.0,378300.0,848700.0,917500.0,477500.0,1583700.0,1409500.0,1119100.0
20231026100612000,SSE,SSE.ETF.510050,2.458,2.452,2.469,2.45,0.0,2.707,2.215,399917949.0,1229050.0,399917949.0,1229050.0,0.0,0.0,20231026,20231026,100612000,2.461,0.0,0.0,2.457,2.456,2.455,2.454,2.453,2.452,2.451,2.45,2.449,2.448,2.458,2.459,2.46,2.461,2.462,2.463,2.464,2.465,2.466,2.467,2793400.0,4328000.0,3309600.0,1740000.0,2385600.0,1931100.0,2403500.0,2426000.0,511700.0,584700.0,30000.0,4195600.0,3320600.0,2721900.0,298300.0,848700.0,917500.0,477500.0,1583700.0,1409500.0
20231026100615000,SSE,SSE.ETF.510050,2.458,2.452,2.469,2.45,0.0,2.707,2.215,399994147.0,76198.0,399994147.0,76198.0,0.0,0.0,20231026,20231026,100615000,2.461,0.0,0.0,2.457,2.456,2.455,2.454,2.453,2.452,2.451,2.45,2.449,2.448,2.458,2.459,2.46,2.461,2.462,2.463,2.464,2.465,2.466,2.467,3619600.0,4078200.0,3373300.0,1659600.0,2739200.0,1931100.0,2403500.0,2430100.0,511700.0,584700.0,33900.0,3340900.0,3467800.0,3239900.0,646700.0,690600.0,727500.0,477500.0,1583700.0,1409500.0
20231026100618000,SSE,SSE.ETF.510050,2.458,2.452,2.469,2.45,0.0,2.707,2.215,400290336.0,296189.0,400290336.0,296189.0,0.0,0.0,20231026,20231026,100618000,2.461,0.0,0.0,2.458,2.457,2.456,2.455,2.454,2.453,2.452,2.451,2.45,2.449,2.459,2.46,2.461,2.462,2.463,2.464,2.465,2.466,2.467,2.468,2100.0,4060600.0,4078200.0,3343300.0,1659600.0,2739200.0,1931100.0,2403500.0,2431200.0,511700.0,3749300.0,3467800.0,3119900.0,646700.0,690600.0,727500.0,477500.0,1583700.0,1409500.0,1119100.0
20231026100621000,SSE,SSE.ETF.510050,2.457,2.452,2.469,2.45,0.0,2.707,2.215,400346849.0,56513.0,400346849.0,56513.0,0.0,0.0,20231026,20231026,100621000,2.461,0.0,0.0,2.458,2.457,2.456,2.455,2.454,2.453,2.452,2.451,2.45,2.449,2.459,2.46,2.461,2.462,2.463,2.464,2.465,2.466,2.467,2.468,11000.0,4200800.0,4123500.0,3528400.0,1746500.0,2467200.0,1931100.0,2345100.0,2431200.0,511700.0,3581600.0,3408600.0,3369900.0,379600.0,767700.0,917500.0,477500.0,1583700.0,1409500.0,1119100.0
20231026100624000,SSE,SSE.ETF.510050,2.459,2.452,2.469,2.45,0.0,2.707,2.215,400380779.0,33930.0,400380779.0,33930.0,0.0,0.0,20231026,20231026,100624000,2.461,0.0,0.0,2.458,2.457,2.456,2.455,2.454,2.453,2.452,2.451,2.45,2.449,2.459,2.46,2.461,2.462,2.463,2.464,2.465,2.466,2.467,2.468,54800.0,4150800.0,4123500.0,3487600.0,1746500.0,2481700.0,1931100.0,2345100.0,2431200.0,511700.0,3530800.0,3408600.0,3369900.0,379600.0,767700.0,917500.0,477500.0,1583700.0,1409500.0,1119100.0
20231026100627000,SSE,SSE.ETF.510050,2.458,2.452,2.469,2.45,0.0,2.707,2.215,400385941.0,5162.0,400385941.0,5162.0,0.0,0.0,20231026,20231026,100627000,2.461,0.0,0.0,2.458,2.457,2.456,2.455,2.454,2.453,2.452,2.451,2.45,2.449,2.459,2.46,2.461,2.462,2.463,2.464,2.465,2.466,2.467,2.468,546300.0,4178600.0,4022700.0,2080400.0,1658500.0,2476700.0,1931100.0,2345100.0,2430800.0,511700.0,3140300.0,3285800.0,3281900.0,379600.0,767700.0,917500.0,477500.0,1583700.0,1409500.0,1119100.0
20231026100630000,SSE,SSE.ETF.510050,2.459,2.452,2.469,2.45,0.0,2.707,2.215,400435121.0,49180.0,400435121.0,49180.0,0.0,0.0,20231026,20231026,100630000,2.461,0.0,0.0,2.458,2.457,2.456,2.455,2.454,2.453,2.452,2.451,2.45,2.449,2.459,2.46,2.461,2.462,2.463,2.464,2.465,2.466,2.467,2.468,82500.0,3769600.0,4110700.0,3933400.0,1740000.0,2395100.0,1931100.0,2345100.0,2430800.0,511700.0,3961600.0,3285800.0,2959900.0,298300.0,849000.0,917500.0,497500.0,1583700.0,1409500.0,1119100.0
20231026100633000,SSE,SSE.ETF.510050,2.458,2.452,2.469,2.45,0.0,2.707,2.215,400449623.0,14502.0,400449623.0,14502.0,0.0,0.0,20231026,20231026,100633000,2.461,0.0,0.0,2.458,2.457,2.456,2.455,2.454,2.453,2.452,2.451,2.45,2.449,2.459,2.46,2.461,2.462,2.463,2.464,2.465,2.466,2.467,2.468,138500.0,4849700.0,4153500.0,1697600.0,1658500.0,2477700.0,1931100.0,2345300.0,2430800.0,511700.0,1183100.0,4672300.0,3369900.0,379600.0,767700.0,917500.0,497500.0,1583700.0,1413700.0,1119100.0
20231026100636000,SSE,SSE.ETF.510050,2.458,2.452,2.469,2.45,0.0,2.707,2.215,400449623.0,0.0,400449623.0,0.0,0.0,0.0,20231026,20231026,100636000,2.461,0.0,0.0,2.458,2.457,2.456,2.455,2.454,2.453,2.452,2.451,2.45,2.449,2.459,2.46,2.461,2.462,2.463,2.464,2.465,2.466,2.467,2.468,630400.0,5457600.0,3593500.0,1718300.0,1658700.0,2477700.0,1420400.0,2345300.0,2429800.0,511700.0,1033100.0,4592300.0,3679900.0,379600.0,767700.0,917500.0,497500.0,1583700.0,1413700.0,1119100.0
20231026100639000,SSE,SSE.ETF.510050,2.459,2.452,2.469,2.45,0.0,2.707,2.215,400525852.0,76229.0,400525852.0,76229.0,0.0,0.0,20231026,20231026,100639000,2.461,0.0,0.0,2.458,2.457,2.456,2.455,2.454,2.453,2.452,2.451,2.45,2.449,2.459,2.46,2.461,2.462,2.463,2.464,2.465,2.466,2.467,2.468,1397000.0,5518500.0,3533500.0,1718300.0,1740200.0,2396100.0,1420400.0,2345300.0,2429800.0,511700.0,369900.0,4592300.0,2779900.0,2698300.0,849000.0,697500.0,497500.0,1583700.0,1413700.0,1119100.0
20231026100642000,SSE,SSE.ETF.510050,2.458,2.452,2.469,2.45,0.0,2.707,2.215,400539125.0,13273.0,400539125.0,13273.0,0.0,0.0,20231026,20231026,100642000,2.461,0.0,0.0,2.458,2.457,2.456,2.455,2.454,2.453,2.452,2.451,2.45,2.449,2.459,2.46,2.461,2.462,2.463,2.464,2.465,2.466,2.467,2.468,921200.0,5522500.0,3225500.0,1816300.0,1740200.0,2397200.0,1420400.0,2345600.0,2432400.0,511700.0,996000.0,4592300.0,3591900.0,534300.0,849000.0,917500.0,492500.0,1583700.0,1413700.0,1119100.0
20231026100645000,SSE,SSE.ETF.510050,2.458,2.452,2.469,2.45,0.0,2.707,2.215,400539125.0,0.0,400539125.0,0.0,0.0,0.0,20231026,20231026,100645000,2.461,0.0,0.0,2.458,2.457,2.456,2.455,2.454,2.453,2.452,2.451,2.45,2.449,2.459,2.46,2.461,2.462,2.463,2.464,2.465,2.466,2.467,2.468,1234200.0,5233000.0,2903600.0,1816300.0,1740200.0,2397200.0,1420400.0,2345600.0,2432600.0,511700.0,982000.0,4187300.0,3679900.0,794300.0,849000.0,917500.0,492500.0,1583700.0,1413700.0,1119100.0
20231026100648000,SSE,SSE.ETF.510050,2.459,2.452,2.469,2.45,0.0,2.707,2.215,400539371.0,246.0,400539371.0,246.0,0.0,0.0,20231026,20231026,100648000,2.461,0.0,0.0,2.458,2.457,2.456,2.455,2.454,2.453,2.452,2.451,2.45,2.449,2.459,2.46,2.461,2.462,2.463,2.464,2.465,2.466,2.467,2.468,1984200.0,5233000.0,2903600.0,1952100.0,1740200.0,2397200.0,1420400.0,2345600.0,2432600.0,511700.0,1167900.0,4187300.0,3679900.0,944300.0,944000.0,917500.0,492500.0,1583700.0,1413700.0,1119100.0
20231026100651000,SSE,SSE.ETF.510050,2.459,2.452,2.469,2.45,0.0,2.707,2.215,400551416.0,12045.0,400551416.0,12045.0,0.0,0.0,20231026,20231026,100651000,2.461,0.0,0.0,2.458,2.457,2.456,2.455,2.454,2.453,2.452,2.451,2.45,2.449,2.459,2.46,2.461,2.462,2.463,2.464,2.465,2.466,2.467,2.468,819800.0,5053500.0,3417600.0,1966300.0,1690200.0,2397200.0,1420400.0,2345600.0,2432600.0,511700.0,1036300.0,4677300.0,3679900.0,384300.0,849000.0,917500.0,492500.0,1583700.0,1413700.0,1119100.0
20231026100654000,SSE,SSE.ETF.510050,2.459,2.452,2.469,2.45,0.0,2.707,2.215,400604511.0,53095.0,400604511.0,53095.0,0.0,0.0,20231026,20231026,100654000,2.461,0.0,0.0,2.458,2.457,2.456,2.455,2.454,2.453,2.452,2.451,2.45,2.449,2.459,2.46,2.461,2.462,2.463,2.464,2.465,2.466,2.467,2.468,342300.0,4447700.0,4107600.0,1628400.0,1690200.0,2397200.0,1931100.0,2345600.0,2432600.0,511700.0,2658900.0,3331600.0,3679900.0,296300.0,849000.0,917500.0,492500.0,1583700.0,1413700.0,1119100.0
20231026100657000,SSE,SSE.ETF.510050,2.459,2.452,2.469,2.45,0.0,2.707,2.215,400605986.0,1475.0,400605986.0,1475.0,0.0,0.0,20231026,20231026,100657000,2.461,0.0,0.0,2.458,2.457,2.456,2.455,2.454,2.453,2.452,2.451,2.45,2.449,2.459,2.46,2.461,2.462,2.463,2.464,2.465,2.466,2.467,2.468,342300.0,4447900.0,4021600.0,1897600.0,1690200.0,2397200.0,1907000.0,2345400.0,2432600.0,511700.0,3393500.0,3331600.0,3281900.0,296300.0,849000.0,917500.0,492500.0,1583700.0,1413700.0,1119100.0
20231026100700000,SSE,SSE.ETF.510050,2.459,2.452,2.469,2.45,0.0,2.707,2.215,400605986.0,0.0,400605986.0,0.0,0.0,0.0,20231026,20231026,100700000,2.461,0.0,0.0,2.458,2.457,2.456,2.455,2.454,2.453,2.452,2.451,2.45,2.449,2.459,2.46,2.461,2.462,2.463,2.464,2.465,2.466,2.467,2.468,351200.0,4655300.0,4108600.0,1937700.0,1690200.0,2397200.0,1907000.0,2345400.0,2432600.0,511700.0,3434300.0,3331600.0,3369900.0,296300.0,849000.0,917500.0,492500.0,1583700.0,1413700.0,1119100.0
20231026100703000,SSE,SSE.ETF.510050,2.458,2.452,2.469,2.45,0.0,2.707,2.215,401454734.0,848748.0,401454734.0,848748.0,0.0,0.0,20231026,20231026,100703000,2.461,0.0,0.0,2.457,2.456,2.455,2.454,2.453,2.452,2.451,2.45,2.449,2.448,2.458,2.459,2.46,2.461,2.462,2.463,2.464,2.465,2.466,2.467,2378300.0,4729800.0,3317700.0,1733800.0,2197200.0,1907000.0,2345400.0,2443500.0,511700.0,538700.0,1424000.0,3760600.0,3089800.0,3339900.0,296300.0,849000.0,917500.0,492500.0,1583700.0,1414000.0
20231026100706000,SSE,SSE.ETF.510050,2.458,2.452,2.469,2.45,0.0,2.707,2.215,401529948.0,75214.0,401529948.0,75214.0,0.0,0.0,20231026,20231026,100706000,2.461,0.0,0.0,2.457,2.456,2.455,2.454,2.453,2.452,2.451,2.45,2.449,2.448,2.458,2.459,2.46,2.461,2.462,2.463,2.464,2.465,2.466,2.467,4380200.0,4432600.0,1472600.0,1653400.0,2750800.0,1697000.0,2346400.0,2453500.0,511700.0,538700.0,297100.0,1004000.0,4115900.0,3637900.0,644700.0,690600.0,727500.0,492500.0,1583700.0,1414000.0
20231026100709000,SSE,SSE.ETF.510050,2.458,2.452,2.469,2.45,0.0,2.707,2.215,401561902.0,31954.0,401561902.0,31954.0,0.0,0.0,20231026,20231026,100709000,2.461,0.0,0.0,2.458,2.457,2.456,2.455,2.454,2.453,2.452,2.451,2.45,2.449,2.459,2.46,2.461,2.462,2.463,2.464,2.465,2.466,2.467,2.468,476500.0,4320300.0,4368000.0,1723000.0,1563400.0,2850800.0,1917000.0,2346400.0,2455500.0,511700.0,2543300.0,3191300.0,3357900.0,654700.0,690600.0,727500.0,492500.0,1583700.0,1414000.0,1119100.0
20231026100712000,SSE,SSE.ETF.510050,2.458,2.452,2.469,2.45,0.0,2.707,2.215,401822942.0,261040.0,401822942.0,261040.0,0.0,0.0,20231026,20231026,100712000,2.461,0.0,0.0,2.457,2.456,2.455,2.454,2.453,2.452,2.451,2.45,2.449,2.448,2.458,2.459,2.46,2.461,2.462,2.463,2.464,2.465,2.466,2.467,3707000.0,4703900.0,3108100.0,1831800.0,2397200.0,1917000.0,2346400.0,2455500.0,511700.0,538700.0,218200.0,2864300.0,3122100.0,3429900.0,306300.0,849000.0,917500.0,492500.0,1583700.0,1414000.0
20231026100715000,SSE,SSE.ETF.510050,2.458,2.452,2.469,2.45,0.0,2.707,2.215,401847522.0,24580.0,401847522.0,24580.0,0.0,0.0,20231026,20231026,100715000,2.461,0.0,0.0,2.457,2.456,2.455,2.454,2.453,2.452,2.451,2.45,2.449,2.448,2.458,2.459,2.46,2.461,2.462,2.463,2.464,2.465,2.466,2.467,3302900.0,4703900.0,3332200.0,1561800.0,2550800.0,1917000.0,2346400.0,2455500.0,511700.0,538700.0,208200.0,3278000.0,3222100.0,3241900.0,654700.0,690600.0,727500.0,492500.0,1583700.0,1414000.0
20231026100718000,SSE,SSE.ETF.510050,2.458,2.452,2.469,2.45,0.0,2.707,2.215,401847768.0,246.0,401847768.0,246.0,0.0,0.0,20231026,20231026,100718000,2.461,0.0,0.0,2.457,2.456,2.455,2.454,2.453,2.452,2.451,2.45,2.449,2.448,2.458,2.459,2.46,2.461,2.462,2.463,2.464,2.465,2.466,2.467,2079100.0,4566900.0,3783000.0,1799800.0,2550800.0,1917000.0,2346400.0,2456500.0,511700.0,538700.0,375100.0,4312200.0,3522100.0,519900.0,654700.0,690600.0,727500.0,492500.0,1583700.0,1414000.0
20231026100721000,SSE,SSE.ETF.510050,2.458,2.452,2.469,2.45,0.0,2.707,2.215,401926394.0,78626.0,401926394.0,78626.0,0.0,0.0,20231026,20231026,100721000,2.461,0.0,0.0,2.457,2.456,2.455,2.454,2.453,2.452,2.451,2.45,2.449,2.448,2.458,2.459,2.46,2.461,2.462,2.463,2.464,2.465,2.466,2.467,3233500.0,4566900.0,3783200.0,1649800.0,2550800.0,1929200.0,2366400.0,2456500.0,511700.0,538700.0,291000.0,4430500.0,2622100.0,1569900.0,664700.0,690600.0,727500.0,492500.0,1583700.0,1414000.0
20231026100724000,SSE,SSE.ETF.510050,2.458,2.452,2.469,2.45,0.0,2.707,2.215,402037710.0,111316.0,402037710.0,111316.0,0.0,0.0,20231026,20231026,100724000,2.461,0.0,0.0,2.457,2.456,2.455,2.454,2.453,2.452,2.451,2.45,2.449,2.448,2.458,2.459,2.46,2.461,2.462,2.463,2.464,2.465,2.466,2.467,3150200.0,4446100.0,3373200.0,1649800.0,2550800.0,1933900.0,2366400.0,2456500.0,511700.0,538700.0,288900.0,4540000.0,2581300.0,1891900.0,664700.0,690600.0,727500.0,492500.0,1583700.0,1414000.0
20231026100727000,SSE,SSE.ETF.510050,2.458,2.452,2.469,2.45,0.0,2.707,2.215,402113908.0,76198.0,402113908.0,76198.0,0.0,0.0,20231026,20231026,100727000,2.461,0.0,0.0,2.457,2.456,2.455,2.454,2.453,2.452,2.451,2.45,2.449,2.448,2.458,2.459,2.46,2.461,2.462,2.463,2.464,2.465,2.466,2.467,2590700.0,4487100.0,3870800.0,1799800.0,2550800.0,1933900.0,2366400.0,2433500.0,531700.0,538700.0,407900.0,4950000.0,3610100.0,431900.0,664700.0,690600.0,727500.0,502500.0,1583700.0,1414000.0
20231026100730000,SSE,SSE.ETF.510050,2.458,2.452,2.469,2.45,0.0,2.707,2.215,402126198.0,12290.0,402126198.0,12290.0,0.0,0.0,20231026,20231026,100730000,2.461,0.0,0.0,2.457,2.456,2.455,2.454,2.453,2.452,2.451,2.45,2.449,2.448,2.458,2.459,2.46,2.461,2.462,2.463,2.464,2.465,2.466,2.467,2025400.0,3611200.0,4770800.0,1171100.0,2550800.0,1933900.0,2657100.0,2433500.0,531700.0,538700.0,1598800.0,3428400.0,3610100.0,343900.0,664700.0,690600.0,727500.0,502500.0,1583700.0,1414000.0
20231026100733000,SSE,SSE.ETF.510050,2.458,2.452,2.469,2.45,0.0,2.707,2.215,402126198.0,0.0,402126198.0,0.0,0.0,0.0,20231026,20231026,100733000,2.461,0.0,0.0,2.457,2.456,2.455,2.454,2.453,2.452,2.451,2.45,2.449,2.448,2.458,2.459,2.46,2.461,2.462,2.463,2.464,2.465,2.466,2.467,1425400.0,4673200.0,4650800.0,1421100.0,2638600.0,1933900.0,2657100.0,2533500.0,531700.0,538700.0,1755900.0,3428400.0,3610100.0,343900.0,664700.0,690600.0,727500.0,502500.0,1583700.0,1414000.0
20231026100736000,SSE,SSE.ETF.510050,2.458,2.452,2.469,2.45,0.0,2.707,2.215,402138488.0,12290.0,402138488.0,12290.0,0.0,0.0,20231026,20231026,100736000,2.461,0.0,0.0,2.457,2.456,2.455,2.454,2.453,2.452,2.451,2.45,2.449,2.448,2.458,2.459,2.46,2.461,2.462,2.463,2.464,2.465,2.466,2.467,2401200.0,5070900.0,3340800.0,1711800.0,2638600.0,1933900.0,2366400.0,2533500.0,531700.0,538700.0,405000.0,4478100.0,3569300.0,753900.0,664700.0,690600.0,727500.0,502500.0,1583700.0,1414000.0
20231026100739000,SSE,SSE.ETF.510050,2.458,2.452,2.469,2.45,0.0,2.707,2.215,402207531.0,69043.0,402207531.0,69043.0,0.0,0.0,20231026,20231026,100739000,2.461,0.0,0.0,2.457,2.456,2.455,2.454,2.453,2.452,2.451,2.45,2.449,2.448,2.458,2.459,2.46,2.461,2.462,2.463,2.464,2.465,2.466,2.467,2374900.0,5111700.0,3212000.0,1509100.0,2638600.0,1953900.0,2657100.0,2533500.0,531700.0,539400.0,403200.0,4437300.0,3522100.0,841900.0,664700.0,690600.0,727500.0,502500.0,1583700.0,1414000.0
20231026100742000,SSE,SSE.ETF.510050,2.457,2.452,2.469,2.45,0.0,2.707,2.215,402213428.0,5897.0,402213428.0,5897.0,0.0,0.0,20231026,20231026,100742000,2.461,0.0,0.0,2.457,2.456,2.455,2.454,2.453,2.452,2.451,2.45,2.449,2.448,2.458,2.459,2.46,2.461,2.462,2.463,2.464,2.465,2.466,2.467,2522500.0,5070900.0,3341800.0,1654800.0,2738600.0,1953900.0,2366400.0,2573500.0,531700.0,539400.0,253200.0,4648700.0,3569300.0,991900.0,759700.0,690600.0,727500.0,502500.0,1583700.0,1414000.0
20231026100745000,SSE,SSE.ETF.510050,2.457,2.452,2.469,2.45,0.0,2.707,2.215,402483708.0,270280.0,402483708.0,270280.0,0.0,0.0,20231026,20231026,100745000,2.461,0.0,0.0,2.457,2.456,2.455,2.454,2.453,2.452,2.451,2.45,2.449,2.448,2.458,2.459,2.46,2.461,2.462,2.463,2.464,2.465,2.466,2.467,2944400.0,5210900.0,3341800.0,1559800.0,2738600.0,1953900.0,2366400.0,2573500.0,531700.0,539400.0,231200.0,3652100.0,2669300.0,3241900.0,664700.0,690600.0,727500.0,502500.0,1583700.0,1414000.0
20231026100748000,SSE,SSE.ETF.510050,2.458,2.452,2.469,2.45,0.0,2.707,2.215,402485183.0,1475.0,402485183.0,1475.0,0.0,0.0,20231026,20231026,100748000,2.461,0.0,0.0,2.457,2.456,2.455,2.454,2.453,2.452,2.451,2.45,2.449,2.448,2.458,2.459,2.46,2.461,2.462,2.463,2.464,2.465,2.466,2.467,4733900.0,4317900.0,3341800.0,1659800.0,2638600.0,1953900.0,2366400.0,2573500.0,531700.0,543500.0,121900.0,3497300.0,2670800.0,3241900.0,664700.0,690600.0,727500.0,502500.0,1583700.0,1414000.0
20231026100751000,SSE,SSE.ETF.510050,2.458,2.452,2.469,2.45,0.0,2.707,2.215,402487149.0,1966.0,402487149.0,1966.0,0.0,0.0,20231026,20231026,100751000,2.461,0.0,0.0,2.457,2.456,2.455,2.454,2.453,2.452,2.451,2.45,2.449,2.448,2.458,2.459,2.46,2.461,2.462,2.463,2.464,2.465,2.466,2.467,3852900.0,4317900.0,3341800.0,1471800.0,2738600.0,1953900.0,2366400.0,2580500.0,531700.0,543500.0,121100.0,3714600.0,2670800.0,3153900.0,664700.0,690600.0,727500.0,502500.0,1583700.0,1414000.0
20231026100754000,SSE,SSE.ETF.510050,2.458,2.452,2.469,2.45,0.0,2.707,2.215,402487395.0,246.0,402487395.0,246.0,0.0,0.0,20231026,20231026,100754000,2.461,0.0,0.0,2.457,2.456,2.455,2.454,2.453,2.452,2.451,2.45,2.449,2.448,2.458,2.459,2.46,2.461,2.462,2.463,2.464,2.465,2.466,2.467,1925100.0,3337900.0,4240800.0,1269100.0,2738600.0,1953900.0,2657100.0,2582200.0,531700.0,544400.0,333000.0,4710400.0,3162800.0,431900.0,664700.0,690600.0,716500.0,502500.0,1583700.0,1414000.0
20231026100757000,SSE,SSE.ETF.510050,2.458,2.452,2.469,2.45,0.0,2.707,2.215,402487395.0,0.0,402487395.0,0.0,0.0,0.0,20231026,20231026,100757000,2.461,0.0,0.0,2.457,2.456,2.455,2.454,2.453,2.452,2.451,2.45,2.449,2.448,2.458,2.459,2.46,2.461,2.462,2.463,2.464,2.465,2.466,2.467,1345400.0,4335900.0,4650800.0,1641100.0,2738600.0,1753900.0,2857100.0,2588100.0,531700.0,544400.0,2453900.0,3541400.0,3262800.0,343900.0,664700.0,690600.0,716500.0,502500.0,1583700.0,1414000.0
20231026100800000,SSE,SSE.ETF.510050,2.457,2.452,2.469,2.45,0.0,2.707,2.215,402504841.0,17446.0,402504841.0,17446.0,0.0,0.0,20231026,20231026,100800000,2.461,0.0,0.0,2.457,2.456,2.455,2.454,2.453,2.452,2.451,2.45,2.449,2.448,2.458,2.459,2.46,2.461,2.462,2.463,2.464,2.465,2.466,2.467,1340100.0,4635900.0,4542800.0,1331100.0,2739500.0,1953900.0,2857100.0,2588100.0,531700.0,544400.0,1358300.0,3728400.0,3572800.0,343900.0,664700.0,690600.0,716500.0,502500.0,1583700.0,1414000.0
20231026100803000,SSE,SSE.ETF.510050,2.457,2.452,2.469,2.45,0.0,2.707,2.215,402524743.0,19902.0,402524743.0,19902.0,0.0,0.0,20231026,20231026,100803000,2.461,0.0,0.0,2.457,2.456,2.455,2.454,2.453,2.452,2.451,2.45,2.449,2.448,2.458,2.459,2.46,2.461,2.462,2.463,2.464,2.465,2.466,2.467,858000.0,4611800.0,4542800.0,1621800.0,2740500.0,1953900.0,2566400.0,2601600.0,531700.0,544400.0,286500.0,4345200.0,3572800.0,343900.0,664700.0,690600.0,716500.0,502500.0,1583700.0,1414000.0
20231026100806000,SSE,SSE.ETF.510050,2.457,2.452,2.469,2.45,0.0,2.707,2.215,402524743.0,0.0,402524743.0,0.0,0.0,0.0,20231026,20231026,100806000,2.461,0.0,0.0,2.457,2.456,2.455,2.454,2.453,2.452,2.451,2.45,2.449,2.448,2.458,2.459,2.46,2.461,2.462,2.463,2.464,2.465,2.466,2.467,1843800.0,4635900.0,4034800.0,1185100.0,2740500.0,1953900.0,2857100.0,2602100.0,531700.0,544400.0,348500.0,4089400.0,3484800.0,903900.0,664700.0,690600.0,716500.0,502500.0,1583700.0,1414000.0
20231026100809000,SSE,SSE.ETF.510050,2.457,2.452,2.469,2.45,0.0,2.707,2.215,403139239.0,614496.0,403139239.0,614496.0,0.0,0.0,20231026,20231026,100809000,2.461,0.0,0.0,2.457,2.456,2.455,2.454,2.453,2.452,2.451,2.45,2.449,2.448,2.458,2.459,2.46,2.461,2.462,2.463,2.464,2.465,2.466,2.467,2736000.0,5133900.0,3222800.0,1563800.0,2850500.0,2043900.0,2371400.0,2603400.0,531700.0,544400.0,137200.0,3497300.0,2762800.0,2251900.0,664700.0,671400.0,716500.0,502500.0,1583700.0,1414000.0
20231026100812000,SSE,SSE.ETF.510050,2.458,2.452,2.469,2.45,0.0,2.707,2.215,403588307.0,449068.0,403588307.0,449068.0,0.0,0.0,20231026,20231026,100812000,2.461,0.0,0.0,2.457,2.456,2.455,2.454,2.453,2.452,2.451,2.45,2.449,2.448,2.458,2.459,2.46,2.461,2.462,2.463,2.464,2.465,2.466,2.467,3731900.0,4530900.0,2772800.0,1563800.0,2650500.0,1823900.0,2371400.0,2603400.0,531700.0,544400.0,30000.0,4357800.0,2762800.0,3151900.0,664700.0,671400.0,716500.0,502500.0,1583700.0,1424300.0
20231026100815000,SSE,SSE.ETF.510050,2.458,2.452,2.469,2.45,0.0,2.707,2.215,403612887.0,24580.0,403612887.0,24580.0,0.0,0.0,20231026,20231026,100815000,2.461,0.0,0.0,2.458,2.457,2.456,2.455,2.454,2.453,2.452,2.451,2.45,2.449,2.459,2.46,2.461,2.462,2.463,2.464,2.465,2.466,2.467,2.468,32700.0,3564700.0,4530900.0,3192800.0,1563800.0,2940500.0,1954800.0,2371400.0,2602400.0,531700.0,4357800.0,2672800.0,3271900.0,664700.0,671400.0,716500.0,502500.0,1583700.0,1424300.0,1119200.0
20231026100818000,SSE,SSE.ETF.510050,2.457,2.452,2.469,2.45,0.0,2.707,2.215,403664495.0,51608.0,403664495.0,51608.0,0.0,0.0,20231026,20231026,100818000,2.461,0.0,0.0,2.457,2.456,2.455,2.454,2.453,2.452,2.451,2.45,2.449,2.448,2.458,2.459,2.46,2.461,2.462,2.463,2.464,2.465,2.466,2.467,1062500.0,4499700.0,4308100.0,2710000.0,2468500.0,1954800.0,2662100.0,2602400.0,531700.0,544400.0,277700.0,4418800.0,3484800.0,941900.0,397500.0,748500.0,906500.0,502500.0,1583700.0,1424300.0
20231026100821000,SSE,SSE.ETF.510050,2.457,2.452,2.469,2.45,0.0,2.707,2.215,403697183.0,32688.0,403697183.0,32688.0,0.0,0.0,20231026,20231026,100821000,2.461,0.0,0.0,2.457,2.456,2.455,2.454,2.453,2.452,2.451,2.45,2.449,2.448,2.458,2.459,2.46,2.461,2.462,2.463,2.464,2.465,2.466,2.467,1049200.0,4489700.0,4446500.0,1495100.0,2740500.0,1954800.0,2702100.0,2602400.0,531700.0,544400.0,2650600.0,3725200.0,3186800.0,493900.0,664600.0,671800.0,716500.0,502500.0,1583700.0,1424300.0
20231026100824000,SSE,SSE.ETF.510050,2.458,2.452,2.469,2.45,0.0,2.707,2.215,403712177.0,14994.0,403712177.0,14994.0,0.0,0.0,20231026,20231026,100824000,2.461,0.0,0.0,2.457,2.456,2.455,2.454,2.453,2.452,2.451,2.45,2.449,2.448,2.458,2.459,2.46,2.461,2.462,2.463,2.464,2.465,2.466,2.467,920700.0,4799700.0,4534500.0,1185100.0,2740500.0,1954800.0,2702100.0,2602400.0,531700.0,544400.0,2635300.0,3725200.0,3584800.0,343900.0,664600.0,672200.0,716500.0,502500.0,1583700.0,1424300.0
20231026100827000,SSE,SSE.ETF.510050,2.458,2.452,2.469,2.45,0.0,2.707,2.215,403712177.0,0.0,403712177.0,0.0,0.0,0.0,20231026,20231026,100827000,2.461,0.0,0.0,2.457,2.456,2.455,2.454,2.453,2.452,2.451,2.45,2.449,2.448,2.458,2.459,2.46,2.461,2.462,2.463,2.464,2.465,2.466,2.467,920700.0,4589700.0,4534500.0,1645100.0,2752000.0,1954800.0,2703000.0,2602400.0,531900.0,544400.0,3095300.0,3985500.0,3274800.0,343900.0,664600.0,672200.0,716500.0,502500.0,1583700.0,1424300.0
20231026100830000,SSE,SSE.ETF.510050,2.458,2.452,2.469,2.45,0.0,2.707,2.215,404667799.0,955622.0,404667799.0,955622.0,0.0,0.0,20231026,20231026,100830000,2.461,0.0,0.0,2.457,2.456,2.455,2.454,2.453,2.452,2.451,2.45,2.449,2.448,2.458,2.459,2.46,2.461,2.462,2.463,2.464,2.465,2.466,2.467,1385400.0,5499700.0,3634500.0,1335100.0,2752000.0,1954800.0,2704000.0,2602400.0,531900.0,544400.0,1717300.0,4794200.0,3584800.0,343900.0,664600.0,672200.0,716500.0,502500.0,1583700.0,1424300.0
20231026100833000,SSE,SSE.ETF.510050,2.457,2.452,2.469,2.45,0.0,2.707,2.215,404738561.0,70762.0,404738561.0,70762.0,0.0,0.0,20231026,20231026,100833000,2.461,0.0,0.0,2.457,2.456,2.455,2.454,2.453,2.452,2.451,2.45,2.449,2.448,2.458,2.459,2.46,2.461,2.462,2.463,2.464,2.465,2.466,2.467,1462400.0,5500700.0,3634500.0,1625300.0,2752000.0,1954800.0,2413300.0,2603100.0,531900.0,544400.0,1089400.0,4774100.0,3584800.0,343900.0,664600.0,682200.0,716500.0,502500.0,1583700.0,1425600.0
20231026100836000,SSE,SSE.ETF.510050,2.458,2.452,2.469,2.45,0.0,2.707,2.215,404772973.0,34412.0,404772973.0,34412.0,0.0,0.0,20231026,20231026,100836000,2.461,0.0,0.0,2.457,2.456,2.455,2.454,2.453,2.452,2.451,2.45,2.449,2.448,2.458,2.459,2.46,2.461,2.462,2.463,2.464,2.465,2.466,2.467,1426300.0,4600700.0,4124500.0,1184600.0,2752000.0,1954800.0,2704000.0,2603100.0,531900.0,544400.0,925500.0,4364100.0,3584800.0,905200.0,664600.0,682200.0,659000.0,502500.0,1583700.0,1425600.0
20231026100839000,SSE,SSE.ETF.510050,2.458,2.452,2.469,2.45,0.0,2.707,2.215,404784771.0,11798.0,404784771.0,11798.0,0.0,0.0,20231026,20231026,100839000,2.461,0.0,0.0,2.457,2.456,2.455,2.454,2.453,2.452,2.451,2.45,2.449,2.448,2.458,2.459,2.46,2.461,2.462,2.463,2.464,2.465,2.466,2.467,2844900.0,5171900.0,3136500.0,1563300.0,2752000.0,1954800.0,2366900.0,2603100.0,531900.0,544400.0,253200.0,4364100.0,2596800.0,2793200.0,674400.0,682200.0,659000.0,502500.0,1583700.0,1425600.0
20231026100842000,SSE,SSE.ETF.510050,2.458,2.452,2.469,2.45,0.0,2.707,2.215,404836389.0,51618.0,404836389.0,51618.0,0.0,0.0,20231026,20231026,100842000,2.461,0.0,0.0,2.457,2.456,2.455,2.454,2.453,2.452,2.451,2.45,2.449,2.448,2.458,2.459,2.46,2.461,2.462,2.463,2.464,2.465,2.466,2.467,2611300.0,5171900.0,3224500.0,1563300.0,2752000.0,1954800.0,2366900.0,2603100.0,531900.0,544400.0,232200.0,4118000.0,2684800.0,3248700.0,695900.0,682200.0,659000.0,502500.0,1583700.0,1425600.0
20231026100845000,SSE,SSE.ETF.510050,2.458,2.452,2.469,2.45,0.0,2.707,2.215,404928564.0,92175.0,404928564.0,92175.0,0.0,0.0,20231026,20231026,100845000,2.461,0.0,0.0,2.457,2.456,2.455,2.454,2.453,2.452,2.451,2.45,2.449,2.448,2.458,2.459,2.46,2.461,2.462,2.463,2.464,2.465,2.466,2.467,2617300.0,5171900.0,3224500.0,1563300.0,2752000.0,1954800.0,2366900.0,2603100.0,531900.0,544400.0,242600.0,4403700.0,2684800.0,2348700.0,695900.0,683500.0,659000.0,502500.0,1583700.0,1425600.0
20231026100848000,SSE,SSE.ETF.510050,2.458,2.452,2.469,2.45,0.0,2.707,2.215,404928564.0,0.0,404928564.0,0.0,0.0,0.0,20231026,20231026,100848000,2.461,0.0,0.0,2.457,2.456,2.455,2.454,2.453,2.452,2.451,2.45,2.449,2.448,2.458,2.459,2.46,2.461,2.462,2.463,2.464,2.465,2.466,2.467,4625900.0,4268900.0,3224500.0,1661300.0,2672000.0,2044800.0,2366900.0,2603100.0,581900.0,544400.0,242600.0,3911000.0,2794000.0,3158700.0,790900.0,683500.0,659000.0,502500.0,1583700.0,1425600.0
20231026100851000,SSE,SSE.ETF.510050,2.458,2.452,2.469,2.45,0.0,2.707,2.215,404970842.0,42278.0,404970842.0,42278.0,0.0,0.0,20231026,20231026,100851000,2.461,0.0,0.0,2.457,2.456,2.455,2.454,2.453,2.452,2.451,2.45,2.449,2.448,2.458,2.459,2.46,2.461,2.462,2.463,2.464,2.465,2.466,2.467,3733500.0,4568900.0,3136500.0,1478300.0,2762000.0,1954800.0,2366900.0,2638900.0,581900.0,544400.0,199100.0,4005600.0,2616000.0,3161200.0,695900.0,683500.0,636000.0,502500.0,1583700.0,1425600.0
20231026100854000,SSE,SSE.ETF.510050,2.458,2.452,2.469,2.45,0.0,2.707,2.215,405460475.0,489633.0,405460475.0,489633.0,0.0,0.0,20231026,20231026,100854000,2.461,0.0,0.0,2.458,2.457,2.456,2.455,2.454,2.453,2.452,2.451,2.45,2.449,2.459,2.46,2.461,2.462,2.463,2.464,2.465,2.466,2.467,2.468,33700.0,4794400.0,4628900.0,1534500.0,1566400.0,2872000.0,1824800.0,2383300.0,2638900.0,581900.0,1504800.0,4761100.0,3499200.0,695900.0,683500.0,636000.0,502500.0,1583700.0,1425600.0,1319200.0
20231026100857000,SSE,SSE.ETF.510050,2.459,2.452,2.469,2.45,0.0,2.707,2.215,405689408.0,228933.0,405689408.0,228933.0,0.0,0.0,20231026,20231026,100857000,2.461,0.0,0.0,2.458,2.457,2.456,2.455,2.454,2.453,2.452,2.451,2.45,2.449,2.459,2.46,2.461,2.462,2.463,2.464,2.465,2.466,2.467,2.468,459000.0,3544800.0,3998900.0,3379600.0,1653300.0,2490000.0,1956800.0,2383300.0,2638900.0,581900.0,3294200.0,3204000.0,3379200.0,428800.0,760600.0,826000.0,502500.0,1583700.0,1425600.0,1330400.0
20231026100900000,SSE,SSE.ETF.510050,2.459,2.452,2.469,2.45,0.0,2.707,2.215,405689408.0,0.0,405689408.0,0.0,0.0,0.0,20231026,20231026,100900000,2.461,0.0,0.0,2.458,2.457,2.456,2.455,2.454,2.453,2.452,2.451,2.45,2.449,2.459,2.46,2.461,2.462,2.463,2.464,2.465,2.466,2.467,2.468,56000.0,3244700.0,4796900.0,3294000.0,1646800.0,2408400.0,1956800.0,2383300.0,2638900.0,581900.0,3660900.0,3116000.0,3379200.0,347500.0,841900.0,826000.0,502500.0,1583700.0,1425600.0,1330400.0
20231026100903000,SSE,SSE.ETF.510050,2.459,2.452,2.469,2.45,0.0,2.707,2.215,405700224.0,10816.0,405700224.0,10816.0,0.0,0.0,20231026,20231026,100903000,2.461,0.0,0.0,2.458,2.457,2.456,2.455,2.454,2.453,2.452,2.451,2.45,2.449,2.459,2.46,2.461,2.462,2.463,2.464,2.465,2.466,2.467,2.468,53000.0,4168200.0,4496900.0,3294000.0,1565300.0,2690000.0,1956800.0,2383300.0,2638900.0,581900.0,3127200.0,3116000.0,3379200.0,428800.0,760600.0,826000.0,502500.0,1583700.0,1425600.0,1343400.0
20231026100945000,SSE,SSE.ETF.510050,2.457,2.452,2.469,2.45,0.0,2.707,2.215,406966610.0,49140.0,406966610.0,49140.0,0.0,0.0,20231026,20231026,100945000,2.461,0.0,0.0,2.457,2.456,2.455,2.454,2.453,2.452,2.451,2.45,2.449,2.448,2.458,2.459,2.46,2.461,2.462,2.463,2.464,2.465,2.466,2.467,2641700.0,5208400.0,3234300.0,1518100.0,2660500.0,2050400.0,2383300.0,2662400.0,589400.0,544400.0,1259600.0,4374800.0,2803000.0,1809200.0,698000.0,688500.0,636000.0,502500.0,1583800.0,1425600.0
20231026100948000,SSE,SSE.ETF.510050,2.458,2.452,2.469,2.45,0.0,2.707,2.215,408075161.0,1108551.0,408075161.0,1108551.0,0.0,0.0,20231026,20231026,100948000,2.461,0.0,0.0,2.458,2.457,2.456,2.455,2.454,2.453,2.452,2.451,2.45,2.449,2.459,2.46,2.461,2.462,2.463,2.464,2.465,2.466,2.467,2.468,249600.0,4795400.0,4828400.0,1394300.0,1430100.0,2950500.0,1744500.0,2383300.0,2663400.0,589900.0,1147200.0,4746400.0,3091200.0,848000.0,688500.0,636000.0,502500.0,1583800.0,1425600.0,1341700.0
20231026100951000,SSE,SSE.ETF.510050,2.459,2.452,2.469,2.45,0.0,2.707,2.215,408199095.0,123934.0,408199095.0,123934.0,0.0,0.0,20231026,20231026,100951000,2.461,0.0,0.0,2.458,2.457,2.456,2.455,2.454,2.453,2.452,2.451,2.45,2.449,2.459,2.46,2.461,2.462,2.463,2.464,2.465,2.466,2.467,2.468,399100.0,4525700.0,4388400.0,1729400.0,1698500.0,2496900.0,1744500.0,2383300.0,2663400.0,589900.0,1246800.0,4096800.0,3191200.0,349600.0,846900.0,826000.0,502500.0,1583800.0,1425600.0,1341700.0
20231026100954000,SSE,SSE.ETF.510050,2.458,2.452,2.469,2.45,0.0,2.707,2.215,408202290.0,3195.0,408202290.0,3195.0,0.0,0.0,20231026,20231026,100954000,2.461,0.0,0.0,2.458,2.457,2.456,2.455,2.454,2.453,2.452,2.451,2.45,2.449,2.459,2.46,2.461,2.462,2.463,2.464,2.465,2.466,2.467,2.468,28700.0,4808700.0,4476400.0,2541400.0,1598500.0,2497000.0,1964500.0,2383300.0,2663400.0,589900.0,2415200.0,3125000.0,3279200.0,349600.0,846900.0,826000.0,502500.0,1583800.0,1425600.0,1341700.0
20231026100957000,SSE,SSE.ETF.510050,2.458,2.452,2.469,2.45,0.0,2.707,2.215,408202290.0,0.0,408202290.0,0.0,0.0,0.0,20231026,20231026,100957000,2.461,0.0,0.0,2.458,2.457,2.456,2.455,2.454,2.453,2.452,2.451,2.45,2.449,2.459,2.46,2.461,2.462,2.463,2.464,2.465,2.466,2.467,2.468,51900.0,4091200.0,4522200.0,2010600.0,1617000.0,2578600.0,1744500.0,2383300.0,2665700.0,589900.0,2710800.0,3165800.0,3279200.0,430900.0,765600.0,826000.0,502500.0,1583800.0,1425600.0,1341700.0
20231026101000000,SSE,SSE.ETF.510050,2.458,2.452,2.469,2.45,0.0,2.707,2.215,408202290.0,0.0,408202290.0,0.0,0.0,0.0,20231026,20231026,101000000,2.461,0.0,0.0,2.458,2.457,2.456,2.455,2.454,2.453,2.452,2.451,2.45,2.449,2.459,2.46,2.461,2.462,2.463,2.464,2.465,2.466,2.467,2.468,63200.0,3791200.0,4522200.0,2320600.0,1617000.0,2593500.0,1744500.0,2383300.0,2666500.0,589900.0,3090900.0,3415400.0,2969200.0,430900.0,765600.0,826000.0,502500.0,1583800.0,1425600.0,1341700.0
20231026101003000,SSE,SSE.ETF.510050,2.458,2.452,2.469,2.45,0.0,2.707,2.215,408432605.0,230315.0,408432605.0,230315.0,0.0,0.0,20231026,20231026,101003000,2.461,0.0,0.0,2.458,2.457,2.456,2.455,2.454,2.453,2.452,2.451,2.45,2.449,2.459,2.46,2.461,2.462,2.463,2.464,2.465,2.466,2.467,2.468,649700.0,4748000.0,3621900.0,2301300.0,1617000.0,2593500.0,1454100.0,2383300.0,2666500.0,589900.0,1297100.0,4299200.0,3279200.0,431200.0,765600.0,826000.0,502500.0,1583500.0,1425600.0,1341700.0
20231026101006000,SSE,SSE.ETF.510050,2.458,2.452,2.469,2.45,0.0,2.707,2.215,408843337.0,410732.0,408843337.0,410732.0,0.0,0.0,20231026,20231026,101006000,2.461,0.0,0.0,2.458,2.457,2.456,2.455,2.454,2.453,2.452,2.451,2.45,2.449,2.459,2.46,2.461,2.462,2.463,2.464,2.465,2.466,2.467,2.468,3471000.0,4035100.0,3813900.0,1735400.0,1898500.0,2511900.0,1254100.0,2383300.0,2566500.0,589900.0,115000.0,4419200.0,2701200.0,1399900.0,846900.0,606000.0,502500.0,1584000.0,1425600.0,1561700.0
20231026101009000,SSE,SSE.ETF.510050,2.458,2.452,2.469,2.45,0.0,2.707,2.215,408870376.0,27039.0,408870376.0,27039.0,0.0,0.0,20231026,20231026,101009000,2.461,0.0,0.0,2.458,2.457,2.456,2.455,2.454,2.453,2.452,2.451,2.45,2.449,2.459,2.46,2.461,2.462,2.463,2.464,2.465,2.466,2.467,2.468,3165500.0,4375900.0,3901900.0,1832300.0,1988500.0,2460200.0,1334100.0,2303300.0,2566500.0,589900.0,180900.0,4852600.0,2699200.0,1577900.0,887600.0,606000.0,502500.0,1584000.0,1425600.0,1561700.0
20231026101012000,SSE,SSE.ETF.510050,2.458,2.452,2.469,2.45,0.0,2.707,2.215,408934304.0,63928.0,408934304.0,63928.0,0.0,0.0,20231026,20231026,101012000,2.461,0.0,0.0,2.458,2.457,2.456,2.455,2.454,2.453,2.452,2.451,2.45,2.449,2.459,2.46,2.461,2.462,2.463,2.464,2.465,2.466,2.467,2.468,3170900.0,4065200.0,3901900.0,1832300.0,1947700.0,2460200.0,1334100.0,2303300.0,2566500.0,589900.0,216500.0,4811800.0,2619200.0,1657900.0,846900.0,826000.0,502500.0,1584000.0,1425600.0,1341700.0
20231026101015000,SSE,SSE.ETF.510050,2.459,2.452,2.469,2.45,0.0,2.707,2.215,409391924.0,457620.0,409391924.0,457620.0,0.0,0.0,20231026,20231026,101015000,2.461,0.0,0.0,2.459,2.458,2.457,2.456,2.455,2.454,2.453,2.452,2.451,2.45,2.46,2.461,2.462,2.463,2.464,2.465,2.466,2.467,2.468,2.469,930900.0,5112600.0,3132000.0,2122600.0,1932300.0,1847700.0,2169500.0,1334100.0,2303300.0,2566500.0,623900.0,4686000.0,2447900.0,1037600.0,606000.0,502500.0,1584000.0,1445600.0,1561700.0,1492300.0
20231026101018000,SSE,SSE.ETF.510050,2.459,2.452,2.469,2.45,0.0,2.707,2.215,409404219.0,12295.0,409404219.0,12295.0,0.0,0.0,20231026,20231026,101018000,2.461,0.0,0.0,2.459,2.458,2.457,2.456,2.455,2.454,2.453,2.452,2.451,2.45,2.46,2.461,2.462,2.463,2.464,2.465,2.466,2.467,2.468,2.469,1035000.0,5765200.0,2990000.0,1795200.0,2103600.0,1184200.0,2169500.0,1274100.0,2303300.0,2566500.0,447100.0,4608000.0,2867900.0,1767200.0,764200.0,692500.0,1584000.0,1445600.0,1561700.0,1492300.0
20231026101021000,SSE,SSE.ETF.510050,2.459,2.452,2.469,2.45,0.0,2.707,2.215,409404219.0,0.0,409404219.0,0.0,0.0,0.0,20231026,20231026,101021000,2.461,0.0,0.0,2.459,2.458,2.457,2.456,2.455,2.454,2.453,2.452,2.451,2.45,2.46,2.461,2.462,2.463,2.464,2.465,2.466,2.467,2.468,2.469,1657500.0,4114700.0,2990000.0,1795200.0,2103600.0,1404200.0,2249500.0,1274100.0,2303300.0,2566500.0,499700.0,4608000.0,2787900.0,1767200.0,764200.0,692500.0,1584000.0,1445600.0,1561700.0,1492300.0
20231026101024000,SSE,SSE.ETF.510050,2.459,2.452,2.469,2.45,0.0,2.707,2.215,409409137.0,4918.0,409409137.0,4918.0,0.0,0.0,20231026,20231026,101024000,2.461,0.0,0.0,2.459,2.458,2.457,2.456,2.455,2.454,2.453,2.452,2.451,2.45,2.46,2.461,2.462,2.463,2.464,2.465,2.466,2.467,2.468,2.469,2121400.0,4265600.0,3012500.0,1795200.0,2103600.0,1404200.0,2249500.0,1274100.0,2303300.0,2566500.0,737200.0,4620500.0,2787900.0,1847200.0,764200.0,692500.0,1584000.0,1445600.0,1561700.0,1492300.0
20231026101027000,SSE,SSE.ETF.510050,2.459,2.452,2.469,2.45,0.0,2.707,2.215,409575678.0,166541.0,409575678.0,166541.0,0.0,0.0,20231026,20231026,101027000,2.461,0.0,0.0,2.459,2.458,2.457,2.456,2.455,2.454,2.453,2.452,2.451,2.45,2.46,2.461,2.462,2.463,2.464,2.465,2.466,2.467,2.468,2.469,988200.0,4079900.0,3142600.0,2205200.0,2013600.0,1494100.0,2249500.0,1274100.0,2303300.0,2566500.0,1551900.0,4615000.0,2467900.0,1757300.0,764200.0,692500.0,1584000.0,1445600.0,1561700.0,1492300.0
20231026101030000,SSE,SSE.ETF.510050,2.46,2.452,2.469,2.45,0.0,2.707,2.215,409635433.0,59755.0,409635433.0,59755.0,0.0,0.0,20231026,20231026,101030000,2.461,0.0,0.0,2.459,2.458,2.457,2.456,2.455,2.454,2.453,2.452,2.451,2.45,2.46,2.461,2.462,2.463,2.464,2.465,2.466,2.467,2.468,2.469,1404600.0,4082400.0,3045600.0,2117200.0,2104000.0,1404100.0,2249500.0,1274100.0,2303300.0,2566500.0,1700500.0,4219500.0,2289900.0,1609300.0,764200.0,692500.0,1584000.0,1445600.0,1561700.0,1492300.0
20231026101033000,SSE,SSE.ETF.510050,2.46,2.452,2.469,2.45,0.0,2.707,2.215,409636909.0,1476.0,409636909.0,1476.0,0.0,0.0,20231026,20231026,101033000,2.461,0.0,0.0,2.459,2.458,2.457,2.456,2.455,2.454,2.453,2.452,2.451,2.45,2.46,2.461,2.462,2.463,2.464,2.465,2.466,2.467,2.468,2.469,2430600.0,4265100.0,3045700.0,1707200.0,2304000.0,1404100.0,2049500.0,1274100.0,2303300.0,2566500.0,1144700.0,4727900.0,2699900.0,1759300.0,764200.0,692500.0,1584000.0,1445600.0,1561700.0,1492300.0
20231026101036000,SSE,SSE.ETF.510050,2.46,2.452,2.469,2.45,0.0,2.707,2.215,409641828.0,4919.0,409641828.0,4919.0,0.0,0.0,20231026,20231026,101036000,2.461,0.0,0.0,2.459,2.458,2.457,2.456,2.455,2.454,2.453,2.452,2.451,2.45,2.46,2.461,2.462,2.463,2.464,2.465,2.466,2.467,2.468,2.469,3477600.0,4138600.0,3073700.0,1595200.0,2104000.0,1184100.0,2049500.0,1074100.0,2303300.0,2563800.0,302400.0,4125500.0,2787900.0,3197300.0,764200.0,692500.0,1584000.0,1445600.0,1561700.0,1492300.0
20231026101039000,SSE,SSE.ETF.510050,2.46,2.452,2.469,2.45,0.0,2.707,2.215,409701835.0,60007.0,409701835.0,60007.0,0.0,0.0,20231026,20231026,101039000,2.461,0.0,0.0,2.459,2.458,2.457,2.456,2.455,2.454,2.453,2.452,2.451,2.45,2.46,2.461,2.462,2.463,2.464,2.465,2.466,2.467,2.468,2.469,3180800.0,3744600.0,2994900.0,1595200.0,2104000.0,1184100.0,2049500.0,1074100.0,2303300.0,2561800.0,329100.0,3623000.0,3387900.0,3197300.0,764200.0,692500.0,1584000.0,1445600.0,1561700.0,1492300.0
20231026101042000,SSE,SSE.ETF.510050,2.46,2.452,2.469,2.45,0.0,2.707,2.215,409702081.0,246.0,409702081.0,246.0,0.0,0.0,20231026,20231026,101042000,2.461,0.0,0.0,2.459,2.458,2.457,2.456,2.455,2.454,2.453,2.452,2.451,2.45,2.46,2.461,2.462,2.463,2.464,2.465,2.466,2.467,2.468,2.469,1909200.0,4362400.0,2994900.0,1597500.0,2104000.0,1404100.0,2049500.0,1074100.0,2303600.0,2561800.0,67600.0,3923000.0,3428600.0,3197300.0,764200.0,692500.0,1084000.0,1445600.0,1561700.0,1492300.0
