minute,TradeDate,OrigTime,OfferPx1,BidPx1,OfferSize1,BidSize1,OfferPx2,BidPx2,OfferSize2,BidSize2,OfferPx3,BidPx3,OfferSize3,BidSize3,OfferPx4,BidPx4,OfferSize4,BidSize4,OfferPx5,BidPx5,OfferSize5,BidSize5,DownLimitPx,HighPx,LastPx,LowPx,OpenPx,PreClosePx,TotalValueTrade,TotalVolumeTrade,UpLimitPx,ticker,datetime,wap1,price_spread,price_spread2,bid_spread,ask_spread,bid_ask_spread,total_bid_qty,total_ask_qty,total_qty_diff,weighted_bid_prc,weighted_ask_prc,total_volume,volume_imbalance,log_return,PxChange1,PxChange2,mid,open,high,low,close,volume,amount,vwap,tendency,f_max,f_min,df_max,df_min,abs_diff,energy,iqr_p,abs_diff_v,energy_v,iqr_p_v,bOF1,aOF1,OFI1,bOF2,aOF2,OFI2,bOF3,aOF3,OFI3,bOF4,aOF4,OFI4,bOF5,aOF5,OFI5,volatility_QMLE,volatility
0.0,0.0,0.0,0.0,0.0,0.0,0.0,0.0,0.0,0.0,0.0,0.0,0.0,0.0,0.0,0.0,0.0,0.0,0.0,0.0,0.0,0.0,0.0,0.0,0.0,0.0,0.0,0.0,0.0,0.0,0.0,0.0,0.0,0.0,0.0,0.0,0.0,0.0,0.0,0.0,0.0,0.0,0.0,0.0,0.0,0.0,0.0,0.0,0.0,0.0,0.0,0.0,0.0,0.0,0.0,0.0,0.0,0.0,0.0,0.0,0.0,0.0,0.0,0.0,0.0,0.0,0.0,0.0,0.0,0.0,0.0,0.0,0.0,0.0,0.0,0.0,0.0,0.0,0.0,0.0,0.0,0.0,0.0,0.0,0.0,0.0
0.0,0.0,0.0,0.0,0.0,0.0,0.0,0.0,0.0,0.0,0.0,0.0,0.0,0.0,0.0,0.0,0.0,0.0,0.0,0.0,0.0,0.0,0.0,0.0,0.0,0.0,0.0,0.0,0.0,0.0,0.0,0.0,0.0,0.0,0.0,0.0,0.0,0.0,0.0,0.0,0.0,0.0,0.0,0.0,0.0,0.0,0.0,0.0,0.0,0.0,0.0,0.0,0.0,0.0,0.0,0.0,0.0,0.0,0.0,0.0,0.0,0.0,0.0,0.0,0.0,0.0,0.0,0.0,0.0,0.0,0.0,0.0,0.0,0.0,0.0,0.0,0.0,0.0,0.0,0.0,0.0,0.0,0.0,0.0,0.0,0.0
0.0,0.0,0.0,0.0,0.0,0.0,0.0,0.0,0.0,0.0,0.0,0.0,0.0,0.0,0.0,0.0,0.0,0.0,0.0,0.0,0.0,0.0,0.0,0.0,0.0,0.0,0.0,0.0,0.0,0.0,0.0,0.0,0.0,0.0,0.0,0.0,0.0,0.0,0.0,0.0,0.0,0.0,0.0,0.0,0.0,0.0,0.0,0.0,0.0,0.0,0.0,0.0,0.0,0.0,0.0,0.0,0.0,0.0,0.0,0.0,0.0,0.0,0.0,0.0,0.0,0.0,0.0,0.0,0.0,0.0,0.0,0.0,0.0,0.0,0.0,0.0,0.0,0.0,0.0,0.0,0.0,0.0,0.0,0.0,0.0,0.0
0.0,0.0,0.0,0.0,0.0,0.0,0.0,0.0,0.0,0.0,0.0,0.0,0.0,0.0,0.0,0.0,0.0,0.0,0.0,0.0,0.0,0.0,0.0,0.0,0.0,0.0,0.0,0.0,0.0,0.0,0.0,0.0,0.0,0.0,0.0,0.0,0.0,0.0,0.0,0.0,0.0,0.0,0.0,0.0,0.0,0.0,0.0,0.0,0.0,0.0,0.0,0.0,0.0,0.0,0.0,0.0,0.0,0.0,0.0,0.0,0.0,0.0,0.0,0.0,0.0,0.0,0.0,0.0,0.0,0.0,0.0,0.0,0.0,0.0,0.0,0.0,0.0,0.0,0.0,0.0,0.0,0.0,0.0,0.0,0.0,0.0
0.0,0.0,0.0,0.0,0.0,0.0,0.0,0.0,0.0,0.0,0.0,0.0,0.0,0.0,0.0,0.0,0.0,0.0,0.0,0.0,0.0,0.0,0.0,0.0,0.0,0.0,0.0,0.0,0.0,0.0,0.0,0.0,0.0,0.0,0.0,0.0,0.0,0.0,0.0,0.0,0.0,0.0,0.0,0.0,0.0,0.0,0.0,0.0,0.0,0.0,0.0,0.0,0.0,0.0,0.0,0.0,0.0,0.0,0.0,0.0,0.0,0.0,0.0,0.0,0.0,0.0,0.0,0.0,0.0,0.0,0.0,0.0,0.0,0.0,0.0,0.0,0.0,0.0,0.0,0.0,0.0,0.0,0.0,0.0,0.0,0.0
0.0,0.0,0.0,0.0,0.0,0.0,0.0,0.0,0.0,0.0,0.0,0.0,0.0,0.0,0.0,0.0,0.0,0.0,0.0,0.0,0.0,0.0,0.0,0.0,0.0,0.0,0.0,0.0,0.0,0.0,0.0,0.0,0.0,0.0,0.0,0.0,0.0,0.0,0.0,0.0,0.0,0.0,0.0,0.0,0.0,0.0,0.0,0.0,0.0,0.0,0.0,0.0,0.0,0.0,0.0,0.0,0.0,0.0,0.0,0.0,0.0,0.0,0.0,0.0,0.0,0.0,0.0,0.0,0.0,0.0,0.0,0.0,0.0,0.0,0.0,0.0,0.0,0.0,0.0,0.0,0.0,0.0,0.0,0.0,0.0,0.0
0.0,0.0,0.0,0.0,0.0,0.0,0.0,0.0,0.0,0.0,0.0,0.0,0.0,0.0,0.0,0.0,0.0,0.0,0.0,0.0,0.0,0.0,0.0,0.0,0.0,0.0,0.0,0.0,0.0,0.0,0.0,0.0,0.0,0.0,0.0,0.0,0.0,0.0,0.0,0.0,0.0,0.0,0.0,0.0,0.0,0.0,0.0,0.0,0.0,0.0,0.0,0.0,0.0,0.0,0.0,0.0,0.0,0.0,0.0,0.0,0.0,0.0,0.0,0.0,0.0,0.0,0.0,0.0,0.0,0.0,0.0,0.0,0.0,0.0,0.0,0.0,0.0,0.0,0.0,0.0,0.0,0.0,0.0,0.0,0.0,0.0
0.0,0.0,0.0,0.0,0.0,0.0,0.0,0.0,0.0,0.0,0.0,0.0,0.0,0.0,0.0,0.0,0.0,0.0,0.0,0.0,0.0,0.0,0.0,0.0,0.0,0.0,0.0,0.0,0.0,0.0,0.0,0.0,0.0,0.0,0.0,0.0,0.0,0.0,0.0,0.0,0.0,0.0,0.0,0.0,0.0,0.0,0.0,0.0,0.0,0.0,0.0,0.0,0.0,0.0,0.0,0.0,0.0,0.0,0.0,0.0,0.0,0.0,0.0,0.0,0.0,0.0,0.0,0.0,0.0,0.0,0.0,0.0,0.0,0.0,0.0,0.0,0.0,0.0,0.0,0.0,0.0,0.0,0.0,0.0,0.0,0.0
0.0,0.0,0.0,0.0,0.0,0.0,0.0,0.0,0.0,0.0,0.0,0.0,0.0,0.0,0.0,0.0,0.0,0.0,0.0,0.0,0.0,0.0,0.0,0.0,0.0,0.0,0.0,0.0,0.0,0.0,0.0,0.0,0.0,0.0,0.0,0.0,0.0,0.0,0.0,0.0,0.0,0.0,0.0,0.0,0.0,0.0,0.0,0.0,0.0,0.0,0.0,0.0,0.0,0.0,0.0,0.0,0.0,0.0,0.0,0.0,0.0,0.0,0.0,0.0,0.0,0.0,0.0,0.0,0.0,0.0,0.0,0.0,0.0,0.0,0.0,0.0,0.0,0.0,0.0,0.0,0.0,0.0,0.0,0.0,0.0,0.0
0.0,0.0,0.0,0.0,0.0,0.0,0.0,0.0,0.0,0.0,0.0,0.0,0.0,0.0,0.0,0.0,0.0,0.0,0.0,0.0,0.0,0.0,0.0,0.0,0.0,0.0,0.0,0.0,0.0,0.0,0.0,0.0,0.0,0.0,0.0,0.0,0.0,0.0,0.0,0.0,0.0,0.0,0.0,0.0,0.0,0.0,0.0,0.0,0.0,0.0,0.0,0.0,0.0,0.0,0.0,0.0,0.0,0.0,0.0,0.0,0.0,0.0,0.0,0.0,0.0,0.0,0.0,0.0,0.0,0.0,0.0,0.0,0.0,0.0,0.0,0.0,0.0,0.0,0.0,0.0,0.0,0.0,0.0,0.0,0.0,0.0
0.0,0.0,0.0,0.0,0.0,0.0,0.0,0.0,0.0,0.0,0.0,0.0,0.0,0.0,0.0,0.0,0.0,0.0,0.0,0.0,0.0,0.0,0.0,0.0,0.0,0.0,0.0,0.0,0.0,0.0,0.0,0.0,0.0,0.0,0.0,0.0,0.0,0.0,0.0,0.0,0.0,0.0,0.0,0.0,0.0,0.0,0.0,0.0,0.0,0.0,0.0,0.0,0.0,0.0,0.0,0.0,0.0,0.0,0.0,0.0,0.0,0.0,0.0,0.0,0.0,0.0,0.0,0.0,0.0,0.0,0.0,0.0,0.0,0.0,0.0,0.0,0.0,0.0,0.0,0.0,0.0,0.0,0.0,0.0,0.0,0.0
0.0,0.0,0.0,0.0,0.0,0.0,0.0,0.0,0.0,0.0,0.0,0.0,0.0,0.0,0.0,0.0,0.0,0.0,0.0,0.0,0.0,0.0,0.0,0.0,0.0,0.0,0.0,0.0,0.0,0.0,0.0,0.0,0.0,0.0,0.0,0.0,0.0,0.0,0.0,0.0,0.0,0.0,0.0,0.0,0.0,0.0,0.0,0.0,0.0,0.0,0.0,0.0,0.0,0.0,0.0,0.0,0.0,0.0,0.0,0.0,0.0,0.0,0.0,0.0,0.0,0.0,0.0,0.0,0.0,0.0,0.0,0.0,0.0,0.0,0.0,0.0,0.0,0.0,0.0,0.0,0.0,0.0,0.0,0.0,0.0,0.0
0.0,0.0,0.0,0.0,0.0,0.0,0.0,0.0,0.0,0.0,0.0,0.0,0.0,0.0,0.0,0.0,0.0,0.0,0.0,0.0,0.0,0.0,0.0,0.0,0.0,0.0,0.0,0.0,0.0,0.0,0.0,0.0,0.0,0.0,0.0,0.0,0.0,0.0,0.0,0.0,0.0,0.0,0.0,0.0,0.0,0.0,0.0,0.0,0.0,0.0,0.0,0.0,0.0,0.0,0.0,0.0,0.0,0.0,0.0,0.0,0.0,0.0,0.0,0.0,0.0,0.0,0.0,0.0,0.0,0.0,0.0,0.0,0.0,0.0,0.0,0.0,0.0,0.0,0.0,0.0,0.0,0.0,0.0,0.0,0.0,0.0
0.0,0.0,0.0,0.0,0.0,0.0,0.0,0.0,0.0,0.0,0.0,0.0,0.0,0.0,0.0,0.0,0.0,0.0,0.0,0.0,0.0,0.0,0.0,0.0,0.0,0.0,0.0,0.0,0.0,0.0,0.0,0.0,0.0,0.0,0.0,0.0,0.0,0.0,0.0,0.0,0.0,0.0,0.0,0.0,0.0,0.0,0.0,0.0,0.0,0.0,0.0,0.0,0.0,0.0,0.0,0.0,0.0,0.0,0.0,0.0,0.0,0.0,0.0,0.0,0.0,0.0,0.0,0.0,0.0,0.0,0.0,0.0,0.0,0.0,0.0,0.0,0.0,0.0,0.0,0.0,0.0,0.0,0.0,0.0,0.0,0.0
0.0,0.0,0.0,0.0,0.0,0.0,0.0,0.0,0.0,0.0,0.0,0.0,0.0,0.0,0.0,0.0,0.0,0.0,0.0,0.0,0.0,0.0,0.0,0.0,0.0,0.0,0.0,0.0,0.0,0.0,0.0,0.0,0.0,0.0,0.0,0.0,0.0,0.0,0.0,0.0,0.0,0.0,0.0,0.0,0.0,0.0,0.0,0.0,0.0,0.0,0.0,0.0,0.0,0.0,0.0,0.0,0.0,0.0,0.0,0.0,0.0,0.0,0.0,0.0,0.0,0.0,0.0,0.0,0.0,0.0,0.0,0.0,0.0,0.0,0.0,0.0,0.0,0.0,0.0,0.0,0.0,0.0,0.0,0.0,0.0,0.0
0.0,0.0,0.0,0.0,0.0,0.0,0.0,0.0,0.0,0.0,0.0,0.0,0.0,0.0,0.0,0.0,0.0,0.0,0.0,0.0,0.0,0.0,0.0,0.0,0.0,0.0,0.0,0.0,0.0,0.0,0.0,0.0,0.0,0.0,0.0,0.0,0.0,0.0,0.0,0.0,0.0,0.0,0.0,0.0,0.0,0.0,0.0,0.0,0.0,0.0,0.0,0.0,0.0,0.0,0.0,0.0,0.0,0.0,0.0,0.0,0.0,0.0,0.0,0.0,0.0,0.0,0.0,0.0,0.0,0.0,0.0,0.0,0.0,0.0,0.0,0.0,0.0,0.0,0.0,0.0,0.0,0.0,0.0,0.0,0.0,0.0
0.0,0.0,0.0,0.0,0.0,0.0,0.0,0.0,0.0,0.0,0.0,0.0,0.0,0.0,0.0,0.0,0.0,0.0,0.0,0.0,0.0,0.0,0.0,0.0,0.0,0.0,0.0,0.0,0.0,0.0,0.0,0.0,0.0,0.0,0.0,0.0,0.0,0.0,0.0,0.0,0.0,0.0,0.0,0.0,0.0,0.0,0.0,0.0,0.0,0.0,0.0,0.0,0.0,0.0,0.0,0.0,0.0,0.0,0.0,0.0,0.0,0.0,0.0,0.0,0.0,0.0,0.0,0.0,0.0,0.0,0.0,0.0,0.0,0.0,0.0,0.0,0.0,0.0,0.0,0.0,0.0,0.0,0.0,0.0,0.0,0.0
0.0,0.0,0.0,0.0,0.0,0.0,0.0,0.0,0.0,0.0,0.0,0.0,0.0,0.0,0.0,0.0,0.0,0.0,0.0,0.0,0.0,0.0,0.0,0.0,0.0,0.0,0.0,0.0,0.0,0.0,0.0,0.0,0.0,0.0,0.0,0.0,0.0,0.0,0.0,0.0,0.0,0.0,0.0,0.0,0.0,0.0,0.0,0.0,0.0,0.0,0.0,0.0,0.0,0.0,0.0,0.0,0.0,0.0,0.0,0.0,0.0,0.0,0.0,0.0,0.0,0.0,0.0,0.0,0.0,0.0,0.0,0.0,0.0,0.0,0.0,0.0,0.0,0.0,0.0,0.0,0.0,0.0,0.0,0.0,0.0,0.0
0.0,0.0,0.0,0.0,0.0,0.0,0.0,0.0,0.0,0.0,0.0,0.0,0.0,0.0,0.0,0.0,0.0,0.0,0.0,0.0,0.0,0.0,0.0,0.0,0.0,0.0,0.0,0.0,0.0,0.0,0.0,0.0,0.0,0.0,0.0,0.0,0.0,0.0,0.0,0.0,0.0,0.0,0.0,0.0,0.0,0.0,0.0,0.0,0.0,0.0,0.0,0.0,0.0,0.0,0.0,0.0,0.0,0.0,0.0,0.0,0.0,0.0,0.0,0.0,0.0,0.0,0.0,0.0,0.0,0.0,0.0,0.0,0.0,0.0,0.0,0.0,0.0,0.0,0.0,0.0,0.0,0.0,0.0,0.0,0.0,0.0
0.0,0.0,0.0,0.0,0.0,0.0,0.0,0.0,0.0,0.0,0.0,0.0,0.0,0.0,0.0,0.0,0.0,0.0,0.0,0.0,0.0,0.0,0.0,0.0,0.0,0.0,0.0,0.0,0.0,0.0,0.0,0.0,0.0,0.0,0.0,0.0,0.0,0.0,0.0,0.0,0.0,0.0,0.0,0.0,0.0,0.0,0.0,0.0,0.0,0.0,0.0,0.0,0.0,0.0,0.0,0.0,0.0,0.0,0.0,0.0,0.0,0.0,0.0,0.0,0.0,0.0,0.0,0.0,0.0,0.0,0.0,0.0,0.0,0.0,0.0,0.0,0.0,0.0,0.0,0.0,0.0,0.0,0.0,0.0,0.0,0.0
0.0,0.0,0.0,0.0,0.0,0.0,0.0,0.0,0.0,0.0,0.0,0.0,0.0,0.0,0.0,0.0,0.0,0.0,0.0,0.0,0.0,0.0,0.0,0.0,0.0,0.0,0.0,0.0,0.0,0.0,0.0,0.0,0.0,0.0,0.0,0.0,0.0,0.0,0.0,0.0,0.0,0.0,0.0,0.0,0.0,0.0,0.0,0.0,0.0,0.0,0.0,0.0,0.0,0.0,0.0,0.0,0.0,0.0,0.0,0.0,0.0,0.0,0.0,0.0,0.0,0.0,0.0,0.0,0.0,0.0,0.0,0.0,0.0,0.0,0.0,0.0,0.0,0.0,0.0,0.0,0.0,0.0,0.0,0.0,0.0,0.0
0.0,0.0,0.0,0.0,0.0,0.0,0.0,0.0,0.0,0.0,0.0,0.0,0.0,0.0,0.0,0.0,0.0,0.0,0.0,0.0,0.0,0.0,0.0,0.0,0.0,0.0,0.0,0.0,0.0,0.0,0.0,0.0,0.0,0.0,0.0,0.0,0.0,0.0,0.0,0.0,0.0,0.0,0.0,0.0,0.0,0.0,0.0,0.0,0.0,0.0,0.0,0.0,0.0,0.0,0.0,0.0,0.0,0.0,0.0,0.0,0.0,0.0,0.0,0.0,0.0,0.0,0.0,0.0,0.0,0.0,0.0,0.0,0.0,0.0,0.0,0.0,0.0,0.0,0.0,0.0,0.0,0.0,0.0,0.0,0.0,0.0
0.0,0.0,0.0,0.0,0.0,0.0,0.0,0.0,0.0,0.0,0.0,0.0,0.0,0.0,0.0,0.0,0.0,0.0,0.0,0.0,0.0,0.0,0.0,0.0,0.0,0.0,0.0,0.0,0.0,0.0,0.0,0.0,0.0,0.0,0.0,0.0,0.0,0.0,0.0,0.0,0.0,0.0,0.0,0.0,0.0,0.0,0.0,0.0,0.0,0.0,0.0,0.0,0.0,0.0,0.0,0.0,0.0,0.0,0.0,0.0,0.0,0.0,0.0,0.0,0.0,0.0,0.0,0.0,0.0,0.0,0.0,0.0,0.0,0.0,0.0,0.0,0.0,0.0,0.0,0.0,0.0,0.0,0.0,0.0,0.0,0.0
0.0,0.0,0.0,0.0,0.0,0.0,0.0,0.0,0.0,0.0,0.0,0.0,0.0,0.0,0.0,0.0,0.0,0.0,0.0,0.0,0.0,0.0,0.0,0.0,0.0,0.0,0.0,0.0,0.0,0.0,0.0,0.0,0.0,0.0,0.0,0.0,0.0,0.0,0.0,0.0,0.0,0.0,0.0,0.0,0.0,0.0,0.0,0.0,0.0,0.0,0.0,0.0,0.0,0.0,0.0,0.0,0.0,0.0,0.0,0.0,0.0,0.0,0.0,0.0,0.0,0.0,0.0,0.0,0.0,0.0,0.0,0.0,0.0,0.0,0.0,0.0,0.0,0.0,0.0,0.0,0.0,0.0,0.0,0.0,0.0,0.0
0.0,0.0,0.0,0.0,0.0,0.0,0.0,0.0,0.0,0.0,0.0,0.0,0.0,0.0,0.0,0.0,0.0,0.0,0.0,0.0,0.0,0.0,0.0,0.0,0.0,0.0,0.0,0.0,0.0,0.0,0.0,0.0,0.0,0.0,0.0,0.0,0.0,0.0,0.0,0.0,0.0,0.0,0.0,0.0,0.0,0.0,0.0,0.0,0.0,0.0,0.0,0.0,0.0,0.0,0.0,0.0,0.0,0.0,0.0,0.0,0.0,0.0,0.0,0.0,0.0,0.0,0.0,0.0,0.0,0.0,0.0,0.0,0.0,0.0,0.0,0.0,0.0,0.0,0.0,0.0,0.0,0.0,0.0,0.0,0.0,0.0
0.0,0.0,0.0,0.0,0.0,0.0,0.0,0.0,0.0,0.0,0.0,0.0,0.0,0.0,0.0,0.0,0.0,0.0,0.0,0.0,0.0,0.0,0.0,0.0,0.0,0.0,0.0,0.0,0.0,0.0,0.0,0.0,0.0,0.0,0.0,0.0,0.0,0.0,0.0,0.0,0.0,0.0,0.0,0.0,0.0,0.0,0.0,0.0,0.0,0.0,0.0,0.0,0.0,0.0,0.0,0.0,0.0,0.0,0.0,0.0,0.0,0.0,0.0,0.0,0.0,0.0,0.0,0.0,0.0,0.0,0.0,0.0,0.0,0.0,0.0,0.0,0.0,0.0,0.0,0.0,0.0,0.0,0.0,0.0,0.0,0.0
0.0,0.0,0.0,0.0,0.0,0.0,0.0,0.0,0.0,0.0,0.0,0.0,0.0,0.0,0.0,0.0,0.0,0.0,0.0,0.0,0.0,0.0,0.0,0.0,0.0,0.0,0.0,0.0,0.0,0.0,0.0,0.0,0.0,0.0,0.0,0.0,0.0,0.0,0.0,0.0,0.0,0.0,0.0,0.0,0.0,0.0,0.0,0.0,0.0,0.0,0.0,0.0,0.0,0.0,0.0,0.0,0.0,0.0,0.0,0.0,0.0,0.0,0.0,0.0,0.0,0.0,0.0,0.0,0.0,0.0,0.0,0.0,0.0,0.0,0.0,0.0,0.0,0.0,0.0,0.0,0.0,0.0,0.0,0.0,0.0,0.0
0.0,0.0,0.0,0.0,0.0,0.0,0.0,0.0,0.0,0.0,0.0,0.0,0.0,0.0,0.0,0.0,0.0,0.0,0.0,0.0,0.0,0.0,0.0,0.0,0.0,0.0,0.0,0.0,0.0,0.0,0.0,0.0,0.0,0.0,0.0,0.0,0.0,0.0,0.0,0.0,0.0,0.0,0.0,0.0,0.0,0.0,0.0,0.0,0.0,0.0,0.0,0.0,0.0,0.0,0.0,0.0,0.0,0.0,0.0,0.0,0.0,0.0,0.0,0.0,0.0,0.0,0.0,0.0,0.0,0.0,0.0,0.0,0.0,0.0,0.0,0.0,0.0,0.0,0.0,0.0,0.0,0.0,0.0,0.0,0.0,0.0
0.0,0.0,0.0,0.0,0.0,0.0,0.0,0.0,0.0,0.0,0.0,0.0,0.0,0.0,0.0,0.0,0.0,0.0,0.0,0.0,0.0,0.0,0.0,0.0,0.0,0.0,0.0,0.0,0.0,0.0,0.0,0.0,0.0,0.0,0.0,0.0,0.0,0.0,0.0,0.0,0.0,0.0,0.0,0.0,0.0,0.0,0.0,0.0,0.0,0.0,0.0,0.0,0.0,0.0,0.0,0.0,0.0,0.0,0.0,0.0,0.0,0.0,0.0,0.0,0.0,0.0,0.0,0.0,0.0,0.0,0.0,0.0,0.0,0.0,0.0,0.0,0.0,0.0,0.0,0.0,0.0,0.0,0.0,0.0,0.0,0.0
0.0,0.0,0.0,0.0,0.0,0.0,0.0,0.0,0.0,0.0,0.0,0.0,0.0,0.0,0.0,0.0,0.0,0.0,0.0,0.0,0.0,0.0,0.0,0.0,0.0,0.0,0.0,0.0,0.0,0.0,0.0,0.0,0.0,0.0,0.0,0.0,0.0,0.0,0.0,0.0,0.0,0.0,0.0,0.0,0.0,0.0,0.0,0.0,0.0,0.0,0.0,0.0,0.0,0.0,0.0,0.0,0.0,0.0,0.0,0.0,0.0,0.0,0.0,0.0,0.0,0.0,0.0,0.0,0.0,0.0,0.0,0.0,0.0,0.0,0.0,0.0,0.0,0.0,0.0,0.0,0.0,0.0,0.0,0.0,0.0,0.0
0.0,0.0,0.0,0.0,0.0,0.0,0.0,0.0,0.0,0.0,0.0,0.0,0.0,0.0,0.0,0.0,0.0,0.0,0.0,0.0,0.0,0.0,0.0,0.0,0.0,0.0,0.0,0.0,0.0,0.0,0.0,0.0,0.0,0.0,0.0,0.0,0.0,0.0,0.0,0.0,0.0,0.0,0.0,0.0,0.0,0.0,0.0,0.0,0.0,0.0,0.0,0.0,0.0,0.0,0.0,0.0,0.0,0.0,0.0,0.0,0.0,0.0,0.0,0.0,0.0,0.0,0.0,0.0,0.0,0.0,0.0,0.0,0.0,0.0,0.0,0.0,0.0,0.0,0.0,0.0,0.0,0.0,0.0,0.0,0.0,0.0
0.0,0.0,0.0,0.0,0.0,0.0,0.0,0.0,0.0,0.0,0.0,0.0,0.0,0.0,0.0,0.0,0.0,0.0,0.0,0.0,0.0,0.0,0.0,0.0,0.0,0.0,0.0,0.0,0.0,0.0,0.0,0.0,0.0,0.0,0.0,0.0,0.0,0.0,0.0,0.0,0.0,0.0,0.0,0.0,0.0,0.0,0.0,0.0,0.0,0.0,0.0,0.0,0.0,0.0,0.0,0.0,0.0,0.0,0.0,0.0,0.0,0.0,0.0,0.0,0.0,0.0,0.0,0.0,0.0,0.0,0.0,0.0,0.0,0.0,0.0,0.0,0.0,0.0,0.0,0.0,0.0,0.0,0.0,0.0,0.0,0.0
0.0,0.0,0.0,0.0,0.0,0.0,0.0,0.0,0.0,0.0,0.0,0.0,0.0,0.0,0.0,0.0,0.0,0.0,0.0,0.0,0.0,0.0,0.0,0.0,0.0,0.0,0.0,0.0,0.0,0.0,0.0,0.0,0.0,0.0,0.0,0.0,0.0,0.0,0.0,0.0,0.0,0.0,0.0,0.0,0.0,0.0,0.0,0.0,0.0,0.0,0.0,0.0,0.0,0.0,0.0,0.0,0.0,0.0,0.0,0.0,0.0,0.0,0.0,0.0,0.0,0.0,0.0,0.0,0.0,0.0,0.0,0.0,0.0,0.0,0.0,0.0,0.0,0.0,0.0,0.0,0.0,0.0,0.0,0.0,0.0,0.0
0.0,0.0,0.0,0.0,0.0,0.0,0.0,0.0,0.0,0.0,0.0,0.0,0.0,0.0,0.0,0.0,0.0,0.0,0.0,0.0,0.0,0.0,0.0,0.0,0.0,0.0,0.0,0.0,0.0,0.0,0.0,0.0,0.0,0.0,0.0,0.0,0.0,0.0,0.0,0.0,0.0,0.0,0.0,0.0,0.0,0.0,0.0,0.0,0.0,0.0,0.0,0.0,0.0,0.0,0.0,0.0,0.0,0.0,0.0,0.0,0.0,0.0,0.0,0.0,0.0,0.0,0.0,0.0,0.0,0.0,0.0,0.0,0.0,0.0,0.0,0.0,0.0,0.0,0.0,0.0,0.0,0.0,0.0,0.0,0.0,0.0
0.0,0.0,0.0,0.0,0.0,0.0,0.0,0.0,0.0,0.0,0.0,0.0,0.0,0.0,0.0,0.0,0.0,0.0,0.0,0.0,0.0,0.0,0.0,0.0,0.0,0.0,0.0,0.0,0.0,0.0,0.0,0.0,0.0,0.0,0.0,0.0,0.0,0.0,0.0,0.0,0.0,0.0,0.0,0.0,0.0,0.0,0.0,0.0,0.0,0.0,0.0,0.0,0.0,0.0,0.0,0.0,0.0,0.0,0.0,0.0,0.0,0.0,0.0,0.0,0.0,0.0,0.0,0.0,0.0,0.0,0.0,0.0,0.0,0.0,0.0,0.0,0.0,0.0,0.0,0.0,0.0,0.0,0.0,0.0,0.0,0.0
0.0,0.0,0.0,0.0,0.0,0.0,0.0,0.0,0.0,0.0,0.0,0.0,0.0,0.0,0.0,0.0,0.0,0.0,0.0,0.0,0.0,0.0,0.0,0.0,0.0,0.0,0.0,0.0,0.0,0.0,0.0,0.0,0.0,0.0,0.0,0.0,0.0,0.0,0.0,0.0,0.0,0.0,0.0,0.0,0.0,0.0,0.0,0.0,0.0,0.0,0.0,0.0,0.0,0.0,0.0,0.0,0.0,0.0,0.0,0.0,0.0,0.0,0.0,0.0,0.0,0.0,0.0,0.0,0.0,0.0,0.0,0.0,0.0,0.0,0.0,0.0,0.0,0.0,0.0,0.0,0.0,0.0,0.0,0.0,0.0,0.0
0.0,0.0,0.0,0.0,0.0,0.0,0.0,0.0,0.0,0.0,0.0,0.0,0.0,0.0,0.0,0.0,0.0,0.0,0.0,0.0,0.0,0.0,0.0,0.0,0.0,0.0,0.0,0.0,0.0,0.0,0.0,0.0,0.0,0.0,0.0,0.0,0.0,0.0,0.0,0.0,0.0,0.0,0.0,0.0,0.0,0.0,0.0,0.0,0.0,0.0,0.0,0.0,0.0,0.0,0.0,0.0,0.0,0.0,0.0,0.0,0.0,0.0,0.0,0.0,0.0,0.0,0.0,0.0,0.0,0.0,0.0,0.0,0.0,0.0,0.0,0.0,0.0,0.0,0.0,0.0,0.0,0.0,0.0,0.0,0.0,0.0
0.0,0.0,0.0,0.0,0.0,0.0,0.0,0.0,0.0,0.0,0.0,0.0,0.0,0.0,0.0,0.0,0.0,0.0,0.0,0.0,0.0,0.0,0.0,0.0,0.0,0.0,0.0,0.0,0.0,0.0,0.0,0.0,0.0,0.0,0.0,0.0,0.0,0.0,0.0,0.0,0.0,0.0,0.0,0.0,0.0,0.0,0.0,0.0,0.0,0.0,0.0,0.0,0.0,0.0,0.0,0.0,0.0,0.0,0.0,0.0,0.0,0.0,0.0,0.0,0.0,0.0,0.0,0.0,0.0,0.0,0.0,0.0,0.0,0.0,0.0,0.0,0.0,0.0,0.0,0.0,0.0,0.0,0.0,0.0,0.0,0.0
0.0,0.0,0.0,0.0,0.0,0.0,0.0,0.0,0.0,0.0,0.0,0.0,0.0,0.0,0.0,0.0,0.0,0.0,0.0,0.0,0.0,0.0,0.0,0.0,0.0,0.0,0.0,0.0,0.0,0.0,0.0,0.0,0.0,0.0,0.0,0.0,0.0,0.0,0.0,0.0,0.0,0.0,0.0,0.0,0.0,0.0,0.0,0.0,0.0,0.0,0.0,0.0,0.0,0.0,0.0,0.0,0.0,0.0,0.0,0.0,0.0,0.0,0.0,0.0,0.0,0.0,0.0,0.0,0.0,0.0,0.0,0.0,0.0,0.0,0.0,0.0,0.0,0.0,0.0,0.0,0.0,0.0,0.0,0.0,0.0,0.0
1010.0,20231026.0,2.0231026100958e+16,5.453,5.452,7200.0,42200.0,5.454,5.451,47500.0,1730570.0,5.455,5.45,285500.0,464395.0,5.456,5.449,480500.0,51800.0,5.457,5.448,372800.0,144600.0,4.92,5.461,5.452,5.438,5.446,5.467,278554944.0,278554944.0,6.014,510500.0,2023-10-26 10:09:58,5.452854251012146,0.0001834021091243,0.0005502063273727,0.0010000000000003,-0.0009999999999994,0.0019999999999997,2433565.0,1193500.0,-1240065.0,5.450605683431508,5.455975450356095,3627065.0,1240065.0,0.0001274365706613,-0.0149999999999996,0.0,5.452500000000001,5.452,5.452,5.452,5.452,278554944.0,278554944.0,1.0,0.0,0.0,0.0,0.0,0.0,0.0,29.724304,0.0,3707.4,177159905.0,7633.0,-42200.0,7200.0,-49400.0,-1730570.0,47500.0,-1778070.0,-464395.0,285500.0,-749895.0,-51800.0,480500.0,-532300.0,-144600.0,372800.0,-517400.0,0.064464138745732,0.065005349707419
1011.0,20231026.0,2.0231026101058e+16,5.458,5.456,44600.0,1519727.0,5.459,5.455,306900.0,660600.0,5.46,5.454,584800.0,260000.0,5.461,5.453,294200.0,183800.0,5.462,5.452,126600.0,516800.0,4.92,5.461,5.456,5.438,5.446,5.467,279255840.0,279255840.0,6.014,510500.0,2023-10-26 10:10:58,5.457942978673896,0.0003665017408832,0.0007330034817664,0.0010000000000003,-0.0009999999999994,0.0019999999999997,3140927.0,1357100.0,-1783827.0,5.454790420789786,5.460111487731192,4498027.0,1783827.0,0.0009327875724565,-0.0109999999999992,0.0040000000000004,5.457000000000001,5.453,5.457,5.453,5.456,700896.0,700896.0,1.0,15324067.416954491,15.0,5.0,7.0,4.0,0.0011999999999989,29.7657553,0.0012499999999997,32862.3,61533111614.0,44744.75,1519727.0,-44600.0,1564327.0,660600.0,-306900.0,967500.0,260000.0,-584800.0,844800.0,183800.0,-294200.0,478000.0,516800.0,-126600.0,643400.0,0.0893567551216401,0.1165368931933682
1012.0,20231026.0,2.0231026101158e+16,5.458,5.457,74300.0,249900.0,5.459,5.456,245200.0,518300.0,5.46,5.455,1558700.0,624100.0,5.461,5.454,45200.0,791100.0,5.462,5.453,277100.0,140100.0,4.92,5.461,5.457,5.438,5.446,5.467,284033242.0,284033242.0,6.014,510500.0,2023-10-26 10:11:58,5.457770820481184,0.0001832340815392,0.0005497022446173,0.0009999999999994,-0.0009999999999994,0.0019999999999988,2323500.0,2200500.0,-123000.0,5.454977103507639,5.460093433310611,4524000.0,123000.0,-3.15431855204551e-05,-0.0099999999999997,0.0009999999999994,5.4575,5.456,5.459,5.455,5.457,4777402.0,4777402.0,1.0,5100059.509551572,11.0,9.0,5.0,6.0,0.0012999999999996,29.782125,0.0019999999999997,215398.1,3836203169292.0,280394.5,249900.0,29700.0,220200.0,518300.0,-61700.0,580000.0,624100.0,973900.0,-349800.0,791100.0,-249000.0,1040100.0,140100.0,150500.0,-10400.0,0.1430012288638779,0.1490317848002901
0.0,0.0,0.0,0.0,0.0,0.0,0.0,0.0,0.0,0.0,0.0,0.0,0.0,0.0,0.0,0.0,0.0,0.0,0.0,0.0,0.0,0.0,0.0,0.0,0.0,0.0,0.0,0.0,0.0,0.0,0.0,0.0,0.0,0.0,0.0,0.0,0.0,0.0,0.0,0.0,0.0,0.0,0.0,0.0,0.0,0.0,0.0,0.0,0.0,0.0,0.0,0.0,0.0,0.0,0.0,0.0,0.0,0.0,0.0,0.0,0.0,0.0,0.0,0.0,0.0,0.0,0.0,0.0,0.0,0.0,0.0,0.0,0.0,0.0,0.0,0.0,0.0,0.0,0.0,0.0,0.0,0.0,0.0,0.0,0.0,0.0
1014.0,20231026.0,2.0231026101352e+16,5.463,5.462,214500.0,1000.0,5.464,5.461,501800.0,171500.0,5.465,5.46,311500.0,411100.0,5.466,5.459,436574.0,1041000.0,5.467,5.458,466305.0,442000.0,4.92,5.463,5.462,5.438,5.446,5.467,299256945.0,299256945.0,6.014,510500.0,2023-10-26 10:13:52,5.46200464037123,0.0001830663615561,0.0005491990846682,0.0009999999999994,-0.0010000000000003,0.0019999999999997,2066600.0,1930679.0,-135921.0,5.459152472660408,5.465227062085411,3997279.0,135921.0,0.0005817649448738,-0.0049999999999998,0.0030000000000001,5.4625,5.459,5.463,5.458,5.462,4231008.0,4231008.0,1.0,16213008.047883004,8.0,10.0,5.0,2.0,0.0015,29.817670000000003,0.0027499999999998,235056.0,2830795443834.0,459953.25,1000.0,-214500.0,215500.0,171500.0,-501800.0,673300.0,411100.0,-311500.0,722600.0,1041000.0,-436574.0,1477574.0,442000.0,-466305.0,908305.0,0.1437474262877706,0.1351539341187793
0.0,0.0,0.0,0.0,0.0,0.0,0.0,0.0,0.0,0.0,0.0,0.0,0.0,0.0,0.0,0.0,0.0,0.0,0.0,0.0,0.0,0.0,0.0,0.0,0.0,0.0,0.0,0.0,0.0,0.0,0.0,0.0,0.0,0.0,0.0,0.0,0.0,0.0,0.0,0.0,0.0,0.0,0.0,0.0,0.0,0.0,0.0,0.0,0.0,0.0,0.0,0.0,0.0,0.0,0.0,0.0,0.0,0.0,0.0,0.0,0.0,0.0,0.0,0.0,0.0,0.0,0.0,0.0,0.0,0.0,0.0,0.0,0.0,0.0,0.0,0.0,0.0,0.0,0.0,0.0,0.0,0.0,0.0,0.0,0.0,0.0
1016.0,20231026.0,2.0231026101558e+16,5.461,5.46,1900.0,421000.0,5.462,5.459,304000.0,1259900.0,5.463,5.458,294700.0,460100.0,5.464,5.457,311900.0,241100.0,5.465,5.456,256600.0,128300.0,4.92,5.463,5.46,5.438,5.446,5.467,304336426.0,304336426.0,6.014,510500.0,2023-10-26 10:15:58,5.460995507212107,0.0001831334126912,0.0005494002380734,0.0010000000000003,-0.0009999999999994,0.0019999999999997,2510400.0,1169100.0,-1341300.0,5.458639021669853,5.463442477119151,3679500.0,1341300.0,0.000561263134883,-0.0069999999999996,0.0030000000000001,5.4605,5.458,5.462,5.458,5.46,1503226.0,1503226.0,1.0,11101645.353499437,16.0,4.0,4.0,2.0,0.0001000000000006,29.8105091,0.0,75161.3,461956434294.0,86418.5,421000.0,-1900.0,422900.0,1259900.0,-304000.0,1563900.0,460100.0,-294700.0,754800.0,241100.0,-311900.0,553000.0,128300.0,-256600.0,384900.0,0.1852195849621988,0.1658435580602322
1017.0,20231026.0,2.0231026101658e+16,5.464,5.462,245200.0,294400.0,5.465,5.461,275500.0,286300.0,5.466,5.46,731674.0,1230900.0,5.467,5.459,122805.0,190900.0,5.468,5.458,489646.0,292100.0,4.92,5.464,5.464,5.438,5.446,5.467,305094169.0,305094169.0,6.014,510500.0,2023-10-26 10:16:58,5.463091178650853,0.0003660992128868,0.0007321984257733,0.0009999999999994,-0.0009999999999994,0.0019999999999988,2294600.0,1864825.0,-429775.0,5.460043580580494,5.466180283404609,4159425.0,429775.0,0.000383679025024,-0.0029999999999992,0.0040000000000004,5.463,5.461,5.464,5.461,5.464,757743.0,757743.0,1.0,16718224.155950956,11.0,9.0,4.0,2.0,0.0008500000000015,29.84600895,0.0020000000000006,37887.15,148594977163.0,10512.25,294400.0,-245200.0,539600.0,286300.0,-275500.0,561800.0,1230900.0,-731674.0,1962574.0,190900.0,-122805.0,313705.0,292100.0,-489646.0,781746.0,0.1784695995936553,0.1546435504858755
1018.0,20231026.0,2.0231026101758e+16,5.459,5.457,110400.0,223400.0,5.46,5.456,345500.0,1316300.0,5.461,5.455,533600.0,468600.0,5.462,5.454,51000.0,200100.0,5.463,5.453,392000.0,300100.0,4.92,5.464,5.458,5.438,5.446,5.467,309252342.0,309252342.0,6.014,510500.0,2023-10-26 10:17:58,5.45833852606351,0.0003664345914253,0.0007328691828507,0.0009999999999994,-0.0010000000000003,0.0019999999999997,2508500.0,1432500.0,-1076000.0,5.455383815028903,5.461187574171029,3941000.0,1076000.0,-0.0008703352978221,-0.0089999999999994,-0.0060000000000002,5.458,5.464,5.464,5.458,5.458,4158173.0,4158173.0,1.0,-33725164.55600254,7.0,13.0,2.0,6.0,0.0012499999999997,29.81433385,0.00225,207908.65,4201817595579.0,112368.75,-223400.0,110400.0,-333800.0,-1316300.0,345500.0,-1661800.0,-468600.0,533600.0,-1002200.0,-200100.0,51000.0,-251100.0,-300100.0,392000.0,-692100.0,0.1830084944246552,0.1572612185810837
1019.0,20231026.0,2.0231026101858e+16,5.458,5.457,5500.0,426900.0,5.459,5.456,79000.0,441800.0,5.46,5.455,464300.0,1069600.0,5.461,5.454,291200.0,203200.0,5.462,5.453,200000.0,334100.0,4.92,5.464,5.458,5.438,5.446,5.467,312086766.0,312086766.0,6.014,510500.0,2023-10-26 10:18:58,5.457987280296023,0.0001832340815392,0.0005497022446173,0.0009999999999994,-0.0009999999999994,0.0019999999999988,2475600.0,1040000.0,-1435600.0,5.455171352399418,5.460578076923077,3515600.0,1435600.0,-6.435237896695867e-05,-0.0089999999999994,0.0,5.4575,5.458,5.459,5.457,5.458,2834424.0,2834424.0,1.0,-10491.901582461782,9.0,11.0,2.0,3.0,0.0004999999999997,29.7941309,0.0009999999999994,141721.2,2289028698464.0,47766.25,203500.0,5500.0,198000.0,-874500.0,79000.0,-953500.0,601000.0,464300.0,136700.0,3100.0,291200.0,-288100.0,34000.0,200000.0,-166000.0,0.1229653622316277,0.1142812532298757
1020.0,20231026.0,2.0231026101958e+16,5.454,5.453,80900.0,223400.0,5.455,5.452,316900.0,404500.0,5.456,5.451,321100.0,1238200.0,5.457,5.45,290000.0,238295.0,5.458,5.449,194293.0,299700.0,4.92,5.464,5.453,5.438,5.446,5.467,315191421.0,315191421.0,6.014,510500.0,2023-10-26 10:19:58,5.453734143936904,0.0001833684789583,0.0005501054368754,0.0010000000000003,-0.0010000000000003,0.0020000000000006,2404095.0,1203193.0,-1200902.0,5.451005659094171,5.456166129623426,3607288.0,1200902.0,-0.0007795537311023,-0.0139999999999993,-0.0049999999999998,5.4535,5.458,5.458,5.452,5.453,3104655.0,3104655.0,1.0,-28712326.766559143,7.0,13.0,1.0,6.0,0.0013500000000004,29.74993715,0.0030000000000001,155232.75,1510548645539.0,200735.75,-223400.0,80900.0,-304300.0,-404500.0,316900.0,-721400.0,-1238200.0,321100.0,-1559300.0,-238295.0,290000.0,-528295.0,-299700.0,194293.0,-493993.0,0.120585859752154,0.1130142904607061
1021.0,20231026.0,2.0231026102058e+16,5.454,5.453,147900.0,50300.0,5.455,5.452,480400.0,408100.0,5.456,5.451,321100.0,490300.0,5.457,5.45,190000.0,489595.0,5.458,5.449,394293.0,449700.0,4.92,5.464,5.454,5.438,5.446,5.467,315863780.0,315863780.0,6.014,510500.0,2023-10-26 10:20:58,5.45325378405651,0.0001833684789583,0.0005501054368754,0.0010000000000003,-0.0010000000000003,0.0020000000000006,1887995.0,1533693.0,-354302.0,5.450533740820288,5.456131959916358,3421688.0,354302.0,-8.808295816886691e-05,-0.0129999999999999,0.0009999999999994,5.4535,5.453,5.454,5.453,5.454,672359.0,672359.0,1.0,5789153.972457125,11.0,9.0,3.0,2.0,0.0004499999999998,29.741207849999995,0.0009999999999994,33345.45,204470175451.0,4771.75,-173100.0,67000.0,-240100.0,3600.0,163500.0,-159900.0,-747900.0,0.0,-747900.0,251300.0,-100000.0,351300.0,150000.0,200000.0,-50000.0,0.1045461640041984,0.1048519778392411
1022.0,20231026.0,2.0231026102158e+16,5.453,5.452,43800.0,65600.0,5.454,5.451,465100.0,278300.0,5.455,5.45,290000.0,297995.0,5.456,5.449,221100.0,840700.0,5.457,5.448,991000.0,215800.0,4.92,5.464,5.453,5.438,5.446,5.467,317556759.0,317556759.0,6.014,510500.0,2023-10-26 10:21:58,5.452599634369287,0.0001834021091243,0.0005502063273727,0.0010000000000003,-0.0009999999999994,0.0019999999999997,1698395.0,2011000.0,312605.0,5.449491990967943,5.455820686225757,3709395.0,312605.0,-0.0001199630442312,-0.0139999999999993,-0.0009999999999994,5.452500000000001,5.453,5.454,5.451,5.453,1692979.0,1692979.0,1.0,23026.386109610088,6.0,14.0,3.0,4.0,0.0005000000000001,29.7264856,0.0010000000000003,84648.95,586013755595.0,116264.0,-65600.0,43800.0,-109400.0,-278300.0,465100.0,-743400.0,-297995.0,290000.0,-587995.0,-840700.0,221100.0,-1061800.0,-215800.0,991000.0,-1206800.0,0.0964738090775677,0.1017712213768033
1023.0,20231026.0,2.0231026102258e+16,5.453,5.452,70900.0,42000.0,5.454,5.451,482600.0,314400.0,5.455,5.45,294000.0,475195.0,5.456,5.449,225000.0,650700.0,5.457,5.448,435000.0,246600.0,4.92,5.464,5.452,5.438,5.446,5.467,318997915.0,318997915.0,6.014,510500.0,2023-10-26 10:22:58,5.452372010628875,0.0001834021091243,0.0005502063273727,0.0010000000000003,-0.0009999999999994,0.0019999999999997,1728895.0,1507500.0,-221395.0,5.44956879972468,5.455312172470978,3236395.0,221395.0,-4.174678263368925e-05,-0.0149999999999996,-0.0010000000000003,5.452500000000001,5.453,5.454,5.452,5.452,1441156.0,1441156.0,1.0,-5859034.278568961,16.0,4.0,2.0,3.0,0.0001499999999996,29.733573349999997,0.0,72057.8,693119993014.0,10361.5,-23600.0,27100.0,-50700.0,36100.0,17500.0,18600.0,177200.0,4000.0,173200.0,-190000.0,3900.0,-193900.0,30800.0,-556000.0,586800.0,0.0723188937431872,0.0900682966061233
1024.0,20231026.0,2.0231026102358e+16,5.453,5.452,6100.0,640900.0,5.454,5.451,40400.0,714000.0,5.455,5.45,234200.0,685495.0,5.456,5.449,325000.0,400700.0,5.457,5.448,485000.0,296600.0,4.92,5.464,5.453,5.438,5.446,5.467,320414541.0,320414541.0,6.014,510500.0,2023-10-26 10:23:58,5.4529905718701706,0.0001834021091243,0.0005502063273727,0.0010000000000003,-0.0009999999999994,0.0019999999999997,2737695.0,1090700.0,-1646995.0,5.450365964798854,5.456139084991291,3828395.0,1646995.0,0.0001134416645534,-0.0139999999999993,0.0010000000000003,5.452500000000001,5.452,5.454,5.452,5.453,1416626.0,1416626.0,1.0,5860088.951798045,17.0,3.0,3.0,2.0,9.999999999887876e-05,29.73411860000001,0.0,70558.8,559498788496.0,65296.0,598900.0,-64800.0,663700.0,399600.0,-442200.0,841800.0,210300.0,-59800.0,270100.0,-250000.0,100000.0,-350000.0,50000.0,50000.0,0.0,0.0741637998785487,0.0833173496538313
1025.0,20231026.0,2.0231026102458e+16,5.451,5.45,203100.0,94395.0,5.452,5.449,272093.0,523800.0,5.453,5.448,563800.0,304600.0,5.454,5.447,194000.0,466300.0,5.455,5.446,435200.0,397600.0,4.92,5.464,5.451,5.438,5.446,5.467,322775745.0,322775745.0,6.014,510500.0,2023-10-26 10:24:58,5.450317299450411,0.0001834694064763,0.0005504082194294,0.0010000000000003,-0.0010000000000003,0.0020000000000006,1786695.0,1668193.0,-118502.0,5.447692779125704,5.453231452236042,3454888.0,118502.0,-0.0004903598990095,-0.016,-0.0020000000000006,5.4505,5.453,5.453,5.451,5.451,2361204.0,2361204.0,1.0,-11804729.008715237,7.0,13.0,2.0,4.0,0.0005000000000001,29.7264853,0.0010000000000003,118060.2,2466889289506.0,35167.75,-94395.0,203100.0,-297495.0,-523800.0,272093.0,-795893.0,-304600.0,563800.0,-868400.0,-466300.0,194000.0,-660300.0,-397600.0,435200.0,-832800.0,0.0715362753469523,0.0814764155866694
1026.0,20231026.0,2.0231026102558e+16,5.448,5.447,6500.0,263000.0,5.449,5.446,320500.0,540100.0,5.45,5.445,367730.0,198400.0,5.451,5.444,288000.0,208300.0,5.452,5.443,231000.0,421400.0,4.92,5.464,5.447,5.438,5.446,5.467,326270107.0,326270107.0,6.014,510500.0,2023-10-26 10:25:58,5.447975881261596,0.0001835704451583,0.000550711335475,0.0010000000000003,-0.0009999999999994,0.0019999999999997,1631200.0,1213730.0,-417470.0,5.445009195684159,5.450343157044812,2844930.0,417470.0,-0.000429685306867,-0.0199999999999995,-0.0039999999999995,5.4475,5.45,5.45,5.447,5.447,3494362.0,3494362.0,1.0,-17937324.098068174,8.0,12.0,2.0,5.0,0.0004999999999997,29.6861531,0.0009999999999994,170358.6,1852958383186.0,236867.5,-263000.0,6500.0,-269500.0,-540100.0,320500.0,-860600.0,-198400.0,367730.0,-566130.0,-208300.0,288000.0,-496300.0,-421400.0,231000.0,-652400.0,0.0786365661898516,0.0854807146508083
1027.0,20231026.0,2.0231026102658e+16,5.448,5.447,37600.0,274300.0,5.449,5.446,337700.0,352500.0,5.45,5.445,521530.0,450400.0,5.451,5.444,288000.0,214600.0,5.452,5.443,191000.0,418100.0,4.92,5.464,5.448,5.438,5.446,5.467,330392661.0,330392661.0,6.014,510500.0,2023-10-26 10:26:58,5.447879448541199,0.0001835704451583,0.000550711335475,0.0010000000000003,-0.0009999999999994,0.0019999999999997,1709900.0,1375830.0,-334070.0,5.444912451020527,5.450186869017248,3085730.0,334070.0,-1.7700807780629546e-05,-0.0189999999999992,0.0010000000000003,5.4475,5.447,5.449,5.447,5.448,4122554.0,4122554.0,1.0,5984871.692840613,5.0,5.0,4.0,3.0,0.0004999999999997,29.6807045,0.0004999999999997,206127.7,4356401492654.0,142457.0,11300.0,31100.0,-19800.0,-187600.0,17200.0,-204800.0,252000.0,153800.0,98200.0,6300.0,0.0,6300.0,-3300.0,-40000.0,36700.0,0.0814652695635636,0.103132572489199
1028.0,20231026.0,2.0231026102758e+16,5.448,5.447,8800.0,242100.0,5.449,5.446,290300.0,694800.0,5.45,5.445,501930.0,452200.0,5.451,5.444,328000.0,210600.0,5.452,5.443,191000.0,418100.0,4.92,5.464,5.448,5.438,5.446,5.467,331737045.0,331737045.0,6.014,510500.0,2023-10-26 10:27:58,5.447964926265445,0.0001835704451583,0.000550711335475,0.0010000000000003,-0.0009999999999994,0.0019999999999997,2017800.0,1320030.0,-697770.0,5.445065516899593,5.4503046142890685,3337830.0,697770.0,1.5689967900911483e-05,-0.0189999999999992,0.0,5.4475,5.448,5.448,5.446,5.448,1344384.0,1344384.0,1.0,3108.69705126714,10.0,10.0,2.0,3.0,0.0005499999999969,29.674711849999994,0.0010000000000003,66674.7,828334455778.0,22745.5,-32200.0,-28800.0,-3400.0,342300.0,-47400.0,389700.0,1800.0,-19600.0,21400.0,-4000.0,40000.0,-44000.0,0.0,0.0,0.0,0.08614848988947,0.1048243001369804
1029.0,20231026.0,2.0231026102858e+16,5.447,5.446,133100.0,86300.0,5.448,5.445,345200.0,286000.0,5.449,5.444,294000.0,429800.0,5.45,5.443,195230.0,458100.0,5.451,5.442,992500.0,308000.0,4.92,5.464,5.447,5.438,5.446,5.467,334013174.0,334013174.0,6.014,510500.0,2023-10-26 10:28:58,5.446393345487693,0.0001836041494538,0.0005508124483613,0.0009999999999994,-0.0010000000000003,0.0019999999999997,1568200.0,1960030.0,391830.0,5.443607511796965,5.449800411218196,3528230.0,391830.0,-0.0002885127787153,-0.0199999999999995,-0.0010000000000003,5.4465,5.448,5.448,5.445,5.447,2276129.0,2276129.0,1.0,-6106982.311047132,14.0,6.0,2.0,3.0,0.00035,29.665996749999994,0.0010000000000003,111627.45,1902440875897.0,31184.0,-86300.0,133100.0,-219400.0,-286000.0,345200.0,-631200.0,-429800.0,294000.0,-723800.0,-458100.0,195230.0,-653330.0,-308000.0,992500.0,-1300500.0,0.0860097881472542,0.1022242848675002
1030.0,20231026.0,2.0231026102958e+16,5.445,5.444,32700.0,350300.0,5.446,5.443,55200.0,507600.0,5.447,5.442,168700.0,516000.0,5.448,5.441,524000.0,477000.0,5.449,5.44,445459.0,478500.0,4.92,5.464,5.444,5.438,5.446,5.467,335736115.0,335736115.0,6.014,510500.0,2023-10-26 10:29:58,5.4449146214099216,0.0001836715951878,0.0005510147855634,0.0010000000000003,-0.0009999999999994,0.0019999999999997,2329400.0,1226059.0,-1103341.0,5.441903065166996,5.448055673503478,3555459.0,1103341.0,-0.0002715420574557,-0.0229999999999996,-0.0030000000000001,5.4445,5.446,5.447,5.444,5.444,1722941.0,1722941.0,1.0,-12326995.363538817,14.0,6.0,1.0,3.0,0.0003499999999991,29.65510445,0.0009999999999994,86147.05,565003275335.0,91629.0,-350300.0,32700.0,-383000.0,-507600.0,55200.0,-562800.0,-516000.0,168700.0,-684700.0,-477000.0,524000.0,-1001000.0,-478500.0,445459.0,-923959.0,0.0756531746564096,0.1013860926428173
1031.0,20231026.0,2.0231026103058e+16,5.446,5.445,42400.0,221100.0,5.447,5.444,293900.0,955200.0,5.448,5.443,294000.0,661000.0,5.449,5.442,524459.0,118000.0,5.45,5.441,86230.0,180000.0,4.92,5.464,5.446,5.438,5.446,5.467,348641872.0,348641872.0,6.014,510500.0,2023-10-26 10:30:58,5.4458390891840605,0.0001836378661278,0.000550913598384,0.0010000000000003,-0.0010000000000003,0.0020000000000006,2135300.0,1240989.0,-894311.0,5.443430571816607,5.448256423707221,3376289.0,894311.0,0.0001697711289641,-0.0209999999999999,0.0019999999999997,5.4455,5.444,5.446,5.444,5.446,12905757.0,12905757.0,1.0,12731699.982159171,16.0,4.0,2.0,0.0,4.999999999988347e-05,29.64748085000001,0.0,644743.85,30900024549535.0,745059.75,221100.0,-42400.0,263500.0,955200.0,-293900.0,1249100.0,661000.0,-294000.0,955000.0,118000.0,-524459.0,642459.0,180000.0,-86230.0,266230.0,0.0866895950814718,0.1090069044821087
1032.0,20231026.0,2.0231026103158e+16,5.447,5.446,44400.0,220000.0,5.448,5.445,294000.0,723941.0,5.449,5.444,294459.0,795300.0,5.45,5.443,526330.0,41000.0,5.451,5.442,83500.0,117000.0,4.92,5.464,5.446,5.438,5.446,5.467,348986380.0,348986380.0,6.014,510500.0,2023-10-26 10:31:58,5.446832072617246,0.0001836041494538,0.0005508124483613,0.0009999999999994,-0.0010000000000003,0.0019999999999997,1897241.0,1242689.0,-654552.0,5.4444685440595055,5.449249885530492,3139930.0,654552.0,0.0001823213831,-0.0209999999999999,0.0,5.4465,5.446,5.446,5.446,5.446,344508.0,344508.0,1.0,0.0,20.0,0.0,0.0,0.0,8.881784197001252e-16,29.658915999999987,0.0,17225.4,48488920300.0,5718.25,220000.0,-44400.0,264400.0,723941.0,-294000.0,1017941.0,795300.0,-294459.0,1089759.0,41000.0,-526330.0,567330.0,117000.0,-83500.0,200500.0,0.0920853047239456,0.0876226210913794
1033.0,20231026.0,2.0231026103258e+16,5.45,5.449,110800.0,237700.0,5.451,5.448,290500.0,700400.0,5.452,5.447,520000.0,339400.0,5.453,5.446,234000.0,802000.0,5.454,5.445,195000.0,504741.0,4.92,5.464,5.449,5.438,5.446,5.467,351412522.0,351412522.0,6.014,510500.0,2023-10-26 10:32:58,5.449682065997131,0.0001835030736765,0.0005505092210293,0.0009999999999994,-0.0009999999999994,0.0019999999999988,2584241.0,1350300.0,-1233941.0,5.446754015976064,5.4520828704732285,3934541.0,1233941.0,0.0005231018670039,-0.0179999999999997,0.0030000000000001,5.4495000000000005,5.446,5.451,5.446,5.449,2426142.0,2426142.0,1.0,19281643.255023703,9.0,11.0,5.0,1.0,0.0007499999999991,29.677981949999992,0.0012499999999997,121307.1,1060524090536.0,227538.5,237700.0,-110800.0,348500.0,700400.0,-290500.0,990900.0,339400.0,-520000.0,859400.0,802000.0,-234000.0,1036000.0,504741.0,-195000.0,699741.0,0.0909664254891564,0.0868925009829418
0.0,0.0,0.0,0.0,0.0,0.0,0.0,0.0,0.0,0.0,0.0,0.0,0.0,0.0,0.0,0.0,0.0,0.0,0.0,0.0,0.0,0.0,0.0,0.0,0.0,0.0,0.0,0.0,0.0,0.0,0.0,0.0,0.0,0.0,0.0,0.0,0.0,0.0,0.0,0.0,0.0,0.0,0.0,0.0,0.0,0.0,0.0,0.0,0.0,0.0,0.0,0.0,0.0,0.0,0.0,0.0,0.0,0.0,0.0,0.0,0.0,0.0,0.0,0.0,0.0,0.0,0.0,0.0,0.0,0.0,0.0,0.0,0.0,0.0,0.0,0.0,0.0,0.0,0.0,0.0,0.0,0.0,0.0,0.0,0.0,0.0
1035.0,20231026.0,2.0231026103458e+16,5.454,5.453,947900.0,200.0,5.455,5.452,361000.0,40500.0,5.456,5.451,516300.0,510000.0,5.457,5.45,198000.0,496300.0,5.458,5.449,256400.0,292200.0,4.92,5.464,5.454,5.438,5.446,5.467,355599980.0,355599980.0,6.014,510500.0,2023-10-26 10:34:58,5.453000210948212,0.0001833684789583,0.0005501054368754,0.0010000000000003,-0.0010000000000003,0.0020000000000006,1339200.0,2279600.0,940400.0,5.450223566308243,5.455321810844008,3618800.0,940400.0,5.3491276816641786e-05,-0.0129999999999999,0.0019999999999997,5.4535,5.452,5.454,5.452,5.454,2050610.0,2050610.0,1.0,12977527.831974871,9.0,11.0,3.0,1.0,0.0004999999999997,29.7395719,0.0009999999999994,102530.5,1184208468258.0,73751.75,200.0,-947900.0,948100.0,40500.0,-361000.0,401500.0,510000.0,-516300.0,1026300.0,496300.0,-198000.0,694300.0,292200.0,-256400.0,548600.0,0.1142820209281446,0.1176931328205188
1036.0,20231026.0,2.0231026103558e+16,5.453,5.452,315630.0,1400.0,5.454,5.451,788600.0,60400.0,5.455,5.45,351100.0,507200.0,5.456,5.449,226300.0,542300.0,5.457,5.448,198000.0,681600.0,4.92,5.464,5.452,5.438,5.446,5.467,357026703.0,357026703.0,6.014,510500.0,2023-10-26 10:35:58,5.4520044159858685,0.0001834021091243,0.0005502063273727,0.0010000000000003,-0.0009999999999994,0.0019999999999997,1792900.0,1879630.0,86730.0,5.448972446873779,5.454575682448142,3672530.0,86730.0,-0.0001826308193675,-0.0149999999999996,-0.0019999999999997,5.452500000000001,5.454,5.454,5.452,5.452,1426723.0,1426723.0,1.0,-13093841.01427059,7.0,7.0,1.0,3.0,0.0009999999999994,29.735209699999995,0.0019999999999997,71336.15,1230888405139.0,7907.0,-1400.0,315630.0,-317030.0,-60400.0,788600.0,-849000.0,-507200.0,351100.0,-858300.0,-542300.0,226300.0,-768600.0,-681600.0,198000.0,-879600.0,0.1040280583562798,0.1103440349185416
1037.0,20231026.0,2.0231026103658e+16,5.451,5.45,317100.0,11700.0,5.452,5.449,258900.0,112800.0,5.453,5.448,518230.0,504400.0,5.454,5.447,191400.0,497500.0,5.455,5.446,212200.0,462400.0,4.92,5.464,5.451,5.438,5.446,5.467,357560849.0,357560849.0,6.014,510500.0,2023-10-26 10:36:58,5.450035583941606,0.0001834694064763,0.0005504082194294,0.0010000000000003,-0.0010000000000003,0.0020000000000006,1588800.0,1497830.0,-90970.0,5.447190521148037,5.452814865505431,3086630.0,90970.0,-0.0003611859919205,-0.016,-0.0010000000000003,5.4505,5.452,5.452,5.449,5.451,534146.0,534146.0,1.0,-6554968.265255543,13.0,7.0,3.0,4.0,0.0007499999999991,29.710676350000007,0.0009999999999994,26434.3,82180166902.0,16485.75,-11700.0,317100.0,-328800.0,-112800.0,258900.0,-371700.0,-504400.0,518230.0,-1022630.0,-497500.0,191400.0,-688900.0,-462400.0,212200.0,-674600.0,0.106318415216399,0.1124789691289241
1038.0,20231026.0,2.0231026103758e+16,5.45,5.449,49764.0,1500.0,5.451,5.448,497800.0,381600.0,5.452,5.447,253300.0,516500.0,5.453,5.446,470730.0,693400.0,5.454,5.445,192400.0,564741.0,4.92,5.464,5.449,5.438,5.446,5.467,358435237.0,358435237.0,6.014,510500.0,2023-10-26 10:37:58,5.449029260299625,0.0001835030736765,0.0005505092210293,0.0009999999999994,-0.0009999999999994,0.0019999999999988,2157741.0,1463994.0,-693747.0,5.446333431584236,5.45217636820916,3621735.0,693747.0,-0.0001846623832819,-0.0179999999999997,-0.0019999999999997,5.4495000000000005,5.451,5.451,5.448,5.449,874388.0,874388.0,1.0,-13117945.703517156,9.0,11.0,1.0,2.0,0.0008499999999997,29.689967649999996,0.0009999999999994,43719.4,325556771800.0,544.75,-1500.0,49764.0,-51264.0,-381600.0,497800.0,-879400.0,-516500.0,253300.0,-769800.0,-693400.0,470730.0,-1164130.0,-564741.0,192400.0,-757141.0,0.1105418512522457,0.1167257770033016
1039.0,20231026.0,2.0231026103858e+16,5.451,5.449,198700.0,325000.0,5.452,5.448,526600.0,697800.0,5.453,5.447,470730.0,306500.0,5.454,5.446,192988.0,203900.0,5.455,5.445,253200.0,634841.0,4.92,5.464,5.451,5.438,5.446,5.467,360819952.0,360819952.0,6.014,510500.0,2023-10-26 10:38:58,5.450241168607981,0.0003669724770641,0.0007339449541283,0.0009999999999994,-0.0010000000000003,0.0019999999999997,2168041.0,1642218.0,-525823.0,5.4469419835694985,5.4528632264413135,3810259.0,525823.0,0.0002223833826779,-0.016,0.0019999999999997,5.449999999999999,5.45,5.451,5.449,5.451,2384715.0,2384715.0,1.0,6637816.951803673,15.0,5.0,2.0,1.0,0.0002000000000004,29.7003203,0.0002500000000003,119235.75,1852057725887.0,23023.75,323500.0,-198700.0,522200.0,316200.0,-526600.0,842800.0,-210000.0,-470730.0,260730.0,-489500.0,-192988.0,-296512.0,70100.0,-253200.0,323300.0,0.0946779190606869,0.0993645847128589
1040.0,20231026.0,2.0231026103958e+16,5.447,5.446,230115.0,13300.0,5.448,5.445,326400.0,124541.0,5.449,5.444,281800.0,404100.0,5.45,5.443,201100.0,484400.0,5.451,5.442,644200.0,307100.0,4.92,5.464,5.447,5.438,5.446,5.467,362533486.0,362533486.0,6.014,510500.0,2023-10-26 10:39:58,5.446054639196435,0.0001836041494538,0.0005508124483613,0.0009999999999994,-0.0010000000000003,0.0019999999999997,1333441.0,1683615.0,350174.0,5.443289463125852,5.449417476679644,3017056.0,350174.0,-0.0007684317113629,-0.0199999999999995,-0.0039999999999995,5.4465,5.451,5.451,5.447,5.447,1713534.0,1713534.0,1.0,-26556007.351145748,10.0,10.0,1.0,4.0,0.0009000000000014,29.679615899999995,0.0010000000000003,85676.7,602712423584.0,70415.25,-13300.0,230115.0,-243415.0,-124541.0,326400.0,-450941.0,-404100.0,281800.0,-685900.0,-484400.0,201100.0,-685500.0,-307100.0,644200.0,-951300.0,0.0885418445664119,0.0786450417904693
1041.0,20231026.0,2.0231026104058e+16,5.447,5.446,323915.0,400.0,5.448,5.445,326400.0,375641.0,5.449,5.444,476900.0,405000.0,5.45,5.443,211100.0,485400.0,5.451,5.442,844200.0,308300.0,4.92,5.464,5.446,5.438,5.446,5.467,362781827.0,362781827.0,6.014,510500.0,2023-10-26 10:40:58,5.446001233368793,0.0001836041494538,0.0005508124483613,0.0009999999999994,-0.0010000000000003,0.0019999999999997,1574741.0,2182515.0,607774.0,5.443539251851575,5.44942394668536,3757256.0,607774.0,-9.806381507271311e-06,-0.0209999999999999,-0.0010000000000003,5.4465,5.447,5.447,5.446,5.446,248341.0,248341.0,1.0,-6658266.34227178,4.0,16.0,0.0,1.0,0.0001999999999995,29.6610946,0.0,12417.05,15204049577.0,1361.5,-12900.0,93800.0,-106700.0,251100.0,0.0,251100.0,900.0,195100.0,-194200.0,1000.0,10000.0,-9000.0,1200.0,200000.0,-198800.0,0.0843738336906443,0.0768205573658387
1042.0,20231026.0,2.0231026104158e+16,5.447,5.445,324200.0,162456.0,5.448,5.444,326000.0,405900.0,5.449,5.443,474800.0,484600.0,5.45,5.442,212100.0,268700.0,5.451,5.441,645200.0,399000.0,4.92,5.464,5.445,5.438,5.446,5.467,363040422.0,363040422.0,6.014,510500.0,2023-10-26 10:41:58,5.44566764203051,0.0003672420124861,0.0007344840249725,0.0010000000000003,-0.0010000000000003,0.0020000000000006,1720656.0,1982300.0,261644.0,5.442804790730977,5.449266407708217,3702956.0,261644.0,-6.125623946218184e-05,-0.0219999999999993,-0.0009999999999994,5.446,5.446,5.447,5.445,5.445,258595.0,258595.0,1.0,-6677225.746915013,10.0,10.0,2.0,3.0,0.0007499999999991,29.66163974999999,0.0012499999999997,12929.75,21591235381.0,8576.75,-162456.0,285.0,-162741.0,-405900.0,-400.0,-405500.0,-484600.0,-2100.0,-482500.0,-268700.0,1000.0,-269700.0,-399000.0,-199000.0,-200000.0,0.079413222439259,0.0721023549201333
1043.0,20231026.0,2.0231026104258e+16,5.446,5.445,40000.0,168356.0,5.447,5.444,611800.0,406800.0,5.448,5.443,436000.0,294500.0,5.449,5.442,185800.0,558600.0,5.45,5.441,862100.0,519000.0,4.92,5.464,5.445,5.438,5.446,5.467,363142248.0,363142248.0,6.014,510500.0,2023-10-26 10:42:58,5.445808020887328,0.0001836378661278,0.000550913598384,0.0010000000000003,-0.0010000000000003,0.0020000000000006,1947256.0,2135700.0,188444.0,5.442561902492534,5.448570398464204,4082956.0,188444.0,2.5777747877375745e-05,-0.0219999999999993,0.0,5.4455,5.445,5.447,5.445,5.445,101826.0,101826.0,1.0,-10614.07612516731,2.0,18.0,2.0,2.0,0.0001999999999995,29.6502034,0.0,5091.3,3715303484.0,680.5,5900.0,40000.0,-34100.0,900.0,611800.0,-610900.0,-190100.0,436000.0,-626100.0,289900.0,185800.0,104100.0,120000.0,862100.0,-742100.0,0.0645123357777133,0.0598046993450683
1044.0,20231026.0,2.0231026104358e+16,5.446,5.445,55500.0,110500.0,5.447,5.444,514400.0,171000.0,5.448,5.443,476000.0,316200.0,5.449,5.442,185800.0,559600.0,5.45,5.441,1341900.0,510300.0,4.92,5.464,5.446,5.438,5.446,5.467,366818906.0,366818906.0,6.014,510500.0,2023-10-26 10:43:58,5.445665662650603,0.0001836378661278,0.000550913598384,0.0010000000000003,-0.0010000000000003,0.0020000000000006,1667600.0,2573600.0,906000.0,5.442287479011753,5.448872008082064,4241200.0,906000.0,-2.614122585598011e-05,-0.0209999999999999,0.0009999999999994,5.4455,5.445,5.446,5.444,5.446,3676658.0,3676658.0,1.0,6735990.696644831,4.0,16.0,3.0,2.0,4.999999999899529e-05,29.64856985000001,0.0,183832.9,3249879389366.0,103602.5,-57856.0,15500.0,-73356.0,-235800.0,-97400.0,-138400.0,21700.0,40000.0,-18300.0,1000.0,0.0,1000.0,-8700.0,479800.0,-488500.0,0.0719043258348662,0.0656397194712433
1045.0,20231026.0,2.0231026104458e+16,5.448,5.447,24700.0,49100.0,5.449,5.446,519800.0,290400.0,5.45,5.445,365100.0,339600.0,5.451,5.444,197200.0,624400.0,5.452,5.443,992600.0,562200.0,4.92,5.464,5.448,5.438,5.446,5.467,367151655.0,367151655.0,6.014,510500.0,2023-10-26 10:44:58,5.447665311653117,0.0001835704451583,0.000550711335475,0.0010000000000003,-0.0009999999999994,0.0019999999999997,1865700.0,2099400.0,233700.0,5.444270943881652,5.450768410021911,3965100.0,233700.0,0.0003671327034295,-0.0189999999999992,0.0020000000000006,5.4475,5.445,5.448,5.445,5.448,332749.0,332749.0,1.0,20213456.18218652,10.0,10.0,4.0,1.0,0.0015,29.664363700000003,0.0030000000000001,16637.45,17312099227.0,22330.5,49100.0,-24700.0,73800.0,290400.0,-519800.0,810200.0,339600.0,-365100.0,704700.0,624400.0,-197200.0,821600.0,562200.0,-992600.0,1554800.0,0.0612867005276891,0.0635184203800895
1046.0,20231026.0,2.0231026104558e+16,5.447,5.446,40400.0,287100.0,5.448,5.445,330500.0,550300.0,5.449,5.444,669800.0,432900.0,5.45,5.443,225600.0,171100.0,5.451,5.442,248200.0,560600.0,4.92,5.464,5.446,5.438,5.446,5.467,367928934.0,367928934.0,6.014,510500.0,2023-10-26 10:45:58,5.446876641221373,0.0001836041494538,0.0005508124483613,0.0009999999999994,-0.0010000000000003,0.0019999999999997,2002000.0,1514500.0,-487500.0,5.443916183816183,5.449205150214593,3516500.0,487500.0,-0.000144782669438,-0.0209999999999999,-0.0020000000000006,5.4465,5.447,5.447,5.446,5.446,777279.0,777279.0,1.0,-6755948.108705892,19.0,1.0,0.0,1.0,4.999999999810712e-05,29.66926434999999,0.0,38863.95,280267601893.0,30229.0,-287100.0,40400.0,-327500.0,-550300.0,330500.0,-880800.0,-432900.0,669800.0,-1102700.0,-171100.0,225600.0,-396700.0,-560600.0,248200.0,-808800.0,0.0639810084409172,0.071874541378159
1047.0,20231026.0,2.0231026104658e+16,5.447,5.446,285600.0,57900.0,5.448,5.445,520900.0,398500.0,5.449,5.444,229800.0,622900.0,5.45,5.443,225600.0,301700.0,5.451,5.442,848200.0,430600.0,4.92,5.464,5.446,5.438,5.446,5.467,368042216.0,368042216.0,6.014,510500.0,2023-10-26 10:46:58,5.446168558951965,0.0001836041494538,0.0005508124483613,0.0009999999999994,-0.0010000000000003,0.0019999999999997,1811600.0,2110100.0,298500.0,5.443641973945684,5.449393298895787,3921700.0,298500.0,-0.000130006303544,-0.0209999999999999,0.0,5.4465,5.446,5.447,5.446,5.446,113282.0,113282.0,1.0,-3270.392547124997,17.0,3.0,1.0,1.0,0.0001499999999987,29.668175049999995,0.0,5664.1,7881689532.0,1089.0,-229200.0,245200.0,-474400.0,-151800.0,190400.0,-342200.0,190000.0,-440000.0,630000.0,130600.0,0.0,130600.0,-130000.0,600000.0,-730000.0,0.0686610890947119,0.0710088548912815
1048.0,20231026.0,2.0231026104758e+16,5.446,5.445,131500.0,50000.0,5.447,5.444,515400.0,354600.0,5.448,5.443,480500.0,510900.0,5.449,5.442,190800.0,368600.0,5.45,5.441,877600.0,225100.0,4.92,5.464,5.445,5.438,5.446,5.467,369040348.0,369040348.0,6.014,510500.0,2023-10-26 10:47:58,5.445275482093664,0.0001836378661278,0.000550913598384,0.0010000000000003,-0.0010000000000003,0.0020000000000006,1509200.0,2195800.0,686600.0,5.442758680095415,5.448531742417342,3705000.0,686600.0,-0.0001639960425698,-0.0219999999999993,-0.0009999999999994,5.4455,5.446,5.447,5.445,5.445,998132.0,998132.0,1.0,-6783881.202352833,10.0,10.0,1.0,2.0,0.0006499999999993,29.65510445,0.0009999999999994,49906.6,466824519968.0,1362.0,-50000.0,131500.0,-181500.0,-354600.0,515400.0,-870000.0,-510900.0,480500.0,-991400.0,-368600.0,190800.0,-559400.0,-225100.0,877600.0,-1102700.0,0.0715287285249461,0.0724379128519412
1049.0,20231026.0,2.0231026104858e+16,5.442,5.441,1093400.0,15500.0,5.443,5.44,924900.0,422700.0,5.444,5.439,668000.0,533000.0,5.445,5.438,361800.0,836700.0,5.446,5.437,203000.0,495200.0,4.92,5.464,5.441,5.438,5.446,5.467,374322168.0,374322168.0,6.014,510500.0,2023-10-26 10:48:58,5.441013977815853,0.0001837728567491,0.000551318570247,0.0009999999999994,-0.0009999999999994,0.0019999999999988,2303100.0,3251100.0,948000.0,5.438403673309887,5.443279044015871,5554200.0,948000.0,-0.0007829122147045,-0.0259999999999998,-0.0040000000000004,5.4415,5.445,5.445,5.441,5.441,5281820.0,5281820.0,1.0,-27278030.641793307,12.0,8.0,2.0,6.0,0.0009000000000014,29.625161799999997,0.0012499999999997,264091.0,5442680879376.0,302318.5,-15500.0,1093400.0,-1108900.0,-422700.0,924900.0,-1347600.0,-533000.0,668000.0,-1201000.0,-836700.0,361800.0,-1198500.0,-495200.0,203000.0,-698200.0,0.0750152640700653,0.0735684705408146
1050.0,20231026.0,2.0231026104958e+16,5.441,5.44,5069500.0,874600.0,5.442,5.439,847800.0,666700.0,5.443,5.438,629800.0,335700.0,5.444,5.437,481900.0,342700.0,5.445,5.436,331000.0,116300.0,4.92,5.464,5.441,5.438,5.446,5.467,375522435.0,375522435.0,6.014,510500.0,2023-10-26 10:49:58,5.440147137497687,0.0001838066354194,0.0005514199062586,0.0010000000000003,-0.0010000000000003,0.0020000000000006,2336000.0,7360000.0,5024000.0,5.438787928082192,5.441662649456522,9696000.0,5024000.0,-0.0001593286434808,-0.0259999999999998,0.0,5.4405,5.441,5.441,5.44,5.441,1200267.0,1200267.0,1.0,9563.287272150628,19.0,1.0,1.0,1.0,4.999999999899529e-05,29.60393695000001,0.0,60013.35,438452359873.0,46376.25,-874600.0,5069500.0,-5944100.0,-666700.0,847800.0,-1514500.0,-335700.0,629800.0,-965500.0,-342700.0,481900.0,-824600.0,-116300.0,331000.0,-447300.0,0.0660644265337562,0.0662847939841889
1051.0,20231026.0,2.0231026105058e+16,5.441,5.44,2545900.0,502800.0,5.442,5.439,294200.0,685200.0,5.443,5.438,298100.0,921800.0,5.444,5.437,481900.0,145000.0,5.445,5.436,81000.0,116300.0,4.92,5.464,5.441,5.438,5.446,5.467,384423207.0,384423207.0,6.014,510500.0,2023-10-26 10:50:58,5.440164922753961,0.0001838066354194,0.0005514199062586,0.0010000000000003,-0.0010000000000003,0.0020000000000006,2371100.0,3701100.0,1330000.0,5.438553835772426,5.441718732268786,6072200.0,1330000.0,3.2692548108670394e-06,-0.0259999999999998,0.0,5.4405,5.44,5.441,5.44,5.441,8900772.0,8900772.0,1.0,6957782.469816116,12.0,8.0,5.0,4.0,0.0003999999999999,29.6001286,0.0009999999999994,443678.1,19777152215562.0,96834.25,-371800.0,-2523600.0,2151800.0,18500.0,-553600.0,572100.0,586100.0,-331700.0,917800.0,-197700.0,0.0,-197700.0,0.0,-250000.0,250000.0,0.0547324543118808,0.0488324765955554
1052.0,20231026.0,2.0231026105158e+16,5.445,5.444,189300.0,46800.0,5.446,5.443,581100.0,341900.0,5.447,5.442,475400.0,293000.0,5.448,5.441,190500.0,552700.0,5.449,5.44,45000.0,288500.0,4.92,5.464,5.445,5.438,5.446,5.467,398822304.0,398822304.0,6.014,510500.0,2023-10-26 10:51:58,5.4441982210927575,0.0001836715951878,0.0005510147855634,0.0010000000000003,-0.0009999999999994,0.0019999999999997,1522900.0,1481300.0,-41600.0,5.441544159170005,5.446541483831769,3004200.0,41600.0,0.0007411179634679,-0.0219999999999993,0.0040000000000004,5.4445,5.441,5.445,5.441,5.445,14399097.0,14399097.0,1.0,29214595.32487286,15.0,5.0,5.0,1.0,0.0008999999999996,29.6360483,0.0012500000000006,711788.35,146003086922553.0,123601.5,46800.0,-189300.0,236100.0,341900.0,-581100.0,923000.0,293000.0,-475400.0,768400.0,552700.0,-190500.0,743200.0,288500.0,-45000.0,333500.0,0.09097957559804,0.0782142427258394
1053.0,20231026.0,2.0231026105258e+16,5.443,5.442,499000.0,108100.0,5.444,5.441,480000.0,768700.0,5.445,5.44,480000.0,589800.0,5.446,5.439,53400.0,429400.0,5.447,5.438,37400.0,376800.0,4.92,5.464,5.442,5.438,5.446,5.467,401739474.0,401739474.0,6.014,510500.0,2023-10-26 10:52:58,5.4421780596277385,0.0001837390904914,0.0005512172714745,0.0010000000000003,-0.0010000000000003,0.0020000000000006,2272800.0,1549800.0,-723000.0,5.439912838789158,5.444129048909536,3822600.0,723000.0,-0.000371135708727,-0.0249999999999994,-0.0030000000000001,5.4425,5.445,5.445,5.442,5.442,2917170.0,2917170.0,1.0,-22043312.192594465,14.0,6.0,3.0,6.0,5.000000000077165e-05,29.62570544999999,0.0009999999999994,145314.0,1381317605764.0,249682.0,-108100.0,499000.0,-607100.0,-768700.0,480000.0,-1248700.0,-589800.0,480000.0,-1069800.0,-429400.0,53400.0,-482800.0,-376800.0,37400.0,-414200.0,0.0917875766007506,0.0794975464586332
1054.0,20231026.0,2.0231026105358e+16,5.444,5.443,40400.0,40000.0,5.445,5.442,230000.0,519500.0,5.446,5.441,452400.0,1029600.0,5.447,5.44,475400.0,264400.0,5.448,5.439,337800.0,481900.0,4.92,5.464,5.443,5.438,5.446,5.467,404183117.0,404183117.0,6.014,510500.0,2023-10-26 10:53:58,5.44349751243781,0.00018370533664,0.0005511160099201,0.0009999999999994,-0.0010000000000003,0.0019999999999997,2335400.0,1536000.0,-799400.0,5.440730795581056,5.446547005208333,3871400.0,799400.0,0.0002424200147796,-0.024,0.0009999999999994,5.4435,5.442,5.443,5.442,5.443,2443643.0,2443643.0,1.0,7410707.922602723,9.0,11.0,3.0,2.0,0.0004499999999989,29.62026225,0.0009999999999994,121910.15,1259191928901.0,200103.0,40000.0,-40400.0,80400.0,519500.0,-230000.0,749500.0,1029600.0,-452400.0,1482000.0,264400.0,-475400.0,739800.0,481900.0,-337800.0,819700.0,0.0873172447876937,0.0815795990827101
0.0,0.0,0.0,0.0,0.0,0.0,0.0,0.0,0.0,0.0,0.0,0.0,0.0,0.0,0.0,0.0,0.0,0.0,0.0,0.0,0.0,0.0,0.0,0.0,0.0,0.0,0.0,0.0,0.0,0.0,0.0,0.0,0.0,0.0,0.0,0.0,0.0,0.0,0.0,0.0,0.0,0.0,0.0,0.0,0.0,0.0,0.0,0.0,0.0,0.0,0.0,0.0,0.0,0.0,0.0,0.0,0.0,0.0,0.0,0.0,0.0,0.0,0.0,0.0,0.0,0.0,0.0,0.0,0.0,0.0,0.0,0.0,0.0,0.0,0.0,0.0,0.0,0.0,0.0,0.0,0.0,0.0,0.0,0.0,0.0,0.0
1056.0,20231026.0,2.0231026105558e+16,5.446,5.444,369400.0,122600.0,5.447,5.443,409100.0,504400.0,5.448,5.442,491800.0,541800.0,5.449,5.441,46000.0,624700.0,5.45,5.44,278500.0,362600.0,4.92,5.464,5.445,5.438,5.446,5.467,405657647.0,405657647.0,6.014,510500.0,2023-10-26 10:55:58,5.44449837398374,0.0003673094582185,0.0007346189164371,0.0010000000000003,-0.0010000000000003,0.0020000000000006,2156100.0,1594800.0,-561300.0,5.441721580631696,5.447658327062954,3750900.0,561300.0,-0.0002573387507995,-0.0219999999999993,-0.0009999999999994,5.445,5.446,5.447,5.445,5.445,625203.0,625203.0,1.0,-7461237.630351419,14.0,6.0,2.0,3.0,0.0004999999999997,29.6578273,0.0009999999999994,31260.15,166216556571.0,7217.5,-122600.0,317200.0,-439800.0,-504400.0,123700.0,-628100.0,-541800.0,-188000.0,-353800.0,-624700.0,-440000.0,-184700.0,-362600.0,200000.0,-562600.0,0.1107365140181504,0.109645541044195
1057.0,20231026.0,2.0231026105658e+16,5.444,5.443,45400.0,5500.0,5.445,5.442,475300.0,552200.0,5.446,5.441,409000.0,891700.0,5.447,5.44,480100.0,292500.0,5.448,5.439,52800.0,386800.0,4.92,5.464,5.443,5.438,5.446,5.467,407089276.0,407089276.0,6.014,510500.0,2023-10-26 10:56:58,5.443108055009822,0.00018370533664,0.0005511160099201,0.0009999999999994,-0.0010000000000003,0.0019999999999997,2128700.0,1462600.0,-666100.0,5.440763752525015,5.446013400793108,3591300.0,666100.0,-0.0002553947904972,-0.024,-0.0020000000000006,5.4435,5.445,5.445,5.443,5.443,1431629.0,1431629.0,1.0,-14933808.674052358,6.0,6.0,2.0,4.0,0.0010000000000003,29.6371366,0.0020000000000006,71308.95,397576001773.0,47898.5,-5500.0,45400.0,-50900.0,-552200.0,475300.0,-1027500.0,-891700.0,409000.0,-1300700.0,-292500.0,480100.0,-772600.0,-386800.0,52800.0,-439600.0,0.0810472785026783,0.0954153738217828
1058.0,20231026.0,2.0231026105758e+16,5.442,5.441,37200.0,59500.0,5.443,5.44,420400.0,243000.0,5.444,5.439,477800.0,492800.0,5.445,5.438,356300.0,484600.0,5.446,5.437,41000.0,95900.0,4.92,5.464,5.442,5.438,5.446,5.467,410190867.0,410190867.0,6.014,510500.0,2023-10-26 10:57:58,5.441615305067217,0.0001837728567491,0.000551318570247,0.0009999999999994,-0.0009999999999994,0.0019999999999988,1375800.0,1332700.0,-43100.0,5.43877147841256,5.44395760486231,2708500.0,43100.0,-0.0002742834893605,-0.0249999999999994,-0.0009999999999994,5.4415,5.443,5.444,5.441,5.442,3101591.0,3101591.0,1.0,-7477496.12806624,5.0,15.0,3.0,4.0,0.0004999999999997,29.6164532,0.0004999999999997,155079.55,2267238656923.0,201056.25,-59500.0,37200.0,-96700.0,-243000.0,420400.0,-663400.0,-492800.0,477800.0,-970600.0,-484600.0,356300.0,-840900.0,-95900.0,41000.0,-136900.0,0.0759871604231356,0.0942130341757615
1059.0,20231026.0,2.0231026105858e+16,5.441,5.44,13100.0,355400.0,5.442,5.439,61900.0,732800.0,5.443,5.438,555600.0,545600.0,5.444,5.437,477800.0,148900.0,5.445,5.436,397900.0,306900.0,4.92,5.464,5.44,5.438,5.446,5.467,413043382.0,413043382.0,6.014,510500.0,2023-10-26 10:58:58,5.440964450474898,0.0001838066354194,0.0005514199062586,0.0010000000000003,-0.0010000000000003,0.0020000000000006,2089600.0,1506300.0,-583300.0,5.438325851837672,5.443787027816504,3595900.0,583300.0,-0.0001196140267685,-0.0269999999999992,-0.0019999999999997,5.4405,5.441,5.442,5.44,5.44,2852515.0,2852515.0,1.0,-7615147.539591432,7.0,13.0,4.0,5.0,0.000300000000001,29.607746,0.0010000000000003,136912.75,2071137530179.0,114669.25,-355400.0,13100.0,-368500.0,-732800.0,61900.0,-794700.0,-545600.0,555600.0,-1101200.0,-148900.0,477800.0,-626700.0,-306900.0,397900.0,-704800.0,0.0765717661391515,0.0895218334133537
1100.0,20231026.0,2.0231026105958e+16,5.441,5.44,39800.0,137100.0,5.442,5.439,600400.0,496400.0,5.443,5.438,479900.0,615600.0,5.444,5.437,37800.0,294900.0,5.445,5.436,110200.0,209700.0,4.92,5.464,5.441,5.438,5.446,5.467,413792574.0,413792574.0,6.014,510500.0,2023-10-26 10:59:58,5.440775014132278,0.0001838066354194,0.0005514199062586,0.0010000000000003,-0.0010000000000003,0.0020000000000006,1753700.0,1268100.0,-485600.0,5.438032103552489,5.442667376389875,3021800.0,485600.0,-3.481729060972327e-05,-0.0259999999999998,0.0009999999999994,5.4405,5.441,5.442,5.44,5.441,749192.0,749192.0,1.0,-3654.662762658671,4.0,16.0,4.0,4.0,4.999999999899529e-05,29.605025450000007,0.0,37459.6,156087256122.0,7890.0,-218300.0,26700.0,-245000.0,-236400.0,538500.0,-774900.0,70000.0,-75700.0,145700.0,146000.0,-440000.0,586000.0,-97200.0,-287700.0,190500.0,0.0649759674318824,0.0868034599365515
1101.0,20231026.0,2.0231026110058e+16,5.44,5.439,325430.0,261300.0,5.441,5.438,436900.0,393800.0,5.442,5.437,669900.0,493900.0,5.443,5.436,80000.0,555100.0,5.444,5.435,38800.0,363100.0,4.92,5.464,5.44,5.438,5.446,5.467,415338731.0,415338731.0,6.014,510500.0,2023-10-26 11:00:58,5.439445349649754,0.0001838404265098,0.0005515212795293,0.0010000000000003,-0.0009999999999994,0.0019999999999997,2067200.0,1551030.0,-516170.0,5.436823481037152,5.441400295287648,3618230.0,516170.0,-0.0002444186688663,-0.0269999999999992,-0.0009999999999994,5.439500000000001,5.441,5.441,5.44,5.44,1546157.0,1546157.0,1.0,-7611457.263160396,3.0,17.0,1.0,2.0,0.0001500000000005,29.59523215,0.0,77307.85,571410673877.0,67576.0,-261300.0,325430.0,-586730.0,-393800.0,436900.0,-830700.0,-493900.0,669900.0,-1163800.0,-555100.0,80000.0,-635100.0,-363100.0,38800.0,-401900.0,0.0516250515370482,0.0659581037740684
1102.0,20231026.0,2.0231026110158e+16,5.439,5.438,293200.0,168000.0,5.44,5.437,491000.0,197800.0,5.441,5.436,492900.0,314100.0,5.442,5.435,290000.0,658100.0,5.443,5.434,41000.0,213900.0,4.92,5.464,5.439,5.438,5.446,5.467,417149365.0,417149365.0,6.014,510500.0,2023-10-26 11:01:58,5.438364267129227,0.0001838742300267,0.00055162269008,0.0009999999999994,-0.0010000000000003,0.0019999999999997,1551900.0,1608100.0,56200.0,5.4356442425414,5.440561345687457,3160000.0,56200.0,-0.0001987684216164,-0.0279999999999995,-0.0010000000000003,5.4385,5.44,5.441,5.438,5.439,1810634.0,1810634.0,1.0,-7664354.142915651,15.0,5.0,2.0,2.0,0.0002000000000004,29.5914245,0.0002500000000003,90531.7,1751559681892.0,856.75,-168000.0,293200.0,-461200.0,-197800.0,491000.0,-688800.0,-314100.0,492900.0,-807000.0,-658100.0,290000.0,-948100.0,-213900.0,41000.0,-254900.0,0.0546732339407137,0.0602338989617873
0.0,0.0,0.0,0.0,0.0,0.0,0.0,0.0,0.0,0.0,0.0,0.0,0.0,0.0,0.0,0.0,0.0,0.0,0.0,0.0,0.0,0.0,0.0,0.0,0.0,0.0,0.0,0.0,0.0,0.0,0.0,0.0,0.0,0.0,0.0,0.0,0.0,0.0,0.0,0.0,0.0,0.0,0.0,0.0,0.0,0.0,0.0,0.0,0.0,0.0,0.0,0.0,0.0,0.0,0.0,0.0,0.0,0.0,0.0,0.0,0.0,0.0,0.0,0.0,0.0,0.0,0.0,0.0,0.0,0.0,0.0,0.0,0.0,0.0,0.0,0.0,0.0,0.0,0.0,0.0,0.0,0.0,0.0,0.0,0.0,0.0
1104.0,20231026.0,2.0231026110358e+16,5.435,5.434,28115.0,8500.0,5.436,5.433,564900.0,259300.0,5.437,5.432,289900.0,486700.0,5.438,5.431,480000.0,649400.0,5.439,5.43,205200.0,474700.0,4.92,5.464,5.435,5.434,5.446,5.467,426030186.0,426030186.0,6.014,510500.0,2023-10-26 11:03:58,5.434232145295644,0.0001840095684974,0.0005520287054927,0.0010000000000003,-0.0010000000000003,0.0020000000000006,1878600.0,1568115.0,-310485.0,5.431296018311509,5.437171715722379,3446715.0,310485.0,-0.0009132252372434,-0.032,-0.0040000000000004,5.4345,5.439,5.439,5.434,5.435,4458045.0,4458045.0,1.0,-31179157.198258977,8.0,12.0,3.0,6.0,0.0017000000000004,29.5577096,0.0032500000000004,217196.25,3728802889977.0,272888.0,-8500.0,28115.0,-36615.0,-259300.0,564900.0,-824200.0,-486700.0,289900.0,-776600.0,-649400.0,480000.0,-1129400.0,-474700.0,205200.0,-679900.0,0.0820261168065601,0.0784420911934708
1105.0,20231026.0,2.0231026110458e+16,5.435,5.433,426000.0,102300.0,5.436,5.432,328400.0,46700.0,5.437,5.431,465200.0,598900.0,5.438,5.43,190000.0,394800.0,5.439,5.429,848300.0,330500.0,4.92,5.464,5.434,5.433,5.446,5.467,427802962.0,427802962.0,6.014,510500.0,2023-10-26 11:04:58,5.433387279954571,0.0003680529996319,0.0007361059992638,0.0009999999999994,-0.0010000000000003,0.0019999999999997,1473200.0,2257900.0,784700.0,5.430453909856095,5.437312768501705,3731100.0,784700.0,-0.0001554830565397,-0.0329999999999994,-0.0009999999999994,5.433999999999999,5.435,5.435,5.433,5.434,1772776.0,1772776.0,1.0,-7865850.924469138,10.0,10.0,3.0,4.0,0.0006000000000003,29.5327038,0.0009999999999994,87823.8,801360800290.0,67102.25,-102300.0,397885.0,-500185.0,-46700.0,-236500.0,189800.0,-598900.0,175300.0,-774200.0,-394800.0,-290000.0,-104800.0,-330500.0,643100.0,-973600.0,0.0874588811540664,0.0789163067696636
1106.0,20231026.0,2.0231026110558e+16,5.433,5.432,49100.0,45400.0,5.434,5.431,533900.0,366800.0,5.435,5.43,405000.0,677600.0,5.436,5.429,478400.0,451500.0,5.437,5.428,191000.0,447200.0,4.92,5.464,5.432,5.432,5.446,5.467,430922255.0,430922255.0,6.014,510500.0,2023-10-26 11:05:58,5.432480423280423,0.0001840773124711,0.0005522319374137,0.0010000000000003,-0.0010000000000003,0.0020000000000006,1988500.0,1657400.0,-331100.0,5.429553281367864,5.435137745867021,3645900.0,331100.0,-0.0001669184092834,-0.0349999999999992,-0.0019999999999997,5.4325,5.432,5.433,5.432,5.432,3119293.0,3119293.0,1.0,-22792.00485386327,10.0,10.0,2.0,2.0,0.0004999999999997,29.5120565,0.0009999999999994,152704.65,1668518637943.0,227612.25,-45400.0,49100.0,-94500.0,-366800.0,533900.0,-900700.0,-677600.0,405000.0,-1082600.0,-451500.0,478400.0,-929900.0,-447200.0,191000.0,-638200.0,0.0953099361512075,0.0860459811528858
1107.0,20231026.0,2.0231026110658e+16,5.433,5.432,87000.0,277600.0,5.434,5.431,60400.0,668300.0,5.435,5.43,545800.0,660700.0,5.436,5.429,328400.0,488500.0,5.437,5.428,481000.0,141000.0,4.92,5.464,5.432,5.431,5.446,5.467,432716972.0,432716972.0,6.014,510500.0,2023-10-26 11:06:58,5.432761382336808,0.0001840773124711,0.0005522319374137,0.0010000000000003,-0.0010000000000003,0.0020000000000006,2236100.0,1502600.0,-733500.0,5.430202584857565,5.435702781844802,3738700.0,733500.0,5.17170370386566e-05,-0.0349999999999992,0.0,5.4325,5.432,5.433,5.431,5.432,1794717.0,1794717.0,1.0,12028.561820489354,16.0,4.0,3.0,3.0,4.999999999988347e-05,29.506081150000007,0.0,86204.35,868698342673.0,85826.75,232200.0,37900.0,194300.0,301500.0,-473500.0,775000.0,-16900.0,140800.0,-157700.0,37000.0,-150000.0,187000.0,-306200.0,290000.0,-596200.0,0.0951829107731845,0.0882285581615768
1108.0,20231026.0,2.0231026110758e+16,5.435,5.433,257400.0,159700.0,5.436,5.432,478500.0,500800.0,5.437,5.431,330000.0,937300.0,5.438,5.43,231000.0,444800.0,5.439,5.429,204300.0,109600.0,4.92,5.464,5.433,5.431,5.446,5.467,437672159.0,437672159.0,6.014,510500.0,2023-10-26 11:07:58,5.433765763605849,0.0003680529996319,0.0007361059992638,0.0009999999999994,-0.0010000000000003,0.0019999999999997,2152200.0,1501200.0,-651000.0,5.431072576898057,5.436764388489209,3653400.0,651000.0,0.0001848578222667,-0.0339999999999998,0.0009999999999994,5.433999999999999,5.432,5.434,5.432,5.433,4955187.0,4955187.0,1.0,8016940.106761985,15.0,5.0,4.0,3.0,0.0001000000000006,29.5164028,0.0002499999999994,224124.35,5050949814729.0,173184.75,159700.0,-257400.0,417100.0,500800.0,-478500.0,979300.0,937300.0,-330000.0,1267300.0,444800.0,-231000.0,675800.0,109600.0,-204300.0,313900.0,0.0969908170876617,0.0946745262351512
1109.0,20231026.0,2.0231026110858e+16,5.434,5.433,150300.0,14000.0,5.435,5.432,610500.0,198600.0,5.436,5.431,528500.0,635100.0,5.437,5.43,190000.0,504900.0,5.438,5.429,841000.0,423600.0,4.92,5.464,5.433,5.431,5.446,5.467,439814180.0,439814180.0,6.014,510500.0,2023-10-26 11:08:58,5.433085209981741,0.0001840434342505,0.0005521303027513,0.0009999999999994,-0.0009999999999994,0.0019999999999988,1776200.0,2320300.0,544100.0,5.430366343880193,5.4364141274835145,4096500.0,544100.0,-0.0001252531440159,-0.0339999999999998,0.0,5.4335,5.433,5.435,5.433,5.433,2142021.0,2142021.0,1.0,-53637.1795710884,14.0,6.0,4.0,4.0,0.0005000000000001,29.5272697,0.0010000000000003,104856.5,1409203163875.0,63166.0,-145700.0,150300.0,-296000.0,-302200.0,610500.0,-912700.0,-302200.0,528500.0,-830700.0,60100.0,190000.0,-129900.0,314000.0,841000.0,-527000.0,0.0794397619309922,0.0823962870558127
1110.0,20231026.0,2.0231026110958e+16,5.435,5.434,126600.0,4000.0,5.436,5.433,406100.0,170700.0,5.437,5.432,480000.0,300200.0,5.438,5.431,483291.0,691700.0,5.439,5.43,54700.0,618900.0,4.92,5.464,5.434,5.431,5.446,5.467,440774352.0,440774352.0,6.014,510500.0,2023-10-26 11:09:58,5.434030627871363,0.0001840095684974,0.0005520287054927,0.0010000000000003,-0.0010000000000003,0.0020000000000006,1785500.0,1550691.0,-234809.0,5.43101943433212,5.436957045600961,3336191.0,234809.0,0.0001739961009183,-0.0329999999999994,0.0010000000000003,5.4345,5.433,5.435,5.433,5.434,960172.0,960172.0,1.0,8096596.544611447,7.0,13.0,2.0,1.0,0.0002500000000003,29.53107345,0.0009999999999994,48008.6,292172242274.0,5027.75,4000.0,-126600.0,130600.0,170700.0,-406100.0,576800.0,300200.0,-480000.0,780200.0,691700.0,-483291.0,1174991.0,618900.0,-54700.0,673600.0,0.0636917812286883,0.0762337927228188
1111.0,20231026.0,2.0231026111058e+16,5.435,5.433,380100.0,58800.0,5.436,5.432,532500.0,497800.0,5.437,5.431,330000.0,765600.0,5.438,5.43,233291.0,449300.0,5.439,5.429,204700.0,109600.0,4.92,5.464,5.435,5.431,5.446,5.467,441800286.0,441800286.0,6.014,510500.0,2023-10-26 11:10:58,5.433267942583732,0.0003680529996319,0.0007361059992638,0.0009999999999994,-0.0010000000000003,0.0019999999999997,1881100.0,1680591.0,-200509.0,5.430971771835628,5.43661322594254,3561691.0,200509.0,-0.0001403633633398,-0.032,0.0009999999999994,5.433999999999999,5.434,5.435,5.433,5.435,1025934.0,1025934.0,1.0,8124529.953450203,5.0,15.0,4.0,3.0,0.0001499999999996,29.529986550000007,0.0002500000000003,46949.2,482722501038.0,26080.75,-58800.0,253500.0,-312300.0,-497800.0,126400.0,-624200.0,-765600.0,-150000.0,-615600.0,-449300.0,-250000.0,-199300.0,-109600.0,150000.0,-259600.0,0.0547753732777863,0.0764727381830244
0.0,0.0,0.0,0.0,0.0,0.0,0.0,0.0,0.0,0.0,0.0,0.0,0.0,0.0,0.0,0.0,0.0,0.0,0.0,0.0,0.0,0.0,0.0,0.0,0.0,0.0,0.0,0.0,0.0,0.0,0.0,0.0,0.0,0.0,0.0,0.0,0.0,0.0,0.0,0.0,0.0,0.0,0.0,0.0,0.0,0.0,0.0,0.0,0.0,0.0,0.0,0.0,0.0,0.0,0.0,0.0,0.0,0.0,0.0,0.0,0.0,0.0,0.0,0.0,0.0,0.0,0.0,0.0,0.0,0.0,0.0,0.0,0.0,0.0,0.0,0.0,0.0,0.0,0.0,0.0,0.0,0.0,0.0,0.0,0.0,0.0
1113.0,20231026.0,2.0231026111258e+16,5.434,5.433,61600.0,43700.0,5.435,5.432,519700.0,323100.0,5.436,5.431,382500.0,697700.0,5.437,5.43,190000.0,417300.0,5.438,5.429,193291.0,433900.0,4.92,5.464,5.433,5.431,5.446,5.467,444084396.0,444084396.0,6.014,510500.0,2023-10-26 11:12:58,5.433415004748338,0.0001840434342505,0.0005521303027513,0.0009999999999994,-0.0009999999999994,0.0019999999999988,1915700.0,1347091.0,-568609.0,5.430543456699902,5.4359507694728855,3262791.0,568609.0,-5.5494071033335146e-05,-0.0339999999999998,-0.0010000000000003,5.4335,5.434,5.434,5.433,5.433,1059995.0,1059995.0,1.0,-8172721.803725275,10.0,10.0,2.0,3.0,0.0005000000000001,29.5229225,0.0010000000000003,51641.25,531411923243.0,10868.0,-83700.0,11200.0,-94900.0,-210400.0,112100.0,-322500.0,202100.0,-149900.0,352000.0,-211200.0,-290000.0,78800.0,124300.0,-40000.0,164300.0,0.0515628985350141,0.0665678453803654
1114.0,20231026.0,2.0231026111358e+16,5.433,5.432,242800.0,47100.0,5.434,5.431,359300.0,314800.0,5.435,5.43,521200.0,708000.0,5.436,5.429,282500.0,562900.0,5.437,5.428,191000.0,388100.0,4.92,5.464,5.433,5.431,5.446,5.467,447178085.0,447178085.0,6.014,510500.0,2023-10-26 11:13:58,5.432162469817179,0.0001840773124711,0.0005522319374137,0.0010000000000003,-0.0010000000000003,0.0020000000000006,2020900.0,1596800.0,-424100.0,5.429539759513088,5.434887024048096,3617700.0,424100.0,-0.0002305510111431,-0.0339999999999998,0.0,5.4325,5.433,5.434,5.432,5.433,3093689.0,3093689.0,1.0,11392.28395349253,17.0,3.0,2.0,2.0,0.0001000000000015,29.516402600000003,0.0,154684.45,3519648951611.0,63430.25,-47100.0,242800.0,-289900.0,-314800.0,359300.0,-674100.0,-708000.0,521200.0,-1229200.0,-562900.0,282500.0,-845400.0,-388100.0,191000.0,-579100.0,0.0590632959663847,0.0734990662572501
1115.0,20231026.0,2.0231026111458e+16,5.432,5.431,100.0,268200.0,5.433,5.43,259400.0,712200.0,5.434,5.429,323200.0,479000.0,5.435,5.428,645000.0,558100.0,5.436,5.427,282500.0,191700.0,4.92,5.464,5.433,5.431,5.446,5.467,449182295.0,449182295.0,6.014,510500.0,2023-10-26 11:14:58,5.431999627282893,0.0001841112031667,0.0005523336095001,0.0010000000000003,-0.0009999999999994,0.0019999999999997,2209200.0,1510200.0,-699000.0,5.429139009596233,5.434629320619785,3719400.0,699000.0,-2.99779279511192e-05,-0.0339999999999998,0.0,5.4315,5.433,5.433,5.431,5.433,2004210.0,2004210.0,1.0,20768.78438781388,13.0,7.0,4.0,3.0,0.0005000000000001,29.504451699999997,0.0010000000000003,100210.5,990691634034.0,30012.5,-268200.0,100.0,-268300.0,-712200.0,259400.0,-971600.0,-479000.0,323200.0,-802200.0,-558100.0,645000.0,-1203100.0,-191700.0,282500.0,-474200.0,0.0529418224426812,0.075360410645835
1116.0,20231026.0,2.0231026111558e+16,5.437,5.436,107600.0,230100.0,5.438,5.435,292591.0,92600.0,5.439,5.434,297600.0,584000.0,5.44,5.433,520000.0,734100.0,5.441,5.432,251000.0,122600.0,4.92,5.464,5.437,5.431,5.446,5.467,455179080.0,455179080.0,6.014,510500.0,2023-10-26 11:15:58,5.436681374000592,0.0001839418743677,0.0005518256231031,0.0010000000000003,-0.0009999999999994,0.0019999999999997,1763400.0,1468791.0,-294609.0,5.433758137688556,5.439350089971957,3232191.0,294609.0,0.0008615115314751,-0.0299999999999993,0.0040000000000004,5.4365000000000006,5.432,5.437,5.432,5.437,5996785.0,5996785.0,1.0,41623864.78069263,15.0,5.0,4.0,0.0,0.0013499999999995,29.54629395,0.0015,299567.75,6874136042671.0,360397.5,230100.0,-107600.0,337700.0,92600.0,-292591.0,385191.0,584000.0,-297600.0,881600.0,734100.0,-520000.0,1254100.0,122600.0,-251000.0,373600.0,0.0847849417113877,0.0892333930322547
1117.0,20231026.0,2.0231026111658e+16,5.439,5.438,237700.0,239909.0,5.44,5.437,47300.0,282600.0,5.441,5.436,310000.0,342025.0,5.442,5.435,481000.0,408400.0,5.443,5.434,252100.0,677000.0,4.92,5.464,5.438,5.431,5.446,5.467,457402237.0,457402237.0,6.014,510500.0,2023-10-26 11:16:58,5.438502312561111,0.0001838742300267,0.00055162269008,0.0009999999999994,-0.0010000000000003,0.0019999999999997,1949934.0,1328100.0,-621834.0,5.435487171360672,5.4413482418492585,3278034.0,621834.0,0.0003348795992819,-0.0289999999999999,0.0009999999999994,5.4385,5.436,5.438,5.436,5.438,2223157.0,2223157.0,1.0,16822633.838196136,7.0,13.0,2.0,0.0,0.0004000000000008,29.554445300000005,0.0010000000000003,109527.35,3458277033061.0,32479.75,239909.0,-237700.0,477609.0,282600.0,-47300.0,329900.0,342025.0,-310000.0,652025.0,408400.0,-481000.0,889400.0,677000.0,-252100.0,929100.0,0.0938043460077922,0.0926076137604723
1118.0,20231026.0,2.0231026111758e+16,5.438,5.437,52100.0,38100.0,5.439,5.436,500700.0,324425.0,5.44,5.435,330200.0,286400.0,5.441,5.434,250000.0,677000.0,5.442,5.433,191000.0,649600.0,4.92,5.464,5.438,5.431,5.446,5.467,457717634.0,457717634.0,6.014,510500.0,2023-10-26 11:17:58,5.437422394678492,0.0001839080459769,0.000551724137931,0.0010000000000003,-0.0010000000000003,0.0020000000000006,1975525.0,1324000.0,-651525.0,5.434202452512624,5.440020468277945,3299525.0,651525.0,-0.000198588702154,-0.0289999999999999,0.0,5.4375,5.438,5.439,5.437,5.438,315397.0,315397.0,1.0,-3864.780152522028,15.0,5.0,2.0,2.0,0.0001999999999995,29.5696691,0.0002500000000003,15769.85,13343547467.0,31944.5,-38100.0,52100.0,-90200.0,-324425.0,500700.0,-825125.0,-286400.0,330200.0,-616600.0,-677000.0,250000.0,-927000.0,-649600.0,191000.0,-840600.0,0.0946294673894741,0.0931746461537428
1119.0,20231026.0,2.0231026111858e+16,5.431,5.43,28800.0,523000.0,5.432,5.429,434700.0,1118100.0,5.433,5.428,142800.0,637100.0,5.434,5.427,520000.0,558700.0,5.435,5.426,480000.0,189300.0,4.92,5.464,5.431,5.431,5.446,5.467,460100449.0,460100449.0,6.014,510500.0,2023-10-26 11:18:58,5.430947807176513,0.0001841451063438,0.0005524353190314,0.0009999999999994,-0.0010000000000003,0.0019999999999997,3026200.0,1606300.0,-1419900.0,5.42840539290199,5.43361489136525,4632500.0,1419900.0,-0.0011914552315854,-0.0359999999999995,-0.0069999999999996,5.4305,5.438,5.438,5.431,5.431,2382815.0,2382815.0,1.0,-59143266.3935335,11.0,9.0,2.0,7.0,0.0009999999999998,29.5250986,0.0015,118597.75,1436780901695.0,59780.5,-523000.0,28800.0,-551800.0,-1118100.0,434700.0,-1552800.0,-637100.0,142800.0,-779900.0,-558700.0,520000.0,-1078700.0,-189300.0,480000.0,-669300.0,0.1065912415500482,0.1043617990310242
1120.0,20231026.0,2.0231026111958e+16,5.433,5.432,284500.0,630500.0,5.434,5.431,325500.0,239300.0,5.435,5.43,521375.0,1062500.0,5.436,5.429,230000.0,1015100.0,5.437,5.428,191459.0,324200.0,4.92,5.464,5.432,5.43,5.446,5.467,465246039.0,465246039.0,6.014,510500.0,2023-10-26 11:19:58,5.432689071038252,0.0001840773124711,0.0005522319374137,0.0010000000000003,-0.0010000000000003,0.0020000000000006,3271600.0,1552834.0,-1718766.0,5.429950116151119,5.434818665742765,4824434.0,1718766.0,0.0003205673930692,-0.0349999999999992,0.0010000000000003,5.4325,5.431,5.432,5.43,5.432,5145590.0,5145590.0,1.0,8540544.786279252,7.0,13.0,3.0,2.0,0.0003000000000001,29.49902000000001,0.0010000000000003,257008.0,5022776836722.0,241517.5,630500.0,-284500.0,915000.0,239300.0,-325500.0,564800.0,1062500.0,-521375.0,1583875.0,1015100.0,-230000.0,1245100.0,324200.0,-191459.0,515659.0,0.1115485320153105,0.1037037544969775
1121.0,20231026.0,2.0231026112058e+16,5.433,5.432,51800.0,422500.0,5.434,5.431,298600.0,237300.0,5.435,5.43,292375.0,1161100.0,5.436,5.429,330000.0,445100.0,5.437,5.428,231459.0,376200.0,4.92,5.464,5.433,5.43,5.446,5.467,467121456.0,467121456.0,6.014,510500.0,2023-10-26 11:20:58,5.432890786422096,0.0001840773124711,0.0005522319374137,0.0010000000000003,-0.0010000000000003,0.0020000000000006,2642200.0,1204234.0,-1437966.0,5.429956399969723,5.435324453553047,3846434.0,1437966.0,3.712924418453056e-05,-0.0339999999999998,0.0009999999999994,5.4325,5.432,5.433,5.432,5.433,1875417.0,1875417.0,1.0,8592854.88679811,16.0,4.0,1.0,0.0,0.0002000000000021,29.51531600000001,0.0,93770.85,1810207528557.0,12223.0,-208000.0,-232700.0,24700.0,-2000.0,-26900.0,24900.0,98600.0,-229000.0,327600.0,-570000.0,100000.0,-670000.0,52000.0,40000.0,12000.0,0.0925494687499206,0.0880177860339605
1122.0,20231026.0,2.0231026112158e+16,5.433,5.432,125700.0,241100.0,5.434,5.431,290300.0,968900.0,5.435,5.43,482375.0,438000.0,5.436,5.429,80000.0,695100.0,5.437,5.428,191459.0,528100.0,4.92,5.464,5.433,5.43,5.446,5.467,467731582.0,467731582.0,6.014,510500.0,2023-10-26 11:21:58,5.432657306434025,0.0001840773124711,0.0005522319374137,0.0010000000000003,-0.0010000000000003,0.0020000000000006,2871200.0,1169834.0,-1701366.0,5.429895444413486,5.43493265540239,4041034.0,1701366.0,-4.2976200760769245e-05,-0.0339999999999998,0.0,5.4325,5.433,5.434,5.433,5.433,610126.0,610126.0,1.0,-5603.515803758055,5.0,15.0,1.0,1.0,0.0002499999999985,29.52020575,0.0002500000000003,30506.3,155315456502.0,1087.0,-181400.0,73900.0,-255300.0,731600.0,-8300.0,739900.0,-723100.0,190000.0,-913100.0,250000.0,-250000.0,500000.0,151900.0,-40000.0,191900.0,0.0848841192085655,0.0833863179751763
1123.0,20231026.0,2.0231026112258e+16,5.433,5.432,214522.0,160100.0,5.434,5.431,40300.0,495500.0,5.435,5.43,482375.0,955800.0,5.436,5.429,480000.0,575100.0,5.437,5.428,231459.0,598100.0,4.92,5.464,5.433,5.43,5.446,5.467,468203084.0,468203084.0,6.014,510500.0,2023-10-26 11:22:58,5.4324273641163625,0.0001840773124711,0.0005522319374137,0.0010000000000003,-0.0010000000000003,0.0020000000000006,2784600.0,1448656.0,-1335944.0,5.4296568268332965,5.435326905766448,4233256.0,1335944.0,-4.232683401350634e-05,-0.0339999999999998,0.0,5.4325,5.433,5.433,5.432,5.433,471502.0,471502.0,1.0,-1576.46601103805,13.0,7.0,1.0,1.0,0.00035,29.51368625,0.0009999999999994,23575.1,199104701832.0,814.75,-81000.0,88822.0,-169822.0,-473400.0,-250000.0,-223400.0,517800.0,0.0,517800.0,-120000.0,400000.0,-520000.0,70000.0,40000.0,30000.0,0.0830417368047085,0.0813643026109329
1124.0,20231026.0,2.0231026112358e+16,5.433,5.432,666622.0,51700.0,5.434,5.431,329900.0,65300.0,5.435,5.43,232375.0,956700.0,5.436,5.429,190000.0,521200.0,5.437,5.428,841459.0,584600.0,4.92,5.464,5.433,5.43,5.446,5.467,468898387.0,468898387.0,6.014,510500.0,2023-10-26 11:23:58,5.432071973293315,0.0001840773124711,0.0005522319374137,0.0010000000000003,-0.0010000000000003,0.0020000000000006,2179500.0,2260356.0,80856.0,5.42930181234228,5.435092805735025,4439856.0,80856.0,-6.542240229157059e-05,-0.0339999999999998,0.0,5.4325,5.433,5.433,5.432,5.433,695303.0,695303.0,1.0,10291.20744755678,4.0,16.0,1.0,1.0,0.0002000000000004,29.508797000000005,0.0,34765.15,212626694603.0,1494.25,-108400.0,452100.0,-560500.0,-430200.0,289600.0,-719800.0,900.0,-250000.0,250900.0,-53900.0,-290000.0,236100.0,-13500.0,610000.0,-623500.0,0.0480886442115228,0.050763432956265
1125.0,20231026.0,2.0231026112458e+16,5.437,5.436,40859.0,30600.0,5.438,5.435,34600.0,745300.0,5.439,5.434,698800.0,361200.0,5.44,5.433,482200.0,675200.0,5.441,5.432,135100.0,442800.0,4.92,5.464,5.436,5.43,5.446,5.467,470814140.0,470814140.0,6.014,510500.0,2023-10-26 11:24:58,5.436428217579312,0.0001839418743677,0.0005518256231031,0.0010000000000003,-0.0009999999999994,0.0019999999999997,2255100.0,1391559.0,-863541.0,5.433665513724447,5.4394571002738665,3646659.0,863541.0,0.0008016275369686,-0.0309999999999996,0.0030000000000001,5.4365000000000006,5.433,5.436,5.432,5.436,1915753.0,1915753.0,1.0,26008863.469410315,6.0,14.0,3.0,1.0,0.0005000000000001,29.519663100000013,0.0010000000000003,95787.65,2106849436343.0,5024.75,30600.0,-40859.0,71459.0,745300.0,-34600.0,779900.0,361200.0,-698800.0,1060000.0,675200.0,-482200.0,1157400.0,442800.0,-135100.0,577900.0,0.066644586063968,0.0604678391807591
1126.0,20231026.0,2.0231026112558e+16,5.438,5.437,1000.0,640000.0,5.439,5.436,67800.0,291200.0,5.44,5.435,630500.0,493912.0,5.441,5.434,515100.0,534000.0,5.442,5.433,85100.0,374600.0,4.92,5.464,5.437,5.43,5.446,5.467,471792943.0,471792943.0,6.014,510500.0,2023-10-26 11:25:58,5.437998439937598,0.0001839080459769,0.000551724137931,0.0010000000000003,-0.0010000000000003,0.0020000000000006,2333712.0,1299500.0,-1034212.0,5.435123408543984,5.44047364370912,3633212.0,1034212.0,0.0002887917531015,-0.0299999999999993,0.0010000000000003,5.4375,5.436,5.437,5.435,5.437,978803.0,978803.0,1.0,8663038.034537513,10.0,10.0,3.0,1.0,0.0006499999999993,29.55390185,0.0010000000000003,48940.15,298905829593.0,16309.5,640000.0,-1000.0,641000.0,291200.0,-67800.0,359000.0,493912.0,-630500.0,1124412.0,534000.0,-515100.0,1049100.0,374600.0,-85100.0,459700.0,0.0823234806654765,0.0786217456089731
1127.0,20231026.0,2.0231026112658e+16,5.436,5.434,180300.0,511700.0,5.437,5.433,630000.0,305000.0,5.438,5.432,480000.0,516100.0,5.439,5.431,81500.0,590100.0,5.44,5.43,32900.0,416500.0,4.92,5.464,5.436,5.43,5.446,5.467,472943514.0,472943514.0,6.014,510500.0,2023-10-26 11:26:58,5.435478901734105,0.0003679852805887,0.0007359705611776,0.0010000000000003,-0.0010000000000003,0.0020000000000006,2339400.0,1404700.0,-934700.0,5.431959519534924,5.437399658290026,3744100.0,934700.0,-0.0004634282427626,-0.0309999999999996,-0.0010000000000003,5.4350000000000005,5.439,5.44,5.435,5.436,1150571.0,1150571.0,1.0,-26076886.461644,11.0,9.0,2.0,4.0,0.0013000000000031,29.5642333,0.0019999999999997,57528.55,255512183141.0,49496.25,-511700.0,180300.0,-692000.0,-305000.0,630000.0,-935000.0,-516100.0,480000.0,-996100.0,-590100.0,81500.0,-671600.0,-416500.0,32900.0,-449400.0,0.1072607356662803,0.096788733521141
1128.0,20231026.0,2.0231026112758e+16,5.436,5.435,226200.0,203400.0,5.437,5.434,126600.0,890400.0,5.438,5.433,497900.0,309500.0,5.439,5.432,229500.0,470100.0,5.44,5.431,32900.0,436600.0,4.92,5.464,5.435,5.43,5.446,5.467,473316345.0,473316345.0,6.014,510500.0,2023-10-26 11:27:58,5.435473463687151,0.0001839757152056,0.0005519271456167,0.0009999999999994,-0.0010000000000003,0.0019999999999997,2310000.0,1113100.0,-1196900.0,5.432980043290044,5.437745126224058,3423100.0,1196900.0,-1.0004729615875618e-06,-0.032,-0.0010000000000003,5.435499999999999,5.436,5.436,5.434,5.435,372831.0,372831.0,1.0,-8703715.19319687,15.0,5.0,1.0,2.0,0.0001499999999996,29.53759485,0.0002500000000003,18641.55,61709859711.0,5706.5,203400.0,45900.0,157500.0,890400.0,-503400.0,1393800.0,309500.0,17900.0,291600.0,470100.0,148000.0,322100.0,436600.0,0.0,436600.0,0.1161458257740328,0.104373293496048
0.0,0.0,0.0,0.0,0.0,0.0,0.0,0.0,0.0,0.0,0.0,0.0,0.0,0.0,0.0,0.0,0.0,0.0,0.0,0.0,0.0,0.0,0.0,0.0,0.0,0.0,0.0,0.0,0.0,0.0,0.0,0.0,0.0,0.0,0.0,0.0,0.0,0.0,0.0,0.0,0.0,0.0,0.0,0.0,0.0,0.0,0.0,0.0,0.0,0.0,0.0,0.0,0.0,0.0,0.0,0.0,0.0,0.0,0.0,0.0,0.0,0.0,0.0,0.0,0.0,0.0,0.0,0.0,0.0,0.0,0.0,0.0,0.0,0.0,0.0,0.0,0.0,0.0,0.0,0.0,0.0,0.0,0.0,0.0,0.0,0.0
1130.0,20231026.0,2.0231026112958e+16,5.436,5.434,192400.0,4300.0,5.438,5.433,30000.0,415000.0,5.439,5.432,2000.0,37100.0,5.44,5.431,300.0,276600.0,5.441,5.43,20100.0,136700.0,4.92,5.464,5.435,5.43,5.446,5.467,473797338.0,473797338.0,6.014,510500.0,2023-10-26 11:29:58,5.434043721403151,0.0003679852805887,0.0009198785760279,0.0010000000000003,-0.0019999999999997,0.0030000000000001,869700.0,244800.0,-624900.0,5.431854662527308,5.436685049019608,1114500.0,624900.0,-0.0001856349127702,-0.032,-0.0010000000000003,5.4350000000000005,5.435,5.435,5.434,5.435,248913.0,248913.0,1.0,-2608.109064221382,18.0,2.0,2.0,2.0,9.999999999976694e-05,29.53813809999999,0.0,12445.65,8502177677.0,28398.0,-4300.0,46400.0,-50700.0,-415000.0,-30000.0,-385000.0,-37100.0,-2000.0,-35100.0,-276600.0,-300.0,-276300.0,-136700.0,-20100.0,-116600.0,0.1138787380077767,0.1069652184958777
1301.0,20231026.0,2.0231026130058e+16,5.439,5.437,62400.0,802900.0,5.44,5.436,654100.0,840000.0,5.441,5.435,444300.0,851500.0,5.442,5.434,606100.0,500131.0,5.443,5.433,24200.0,243000.0,4.92,5.464,5.438,5.43,5.446,5.467,480682271.0,480682271.0,6.014,510500.0,2023-10-26 13:00:58,5.438855772564428,0.0003677822728944,0.0007355645457889,0.0010000000000003,-0.0010000000000003,0.0020000000000006,3237531.0,1791100.0,-1446431.0,5.43545085869448,5.440930545474847,5028631.0,1446431.0,0.0008851459499144,-0.0289999999999999,0.0030000000000001,5.438000000000001,5.435,5.438,5.434,5.438,6884933.0,6884933.0,1.0,26384190.423013978,9.0,51.0,6.0,3.0,0.0002833333333338,29.54230565,0.0,114748.88333333332,9846134509067.0,0.0,802900.0,-62400.0,865300.0,840000.0,-654100.0,1494100.0,851500.0,-444300.0,1295800.0,500131.0,-606100.0,1106231.0,243000.0,-24200.0,267200.0,0.0938252246814199,0.0821133772945024
1302.0,20231026.0,2.0231026130158e+16,5.442,5.44,344600.0,1106900.0,5.443,5.439,667700.0,880100.0,5.444,5.438,238600.0,1091000.0,5.445,5.437,729300.0,192000.0,5.446,5.436,50500.0,271600.0,4.92,5.464,5.442,5.43,5.446,5.467,484879553.0,484879553.0,6.014,510500.0,2023-10-26 13:01:58,5.441525180847399,0.0003675794890644,0.0007351589781289,0.0010000000000003,-0.0009999999999994,0.0019999999999997,3541600.0,2030700.0,-1510900.0,5.438665998418794,5.443740680553503,5572300.0,1510900.0,0.0004906828810427,-0.0249999999999994,0.0040000000000004,5.441000000000001,5.437,5.443,5.437,5.442,4197282.0,4197282.0,1.0,44252802.129429966,13.0,7.0,6.0,2.0,0.0013499999999977,29.60067545,0.0030000000000001,199799.1,6237730349270.0,163891.0,1106900.0,-344600.0,1451500.0,880100.0,-667700.0,1547800.0,1091000.0,-238600.0,1329600.0,192000.0,-729300.0,921300.0,271600.0,-50500.0,322100.0,0.0946813729352578,0.0896557770213747
1303.0,20231026.0,2.0231026130258e+16,5.439,5.437,33200.0,40400.0,5.44,5.436,481000.0,325300.0,5.441,5.435,792000.0,1231800.0,5.442,5.434,690800.0,580131.0,5.443,5.433,39800.0,233000.0,4.92,5.464,5.439,5.43,5.446,5.467,488114919.0,488114919.0,6.014,510500.0,2023-10-26 13:02:58,5.438097826086956,0.0003677822728944,0.0007355645457889,0.0010000000000003,-0.0010000000000003,0.0020000000000006,2410631.0,2036800.0,-373831.0,5.434734496486604,5.4411094854674005,4447431.0,373831.0,-0.000630050300757,-0.0279999999999995,-0.0030000000000001,5.438000000000001,5.442,5.442,5.438,5.439,3235366.0,3235366.0,1.0,-26862537.530126616,8.0,12.0,1.0,3.0,0.0005000000000001,29.587073100000005,0.0010000000000003,161768.3,5197932661370.0,23117.0,-40400.0,33200.0,-73600.0,-325300.0,481000.0,-806300.0,-1231800.0,792000.0,-2023800.0,-580131.0,690800.0,-1270931.0,-233000.0,39800.0,-272800.0,0.0956145165012649,0.0973821689989755
1304.0,20231026.0,2.0231026130358e+16,5.437,5.435,467700.0,62600.0,5.438,5.434,1045600.0,208131.0,5.439,5.433,390000.0,519000.0,5.44,5.432,41000.0,1123800.0,5.441,5.431,42000.0,592000.0,4.92,5.464,5.437,5.43,5.446,5.467,490119622.0,490119622.0,6.014,510500.0,2023-10-26 13:03:58,5.435236092777673,0.0003679175864607,0.0007358351729211,0.0009999999999994,-0.0009999999999994,0.0019999999999988,2505531.0,1986300.0,-519231.0,5.432211955868836,5.4380655993555855,4491831.0,519231.0,-0.0005263764355463,-0.0299999999999993,-0.0019999999999997,5.436,5.439,5.439,5.435,5.437,2004703.0,2004703.0,1.0,-17999451.833437808,5.0,15.0,3.0,5.0,9.999999999887876e-05,29.562057100000004,0.0002500000000003,100235.15,1873937053613.0,27869.75,-62600.0,467700.0,-530300.0,-208131.0,1045600.0,-1253731.0,-519000.0,390000.0,-909000.0,-1123800.0,41000.0,-1164800.0,-592000.0,42000.0,-634000.0,0.1003472194758116,0.0997636110815743
1305.0,20231026.0,2.0231026130458e+16,5.435,5.434,680500.0,209331.0,5.436,5.433,441900.0,78100.0,5.437,5.432,973400.0,329800.0,5.438,5.431,46600.0,554900.0,5.439,5.43,92000.0,1536000.0,4.92,5.464,5.435,5.43,5.446,5.467,490533769.0,490533769.0,6.014,510500.0,2023-10-26 13:04:58,5.434235248041482,0.0001840095684974,0.0005520287054927,0.0010000000000003,-0.0010000000000003,0.0020000000000006,2708131.0,2234400.0,-473731.0,5.430844170389099,5.436296321160043,4942531.0,473731.0,-0.0001841570224783,-0.032,-0.0020000000000006,5.4345,5.437,5.437,5.434,5.435,414147.0,414147.0,1.0,-18042488.692240424,10.0,10.0,2.0,4.0,0.0008499999999997,29.54846625,0.0020000000000006,20707.35,135220338283.0,1630.5,-209331.0,680500.0,-889831.0,-78100.0,441900.0,-520000.0,-329800.0,973400.0,-1303200.0,-554900.0,46600.0,-601500.0,-1536000.0,92000.0,-1628000.0,0.0981843967672009,0.096436708469043
1306.0,20231026.0,2.0231026130558e+16,5.437,5.436,40300.0,40400.0,5.438,5.435,486400.0,242900.0,5.439,5.434,1040000.0,291000.0,5.44,5.433,390000.0,1445600.0,5.441,5.432,41000.0,227900.0,4.92,5.464,5.437,5.43,5.446,5.467,492808155.0,492808155.0,6.014,510500.0,2023-10-26 13:05:58,5.436500619578686,0.0001839418743677,0.0005518256231031,0.0010000000000003,-0.0009999999999994,0.0019999999999997,2247800.0,1997700.0,-250100.0,5.433298113711184,5.438952445312109,4245500.0,250100.0,0.000416783481373,-0.0299999999999993,0.0020000000000006,5.4365000000000006,5.434,5.437,5.433,5.437,2274386.0,2274386.0,1.0,27176849.249087244,6.0,14.0,4.0,4.0,0.0010499999999993,29.52890095,0.0019999999999997,113719.3,1142773957632.0,211248.25,40400.0,-40300.0,80700.0,242900.0,-486400.0,729300.0,291000.0,-1040000.0,1331000.0,1445600.0,-390000.0,1835600.0,227900.0,-41000.0,268900.0,0.118753981189629,0.1192642164010336
1307.0,20231026.0,2.0231026130658e+16,5.439,5.438,40800.0,249900.0,5.44,5.437,40000.0,295100.0,5.441,5.436,643300.0,479300.0,5.442,5.435,717800.0,993000.0,5.443,5.434,76200.0,191000.0,4.92,5.464,5.438,5.43,5.446,5.467,493498242.0,493498242.0,6.014,510500.0,2023-10-26 13:06:58,5.438859649122807,0.0001838742300267,0.00055162269008,0.0009999999999994,-0.0010000000000003,0.0019999999999997,2208300.0,1518100.0,-690200.0,5.435737309242404,5.441493116395495,3726400.0,690200.0,0.0004338301486725,-0.0289999999999999,0.0009999999999994,5.4385,5.437,5.439,5.437,5.438,690087.0,690087.0,1.0,9058198.074993886,3.0,17.0,2.0,1.0,0.0001000000000015,29.5729318,0.0,34504.35,198728079279.0,11557.0,249900.0,-40800.0,290700.0,295100.0,-40000.0,335100.0,479300.0,-643300.0,1122600.0,993000.0,-717800.0,1710800.0,191000.0,-76200.0,267200.0,0.1165447460701654,0.1243731860706896
1308.0,20231026.0,2.0231026130758e+16,5.44,5.439,334500.0,42100.0,5.441,5.438,305700.0,350900.0,5.442,5.437,873200.0,488900.0,5.443,5.436,791200.0,1241100.0,5.444,5.435,173800.0,200600.0,4.92,5.464,5.439,5.43,5.446,5.467,493598862.0,493598862.0,6.014,510500.0,2023-10-26 13:07:58,5.439111789697291,0.0001838404265098,0.0005515212795293,0.0010000000000003,-0.0009999999999994,0.0019999999999997,2323600.0,2478400.0,154800.0,5.436480461353073,5.442066212072304,4802000.0,154800.0,4.6358013706448986e-05,-0.0279999999999995,0.0010000000000003,5.439500000000001,5.438,5.44,5.438,5.439,100620.0,100620.0,1.0,9068031.827101752,13.0,7.0,4.0,3.0,0.0005000000000023,29.588160800000004,0.0010000000000003,5031.0,1692299262.0,9111.5,42100.0,-334500.0,376600.0,350900.0,-305700.0,656600.0,488900.0,-873200.0,1362100.0,1241100.0,-791200.0,2032300.0,200600.0,-173800.0,374400.0,0.1209081255648001,0.119948057106675
1309.0,20231026.0,2.0231026130858e+16,5.437,5.435,142300.0,304600.0,5.438,5.434,725760.0,490100.0,5.439,5.433,437200.0,982100.0,5.44,5.432,1251000.0,229000.0,5.441,5.431,57300.0,200000.0,4.92,5.464,5.435,5.43,5.446,5.467,495045842.0,495045842.0,6.014,510500.0,2023-10-26 13:08:58,5.43636316849407,0.0003679175864607,0.0007358351729211,0.0009999999999994,-0.0009999999999994,0.0019999999999988,2205800.0,2613560.0,407760.0,5.43321321062653,5.439135921884327,4819360.0,407760.0,-0.0005054714892565,-0.032,-0.0040000000000004,5.436,5.439,5.44,5.435,5.435,1446980.0,1446980.0,1.0,-36405698.16916694,10.0,10.0,1.0,5.0,0.0015,29.563690150000003,0.0030000000000001,72349.0,605857855616.0,38875.5,-304600.0,142300.0,-446900.0,-490100.0,725760.0,-1215860.0,-982100.0,437200.0,-1419300.0,-229000.0,1251000.0,-1480000.0,-200000.0,57300.0,-257300.0,0.1183922427929497,0.1186032931170054
1310.0,20231026.0,2.0231026130958e+16,5.436,5.435,14200.0,56800.0,5.437,5.434,343500.0,1430200.0,5.438,5.433,490160.0,442100.0,5.439,5.432,443800.0,79100.0,5.44,5.431,1059400.0,470000.0,4.92,5.464,5.436,5.43,5.446,5.467,497655003.0,497655003.0,6.014,510500.0,2023-10-26 13:09:58,5.4358,0.0001839757152056,0.0005519271456167,0.0009999999999994,-0.0010000000000003,0.0019999999999997,2478200.0,2351060.0,-127140.0,5.433211726252926,5.438931792468078,4829260.0,127140.0,-0.0001035982418302,-0.0309999999999996,0.0010000000000003,5.435499999999999,5.435,5.437,5.435,5.436,2609161.0,2609161.0,1.0,9097735.24042774,11.0,9.0,2.0,1.0,0.0006000000000012,29.554445500000003,0.0010000000000003,130458.05,1977704925805.0,74011.0,-247800.0,14200.0,-262000.0,940100.0,343500.0,596600.0,-540000.0,490160.0,-1030160.0,-149900.0,443800.0,-593700.0,270000.0,1059400.0,-789400.0,0.1101125423761229,0.1199200507634525
1311.0,20231026.0,2.0231026131058e+16,5.439,5.438,442800.0,40000.0,5.44,5.437,308400.0,230400.0,5.441,5.436,692300.0,388200.0,5.442,5.435,222200.0,439000.0,5.443,5.434,803300.0,43200.0,4.92,5.464,5.438,5.43,5.446,5.467,504065674.0,504065674.0,6.014,510500.0,2023-10-26 13:10:58,5.438082850041424,0.0001838742300267,0.00055162269008,0.0009999999999994,-0.0010000000000003,0.0019999999999997,1140800.0,2469000.0,1328200.0,5.435811535764376,5.441257108140948,3609800.0,1328200.0,0.000419877629076,-0.0289999999999999,0.0019999999999997,5.4385,5.436,5.438,5.435,5.438,6410671.0,6410671.0,1.0,18524497.688927423,8.0,12.0,5.0,3.0,0.0007500000000009,29.552814950000005,0.0012500000000006,320533.55,9965202862519.0,113627.5,40000.0,-442800.0,482800.0,230400.0,-308400.0,538800.0,388200.0,-692300.0,1080500.0,439000.0,-222200.0,661200.0,43200.0,-803300.0,846500.0,0.1072257084181936,0.1154918298746172
1312.0,20231026.0,2.0231026131158e+16,5.438,5.437,727400.0,146500.0,5.439,5.436,183400.0,995600.0,5.44,5.435,298400.0,399900.0,5.441,5.434,443300.0,533000.0,5.442,5.433,223200.0,83700.0,4.92,5.464,5.437,5.43,5.446,5.467,507164796.0,507164796.0,6.014,510500.0,2023-10-26 13:11:58,5.437167639318001,0.0001839080459769,0.000551724137931,0.0010000000000003,-0.0010000000000003,0.0020000000000006,2158700.0,1875700.0,-283000.0,5.435272478806689,5.439600948979048,4034400.0,283000.0,-0.0001683107394132,-0.0299999999999993,-0.0009999999999994,5.4375,5.438,5.438,5.436,5.437,3099122.0,3099122.0,1.0,-9271335.371998226,7.0,13.0,2.0,2.0,0.0004999999999997,29.5631443,0.0009999999999994,154956.1,2242387792724.0,116623.25,-146500.0,727400.0,-873900.0,-995600.0,183400.0,-1179000.0,-399900.0,298400.0,-698300.0,-533000.0,443300.0,-976300.0,-83700.0,223200.0,-306900.0,0.0875844389482255,0.0925141763757844
1313.0,20231026.0,2.0231026131258e+16,5.435,5.434,383700.0,95600.0,5.436,5.433,880000.0,591700.0,5.437,5.432,189615.0,687100.0,5.438,5.431,1454000.0,1345000.0,5.439,5.43,43000.0,494200.0,4.92,5.464,5.434,5.43,5.446,5.467,509857070.0,509857070.0,6.014,510500.0,2023-10-26 13:12:58,5.434199457542249,0.0001840095684974,0.0005520287054927,0.0010000000000003,-0.0010000000000003,0.0020000000000006,3213600.0,2950315.0,-263285.0,5.4315175192930045,5.436963597107428,6163915.0,263285.0,-0.000546054939192,-0.0329999999999994,-0.0030000000000001,5.4345,5.437,5.437,5.434,5.434,2692274.0,2692274.0,1.0,-28033030.919861525,12.0,8.0,2.0,5.0,0.0009499999999986,29.538682550000004,0.0009999999999994,130537.2,1326638538634.0,181845.25,-95600.0,383700.0,-479300.0,-591700.0,880000.0,-1471700.0,-687100.0,189615.0,-876715.0,-1345000.0,1454000.0,-2799000.0,-494200.0,43000.0,-537200.0,0.0845948184185211,0.085055402540401
1314.0,20231026.0,2.0231026131358e+16,5.436,5.435,242700.0,224200.0,5.437,5.434,44615.0,500600.0,5.438,5.433,1343000.0,942300.0,5.439,5.432,442000.0,878100.0,5.44,5.431,800400.0,356100.0,4.92,5.464,5.436,5.43,5.446,5.467,510395614.0,510395614.0,6.014,510500.0,2023-10-26 13:13:58,5.43548018847719,0.0001839757152056,0.0005519271456167,0.0009999999999994,-0.0010000000000003,0.0019999999999997,2901300.0,2872715.0,-28585.0,5.432778961155344,5.438526604623153,5774015.0,28585.0,0.0002356520123087,-0.0309999999999996,0.0019999999999997,5.435499999999999,5.435,5.436,5.434,5.436,538544.0,538544.0,1.0,9388232.009476094,10.0,10.0,3.0,2.0,0.000700000000001,29.535964700000005,0.0009999999999994,26927.2,130512778756.0,6385.5,224200.0,-242700.0,466900.0,500600.0,-44615.0,545215.0,942300.0,-1343000.0,2285300.0,878100.0,-442000.0,1320100.0,356100.0,-800400.0,1156500.0,0.074996804895188,0.0762461617637188
1315.0,20231026.0,2.0231026131458e+16,5.437,5.436,118700.0,622500.0,5.438,5.435,711800.0,899800.0,5.439,5.434,108800.0,1239500.0,5.44,5.433,839600.0,246100.0,5.441,5.432,804300.0,79300.0,4.92,5.464,5.437,5.43,5.446,5.467,515529820.0,515529820.0,6.014,510500.0,2023-10-26 13:14:58,5.436839854290341,0.0001839418743677,0.0005518256231031,0.0010000000000003,-0.0009999999999994,0.0019999999999997,3087200.0,2583200.0,-504000.0,5.434563649909302,5.439580288014866,5670400.0,504000.0,0.0002501151207636,-0.0299999999999993,0.0010000000000003,5.4365000000000006,5.436,5.437,5.435,5.437,5134206.0,5134206.0,1.0,9467505.943314333,5.0,15.0,2.0,2.0,4.999999999988347e-05,29.55064005,0.0002500000000003,256710.3,5028394604046.0,353224.25,622500.0,-118700.0,741200.0,899800.0,-711800.0,1611600.0,1239500.0,-108800.0,1348300.0,246100.0,-839600.0,1085700.0,79300.0,-804300.0,883600.0,0.0847171618999585,0.0807417463275596
1316.0,20231026.0,2.0231026131558e+16,5.439,5.438,249900.0,72500.0,5.44,5.437,365900.0,36600.0,5.441,5.436,692300.0,1231000.0,5.442,5.435,221200.0,693800.0,5.443,5.434,802300.0,325500.0,4.92,5.464,5.438,5.43,5.446,5.467,520847548.0,520847548.0,6.014,510500.0,2023-10-26 13:15:58,5.438224875930521,0.0001838742300267,0.00055162269008,0.0009999999999994,-0.0010000000000003,0.0019999999999997,2359400.0,2331600.0,-27800.0,5.435506993303382,5.441411777320295,4691000.0,27800.0,0.0002547151087421,-0.0289999999999999,0.0009999999999994,5.4385,5.437,5.44,5.437,5.438,5317728.0,5317728.0,1.0,9482842.119556423,3.0,17.0,2.0,1.0,0.0001000000000006,29.572932400000003,0.0,265614.4,11582502227804.0,25289.5,72500.0,-249900.0,322400.0,36600.0,-365900.0,402500.0,1231000.0,-692300.0,1923300.0,693800.0,-221200.0,915000.0,325500.0,-802300.0,1127800.0,0.0797335448915952,0.0745876776661268
1317.0,20231026.0,2.0231026131658e+16,5.441,5.44,13700.0,1188500.0,5.442,5.439,319200.0,822900.0,5.443,5.438,691300.0,1045800.0,5.444,5.437,175300.0,481900.0,5.445,5.436,896500.0,82000.0,4.92,5.464,5.44,5.43,5.446,5.467,523531949.0,523531949.0,6.014,510500.0,2023-10-26 13:16:58,5.440988604225587,0.0001838066354194,0.0005514199062586,0.0010000000000003,-0.0010000000000003,0.0020000000000006,3621100.0,2096000.0,-1525100.0,5.438705310540995,5.443773711832061,5717100.0,1525100.0,0.0005080750294237,-0.0269999999999992,0.0020000000000006,5.4405,5.438,5.44,5.438,5.44,2684401.0,2684401.0,1.0,19177016.49560464,12.0,8.0,4.0,2.0,0.0005499999999996,29.58761685,0.0010000000000003,134220.05,1852440700411.0,96413.0,1188500.0,-13700.0,1202200.0,822900.0,-319200.0,1142100.0,1045800.0,-691300.0,1737100.0,481900.0,-175300.0,657200.0,82000.0,-896500.0,978500.0,0.0801994695857029,0.0735468030723951
1318.0,20231026.0,2.0231026131758e+16,5.445,5.444,150964.0,188000.0,5.446,5.443,512700.0,435800.0,5.447,5.442,457900.0,853500.0,5.448,5.441,817800.0,441100.0,5.449,5.44,80000.0,231500.0,4.92,5.464,5.444,5.43,5.446,5.467,526455258.0,526455258.0,6.014,510500.0,2023-10-26 13:17:58,5.444554631170271,0.0001836715951878,0.0005510147855634,0.0010000000000003,-0.0009999999999994,0.0019999999999997,2149900.0,2019364.0,-130536.0,5.441957067770594,5.447080803658974,4169264.0,130536.0,0.0006551858727001,-0.0229999999999996,0.0039999999999995,5.4445,5.441,5.444,5.441,5.444,2923309.0,2923309.0,1.0,28907870.32434818,9.0,11.0,4.0,2.0,0.000799999999999,29.6284271,0.0010000000000003,143988.45,2150495345811.0,111591.0,188000.0,-150964.0,338964.0,435800.0,-512700.0,948500.0,853500.0,-457900.0,1311400.0,441100.0,-817800.0,1258900.0,231500.0,-80000.0,311500.0,0.0832984081473298,0.0835822511205501
1319.0,20231026.0,2.0231026131858e+16,5.443,5.442,73200.0,218800.0,5.444,5.441,613300.0,218100.0,5.445,5.44,603164.0,1040500.0,5.446,5.439,443100.0,583400.0,5.447,5.438,808900.0,287800.0,4.92,5.464,5.442,5.43,5.446,5.467,528388101.0,528388101.0,6.014,510500.0,2023-10-26 13:18:58,5.442749315068492,0.0001837390904914,0.0005512172714745,0.0010000000000003,-0.0010000000000003,0.0020000000000006,2348600.0,2541664.0,193064.0,5.439785702120412,5.44551194807811,4890264.0,193064.0,-0.0003316369465278,-0.0249999999999994,-0.0019999999999997,5.4425,5.444,5.444,5.442,5.442,1932843.0,1932843.0,1.0,-19393184.46147065,12.0,8.0,1.0,3.0,0.0009500000000004,29.62570545,0.0019999999999997,96642.15,819609550399.0,76600.0,-218800.0,73200.0,-292000.0,-218100.0,613300.0,-831400.0,-1040500.0,603164.0,-1643664.0,-583400.0,443100.0,-1026500.0,-287800.0,808900.0,-1096700.0,0.0811175920627919,0.0805583928743506
1320.0,20231026.0,2.0231026131958e+16,5.447,5.446,306700.0,1100.0,5.448,5.445,502800.0,232100.0,5.449,5.444,444000.0,293700.0,5.45,5.443,842246.0,1473000.0,5.451,5.442,52117.0,232000.0,4.92,5.464,5.446,5.43,5.446,5.467,536159381.0,536159381.0,6.014,510500.0,2023-10-26 13:19:58,5.446003573749188,0.0001836041494538,0.0005508124483613,0.0009999999999994,-0.0010000000000003,0.0019999999999997,2231900.0,2147863.0,-84037.0,5.443237107397285,5.448920981924825,4379763.0,84037.0,0.0005977284654752,-0.0209999999999999,0.0039999999999995,5.4465,5.443,5.446,5.443,5.446,7771280.0,7771280.0,1.0,29302604.16018185,14.0,6.0,4.0,1.0,0.0010499999999993,29.64748165,0.0019999999999997,384752.5,8239185823556.0,661430.5,1100.0,-306700.0,307800.0,232100.0,-502800.0,734900.0,293700.0,-444000.0,737700.0,1473000.0,-842246.0,2315246.0,232000.0,-52117.0,284117.0,0.0807095479648508,0.0853510920674967
