minute,TradeDate,OrigTime,OfferPx1,BidPx1,OfferSize1,BidSize1,OfferPx2,BidPx2,OfferSize2,BidSize2,OfferPx3,BidPx3,OfferSize3,BidSize3,OfferPx4,BidPx4,OfferSize4,BidSize4,OfferPx5,BidPx5,OfferSize5,BidSize5,DownLimitPx,HighPx,LastPx,LowPx,OpenPx,PreClosePx,TotalValueTrade,TotalVolumeTrade,UpLimitPx,ticker,datetime,wap1,price_spread,price_spread2,bid_spread,ask_spread,bid_ask_spread,total_bid_qty,total_ask_qty,total_qty_diff,weighted_bid_prc,weighted_ask_prc,total_volume,volume_imbalance,log_return,PxChange1,PxChange2,mid,open,high,low,close,volume,amount,vwap,tendency,f_max,f_min,df_max,df_min,abs_diff,energy,iqr_p,abs_diff_v,energy_v,iqr_p_v,bOF1,aOF1,OFI1,bOF2,aOF2,OFI2,bOF3,aOF3,OFI3,bOF4,aOF4,OFI4,bOF5,aOF5,OFI5,volatility_QMLE,volatility
0.0,0.0,0.0,0.0,0.0,0.0,0.0,0.0,0.0,0.0,0.0,0.0,0.0,0.0,0.0,0.0,0.0,0.0,0.0,0.0,0.0,0.0,0.0,0.0,0.0,0.0,0.0,0.0,0.0,0.0,0.0,0.0,0.0,0.0,0.0,0.0,0.0,0.0,0.0,0.0,0.0,0.0,0.0,0.0,0.0,0.0,0.0,0.0,0.0,0.0,0.0,0.0,0.0,0.0,0.0,0.0,0.0,0.0,0.0,0.0,0.0,0.0,0.0,0.0,0.0,0.0,0.0,0.0,0.0,0.0,0.0,0.0,0.0,0.0,0.0,0.0,0.0,0.0,0.0,0.0,0.0,0.0,0.0,0.0,0.0,0.0
0.0,0.0,0.0,0.0,0.0,0.0,0.0,0.0,0.0,0.0,0.0,0.0,0.0,0.0,0.0,0.0,0.0,0.0,0.0,0.0,0.0,0.0,0.0,0.0,0.0,0.0,0.0,0.0,0.0,0.0,0.0,0.0,0.0,0.0,0.0,0.0,0.0,0.0,0.0,0.0,0.0,0.0,0.0,0.0,0.0,0.0,0.0,0.0,0.0,0.0,0.0,0.0,0.0,0.0,0.0,0.0,0.0,0.0,0.0,0.0,0.0,0.0,0.0,0.0,0.0,0.0,0.0,0.0,0.0,0.0,0.0,0.0,0.0,0.0,0.0,0.0,0.0,0.0,0.0,0.0,0.0,0.0,0.0,0.0,0.0,0.0
0.0,0.0,0.0,0.0,0.0,0.0,0.0,0.0,0.0,0.0,0.0,0.0,0.0,0.0,0.0,0.0,0.0,0.0,0.0,0.0,0.0,0.0,0.0,0.0,0.0,0.0,0.0,0.0,0.0,0.0,0.0,0.0,0.0,0.0,0.0,0.0,0.0,0.0,0.0,0.0,0.0,0.0,0.0,0.0,0.0,0.0,0.0,0.0,0.0,0.0,0.0,0.0,0.0,0.0,0.0,0.0,0.0,0.0,0.0,0.0,0.0,0.0,0.0,0.0,0.0,0.0,0.0,0.0,0.0,0.0,0.0,0.0,0.0,0.0,0.0,0.0,0.0,0.0,0.0,0.0,0.0,0.0,0.0,0.0,0.0,0.0
0.0,0.0,0.0,0.0,0.0,0.0,0.0,0.0,0.0,0.0,0.0,0.0,0.0,0.0,0.0,0.0,0.0,0.0,0.0,0.0,0.0,0.0,0.0,0.0,0.0,0.0,0.0,0.0,0.0,0.0,0.0,0.0,0.0,0.0,0.0,0.0,0.0,0.0,0.0,0.0,0.0,0.0,0.0,0.0,0.0,0.0,0.0,0.0,0.0,0.0,0.0,0.0,0.0,0.0,0.0,0.0,0.0,0.0,0.0,0.0,0.0,0.0,0.0,0.0,0.0,0.0,0.0,0.0,0.0,0.0,0.0,0.0,0.0,0.0,0.0,0.0,0.0,0.0,0.0,0.0,0.0,0.0,0.0,0.0,0.0,0.0
0.0,0.0,0.0,0.0,0.0,0.0,0.0,0.0,0.0,0.0,0.0,0.0,0.0,0.0,0.0,0.0,0.0,0.0,0.0,0.0,0.0,0.0,0.0,0.0,0.0,0.0,0.0,0.0,0.0,0.0,0.0,0.0,0.0,0.0,0.0,0.0,0.0,0.0,0.0,0.0,0.0,0.0,0.0,0.0,0.0,0.0,0.0,0.0,0.0,0.0,0.0,0.0,0.0,0.0,0.0,0.0,0.0,0.0,0.0,0.0,0.0,0.0,0.0,0.0,0.0,0.0,0.0,0.0,0.0,0.0,0.0,0.0,0.0,0.0,0.0,0.0,0.0,0.0,0.0,0.0,0.0,0.0,0.0,0.0,0.0,0.0
0.0,0.0,0.0,0.0,0.0,0.0,0.0,0.0,0.0,0.0,0.0,0.0,0.0,0.0,0.0,0.0,0.0,0.0,0.0,0.0,0.0,0.0,0.0,0.0,0.0,0.0,0.0,0.0,0.0,0.0,0.0,0.0,0.0,0.0,0.0,0.0,0.0,0.0,0.0,0.0,0.0,0.0,0.0,0.0,0.0,0.0,0.0,0.0,0.0,0.0,0.0,0.0,0.0,0.0,0.0,0.0,0.0,0.0,0.0,0.0,0.0,0.0,0.0,0.0,0.0,0.0,0.0,0.0,0.0,0.0,0.0,0.0,0.0,0.0,0.0,0.0,0.0,0.0,0.0,0.0,0.0,0.0,0.0,0.0,0.0,0.0
0.0,0.0,0.0,0.0,0.0,0.0,0.0,0.0,0.0,0.0,0.0,0.0,0.0,0.0,0.0,0.0,0.0,0.0,0.0,0.0,0.0,0.0,0.0,0.0,0.0,0.0,0.0,0.0,0.0,0.0,0.0,0.0,0.0,0.0,0.0,0.0,0.0,0.0,0.0,0.0,0.0,0.0,0.0,0.0,0.0,0.0,0.0,0.0,0.0,0.0,0.0,0.0,0.0,0.0,0.0,0.0,0.0,0.0,0.0,0.0,0.0,0.0,0.0,0.0,0.0,0.0,0.0,0.0,0.0,0.0,0.0,0.0,0.0,0.0,0.0,0.0,0.0,0.0,0.0,0.0,0.0,0.0,0.0,0.0,0.0,0.0
0.0,0.0,0.0,0.0,0.0,0.0,0.0,0.0,0.0,0.0,0.0,0.0,0.0,0.0,0.0,0.0,0.0,0.0,0.0,0.0,0.0,0.0,0.0,0.0,0.0,0.0,0.0,0.0,0.0,0.0,0.0,0.0,0.0,0.0,0.0,0.0,0.0,0.0,0.0,0.0,0.0,0.0,0.0,0.0,0.0,0.0,0.0,0.0,0.0,0.0,0.0,0.0,0.0,0.0,0.0,0.0,0.0,0.0,0.0,0.0,0.0,0.0,0.0,0.0,0.0,0.0,0.0,0.0,0.0,0.0,0.0,0.0,0.0,0.0,0.0,0.0,0.0,0.0,0.0,0.0,0.0,0.0,0.0,0.0,0.0,0.0
0.0,0.0,0.0,0.0,0.0,0.0,0.0,0.0,0.0,0.0,0.0,0.0,0.0,0.0,0.0,0.0,0.0,0.0,0.0,0.0,0.0,0.0,0.0,0.0,0.0,0.0,0.0,0.0,0.0,0.0,0.0,0.0,0.0,0.0,0.0,0.0,0.0,0.0,0.0,0.0,0.0,0.0,0.0,0.0,0.0,0.0,0.0,0.0,0.0,0.0,0.0,0.0,0.0,0.0,0.0,0.0,0.0,0.0,0.0,0.0,0.0,0.0,0.0,0.0,0.0,0.0,0.0,0.0,0.0,0.0,0.0,0.0,0.0,0.0,0.0,0.0,0.0,0.0,0.0,0.0,0.0,0.0,0.0,0.0,0.0,0.0
0.0,0.0,0.0,0.0,0.0,0.0,0.0,0.0,0.0,0.0,0.0,0.0,0.0,0.0,0.0,0.0,0.0,0.0,0.0,0.0,0.0,0.0,0.0,0.0,0.0,0.0,0.0,0.0,0.0,0.0,0.0,0.0,0.0,0.0,0.0,0.0,0.0,0.0,0.0,0.0,0.0,0.0,0.0,0.0,0.0,0.0,0.0,0.0,0.0,0.0,0.0,0.0,0.0,0.0,0.0,0.0,0.0,0.0,0.0,0.0,0.0,0.0,0.0,0.0,0.0,0.0,0.0,0.0,0.0,0.0,0.0,0.0,0.0,0.0,0.0,0.0,0.0,0.0,0.0,0.0,0.0,0.0,0.0,0.0,0.0,0.0
0.0,0.0,0.0,0.0,0.0,0.0,0.0,0.0,0.0,0.0,0.0,0.0,0.0,0.0,0.0,0.0,0.0,0.0,0.0,0.0,0.0,0.0,0.0,0.0,0.0,0.0,0.0,0.0,0.0,0.0,0.0,0.0,0.0,0.0,0.0,0.0,0.0,0.0,0.0,0.0,0.0,0.0,0.0,0.0,0.0,0.0,0.0,0.0,0.0,0.0,0.0,0.0,0.0,0.0,0.0,0.0,0.0,0.0,0.0,0.0,0.0,0.0,0.0,0.0,0.0,0.0,0.0,0.0,0.0,0.0,0.0,0.0,0.0,0.0,0.0,0.0,0.0,0.0,0.0,0.0,0.0,0.0,0.0,0.0,0.0,0.0
0.0,0.0,0.0,0.0,0.0,0.0,0.0,0.0,0.0,0.0,0.0,0.0,0.0,0.0,0.0,0.0,0.0,0.0,0.0,0.0,0.0,0.0,0.0,0.0,0.0,0.0,0.0,0.0,0.0,0.0,0.0,0.0,0.0,0.0,0.0,0.0,0.0,0.0,0.0,0.0,0.0,0.0,0.0,0.0,0.0,0.0,0.0,0.0,0.0,0.0,0.0,0.0,0.0,0.0,0.0,0.0,0.0,0.0,0.0,0.0,0.0,0.0,0.0,0.0,0.0,0.0,0.0,0.0,0.0,0.0,0.0,0.0,0.0,0.0,0.0,0.0,0.0,0.0,0.0,0.0,0.0,0.0,0.0,0.0,0.0,0.0
0.0,0.0,0.0,0.0,0.0,0.0,0.0,0.0,0.0,0.0,0.0,0.0,0.0,0.0,0.0,0.0,0.0,0.0,0.0,0.0,0.0,0.0,0.0,0.0,0.0,0.0,0.0,0.0,0.0,0.0,0.0,0.0,0.0,0.0,0.0,0.0,0.0,0.0,0.0,0.0,0.0,0.0,0.0,0.0,0.0,0.0,0.0,0.0,0.0,0.0,0.0,0.0,0.0,0.0,0.0,0.0,0.0,0.0,0.0,0.0,0.0,0.0,0.0,0.0,0.0,0.0,0.0,0.0,0.0,0.0,0.0,0.0,0.0,0.0,0.0,0.0,0.0,0.0,0.0,0.0,0.0,0.0,0.0,0.0,0.0,0.0
0.0,0.0,0.0,0.0,0.0,0.0,0.0,0.0,0.0,0.0,0.0,0.0,0.0,0.0,0.0,0.0,0.0,0.0,0.0,0.0,0.0,0.0,0.0,0.0,0.0,0.0,0.0,0.0,0.0,0.0,0.0,0.0,0.0,0.0,0.0,0.0,0.0,0.0,0.0,0.0,0.0,0.0,0.0,0.0,0.0,0.0,0.0,0.0,0.0,0.0,0.0,0.0,0.0,0.0,0.0,0.0,0.0,0.0,0.0,0.0,0.0,0.0,0.0,0.0,0.0,0.0,0.0,0.0,0.0,0.0,0.0,0.0,0.0,0.0,0.0,0.0,0.0,0.0,0.0,0.0,0.0,0.0,0.0,0.0,0.0,0.0
0.0,0.0,0.0,0.0,0.0,0.0,0.0,0.0,0.0,0.0,0.0,0.0,0.0,0.0,0.0,0.0,0.0,0.0,0.0,0.0,0.0,0.0,0.0,0.0,0.0,0.0,0.0,0.0,0.0,0.0,0.0,0.0,0.0,0.0,0.0,0.0,0.0,0.0,0.0,0.0,0.0,0.0,0.0,0.0,0.0,0.0,0.0,0.0,0.0,0.0,0.0,0.0,0.0,0.0,0.0,0.0,0.0,0.0,0.0,0.0,0.0,0.0,0.0,0.0,0.0,0.0,0.0,0.0,0.0,0.0,0.0,0.0,0.0,0.0,0.0,0.0,0.0,0.0,0.0,0.0,0.0,0.0,0.0,0.0,0.0,0.0
0.0,0.0,0.0,0.0,0.0,0.0,0.0,0.0,0.0,0.0,0.0,0.0,0.0,0.0,0.0,0.0,0.0,0.0,0.0,0.0,0.0,0.0,0.0,0.0,0.0,0.0,0.0,0.0,0.0,0.0,0.0,0.0,0.0,0.0,0.0,0.0,0.0,0.0,0.0,0.0,0.0,0.0,0.0,0.0,0.0,0.0,0.0,0.0,0.0,0.0,0.0,0.0,0.0,0.0,0.0,0.0,0.0,0.0,0.0,0.0,0.0,0.0,0.0,0.0,0.0,0.0,0.0,0.0,0.0,0.0,0.0,0.0,0.0,0.0,0.0,0.0,0.0,0.0,0.0,0.0,0.0,0.0,0.0,0.0,0.0,0.0
0.0,0.0,0.0,0.0,0.0,0.0,0.0,0.0,0.0,0.0,0.0,0.0,0.0,0.0,0.0,0.0,0.0,0.0,0.0,0.0,0.0,0.0,0.0,0.0,0.0,0.0,0.0,0.0,0.0,0.0,0.0,0.0,0.0,0.0,0.0,0.0,0.0,0.0,0.0,0.0,0.0,0.0,0.0,0.0,0.0,0.0,0.0,0.0,0.0,0.0,0.0,0.0,0.0,0.0,0.0,0.0,0.0,0.0,0.0,0.0,0.0,0.0,0.0,0.0,0.0,0.0,0.0,0.0,0.0,0.0,0.0,0.0,0.0,0.0,0.0,0.0,0.0,0.0,0.0,0.0,0.0,0.0,0.0,0.0,0.0,0.0
0.0,0.0,0.0,0.0,0.0,0.0,0.0,0.0,0.0,0.0,0.0,0.0,0.0,0.0,0.0,0.0,0.0,0.0,0.0,0.0,0.0,0.0,0.0,0.0,0.0,0.0,0.0,0.0,0.0,0.0,0.0,0.0,0.0,0.0,0.0,0.0,0.0,0.0,0.0,0.0,0.0,0.0,0.0,0.0,0.0,0.0,0.0,0.0,0.0,0.0,0.0,0.0,0.0,0.0,0.0,0.0,0.0,0.0,0.0,0.0,0.0,0.0,0.0,0.0,0.0,0.0,0.0,0.0,0.0,0.0,0.0,0.0,0.0,0.0,0.0,0.0,0.0,0.0,0.0,0.0,0.0,0.0,0.0,0.0,0.0,0.0
0.0,0.0,0.0,0.0,0.0,0.0,0.0,0.0,0.0,0.0,0.0,0.0,0.0,0.0,0.0,0.0,0.0,0.0,0.0,0.0,0.0,0.0,0.0,0.0,0.0,0.0,0.0,0.0,0.0,0.0,0.0,0.0,0.0,0.0,0.0,0.0,0.0,0.0,0.0,0.0,0.0,0.0,0.0,0.0,0.0,0.0,0.0,0.0,0.0,0.0,0.0,0.0,0.0,0.0,0.0,0.0,0.0,0.0,0.0,0.0,0.0,0.0,0.0,0.0,0.0,0.0,0.0,0.0,0.0,0.0,0.0,0.0,0.0,0.0,0.0,0.0,0.0,0.0,0.0,0.0,0.0,0.0,0.0,0.0,0.0,0.0
0.0,0.0,0.0,0.0,0.0,0.0,0.0,0.0,0.0,0.0,0.0,0.0,0.0,0.0,0.0,0.0,0.0,0.0,0.0,0.0,0.0,0.0,0.0,0.0,0.0,0.0,0.0,0.0,0.0,0.0,0.0,0.0,0.0,0.0,0.0,0.0,0.0,0.0,0.0,0.0,0.0,0.0,0.0,0.0,0.0,0.0,0.0,0.0,0.0,0.0,0.0,0.0,0.0,0.0,0.0,0.0,0.0,0.0,0.0,0.0,0.0,0.0,0.0,0.0,0.0,0.0,0.0,0.0,0.0,0.0,0.0,0.0,0.0,0.0,0.0,0.0,0.0,0.0,0.0,0.0,0.0,0.0,0.0,0.0,0.0,0.0
0.0,0.0,0.0,0.0,0.0,0.0,0.0,0.0,0.0,0.0,0.0,0.0,0.0,0.0,0.0,0.0,0.0,0.0,0.0,0.0,0.0,0.0,0.0,0.0,0.0,0.0,0.0,0.0,0.0,0.0,0.0,0.0,0.0,0.0,0.0,0.0,0.0,0.0,0.0,0.0,0.0,0.0,0.0,0.0,0.0,0.0,0.0,0.0,0.0,0.0,0.0,0.0,0.0,0.0,0.0,0.0,0.0,0.0,0.0,0.0,0.0,0.0,0.0,0.0,0.0,0.0,0.0,0.0,0.0,0.0,0.0,0.0,0.0,0.0,0.0,0.0,0.0,0.0,0.0,0.0,0.0,0.0,0.0,0.0,0.0,0.0
0.0,0.0,0.0,0.0,0.0,0.0,0.0,0.0,0.0,0.0,0.0,0.0,0.0,0.0,0.0,0.0,0.0,0.0,0.0,0.0,0.0,0.0,0.0,0.0,0.0,0.0,0.0,0.0,0.0,0.0,0.0,0.0,0.0,0.0,0.0,0.0,0.0,0.0,0.0,0.0,0.0,0.0,0.0,0.0,0.0,0.0,0.0,0.0,0.0,0.0,0.0,0.0,0.0,0.0,0.0,0.0,0.0,0.0,0.0,0.0,0.0,0.0,0.0,0.0,0.0,0.0,0.0,0.0,0.0,0.0,0.0,0.0,0.0,0.0,0.0,0.0,0.0,0.0,0.0,0.0,0.0,0.0,0.0,0.0,0.0,0.0
0.0,0.0,0.0,0.0,0.0,0.0,0.0,0.0,0.0,0.0,0.0,0.0,0.0,0.0,0.0,0.0,0.0,0.0,0.0,0.0,0.0,0.0,0.0,0.0,0.0,0.0,0.0,0.0,0.0,0.0,0.0,0.0,0.0,0.0,0.0,0.0,0.0,0.0,0.0,0.0,0.0,0.0,0.0,0.0,0.0,0.0,0.0,0.0,0.0,0.0,0.0,0.0,0.0,0.0,0.0,0.0,0.0,0.0,0.0,0.0,0.0,0.0,0.0,0.0,0.0,0.0,0.0,0.0,0.0,0.0,0.0,0.0,0.0,0.0,0.0,0.0,0.0,0.0,0.0,0.0,0.0,0.0,0.0,0.0,0.0,0.0
0.0,0.0,0.0,0.0,0.0,0.0,0.0,0.0,0.0,0.0,0.0,0.0,0.0,0.0,0.0,0.0,0.0,0.0,0.0,0.0,0.0,0.0,0.0,0.0,0.0,0.0,0.0,0.0,0.0,0.0,0.0,0.0,0.0,0.0,0.0,0.0,0.0,0.0,0.0,0.0,0.0,0.0,0.0,0.0,0.0,0.0,0.0,0.0,0.0,0.0,0.0,0.0,0.0,0.0,0.0,0.0,0.0,0.0,0.0,0.0,0.0,0.0,0.0,0.0,0.0,0.0,0.0,0.0,0.0,0.0,0.0,0.0,0.0,0.0,0.0,0.0,0.0,0.0,0.0,0.0,0.0,0.0,0.0,0.0,0.0,0.0
0.0,0.0,0.0,0.0,0.0,0.0,0.0,0.0,0.0,0.0,0.0,0.0,0.0,0.0,0.0,0.0,0.0,0.0,0.0,0.0,0.0,0.0,0.0,0.0,0.0,0.0,0.0,0.0,0.0,0.0,0.0,0.0,0.0,0.0,0.0,0.0,0.0,0.0,0.0,0.0,0.0,0.0,0.0,0.0,0.0,0.0,0.0,0.0,0.0,0.0,0.0,0.0,0.0,0.0,0.0,0.0,0.0,0.0,0.0,0.0,0.0,0.0,0.0,0.0,0.0,0.0,0.0,0.0,0.0,0.0,0.0,0.0,0.0,0.0,0.0,0.0,0.0,0.0,0.0,0.0,0.0,0.0,0.0,0.0,0.0,0.0
0.0,0.0,0.0,0.0,0.0,0.0,0.0,0.0,0.0,0.0,0.0,0.0,0.0,0.0,0.0,0.0,0.0,0.0,0.0,0.0,0.0,0.0,0.0,0.0,0.0,0.0,0.0,0.0,0.0,0.0,0.0,0.0,0.0,0.0,0.0,0.0,0.0,0.0,0.0,0.0,0.0,0.0,0.0,0.0,0.0,0.0,0.0,0.0,0.0,0.0,0.0,0.0,0.0,0.0,0.0,0.0,0.0,0.0,0.0,0.0,0.0,0.0,0.0,0.0,0.0,0.0,0.0,0.0,0.0,0.0,0.0,0.0,0.0,0.0,0.0,0.0,0.0,0.0,0.0,0.0,0.0,0.0,0.0,0.0,0.0,0.0
0.0,0.0,0.0,0.0,0.0,0.0,0.0,0.0,0.0,0.0,0.0,0.0,0.0,0.0,0.0,0.0,0.0,0.0,0.0,0.0,0.0,0.0,0.0,0.0,0.0,0.0,0.0,0.0,0.0,0.0,0.0,0.0,0.0,0.0,0.0,0.0,0.0,0.0,0.0,0.0,0.0,0.0,0.0,0.0,0.0,0.0,0.0,0.0,0.0,0.0,0.0,0.0,0.0,0.0,0.0,0.0,0.0,0.0,0.0,0.0,0.0,0.0,0.0,0.0,0.0,0.0,0.0,0.0,0.0,0.0,0.0,0.0,0.0,0.0,0.0,0.0,0.0,0.0,0.0,0.0,0.0,0.0,0.0,0.0,0.0,0.0
0.0,0.0,0.0,0.0,0.0,0.0,0.0,0.0,0.0,0.0,0.0,0.0,0.0,0.0,0.0,0.0,0.0,0.0,0.0,0.0,0.0,0.0,0.0,0.0,0.0,0.0,0.0,0.0,0.0,0.0,0.0,0.0,0.0,0.0,0.0,0.0,0.0,0.0,0.0,0.0,0.0,0.0,0.0,0.0,0.0,0.0,0.0,0.0,0.0,0.0,0.0,0.0,0.0,0.0,0.0,0.0,0.0,0.0,0.0,0.0,0.0,0.0,0.0,0.0,0.0,0.0,0.0,0.0,0.0,0.0,0.0,0.0,0.0,0.0,0.0,0.0,0.0,0.0,0.0,0.0,0.0,0.0,0.0,0.0,0.0,0.0
0.0,0.0,0.0,0.0,0.0,0.0,0.0,0.0,0.0,0.0,0.0,0.0,0.0,0.0,0.0,0.0,0.0,0.0,0.0,0.0,0.0,0.0,0.0,0.0,0.0,0.0,0.0,0.0,0.0,0.0,0.0,0.0,0.0,0.0,0.0,0.0,0.0,0.0,0.0,0.0,0.0,0.0,0.0,0.0,0.0,0.0,0.0,0.0,0.0,0.0,0.0,0.0,0.0,0.0,0.0,0.0,0.0,0.0,0.0,0.0,0.0,0.0,0.0,0.0,0.0,0.0,0.0,0.0,0.0,0.0,0.0,0.0,0.0,0.0,0.0,0.0,0.0,0.0,0.0,0.0,0.0,0.0,0.0,0.0,0.0,0.0
0.0,0.0,0.0,0.0,0.0,0.0,0.0,0.0,0.0,0.0,0.0,0.0,0.0,0.0,0.0,0.0,0.0,0.0,0.0,0.0,0.0,0.0,0.0,0.0,0.0,0.0,0.0,0.0,0.0,0.0,0.0,0.0,0.0,0.0,0.0,0.0,0.0,0.0,0.0,0.0,0.0,0.0,0.0,0.0,0.0,0.0,0.0,0.0,0.0,0.0,0.0,0.0,0.0,0.0,0.0,0.0,0.0,0.0,0.0,0.0,0.0,0.0,0.0,0.0,0.0,0.0,0.0,0.0,0.0,0.0,0.0,0.0,0.0,0.0,0.0,0.0,0.0,0.0,0.0,0.0,0.0,0.0,0.0,0.0,0.0,0.0
0.0,0.0,0.0,0.0,0.0,0.0,0.0,0.0,0.0,0.0,0.0,0.0,0.0,0.0,0.0,0.0,0.0,0.0,0.0,0.0,0.0,0.0,0.0,0.0,0.0,0.0,0.0,0.0,0.0,0.0,0.0,0.0,0.0,0.0,0.0,0.0,0.0,0.0,0.0,0.0,0.0,0.0,0.0,0.0,0.0,0.0,0.0,0.0,0.0,0.0,0.0,0.0,0.0,0.0,0.0,0.0,0.0,0.0,0.0,0.0,0.0,0.0,0.0,0.0,0.0,0.0,0.0,0.0,0.0,0.0,0.0,0.0,0.0,0.0,0.0,0.0,0.0,0.0,0.0,0.0,0.0,0.0,0.0,0.0,0.0,0.0
0.0,0.0,0.0,0.0,0.0,0.0,0.0,0.0,0.0,0.0,0.0,0.0,0.0,0.0,0.0,0.0,0.0,0.0,0.0,0.0,0.0,0.0,0.0,0.0,0.0,0.0,0.0,0.0,0.0,0.0,0.0,0.0,0.0,0.0,0.0,0.0,0.0,0.0,0.0,0.0,0.0,0.0,0.0,0.0,0.0,0.0,0.0,0.0,0.0,0.0,0.0,0.0,0.0,0.0,0.0,0.0,0.0,0.0,0.0,0.0,0.0,0.0,0.0,0.0,0.0,0.0,0.0,0.0,0.0,0.0,0.0,0.0,0.0,0.0,0.0,0.0,0.0,0.0,0.0,0.0,0.0,0.0,0.0,0.0,0.0,0.0
0.0,0.0,0.0,0.0,0.0,0.0,0.0,0.0,0.0,0.0,0.0,0.0,0.0,0.0,0.0,0.0,0.0,0.0,0.0,0.0,0.0,0.0,0.0,0.0,0.0,0.0,0.0,0.0,0.0,0.0,0.0,0.0,0.0,0.0,0.0,0.0,0.0,0.0,0.0,0.0,0.0,0.0,0.0,0.0,0.0,0.0,0.0,0.0,0.0,0.0,0.0,0.0,0.0,0.0,0.0,0.0,0.0,0.0,0.0,0.0,0.0,0.0,0.0,0.0,0.0,0.0,0.0,0.0,0.0,0.0,0.0,0.0,0.0,0.0,0.0,0.0,0.0,0.0,0.0,0.0,0.0,0.0,0.0,0.0,0.0,0.0
0.0,0.0,0.0,0.0,0.0,0.0,0.0,0.0,0.0,0.0,0.0,0.0,0.0,0.0,0.0,0.0,0.0,0.0,0.0,0.0,0.0,0.0,0.0,0.0,0.0,0.0,0.0,0.0,0.0,0.0,0.0,0.0,0.0,0.0,0.0,0.0,0.0,0.0,0.0,0.0,0.0,0.0,0.0,0.0,0.0,0.0,0.0,0.0,0.0,0.0,0.0,0.0,0.0,0.0,0.0,0.0,0.0,0.0,0.0,0.0,0.0,0.0,0.0,0.0,0.0,0.0,0.0,0.0,0.0,0.0,0.0,0.0,0.0,0.0,0.0,0.0,0.0,0.0,0.0,0.0,0.0,0.0,0.0,0.0,0.0,0.0
0.0,0.0,0.0,0.0,0.0,0.0,0.0,0.0,0.0,0.0,0.0,0.0,0.0,0.0,0.0,0.0,0.0,0.0,0.0,0.0,0.0,0.0,0.0,0.0,0.0,0.0,0.0,0.0,0.0,0.0,0.0,0.0,0.0,0.0,0.0,0.0,0.0,0.0,0.0,0.0,0.0,0.0,0.0,0.0,0.0,0.0,0.0,0.0,0.0,0.0,0.0,0.0,0.0,0.0,0.0,0.0,0.0,0.0,0.0,0.0,0.0,0.0,0.0,0.0,0.0,0.0,0.0,0.0,0.0,0.0,0.0,0.0,0.0,0.0,0.0,0.0,0.0,0.0,0.0,0.0,0.0,0.0,0.0,0.0,0.0,0.0
0.0,0.0,0.0,0.0,0.0,0.0,0.0,0.0,0.0,0.0,0.0,0.0,0.0,0.0,0.0,0.0,0.0,0.0,0.0,0.0,0.0,0.0,0.0,0.0,0.0,0.0,0.0,0.0,0.0,0.0,0.0,0.0,0.0,0.0,0.0,0.0,0.0,0.0,0.0,0.0,0.0,0.0,0.0,0.0,0.0,0.0,0.0,0.0,0.0,0.0,0.0,0.0,0.0,0.0,0.0,0.0,0.0,0.0,0.0,0.0,0.0,0.0,0.0,0.0,0.0,0.0,0.0,0.0,0.0,0.0,0.0,0.0,0.0,0.0,0.0,0.0,0.0,0.0,0.0,0.0,0.0,0.0,0.0,0.0,0.0,0.0
0.0,0.0,0.0,0.0,0.0,0.0,0.0,0.0,0.0,0.0,0.0,0.0,0.0,0.0,0.0,0.0,0.0,0.0,0.0,0.0,0.0,0.0,0.0,0.0,0.0,0.0,0.0,0.0,0.0,0.0,0.0,0.0,0.0,0.0,0.0,0.0,0.0,0.0,0.0,0.0,0.0,0.0,0.0,0.0,0.0,0.0,0.0,0.0,0.0,0.0,0.0,0.0,0.0,0.0,0.0,0.0,0.0,0.0,0.0,0.0,0.0,0.0,0.0,0.0,0.0,0.0,0.0,0.0,0.0,0.0,0.0,0.0,0.0,0.0,0.0,0.0,0.0,0.0,0.0,0.0,0.0,0.0,0.0,0.0,0.0,0.0
0.0,0.0,0.0,0.0,0.0,0.0,0.0,0.0,0.0,0.0,0.0,0.0,0.0,0.0,0.0,0.0,0.0,0.0,0.0,0.0,0.0,0.0,0.0,0.0,0.0,0.0,0.0,0.0,0.0,0.0,0.0,0.0,0.0,0.0,0.0,0.0,0.0,0.0,0.0,0.0,0.0,0.0,0.0,0.0,0.0,0.0,0.0,0.0,0.0,0.0,0.0,0.0,0.0,0.0,0.0,0.0,0.0,0.0,0.0,0.0,0.0,0.0,0.0,0.0,0.0,0.0,0.0,0.0,0.0,0.0,0.0,0.0,0.0,0.0,0.0,0.0,0.0,0.0,0.0,0.0,0.0,0.0,0.0,0.0,0.0,0.0
0.0,0.0,0.0,0.0,0.0,0.0,0.0,0.0,0.0,0.0,0.0,0.0,0.0,0.0,0.0,0.0,0.0,0.0,0.0,0.0,0.0,0.0,0.0,0.0,0.0,0.0,0.0,0.0,0.0,0.0,0.0,0.0,0.0,0.0,0.0,0.0,0.0,0.0,0.0,0.0,0.0,0.0,0.0,0.0,0.0,0.0,0.0,0.0,0.0,0.0,0.0,0.0,0.0,0.0,0.0,0.0,0.0,0.0,0.0,0.0,0.0,0.0,0.0,0.0,0.0,0.0,0.0,0.0,0.0,0.0,0.0,0.0,0.0,0.0,0.0,0.0,0.0,0.0,0.0,0.0,0.0,0.0,0.0,0.0,0.0,0.0
1010.0,20231026.0,2.0231026100958e+16,0.884,0.883,4817856.0,23594548.0,0.885,0.882,32357600.0,50124800.0,0.886,0.881,23371500.0,61401200.0,0.887,0.88,15058613.0,92778100.0,0.888,0.879,16058215.0,21985800.0,0.713,0.889,0.884,0.882,0.885,0.891,846867750.0,846867750.0,1.069,588000.0,2023-10-26 10:09:58,0.883830431244044,0.0011318619128466,0.0033955857385399,0.001,-0.001,0.002,249884448.0,91663784.0,-158220664.0,0.8808421838401084,0.886056529752252,341548232.0,158220664.0,0.0001519220335699,-0.007,0.0,0.8835,0.884,0.884,0.884,0.884,846867750.0,846867750.0,1.0,0.0,0.0,0.0,0.0,0.0,0.0,0.781456,0.0,70840.5,298296328463.0,115280.75,-23594548.0,4817856.0,-28412404.0,-50124800.0,32357600.0,-82482400.0,-61401200.0,23371500.0,-84772700.0,-92778100.0,15058613.0,-107836713.0,-21985800.0,16058215.0,-38044015.0,0.0750226980444741,0.0486452923114745
1011.0,20231026.0,2.0231026101058e+16,0.885,0.884,16816400.0,16666710.0,0.886,0.883,18305400.0,39445648.0,0.887,0.882,25970013.0,41471700.0,0.888,0.881,16725815.0,60432800.0,0.889,0.88,13609862.0,93175300.0,0.713,0.889,0.884,0.882,0.885,0.891,858192073.0,858192073.0,1.069,588000.0,2023-10-26 10:10:58,0.8844977646939008,0.0011305822498586,0.003391746749576,0.001,-0.001,0.002,251192158.0,91427490.0,-159764668.0,0.881307285970289,0.8869125792362889,342619648.0,159764668.0,0.0007547620210654,-0.007,0.0,0.8845000000000001,0.884,0.885,0.884,0.884,11324323.0,11324323.0,1.0,-286919.8319145143,9.0,11.0,1.0,1.0,0.0004499999999999,0.7822520500000001,0.001,502802.15,23440144512949.0,552729.75,16666710.0,-16816400.0,33483110.0,39445648.0,-18305400.0,57751048.0,41471700.0,-25970013.0,67441713.0,60432800.0,-16725815.0,77158615.0,93175300.0,-13609862.0,106785162.0,0.1147400894303433,0.0857686309118937
1012.0,20231026.0,2.0231026101158e+16,0.885,0.884,14607900.0,21225500.0,0.886,0.883,18070000.0,41031548.0,0.887,0.882,25824313.0,40550300.0,0.888,0.881,17405315.0,58520600.0,0.889,0.88,13652462.0,93298400.0,0.713,0.889,0.884,0.882,0.885,0.891,868413070.0,868413070.0,1.069,588000.0,2023-10-26 10:11:58,0.8845923384328588,0.0011305822498586,0.003391746749576,0.001,-0.001,0.002,254626348.0,89559990.0,-165066358.0,0.8813652076728524,0.8869712420579771,344186338.0,165066358.0,0.0001069179448586,-0.007,0.0,0.8845000000000001,0.885,0.885,0.884,0.884,10220997.0,10220997.0,1.0,-98362690.01546653,17.0,3.0,2.0,3.0,0.00015,0.7829596499999999,0.0,289249.5,19125308773923.0,302474.0,4558790.0,-2208500.0,6767290.0,1585900.0,-235400.0,1821300.0,-921400.0,-145700.0,-775700.0,-1912200.0,679500.0,-2591700.0,123100.0,42600.0,80500.0,0.1135895750423388,0.0822528794982372
0.0,0.0,0.0,0.0,0.0,0.0,0.0,0.0,0.0,0.0,0.0,0.0,0.0,0.0,0.0,0.0,0.0,0.0,0.0,0.0,0.0,0.0,0.0,0.0,0.0,0.0,0.0,0.0,0.0,0.0,0.0,0.0,0.0,0.0,0.0,0.0,0.0,0.0,0.0,0.0,0.0,0.0,0.0,0.0,0.0,0.0,0.0,0.0,0.0,0.0,0.0,0.0,0.0,0.0,0.0,0.0,0.0,0.0,0.0,0.0,0.0,0.0,0.0,0.0,0.0,0.0,0.0,0.0,0.0,0.0,0.0,0.0,0.0,0.0,0.0,0.0,0.0,0.0,0.0,0.0,0.0,0.0,0.0,0.0,0.0,0.0
1014.0,20231026.0,2.0231026101352e+16,0.885,0.884,24211100.0,2571400.0,0.886,0.883,34968900.0,37860448.0,0.887,0.882,16794713.0,45229600.0,0.888,0.881,16337315.0,58592900.0,0.889,0.88,13584162.0,92922100.0,0.713,0.889,0.885,0.882,0.885,0.891,888216297.0,888216297.0,1.069,588000.0,2023-10-26 10:13:52,0.8840960104545879,0.0011305822498586,0.003391746749576,0.001,-0.001,0.002,237176448.0,105896190.0,-131280258.0,0.8811507004439161,0.8866233532009037,343072638.0,131280258.0,-0.0003856998202684,-0.006,0.001,0.8845000000000001,0.885,0.885,0.884,0.885,8479565.0,8479565.0,1.0,-120650.9392336011,16.0,2.0,2.0,2.0,0.0001111111111112,0.7830284444444444,0.0,404968.0,17281431441719.0,464029.25,-9641700.0,8481200.0,-18122900.0,-7612200.0,7219800.0,-14832000.0,3803300.0,232600.0,3570700.0,10300.0,-297000.0,307300.0,-35000.0,12300.0,-47300.0,0.1133864107244318,0.0881845329677846
0.0,0.0,0.0,0.0,0.0,0.0,0.0,0.0,0.0,0.0,0.0,0.0,0.0,0.0,0.0,0.0,0.0,0.0,0.0,0.0,0.0,0.0,0.0,0.0,0.0,0.0,0.0,0.0,0.0,0.0,0.0,0.0,0.0,0.0,0.0,0.0,0.0,0.0,0.0,0.0,0.0,0.0,0.0,0.0,0.0,0.0,0.0,0.0,0.0,0.0,0.0,0.0,0.0,0.0,0.0,0.0,0.0,0.0,0.0,0.0,0.0,0.0,0.0,0.0,0.0,0.0,0.0,0.0,0.0,0.0,0.0,0.0,0.0,0.0,0.0,0.0,0.0,0.0,0.0,0.0,0.0,0.0,0.0,0.0,0.0,0.0
1016.0,20231026.0,2.0231026101558e+16,0.884,0.883,6600800.0,28768334.0,0.885,0.882,28768000.0,52032600.0,0.886,0.881,25720900.0,61044400.0,0.887,0.88,15685213.0,93288300.0,0.888,0.879,16423715.0,21850700.0,0.713,0.889,0.884,0.882,0.885,0.891,913708701.0,913708701.0,1.069,588000.0,2023-10-26 10:15:58,0.8838133740000533,0.0011318619128466,0.0033955857385399,0.001,-0.001,0.002,256984334.0,93198628.0,-163785706.0,0.8808932992078808,0.8860704199529633,350182962.0,163785706.0,0.0002920589904233,-0.007,0.0,0.8835,0.884,0.884,0.883,0.884,11474708.0,11474708.0,1.0,337307.66860713065,13.0,7.0,4.0,4.0,0.00035,0.78083755,0.001,456480.4,20548589766102.0,845280.25,9240534.0,-9038500.0,18279034.0,8246500.0,-3757000.0,12003500.0,-8545800.0,4964600.0,-13510400.0,-288400.0,502500.0,-790900.0,62000.0,12100.0,49900.0,0.1288592653759348,0.108365705486894
1017.0,20231026.0,2.0231026101658e+16,0.885,0.884,12556800.0,14619200.0,0.886,0.883,31207800.0,37103734.0,0.887,0.882,17371913.0,42166600.0,0.888,0.881,16985115.0,60733200.0,0.889,0.88,13611362.0,93332500.0,0.713,0.889,0.884,0.882,0.885,0.891,929115861.0,929115861.0,1.069,588000.0,2023-10-26 10:16:58,0.8845379452458051,0.0011305822498586,0.003391746749576,0.001,-0.001,0.002,247955234.0,91732990.0,-156222244.0,0.8812698034113688,0.8868679476053272,339688224.0,156222244.0,0.0008194879359269,-0.007,0.0,0.8845000000000001,0.884,0.885,0.884,0.884,15407160.0,15407160.0,1.0,-1308535.8351867646,14.0,6.0,4.0,4.0,0.0003,0.7826943,0.001,700886.0,49120105403772.0,718879.0,14619200.0,-12556800.0,27176000.0,37103734.0,-31207800.0,68311534.0,42166600.0,-17371913.0,59538513.0,60733200.0,-16985115.0,77718315.0,93332500.0,-13611362.0,106943862.0,0.1360790461204979,0.114730414796228
1018.0,20231026.0,2.0231026101758e+16,0.884,0.883,16347400.0,29791134.0,0.885,0.882,36904000.0,52499200.0,0.886,0.881,20263700.0,63251700.0,0.887,0.88,15531313.0,93640100.0,0.888,0.879,16520115.0,21862200.0,0.713,0.889,0.884,0.882,0.885,0.891,945590908.0,945590908.0,1.069,588000.0,2023-10-26 10:17:58,0.8836456887858639,0.0011318619128466,0.0033955857385399,0.001,-0.001,0.002,261044334.0,105566528.0,-155477806.0,0.8809031465973133,0.8858008151125326,366610862.0,155477806.0,-0.0010092351478688,-0.007,0.0,0.8835,0.885,0.885,0.883,0.884,16475047.0,16475047.0,1.0,-106735542.66640368,3.0,3.0,3.0,4.0,0.0,0.7814563000000002,0.0,657329.35,136813735231221.0,274762.5,-29791134.0,16347400.0,-46138534.0,-52499200.0,36904000.0,-89403200.0,-63251700.0,20263700.0,-83515400.0,-93640100.0,15531313.0,-109171413.0,-21862200.0,16520115.0,-38382315.0,0.1441297423309316,0.1184014913541246
1019.0,20231026.0,2.0231026101858e+16,0.884,0.883,3635750.0,30989034.0,0.885,0.882,20492500.0,53795100.0,0.886,0.881,29911800.0,63333200.0,0.887,0.88,15455213.0,94138000.0,0.888,0.879,16771515.0,21857200.0,0.713,0.889,0.884,0.882,0.885,0.891,952082256.0,952082256.0,1.069,588000.0,2023-10-26 10:18:58,0.8838949957348471,0.0011318619128466,0.0033955857385399,0.001,-0.001,0.002,264112534.0,86266778.0,-177845756.0,0.8809164021802919,0.8862461462395176,350379312.0,177845756.0,0.0002820947238383,-0.007,0.0,0.8835,0.884,0.884,0.883,0.884,6491348.0,6491348.0,1.0,-251361.42636425796,15.0,5.0,4.0,4.0,0.0002499999999999,0.78101425,0.0002499999999999,239399.4,4523587445592.0,365040.5,1197900.0,-12711650.0,13909550.0,1295900.0,-16411500.0,17707400.0,81500.0,9648100.0,-9566600.0,497900.0,-76100.0,574000.0,-5000.0,251400.0,-256400.0,0.1146541603740544,0.0862286095489129
1020.0,20231026.0,2.0231026101958e+16,0.883,0.882,26728166.0,24020855.0,0.884,0.881,50287400.0,74015500.0,0.885,0.88,17777000.0,93389800.0,0.886,0.879,17497200.0,22459000.0,0.887,0.878,14011513.0,22646900.0,0.713,0.889,0.883,0.882,0.885,0.891,984559446.0,984559446.0,1.069,588000.0,2023-10-26 10:19:58,0.8824733264706723,0.0011331444759206,0.003399433427762,0.001,-0.001,0.002,236532055.0,126301279.0,-110230776.0,0.8802295858377419,0.8845390109549089,362833334.0,110230776.0,-0.0016097090887375,-0.008,-0.001,0.8825000000000001,0.884,0.884,0.882,0.883,32477190.0,32477190.0,1.0,-107787979.22152632,15.0,5.0,2.0,3.0,0.0005,0.7796895,0.0004999999999999,1520896.5,378762177517786.0,654617.75,-24020855.0,26728166.0,-50749021.0,-74015500.0,50287400.0,-124302900.0,-93389800.0,17777000.0,-111166800.0,-22459000.0,17497200.0,-39956200.0,-22646900.0,14011513.0,-36658413.0,0.143239294595412,0.1136957305548993
1021.0,20231026.0,2.0231026102058e+16,0.883,0.882,21926766.0,29794955.0,0.884,0.881,51849600.0,75305500.0,0.885,0.88,18482500.0,94085900.0,0.886,0.879,17120700.0,26629300.0,0.887,0.878,13276213.0,23034700.0,0.713,0.889,0.883,0.882,0.885,0.891,986929257.0,986929257.0,1.069,588000.0,2023-10-26 10:20:58,0.8825760627145413,0.0011331444759206,0.003399433427762,0.001,-0.001,0.002,248850355.0,122655779.0,-126194576.0,0.8802499361915719,0.8845758046915996,371506134.0,126194576.0,0.0001164117498517,-0.008,0.0,0.8825000000000001,0.882,0.883,0.882,0.883,2369811.0,2369811.0,1.0,111185797.67991012,16.0,4.0,4.0,3.0,0.0002,0.779336,0.0,60992.45,393332697321.0,113955.5,5774100.0,-4801400.0,10575500.0,1290000.0,1562200.0,-272200.0,696100.0,705500.0,-9400.0,4170300.0,-376500.0,4546800.0,387800.0,-735300.0,1123100.0,0.1426271265339675,0.1127142618706366
1022.0,20231026.0,2.0231026102158e+16,0.883,0.882,29448684.0,23933355.0,0.884,0.881,48736100.0,70336200.0,0.885,0.88,18321200.0,103365700.0,0.886,0.879,17461500.0,26620500.0,0.887,0.878,12555213.0,23162300.0,0.713,0.889,0.883,0.882,0.885,0.891,994150346.0,994150346.0,1.069,588000.0,2023-10-26 10:21:58,0.882448340967268,0.0011331444759206,0.003399433427762,0.001,-0.001,0.002,247418055.0,126522697.0,-120895358.0,0.8801829204016659,0.8844857717742138,373940752.0,120895358.0,-0.0001447251915948,-0.008,0.0,0.8825000000000001,0.883,0.883,0.882,0.883,7221089.0,7221089.0,1.0,-366007.0809675008,12.0,8.0,5.0,5.0,0.0003999999999999,0.778983,0.001,283293.95,6225475418877.0,408372.5,-5861600.0,7521918.0,-13383518.0,-4969300.0,-3113500.0,-1855800.0,9279800.0,-161300.0,9441100.0,-8800.0,340800.0,-349600.0,127600.0,-721000.0,848600.0,0.1256470254701833,0.1014716330891033
1023.0,20231026.0,2.0231026102258e+16,0.883,0.882,41539311.0,23061255.0,0.884,0.881,49092700.0,71640100.0,0.885,0.88,20228300.0,104396400.0,0.886,0.879,17157900.0,26992400.0,0.887,0.878,12382313.0,23303900.0,0.713,0.889,0.883,0.882,0.885,0.891,998293525.0,998293525.0,1.069,588000.0,2023-10-26 10:22:58,0.8823569822437779,0.0011331444759206,0.003399433427762,0.001,-0.001,0.002,249394055.0,140400524.0,-108993531.0,0.8801770788401512,0.8843572047067288,389794579.0,108993531.0,-0.0001035340525893,-0.008,0.0,0.8825000000000001,0.882,0.883,0.882,0.883,4143179.0,4143179.0,1.0,112245005.9837753,9.0,11.0,6.0,5.0,0.00045,0.7787182500000001,0.001,155649.0,2166401628701.0,216816.5,-872100.0,12090627.0,-12962727.0,1303900.0,356600.0,947300.0,1030700.0,1907100.0,-876400.0,371900.0,-303600.0,675500.0,141600.0,-172900.0,314500.0,0.1053483729913481,0.0865113274427181
1024.0,20231026.0,2.0231026102358e+16,0.883,0.882,32391011.0,34113155.0,0.884,0.881,48598200.0,77547500.0,0.885,0.88,21768400.0,100140100.0,0.886,0.879,17423700.0,26798700.0,0.887,0.878,12382313.0,24639100.0,0.713,0.889,0.883,0.882,0.885,0.891,1002325183.0,1002325183.0,1.069,588000.0,2023-10-26 10:23:58,0.882512947640002,0.0011331444759206,0.003399433427762,0.001,-0.001,0.002,263238555.0,132563624.0,-130674931.0,0.8802647671044995,0.8844629605479102,395802179.0,130674931.0,0.0001767443526451,-0.008,0.0,0.8825000000000001,0.883,0.883,0.882,0.883,4031658.0,4031658.0,1.0,-296813.9739549905,17.0,3.0,3.0,3.0,0.0001499999999999,0.7794242499999998,0.0,153152.9,1841656869418.0,206650.0,11051900.0,-9148300.0,20200200.0,5907400.0,-494500.0,6401900.0,-4256300.0,1540100.0,-5796400.0,-193700.0,265800.0,-459500.0,1335200.0,0.0,1335200.0,0.1025316402462213,0.086267802916428
1025.0,20231026.0,2.0231026102458e+16,0.883,0.882,35756711.0,35207155.0,0.884,0.881,49852900.0,72755800.0,0.885,0.88,21746400.0,105396800.0,0.886,0.879,17593400.0,25171300.0,0.887,0.878,12449013.0,25168800.0,0.713,0.889,0.883,0.882,0.885,0.891,1006054290.0,1006054290.0,1.069,588000.0,2023-10-26 10:24:58,0.8824961279167063,0.0011331444759206,0.003399433427762,0.001,-0.001,0.002,263699855.0,137398424.0,-126301431.0,0.8802565841759753,0.8844259403150069,401098279.0,126301431.0,-1.9059078538608e-05,-0.008,0.0,0.8825000000000001,0.882,0.883,0.882,0.883,3729107.0,3729107.0,1.0,113423169.70439374,18.0,2.0,2.0,1.0,0.0001000000000003,0.7795124999999999,0.0,95121.85,1524201576889.0,158567.25,1094000.0,3365700.0,-2271700.0,-4791700.0,1254700.0,-6046400.0,5256700.0,-22000.0,5278700.0,-1627400.0,169700.0,-1797100.0,529700.0,66700.0,463000.0,0.0223809822456238,0.0317844855754187
1026.0,20231026.0,2.0231026102558e+16,0.882,0.881,13707865.0,73270500.0,0.883,0.88,34358411.0,108058600.0,0.884,0.879,36457400.0,27018100.0,0.885,0.878,20299100.0,25677200.0,0.886,0.877,17206900.0,13899900.0,0.713,0.889,0.882,0.881,0.885,0.891,1037644767.0,1037644767.0,1.069,588000.0,2023-10-26 10:25:58,0.8818423991414417,0.0011344299489506,0.0034032898468519,0.001,-0.001,0.002,247924300.0,122029676.0,-125894624.0,0.8798112258459538,0.8839421350508215,369953976.0,125894624.0,-0.0007410469081247,-0.009,-0.001,0.8815,0.883,0.883,0.881,0.882,31590477.0,31590477.0,1.0,-114594206.14046614,15.0,5.0,2.0,3.0,0.0001500000000002,0.7776597500000003,0.0002499999999999,1458161.85,436307948827521.0,528400.25,-73270500.0,13707865.0,-86978365.0,-108058600.0,34358411.0,-142417011.0,-27018100.0,36457400.0,-63475500.0,-25677200.0,20299100.0,-45976300.0,-13899900.0,17206900.0,-31106800.0,0.0737921611842562,0.0615906844131102
1027.0,20231026.0,2.0231026102658e+16,0.883,0.882,37345511.0,9852635.0,0.884,0.881,41220500.0,75579900.0,0.885,0.88,20651500.0,109721700.0,0.886,0.879,18321700.0,27119500.0,0.887,0.878,12705213.0,26014000.0,0.713,0.889,0.882,0.881,0.885,0.891,1047573324.0,1047573324.0,1.069,588000.0,2023-10-26 10:26:58,0.8822087504665966,0.0011331444759206,0.003399433427762,0.001,-0.001,0.002,248287735.0,130244424.0,-118043311.0,0.8800649958404108,0.8844458158454446,378532159.0,118043311.0,0.0004153522764951,-0.009,0.0,0.8825000000000001,0.881,0.883,0.881,0.882,9928557.0,9928557.0,1.0,116902472.07494935,5.0,15.0,6.0,5.0,0.0001499999999999,0.77818895,0.0002499999999999,443007.85,31658872535225.0,258574.25,9852635.0,-37345511.0,47198146.0,75579900.0,-41220500.0,116800400.0,109721700.0,-20651500.0,130373200.0,27119500.0,-18321700.0,45441200.0,26014000.0,-12705213.0,38719213.0,0.0798846004695369,0.0671619757981222
1028.0,20231026.0,2.0231026102758e+16,0.883,0.882,32547184.0,19649135.0,0.884,0.881,45968200.0,79199900.0,0.885,0.88,21591700.0,110502000.0,0.886,0.879,17919900.0,26818200.0,0.887,0.878,14551313.0,26518600.0,0.713,0.889,0.882,0.881,0.885,0.891,1051415767.0,1051415767.0,1.069,588000.0,2023-10-26 10:27:58,0.8823764467567148,0.0011331444759206,0.003399433427762,0.001,-0.001,0.002,262687835.0,132578297.0,-130109538.0,0.8801471052894398,0.8845169643640844,395266132.0,130109538.0,0.0001900687945097,-0.009,0.0,0.8825000000000001,0.882,0.883,0.882,0.882,3842443.0,3842443.0,1.0,-956159.5520578474,11.0,9.0,5.0,5.0,0.00045,0.77889475,0.001,135371.65,2115443074691.0,172421.25,9796500.0,-4798327.0,14594827.0,3620000.0,4747700.0,-1127700.0,780300.0,940200.0,-159900.0,-301300.0,-401800.0,100500.0,504600.0,1846100.0,-1341500.0,0.0813600387673309,0.0677449814242412
1029.0,20231026.0,2.0231026102858e+16,0.882,0.881,1116027.0,80992500.0,0.883,0.88,32923084.0,110822400.0,0.884,0.879,45837400.0,29262000.0,0.885,0.878,20864700.0,26390500.0,0.886,0.877,17724900.0,14598600.0,0.713,0.889,0.882,0.881,0.885,0.891,1061626398.0,1061626398.0,1.069,588000.0,2023-10-26 10:28:58,0.8819864079037735,0.0011344299489506,0.0034032898468519,0.001,-0.001,0.002,262066000.0,118466111.0,-143599889.0,0.8798288740241007,0.8841786110966368,380532111.0,143599889.0,-0.0004421299828034,-0.009,0.0,0.8815,0.882,0.883,0.882,0.882,10210631.0,10210631.0,1.0,-267098.38098318875,2.0,18.0,1.0,1.0,9.9999999999989e-05,0.7781005000000001,0.0,389072.45,14319272439971.0,583627.75,-80992500.0,1116027.0,-82108527.0,-110822400.0,32923084.0,-143745484.0,-29262000.0,45837400.0,-75099400.0,-26390500.0,20864700.0,-47255200.0,-14598600.0,17724900.0,-32323500.0,0.0828119072665806,0.0670028941557679
1030.0,20231026.0,2.0231026102958e+16,0.882,0.881,556800.0,84859600.0,0.883,0.88,42914584.0,110700200.0,0.884,0.879,36859800.0,29258900.0,0.885,0.878,21049900.0,26447000.0,0.886,0.877,17488500.0,14448300.0,0.713,0.889,0.882,0.881,0.885,0.891,1068429831.0,1068429831.0,1.069,588000.0,2023-10-26 10:29:58,0.8819934813455027,0.0011344299489506,0.0034032898468519,0.001,-0.001,0.002,265714000.0,118869584.0,-146844416.0,0.8798470603731833,0.8841009401698587,384583584.0,146844416.0,8.019866634956241e-06,-0.009,0.0,0.8815,0.882,0.883,0.882,0.882,6803433.0,6803433.0,1.0,-687180.6565434486,4.0,16.0,4.0,4.0,0.0001999999999998,0.7782770000000002,0.0,132917.5,3328472973935.0,269704.25,3867100.0,-559227.0,4426327.0,-122200.0,9991500.0,-10113700.0,-3100.0,-8977600.0,8974500.0,56500.0,185200.0,-128700.0,-150300.0,-236400.0,86100.0,0.0833653846668013,0.0673081137605328
1031.0,20231026.0,2.0231026103058e+16,0.883,0.882,39135284.0,5001600.0,0.884,0.881,41739600.0,87308100.0,0.885,0.88,21286000.0,112419400.0,0.886,0.879,18519600.0,28653700.0,0.887,0.878,21176800.0,26803400.0,0.713,0.889,0.882,0.881,0.885,0.891,1073921392.0,1073921392.0,1.069,588000.0,2023-10-26 10:30:58,0.8821133201881672,0.0011331444759206,0.003399433427762,0.001,-0.001,0.002,260186200.0,141857284.0,-118328916.0,0.8800578462654822,0.8845831235003766,402043484.0,118328916.0,0.0001358634780441,-0.009,0.0,0.8825000000000001,0.881,0.883,0.881,0.882,5491561.0,5491561.0,1.0,121158606.87526403,17.0,3.0,3.0,2.0,0.0001000000000001,0.7777478000000003,0.0,216057.05,6615185014437.0,241876.0,5001600.0,-39135284.0,44136884.0,87308100.0,-41739600.0,129047700.0,112419400.0,-21286000.0,133705400.0,28653700.0,-18519600.0,47173300.0,26803400.0,-21176800.0,47980200.0,0.052993103852934,0.0427316618747964
1032.0,20231026.0,2.0231026103158e+16,0.883,0.882,42022384.0,13904844.0,0.884,0.881,37330900.0,86787900.0,0.885,0.88,21145000.0,112780700.0,0.886,0.879,19558100.0,29061600.0,0.887,0.878,21103500.0,27313100.0,0.713,0.889,0.883,0.881,0.885,0.891,1076875491.0,1076875491.0,1.069,588000.0,2023-10-26 10:31:58,0.8822486238724365,0.0011331444759206,0.003399433427762,0.001,-0.001,0.002,269848144.0,141159884.0,-128688260.0,0.8801145451198656,0.8845777088623846,411008028.0,128688260.0,0.000153374068161,-0.008,0.001,0.8825000000000001,0.883,0.883,0.882,0.883,2954099.0,2954099.0,1.0,-390943.1809718609,13.0,7.0,4.0,4.0,0.0003500000000002,0.77907125,0.001,113936.0,1030550812883.0,156591.25,8903244.0,2887100.0,6016144.0,-520200.0,-4408700.0,3888500.0,361300.0,-141000.0,502300.0,407900.0,1038500.0,-630600.0,509700.0,-73300.0,583000.0,0.0437738987866851,0.0351228409867606
1033.0,20231026.0,2.0231026103258e+16,0.883,0.882,11103018.0,23278337.0,0.884,0.881,45818800.0,88172200.0,0.885,0.88,22929200.0,110650200.0,0.886,0.879,19830400.0,27497200.0,0.887,0.878,21233500.0,27386500.0,0.713,0.889,0.883,0.881,0.885,0.891,1080511477.0,1080511477.0,1.069,588000.0,2023-10-26 10:32:58,0.8826770628150054,0.0011331444759206,0.003399433427762,0.001,-0.001,0.002,276984437.0,120914918.0,-156069519.0,0.8801893921354146,0.8849526325113994,397899355.0,156069519.0,0.0004855036721559,-0.008,0.0,0.8825000000000001,0.882,0.883,0.882,0.883,3635986.0,3635986.0,1.0,121551784.4279578,12.0,8.0,5.0,4.0,0.0003999999999999,0.778983,0.001,99639.3,1288923465082.0,194464.25,9373493.0,-30919366.0,40292859.0,1384300.0,8487900.0,-7103600.0,-2130500.0,1784200.0,-3914700.0,-1564400.0,272300.0,-1836700.0,73400.0,130000.0,-56600.0,0.0474712141100624,0.0371560542838642
0.0,0.0,0.0,0.0,0.0,0.0,0.0,0.0,0.0,0.0,0.0,0.0,0.0,0.0,0.0,0.0,0.0,0.0,0.0,0.0,0.0,0.0,0.0,0.0,0.0,0.0,0.0,0.0,0.0,0.0,0.0,0.0,0.0,0.0,0.0,0.0,0.0,0.0,0.0,0.0,0.0,0.0,0.0,0.0,0.0,0.0,0.0,0.0,0.0,0.0,0.0,0.0,0.0,0.0,0.0,0.0,0.0,0.0,0.0,0.0,0.0,0.0,0.0,0.0,0.0,0.0,0.0,0.0,0.0,0.0,0.0,0.0,0.0,0.0,0.0,0.0,0.0,0.0,0.0,0.0,0.0,0.0,0.0,0.0,0.0,0.0
1035.0,20231026.0,2.0231026103458e+16,0.883,0.882,7645818.0,30997194.0,0.884,0.881,45963100.0,93128700.0,0.885,0.88,24311700.0,102426100.0,0.886,0.879,20912900.0,26913500.0,0.887,0.878,21229500.0,27751200.0,0.713,0.889,0.882,0.881,0.885,0.891,1089426288.0,1089426288.0,1.069,588000.0,2023-10-26 10:34:58,0.8828021422864242,0.0011331444759206,0.003399433427762,0.001,-0.001,0.002,281216694.0,120063018.0,-161153676.0,0.8802585450634733,0.8850176337729574,401279712.0,161153676.0,0.0001315290704489,-0.009,-0.001,0.8825000000000001,0.883,0.883,0.882,0.882,5988676.0,5988676.0,1.0,-123696456.43151192,17.0,3.0,2.0,3.0,0.0001499999999999,0.77942425,0.0,211833.8,3380433113162.0,405135.25,5341300.0,-4095600.0,9436900.0,4201100.0,-865000.0,5066100.0,-8488200.0,1260000.0,-9748200.0,-496500.0,384700.0,-881200.0,133000.0,0.0,133000.0,0.0589891781181,0.0478584960386474
1036.0,20231026.0,2.0231026103558e+16,0.883,0.882,5997718.0,33837794.0,0.884,0.881,46240600.0,97921600.0,0.885,0.88,24815200.0,102194100.0,0.886,0.879,21174100.0,26699900.0,0.887,0.878,21239800.0,27664200.0,0.713,0.889,0.883,0.881,0.885,0.891,1092636036.0,1092636036.0,1.069,588000.0,2023-10-26 10:35:58,0.8828494379085676,0.0011331444759206,0.003399433427762,0.001,-0.001,0.002,288317594.0,119467418.0,-168850176.0,0.8802898501157719,0.8850453484648008,407785012.0,168850176.0,5.35729955844777e-05,-0.008,0.001,0.8825000000000001,0.883,0.883,0.882,0.883,3209748.0,3209748.0,1.0,-136435.15689399838,18.0,2.0,1.0,1.0,9.9999999999989e-05,0.7795124999999998,0.0,129227.5,1088066364658.0,190863.0,2840600.0,-1648100.0,4488700.0,4792900.0,277500.0,4515400.0,-232000.0,503500.0,-735500.0,-213600.0,261200.0,-474800.0,-87000.0,10300.0,-97300.0,0.0588288922028099,0.0479447526853682
1037.0,20231026.0,2.0231026103658e+16,0.883,0.882,31191200.0,10930594.0,0.884,0.881,22003300.0,89084600.0,0.885,0.88,22795568.0,112653500.0,0.886,0.879,20059200.0,27725800.0,0.887,0.878,10976200.0,27719800.0,0.713,0.889,0.883,0.881,0.885,0.891,1113960441.0,1113960441.0,1.069,588000.0,2023-10-26 10:36:58,0.8822594997259612,0.0011331444759206,0.003399433427762,0.001,-0.001,0.002,268114294.0,107025468.0,-161088826.0,0.8801036139759113,0.8846040746114747,375139762.0,161088826.0,-0.00066844396059,-0.008,0.0,0.8825000000000001,0.883,0.883,0.882,0.883,21324405.0,21324405.0,1.0,1358137.3317617476,13.0,7.0,5.0,5.0,0.0003499999999998,0.7790712500000001,0.001,1031562.75,318710484375607.0,166580.0,-22907200.0,25193482.0,-48100682.0,-8837000.0,-24237300.0,15400300.0,10459400.0,-2019632.0,12479032.0,1025900.0,-1114900.0,2140800.0,55600.0,-10263600.0,10319200.0,0.0774801567119583,0.0599532802196551
1038.0,20231026.0,2.0231026103758e+16,0.883,0.882,32654200.0,8493194.0,0.884,0.881,22243900.0,88824200.0,0.885,0.88,22807368.0,112955500.0,0.886,0.879,26109200.0,27685500.0,0.887,0.878,10898900.0,27804200.0,0.713,0.889,0.882,0.881,0.885,0.891,1119119262.0,1119119262.0,1.069,588000.0,2023-10-26 10:37:58,0.8822064090377145,0.0011331444759206,0.003399433427762,0.001,-0.001,0.002,265762594.0,114713568.0,-151049026.0,0.880084724820228,0.8846543974641256,380476162.0,151049026.0,-6.017762995474962e-05,-0.009,-0.001,0.8825000000000001,0.883,0.883,0.882,0.882,5158821.0,5158821.0,1.0,-126867771.96439174,9.0,11.0,2.0,3.0,0.0004499999999998,0.7787182500000001,0.001,221467.55,4646696040019.0,225884.5,-2437400.0,1463000.0,-3900400.0,-260400.0,240600.0,-501000.0,302000.0,11800.0,290200.0,-40300.0,6050000.0,-6090300.0,84400.0,-77300.0,161700.0,0.0719280961984956,0.0544033871609816
1039.0,20231026.0,2.0231026103858e+16,0.883,0.882,32320100.0,11074758.0,0.884,0.881,23343700.0,90201300.0,0.885,0.88,22966368.0,113359300.0,0.886,0.879,29968300.0,27925700.0,0.887,0.878,10568200.0,28069800.0,0.713,0.889,0.883,0.881,0.885,0.891,1120709228.0,1120709228.0,1.069,588000.0,2023-10-26 10:38:58,0.8822552089927336,0.0011331444759206,0.003399433427762,0.001,-0.001,0.002,270630858.0,119166668.0,-151464190.0,0.8801045169653195,0.8846905241992669,389797526.0,151464190.0,5.531427210750395e-05,-0.008,0.001,0.8825000000000001,0.882,0.883,0.882,0.883,1589966.0,1589966.0,1.0,126416913.25914297,10.0,10.0,4.0,3.0,0.0005,0.7788065,0.001,54669.3,234377309146.0,98401.75,2581564.0,-334100.0,2915664.0,1377100.0,1099800.0,277300.0,403800.0,159000.0,244800.0,240200.0,3859100.0,-3618900.0,265600.0,-330700.0,596300.0,0.0578022633708241,0.0437986582663586
1040.0,20231026.0,2.0231026103958e+16,0.883,0.882,38122000.0,5633958.0,0.884,0.881,19933400.0,90843300.0,0.885,0.88,23159968.0,113840500.0,0.886,0.879,29968300.0,27615900.0,0.887,0.878,10495600.0,28227800.0,0.713,0.889,0.883,0.881,0.885,0.891,1128124777.0,1128124777.0,1.069,588000.0,2023-10-26 10:39:58,0.8821287586481364,0.0011331444759206,0.003399433427762,0.001,-0.001,0.002,266161458.0,121679268.0,-144482190.0,0.880067777341376,0.8846283845165801,387840726.0,144482190.0,-0.0001433365380016,-0.008,0.0,0.8825000000000001,0.883,0.883,0.882,0.883,7415549.0,7415549.0,1.0,-160104.93203693628,15.0,5.0,5.0,5.0,0.0002499999999999,0.7792477499999999,0.0002499999999999,298050.95,10081008253099.0,262115.0,-5440800.0,5801900.0,-11242700.0,642000.0,-3410300.0,4052300.0,481200.0,193600.0,287600.0,-309800.0,0.0,-309800.0,158000.0,-72600.0,230600.0,0.0571760451408825,0.0435968809405851
1041.0,20231026.0,2.0231026104058e+16,0.882,0.881,37400.0,90854800.0,0.883,0.88,38741700.0,114174700.0,0.884,0.879,19598400.0,28130900.0,0.885,0.878,22856968.0,28623600.0,0.886,0.877,29968500.0,15347100.0,0.713,0.889,0.881,0.881,0.885,0.891,1136649932.0,1136649932.0,1.069,588000.0,2023-10-26 10:40:58,0.8819995885235477,0.0011344299489506,0.0034032898468519,0.001,-0.001,0.002,277131100.0,111202968.0,-165928132.0,0.8798536266770492,0.8843954702719806,388334068.0,165928132.0,-0.0001464407337785,-0.01,-0.002,0.8815,0.883,0.883,0.881,0.881,8525155.0,8525155.0,1.0,-257586257.14965525,6.0,14.0,3.0,5.0,0.0005,0.7781009000000001,0.001,368161.75,9114397143023.0,707245.75,-90854800.0,37400.0,-90892200.0,-114174700.0,38741700.0,-152916400.0,-28130900.0,19598400.0,-47729300.0,-28623600.0,22856968.0,-51480568.0,-15347100.0,29968500.0,-45315600.0,0.0647991735741871,0.0482914113009221
1042.0,20231026.0,2.0231026104158e+16,0.883,0.882,41271600.0,4153300.0,0.884,0.881,20020900.0,92072500.0,0.885,0.88,22236568.0,116724600.0,0.886,0.879,29685500.0,28018700.0,0.887,0.878,10525600.0,28771100.0,0.713,0.889,0.883,0.881,0.885,0.891,1138787436.0,1138787436.0,1.069,588000.0,2023-10-26 10:41:58,0.8820914322321018,0.0011331444759206,0.003399433427762,0.001,-0.001,0.002,269740200.0,123740168.0,-146000032.0,0.8800549350819789,0.8845811594501796,393480368.0,146000032.0,0.000104125816136,-0.008,0.002,0.8825000000000001,0.882,0.883,0.882,0.883,2137504.0,2137504.0,1.0,128326850.78517644,7.0,13.0,5.0,4.0,0.0003499999999997,0.7785417499999999,0.001,63762.5,358918922632.0,101420.5,4153300.0,-41271600.0,45424900.0,92072500.0,-20020900.0,112093400.0,116724600.0,-22236568.0,138961168.0,28018700.0,-29685500.0,57704200.0,28771100.0,-10525600.0,39296700.0,0.0410336903381096,0.0306009272469402
1043.0,20231026.0,2.0231026104258e+16,0.883,0.882,41205300.0,9887800.0,0.884,0.881,20924300.0,93079700.0,0.885,0.88,22262568.0,116828800.0,0.886,0.879,29415200.0,27609700.0,0.887,0.878,10525600.0,28831400.0,0.713,0.889,0.883,0.881,0.885,0.891,1141583836.0,1141583836.0,1.069,588000.0,2023-10-26 10:42:58,0.8821935251531029,0.0011331444759206,0.003399433427762,0.001,-0.001,0.002,276237400.0,124332968.0,-151904432.0,0.8800998517941452,0.8845747829328742,400570368.0,151904432.0,0.0001157329156921,-0.008,0.0,0.8825000000000001,0.883,0.883,0.882,0.883,2796400.0,2796400.0,1.0,-539275.5071224123,10.0,10.0,5.0,5.0,0.0005,0.7788065,0.001,72244.0,700534479848.0,139411.75,5734500.0,-66300.0,5800800.0,1007200.0,903400.0,103800.0,104200.0,26000.0,78200.0,-409000.0,-270300.0,-138700.0,60300.0,0.0,60300.0,0.0419405571596792,0.0313786209914046
1044.0,20231026.0,2.0231026104358e+16,0.883,0.882,46051407.0,392700.0,0.884,0.881,21078000.0,92807300.0,0.885,0.88,22135668.0,117001000.0,0.886,0.879,29435200.0,27692200.0,0.887,0.878,10540700.0,29079800.0,0.713,0.889,0.883,0.881,0.885,0.891,1148632924.0,1148632924.0,1.069,588000.0,2023-10-26 10:43:58,0.8820084553245905,0.0011331444759206,0.003399433427762,0.001,-0.001,0.002,266973000.0,129240975.0,-137732025.0,0.8800289950669168,0.884515136635266,396213975.0,137732025.0,-0.000209805715263,-0.008,0.0,0.8825000000000001,0.882,0.883,0.882,0.883,7049088.0,7049088.0,1.0,129580155.88143912,3.0,17.0,3.0,2.0,0.0001499999999999,0.7781887500000002,0.0,320790.9,6889282860332.0,295555.0,-9495100.0,4846107.0,-14341207.0,-272400.0,153700.0,-426100.0,172200.0,-126900.0,299100.0,82500.0,20000.0,62500.0,248400.0,15100.0,233300.0,0.0487804646262728,0.0818726832921505
1045.0,20231026.0,2.0231026104458e+16,0.883,0.882,30960307.0,21801800.0,0.884,0.881,32206300.0,93995500.0,0.885,0.88,24008668.0,117757300.0,0.886,0.879,30102500.0,27758000.0,0.887,0.878,10575800.0,29157200.0,0.713,0.889,0.882,0.881,0.885,0.891,1151152687.0,1151152687.0,1.069,588000.0,2023-10-26 10:44:58,0.8824132094269851,0.0011331444759206,0.003399433427762,0.001,-0.001,0.002,290469800.0,127853575.0,-162616225.0,0.8801773909025998,0.884664672544354,418323375.0,162616225.0,0.0004587952161099,-0.009,-0.001,0.8825000000000001,0.883,0.883,0.882,0.882,2519763.0,2519763.0,1.0,-131157525.20435132,11.0,9.0,5.0,6.0,0.0004500000000001,0.77889475,0.001,85437.5,674167650171.0,136725.0,21409100.0,-15091100.0,36500200.0,1188200.0,11128300.0,-9940100.0,756300.0,1873000.0,-1116700.0,65800.0,667300.0,-601500.0,77400.0,35100.0,42300.0,0.064461440609558,0.0865997941368737
1046.0,20231026.0,2.0231026104558e+16,0.883,0.882,33073107.0,13855000.0,0.884,0.881,31950800.0,93611700.0,0.885,0.88,23858668.0,117048200.0,0.886,0.879,29902500.0,28313000.0,0.887,0.878,10581800.0,29208000.0,0.713,0.889,0.883,0.881,0.885,0.891,1153888938.0,1153888938.0,1.069,588000.0,2023-10-26 10:45:58,0.8822952388426833,0.0011331444759206,0.003399433427762,0.001,-0.001,0.002,282035900.0,129366875.0,-152669025.0,0.8801226535345322,0.8846364531956112,411402775.0,152669025.0,-0.000133699801339,-0.008,0.001,0.8825000000000001,0.883,0.883,0.882,0.883,2736251.0,2736251.0,1.0,-547373.8540791571,15.0,5.0,4.0,4.0,0.0002499999999999,0.7792477499999999,0.0002499999999999,113732.05,744543197813.0,189544.75,-7946800.0,2112800.0,-10059600.0,-383800.0,-255500.0,-128300.0,-709100.0,-150000.0,-559100.0,555000.0,-200000.0,755000.0,50800.0,6000.0,44800.0,0.06463255698809,0.0852267721595095
1047.0,20231026.0,2.0231026104658e+16,0.883,0.882,43736407.0,5292300.0,0.884,0.881,23977900.0,95031500.0,0.885,0.88,23255268.0,117708600.0,0.886,0.879,29902500.0,28589600.0,0.887,0.878,10581800.0,29258900.0,0.713,0.889,0.882,0.881,0.885,0.891,1155228952.0,1155228952.0,1.069,588000.0,2023-10-26 10:46:58,0.8821079428833397,0.0011331444759206,0.003399433427762,0.001,-0.001,0.002,275880900.0,131453875.0,-144427025.0,0.8800670894578059,0.884540640289227,407334775.0,144427025.0,-0.0002123051715015,-0.009,-0.001,0.8825000000000001,0.883,0.883,0.882,0.882,1340014.0,1340014.0,1.0,-131461995.90565562,9.0,11.0,4.0,5.0,0.0004499999999998,0.7787182500000001,0.001,50891.5,194032719476.0,101364.0,-8562700.0,10663300.0,-19226000.0,1419800.0,-7972900.0,9392700.0,660400.0,-603400.0,1263800.0,276600.0,0.0,276600.0,50900.0,0.0,50900.0,0.0681135401221554,0.0865203036908026
1048.0,20231026.0,2.0231026104758e+16,0.883,0.882,43726007.0,5733000.0,0.884,0.881,23904100.0,95369600.0,0.885,0.88,23181068.0,118168200.0,0.886,0.879,31032400.0,28701900.0,0.887,0.878,10621800.0,29239200.0,0.713,0.889,0.883,0.881,0.885,0.891,1157326640.0,1157326640.0,1.069,588000.0,2023-10-26 10:47:58,0.8821159141751471,0.0011331444759206,0.003399433427762,0.001,-0.001,0.002,277211900.0,132465375.0,-144746525.0,0.8800709035218185,0.884553995797015,409677275.0,144746525.0,9.036599041056805e-06,-0.008,0.001,0.8825000000000001,0.882,0.883,0.882,0.883,2097688.0,2097688.0,1.0,130496560.24478509,13.0,7.0,4.0,3.0,0.00035,0.7790712499999999,0.001,92437.9,626200530304.0,118353.0,440700.0,-10400.0,451100.0,338100.0,-73800.0,411900.0,459600.0,-74200.0,533800.0,112300.0,1129900.0,-1017600.0,-19700.0,40000.0,-59700.0,0.0692602594691451,0.087013305960299
1049.0,20231026.0,2.0231026104858e+16,0.882,0.881,25029900.0,94594800.0,0.883,0.88,37683307.0,109443200.0,0.884,0.879,22051000.0,38848300.0,0.885,0.878,21700768.0,29200500.0,0.886,0.877,31052400.0,16575700.0,0.713,0.889,0.881,0.881,0.885,0.891,1164141850.0,1164141850.0,1.069,588000.0,2023-10-26 10:48:58,0.8817907631116316,0.0011344299489506,0.0034032898468519,0.001,-0.001,0.002,288662500.0,137517375.0,-151145125.0,0.8798185368726454,0.883971366970901,426179875.0,151145125.0,-0.0003686715078356,-0.01,-0.002,0.8815,0.883,0.883,0.881,0.881,6815210.0,6815210.0,1.0,-264068482.8189281,2.0,18.0,1.0,3.0,4.999999999988347e-05,0.7780123500000001,0.0,301115.0,23707747786652.0,121937.25,-94594800.0,25029900.0,-119624700.0,-109443200.0,37683307.0,-147126507.0,-38848300.0,22051000.0,-60899300.0,-29200500.0,21700768.0,-50901268.0,-16575700.0,31052400.0,-47628100.0,0.062622230491506,0.0486012699058216
1050.0,20231026.0,2.0231026104958e+16,0.882,0.881,32937400.0,93037600.0,0.883,0.88,32764007.0,109391500.0,0.884,0.879,20698200.0,38843700.0,0.885,0.878,21687468.0,29453900.0,0.886,0.877,30922500.0,16641400.0,0.713,0.889,0.882,0.881,0.885,0.891,1167939937.0,1167939937.0,1.069,588000.0,2023-10-26 10:49:58,0.8817385401865449,0.0011344299489506,0.0034032898468519,0.001,-0.001,0.002,287368100.0,139009575.0,-148358525.0,0.879809867205163,0.8838913287879631,426377675.0,148358525.0,-5.922546906861337e-05,-0.009,0.001,0.8815,0.882,0.882,0.881,0.882,3798087.0,3798087.0,1.0,-425611.0959254056,15.0,5.0,4.0,4.0,0.00025,0.7774832500000003,0.0002499999999999,134838.35,1739387487461.0,194550.75,-1557200.0,7907500.0,-9464700.0,-51700.0,-4919300.0,4867600.0,-4600.0,-1352800.0,1348200.0,253400.0,-13300.0,266700.0,65700.0,-129900.0,195600.0,0.0504566523289404,0.0389203054464494
1051.0,20231026.0,2.0231026105058e+16,0.882,0.881,24232200.0,94483000.0,0.883,0.88,38095907.0,110035800.0,0.884,0.879,20743200.0,38967800.0,0.885,0.878,19747468.0,29745200.0,0.886,0.877,27897900.0,17183400.0,0.713,0.889,0.882,0.881,0.885,0.891,1170905500.0,1170905500.0,1.069,588000.0,2023-10-26 10:50:58,0.8817958795503862,0.0011344299489506,0.0034032898468519,0.001,-0.001,0.002,290415200.0,130716675.0,-159698525.0,0.8798088068393115,0.883915718182091,421131875.0,159698525.0,6.502777969039086e-05,-0.009,0.0,0.8815,0.882,0.882,0.881,0.882,2965563.0,2965563.0,1.0,-784290.0614124984,13.0,7.0,6.0,6.0,0.0003499999999998,0.77730695,0.001,73360.0,976364963303.0,91862.0,1445400.0,-8705200.0,10150600.0,644300.0,5331900.0,-4687600.0,124100.0,45000.0,79100.0,291300.0,-1940000.0,2231300.0,542000.0,-3024600.0,3566600.0,0.0431113552902231,0.032688629304454
1052.0,20231026.0,2.0231026105158e+16,0.883,0.882,42998407.0,17809200.0,0.884,0.881,23000600.0,94711600.0,0.885,0.88,20687368.0,118645500.0,0.886,0.879,27911100.0,29263700.0,0.887,0.878,10728500.0,29145400.0,0.713,0.889,0.883,0.881,0.885,0.891,1184716698.0,1184716698.0,1.069,588000.0,2023-10-26 10:51:58,0.8822928778302359,0.0011331444759206,0.003399433427762,0.001,-0.001,0.002,289575400.0,125325975.0,-164249425.0,0.8801477180036702,0.8845242062629075,414901375.0,164249425.0,0.0005634617769878,-0.008,0.001,0.8825000000000001,0.881,0.883,0.881,0.883,13811198.0,13811198.0,1.0,267580904.97427684,6.0,14.0,4.0,2.0,0.0001999999999997,0.7782772,0.001,612981.9,53021948629480.0,415878.0,17809200.0,-42998407.0,60807607.0,94711600.0,-23000600.0,117712200.0,118645500.0,-20687368.0,139332868.0,29263700.0,-27911100.0,57174800.0,29145400.0,-10728500.0,39873900.0,0.0457428363271664,0.0350600101804176
1053.0,20231026.0,2.0231026105258e+16,0.882,0.881,794000.0,94512700.0,0.883,0.88,33159807.0,110786900.0,0.884,0.879,22376800.0,38063000.0,0.885,0.878,20657468.0,29453400.0,0.886,0.877,27909000.0,17269600.0,0.713,0.889,0.882,0.881,0.885,0.891,1194209158.0,1194209158.0,1.069,588000.0,2023-10-26 10:52:58,0.881991669001235,0.0011344299489506,0.0034032898468519,0.001,-0.001,0.002,290085600.0,104897075.0,-185188525.0,0.8798129314243796,0.884397796230257,394982675.0,185188525.0,-0.0003414515333915,-0.009,-0.001,0.8815,0.883,0.883,0.881,0.882,9492460.0,9492460.0,1.0,-134607995.854407,18.0,2.0,2.0,3.0,4.999999999999449e-05,0.7778359500000003,0.0,414649.5,27069152730218.0,353921.75,-94512700.0,794000.0,-95306700.0,-110786900.0,33159807.0,-143946707.0,-38063000.0,22376800.0,-60439800.0,-29453400.0,20657468.0,-50110868.0,-17269600.0,27909000.0,-45178600.0,0.0562481292946139,0.0426850253021647
1054.0,20231026.0,2.0231026105358e+16,0.882,0.881,24200.0,95887800.0,0.883,0.88,38788107.0,112728600.0,0.884,0.879,22561900.0,38008600.0,0.885,0.878,20787468.0,29505600.0,0.886,0.877,27924800.0,17368000.0,0.713,0.889,0.882,0.881,0.885,0.891,1197881001.0,1197881001.0,1.069,588000.0,2023-10-26 10:53:58,0.8819997476853783,0.0011344299489506,0.0034032898468519,0.001,-0.001,0.002,293498600.0,110086475.0,-183412125.0,0.879818615829854,0.8843433715267929,403585075.0,183412125.0,9.159550400122953e-06,-0.009,0.0,0.8815,0.881,0.882,0.881,0.882,3671843.0,3671843.0,1.0,135421210.43083912,18.0,2.0,1.0,0.0,0.0001000000000001,0.7777477000000002,0.0,139283.15,1549650799653.0,186541.0,1375100.0,-769800.0,2144900.0,1941700.0,5628300.0,-3686600.0,-54400.0,185100.0,-239500.0,52200.0,130000.0,-77800.0,98400.0,15800.0,82600.0,0.0470308289059535,0.0360990141251853
0.0,0.0,0.0,0.0,0.0,0.0,0.0,0.0,0.0,0.0,0.0,0.0,0.0,0.0,0.0,0.0,0.0,0.0,0.0,0.0,0.0,0.0,0.0,0.0,0.0,0.0,0.0,0.0,0.0,0.0,0.0,0.0,0.0,0.0,0.0,0.0,0.0,0.0,0.0,0.0,0.0,0.0,0.0,0.0,0.0,0.0,0.0,0.0,0.0,0.0,0.0,0.0,0.0,0.0,0.0,0.0,0.0,0.0,0.0,0.0,0.0,0.0,0.0,0.0,0.0,0.0,0.0,0.0,0.0,0.0,0.0,0.0,0.0,0.0,0.0,0.0,0.0,0.0,0.0,0.0,0.0,0.0,0.0,0.0,0.0,0.0
1056.0,20231026.0,2.0231026105558e+16,0.883,0.882,41502807.0,962800.0,0.884,0.881,23531600.0,99304000.0,0.885,0.88,22611868.0,112270900.0,0.886,0.879,27309100.0,37722700.0,0.887,0.878,10599100.0,31745800.0,0.713,0.889,0.882,0.881,0.885,0.891,1208102960.0,1208102960.0,1.069,588000.0,2023-10-26 10:55:58,0.882022672465273,0.0011331444759206,0.003399433427762,0.001,-0.001,0.002,282006200.0,125554475.0,-156451725.0,0.8800000542541263,0.8845378108665581,407560675.0,156451725.0,2.9492231255340284e-05,-0.009,0.0,0.8825000000000001,0.882,0.883,0.882,0.882,3816802.0,3816802.0,1.0,-845416.647534728,8.0,12.0,5.0,5.0,0.0003999999999999,0.7786299999999999,0.001,178267.6,2002238200434.0,197591.25,962800.0,-41502807.0,42465607.0,99304000.0,-23531600.0,122835600.0,112270900.0,-22611868.0,134882768.0,37722700.0,-27309100.0,65031800.0,31745800.0,-10599100.0,42344900.0,0.0509147884636029,0.0387042692836121
1057.0,20231026.0,2.0231026105658e+16,0.882,0.881,19063800.0,98724100.0,0.883,0.88,36374807.0,113100600.0,0.884,0.879,25186400.0,38235300.0,0.885,0.878,22031768.0,31456600.0,0.886,0.877,27161100.0,17413500.0,0.713,0.889,0.882,0.881,0.885,0.891,1211656162.0,1211656162.0,1.069,588000.0,2023-10-26 10:56:58,0.8818381514569833,0.0011344299489506,0.0034032898468519,0.001,-0.001,0.002,298930100.0,129817875.0,-169112225.0,0.8798171314966274,0.8840142627584991,428747975.0,169112225.0,-0.0002092240005109,-0.009,0.0,0.8815,0.882,0.882,0.881,0.882,3553202.0,3553202.0,1.0,-535263.5201186538,15.0,5.0,4.0,4.0,0.00025,0.7774832500000002,0.0002499999999999,154862.1,1739034438236.0,224364.75,-98724100.0,19063800.0,-117787900.0,-113100600.0,36374807.0,-149475407.0,-38235300.0,25186400.0,-63421700.0,-31456600.0,22031768.0,-53488368.0,-17413500.0,27161100.0,-44574600.0,0.0463813095780917,0.0351233204077288
1058.0,20231026.0,2.0231026105758e+16,0.882,0.881,36506624.0,96813700.0,0.883,0.88,28536907.0,112753500.0,0.884,0.879,24259000.0,38215500.0,0.885,0.878,21907768.0,31865700.0,0.886,0.877,27163100.0,17614200.0,0.713,0.889,0.882,0.881,0.885,0.891,1215605651.0,1215605651.0,1.069,588000.0,2023-10-26 10:57:58,0.8817261736027585,0.0011344299489506,0.0034032898468519,0.001,-0.001,0.002,297262600.0,138373399.0,-158889201.0,0.87980496772887,0.8838170444089474,435635999.0,158889201.0,-0.0001269903828106,-0.009,0.0,0.8815,0.882,0.882,0.881,0.882,3949489.0,3949489.0,1.0,-515350.73290768266,12.0,8.0,4.0,4.0,0.0003999999999999,0.7772188000000002,0.001,179800.45,2336285436547.0,218810.75,-1910400.0,17442824.0,-19353224.0,-347100.0,-7837900.0,7490800.0,-19800.0,-927400.0,907600.0,409100.0,-124000.0,533100.0,200700.0,2000.0,198700.0,0.028491250091101,0.022976370681019
1059.0,20231026.0,2.0231026105858e+16,0.882,0.881,28617324.0,93529200.0,0.883,0.88,33430907.0,113769900.0,0.884,0.879,24278600.0,38801400.0,0.885,0.878,21282368.0,31891100.0,0.886,0.877,25113100.0,17761600.0,0.713,0.889,0.881,0.881,0.885,0.891,1219319057.0,1219319057.0,1.069,588000.0,2023-10-26 10:58:58,0.8817657131528361,0.0011344299489506,0.0034032898468519,0.001,-0.001,0.002,295753200.0,132722299.0,-163030901.0,0.8797892188486887,0.8838556611274493,428475499.0,163030901.0,4.484233852303232e-05,-0.01,-0.001,0.8815,0.882,0.882,0.881,0.881,3713406.0,3713406.0,1.0,-138586286.8846216,14.0,6.0,2.0,3.0,0.0002999999999999,0.7773951000000001,0.001,167854.3,1693995747670.0,362127.25,-3284500.0,-7889300.0,4604800.0,1016400.0,4894000.0,-3877600.0,585900.0,19600.0,566300.0,25400.0,-625400.0,650800.0,147400.0,-2050000.0,2197400.0,0.0274919494856004,0.0208132021150881
1100.0,20231026.0,2.0231026105958e+16,0.882,0.881,33833953.0,93266717.0,0.883,0.88,29443807.0,114056100.0,0.884,0.879,23393700.0,39505700.0,0.885,0.878,21155268.0,32035100.0,0.886,0.877,25118000.0,17926500.0,0.713,0.889,0.882,0.881,0.885,0.891,1220912751.0,1220912751.0,1.069,588000.0,2023-10-26 10:59:58,0.881733801930391,0.0011344299489506,0.0034032898468519,0.001,-0.001,0.002,296790117.0,132944728.0,-163845389.0,0.8797840605891872,0.8838065327945912,429734845.0,163845389.0,-3.619079242803136e-05,-0.009,0.001,0.8815,0.881,0.882,0.881,0.882,1593694.0,1593694.0,1.0,137636821.8258473,15.0,5.0,5.0,4.0,0.0002499999999999,0.7774832500000003,0.0002499999999999,58474.7,321234701778.0,52725.25,-262483.0,5216629.0,-5479112.0,286200.0,-3987100.0,4273300.0,704300.0,-884900.0,1589200.0,144000.0,-127100.0,271100.0,164900.0,4900.0,160000.0,0.0240550081503147,0.0199673889395359
1101.0,20231026.0,2.0231026110058e+16,0.882,0.881,42859453.0,92160617.0,0.883,0.88,29643807.0,115918400.0,0.884,0.879,23478700.0,39807800.0,0.885,0.878,20471368.0,32326200.0,0.886,0.877,25118000.0,18010200.0,0.713,0.889,0.881,0.881,0.885,0.891,1223850222.0,1223850222.0,1.069,588000.0,2023-10-26 11:00:58,0.8816825697616658,0.0011344299489506,0.0034032898468519,0.001,-0.001,0.002,298223217.0,141571328.0,-156651889.0,0.8797775820954946,0.8836845735246618,439794545.0,156651889.0,-5.810558364094387e-05,-0.01,-0.001,0.8815,0.881,0.882,0.881,0.881,2937471.0,2937471.0,1.0,-807305.8265834749,10.0,10.0,4.0,4.0,0.0005,0.7770425000000001,0.001,119891.05,958745053545.0,173939.25,-1106100.0,9025500.0,-10131600.0,1862300.0,200000.0,1662300.0,302100.0,85000.0,217100.0,291100.0,-683900.0,975000.0,83700.0,0.0,83700.0,0.0166385002692463,0.0154260237028485
1102.0,20231026.0,2.0231026110158e+16,0.882,0.881,49008453.0,91029652.0,0.883,0.88,28887207.0,115595700.0,0.884,0.879,23248700.0,39693200.0,0.885,0.878,22085368.0,32467200.0,0.886,0.877,25113000.0,18221300.0,0.713,0.889,0.882,0.881,0.885,0.891,1225765814.0,1225765814.0,1.069,588000.0,2023-10-26 11:01:58,0.8816500348744365,0.0011344299489506,0.0034032898468519,0.001,-0.001,0.002,297007052.0,148342728.0,-148664324.0,0.8797701675851117,0.8836319823308091,445349780.0,148664324.0,-3.690158867075688e-05,-0.009,0.001,0.8815,0.882,0.882,0.881,0.882,1915592.0,1915592.0,1.0,-686900.7919778526,14.0,6.0,5.0,5.0,0.0003000000000001,0.7773951000000003,0.001,47425.600000000006,461470614490.0,40335.0,-1130965.0,6149000.0,-7279965.0,-322700.0,-756600.0,433900.0,-114600.0,-230000.0,115400.0,141000.0,1614000.0,-1473000.0,211100.0,-5000.0,216100.0,0.0138594373783358,0.013566580933847
0.0,0.0,0.0,0.0,0.0,0.0,0.0,0.0,0.0,0.0,0.0,0.0,0.0,0.0,0.0,0.0,0.0,0.0,0.0,0.0,0.0,0.0,0.0,0.0,0.0,0.0,0.0,0.0,0.0,0.0,0.0,0.0,0.0,0.0,0.0,0.0,0.0,0.0,0.0,0.0,0.0,0.0,0.0,0.0,0.0,0.0,0.0,0.0,0.0,0.0,0.0,0.0,0.0,0.0,0.0,0.0,0.0,0.0,0.0,0.0,0.0,0.0,0.0,0.0,0.0,0.0,0.0,0.0,0.0,0.0,0.0,0.0,0.0,0.0,0.0,0.0,0.0,0.0,0.0,0.0,0.0,0.0,0.0,0.0,0.0,0.0
1104.0,20231026.0,2.0231026110358e+16,0.882,0.881,64534424.0,85015752.0,0.883,0.88,28971307.0,120125200.0,0.884,0.879,23726500.0,40051800.0,0.885,0.878,21567968.0,33145100.0,0.886,0.877,25175200.0,18679800.0,0.713,0.889,0.882,0.881,0.885,0.891,1235008102.0,1235008102.0,1.069,588000.0,2023-10-26 11:03:58,0.8815684764423146,0.0011344299489506,0.0034032898468519,0.001,-0.001,0.002,297017652.0,163975399.0,-133042253.0,0.8797395250838492,0.8834747883674916,460993051.0,133042253.0,-6.165322755796732e-05,-0.009,0.0,0.8815,0.881,0.882,0.881,0.882,4805449.0,4805449.0,1.0,139351176.97421765,10.0,10.0,4.0,3.0,0.0005,0.7770425000000002,0.001,223339.95,4067815083597.0,149967.75,-3908800.0,10683900.0,-14592700.0,2985900.0,-1300.0,2987200.0,79100.0,-1004200.0,1083300.0,617000.0,-766000.0,1383000.0,141100.0,429500.0,-288400.0,0.0085120817314511,0.0111365614442377
1105.0,20231026.0,2.0231026110458e+16,0.882,0.881,76924524.0,79502252.0,0.883,0.88,33949607.0,121517000.0,0.884,0.879,22877800.0,36563000.0,0.885,0.878,21792168.0,37020300.0,0.886,0.877,24995500.0,18407500.0,0.713,0.889,0.882,0.881,0.885,0.891,1238606660.0,1238606660.0,1.069,588000.0,2023-10-26 11:04:58,0.8815082394078108,0.0011344299489506,0.0034032898468519,0.001,-0.001,0.002,293010052.0,180539599.0,-112470453.0,0.8797053894656146,0.8833573958973953,473549651.0,112470453.0,-6.83317225912694e-05,-0.009,0.0,0.8815,0.882,0.882,0.881,0.882,3598558.0,3598558.0,1.0,-498616.5729781985,7.0,13.0,5.0,5.0,0.00035,0.7767780500000001,0.001,147974.9,1959401873140.0,237587.0,-5513500.0,12390100.0,-17903600.0,1391800.0,4978300.0,-3586500.0,-3488800.0,-848700.0,-2640100.0,3875200.0,224200.0,3651000.0,-272300.0,-179700.0,-92600.0,0.0099503785766053,0.0094763255325608
1106.0,20231026.0,2.0231026110558e+16,0.881,0.88,83494248.0,121870200.0,0.882,0.879,26827124.0,37334300.0,0.883,0.878,27747207.0,43233700.0,0.884,0.877,20920100.0,19321800.0,0.885,0.876,20611868.0,14454100.0,0.713,0.889,0.88,0.88,0.885,0.891,1306717220.0,1306717220.0,1.069,588000.0,2023-10-26 11:05:58,0.8805934337768142,0.0011357183418512,0.0034071550255536,0.001,-0.001,0.002,236214100.0,179600547.0,-56613553.0,0.8789857358218667,0.8822668631237521,415814647.0,56613553.0,-0.001038312064627,-0.011,-0.002,0.8805000000000001,0.881,0.882,0.88,0.88,68110560.0,68110560.0,1.0,-156167031.18915907,5.0,15.0,3.0,4.0,0.0001999999999999,0.7765137000000001,0.0002499999999999,3297958.0,3500048395320294.0,401576.0,-121870200.0,83494248.0,-205364448.0,-37334300.0,26827124.0,-64161424.0,-43233700.0,27747207.0,-70980907.0,-19321800.0,20920100.0,-40241900.0,-14454100.0,20611868.0,-35065968.0,0.1029624780261048,0.088327311974503
1107.0,20231026.0,2.0231026110658e+16,0.881,0.88,81159848.0,111727971.0,0.882,0.879,28105924.0,41411600.0,0.883,0.878,25623707.0,46534400.0,0.884,0.877,18975600.0,19949400.0,0.885,0.876,20757468.0,15756400.0,0.713,0.889,0.88,0.88,0.885,0.891,1317680506.0,1317680506.0,1.069,588000.0,2023-10-26 11:06:58,0.880579238085532,0.0011357183418512,0.0034071550255536,0.001,-0.001,0.002,235379771.0,174622547.0,-60757224.0,0.8789066426613186,0.8822559088947431,410002318.0,60757224.0,-1.6120726274437835e-05,-0.011,0.0,0.8805000000000001,0.881,0.881,0.88,0.88,10963286.0,10963286.0,1.0,-149409194.8116811,8.0,12.0,2.0,3.0,0.0003999999999998,0.7751044,0.001,379857.5,12015504906222.0,631208.0,-10142229.0,-2334400.0,-7807829.0,4077300.0,1278800.0,2798500.0,3300700.0,-2123500.0,5424200.0,627600.0,-1944500.0,2572100.0,1302300.0,145600.0,1156700.0,0.1028870539820556,0.0883040423535558
1108.0,20231026.0,2.0231026110758e+16,0.881,0.88,79510648.0,110586771.0,0.882,0.879,28414324.0,44054300.0,0.883,0.878,24642807.0,48868700.0,0.884,0.877,19226000.0,20016100.0,0.885,0.876,20692168.0,16449200.0,0.713,0.889,0.881,0.88,0.885,0.891,1323206975.0,1323206975.0,1.069,588000.0,2023-10-26 11:07:58,0.8805817373617261,0.0011357183418512,0.0034071550255536,0.001,-0.001,0.002,239975071.0,172485947.0,-67489124.0,0.8788847308227279,0.8822647210615946,412461018.0,67489124.0,2.8382143699157147e-06,-0.01,0.001,0.8805000000000001,0.881,0.881,0.88,0.881,5526469.0,5526469.0,1.0,-286650.6794964373,18.0,2.0,2.0,2.0,9.999999999987796e-05,0.7759849,0.0,204830.45,3876134754785.0,263087.5,-1141200.0,-1649200.0,508000.0,2642700.0,308400.0,2334300.0,2334300.0,-980900.0,3315200.0,66700.0,250400.0,-183700.0,692800.0,-65300.0,758100.0,0.1028609959410857,0.0882687528114387
1109.0,20231026.0,2.0231026110858e+16,0.881,0.88,89508348.0,108834371.0,0.882,0.879,27606124.0,46964300.0,0.883,0.878,23786007.0,49866100.0,0.884,0.877,18917200.0,20469100.0,0.885,0.876,20787368.0,16593400.0,0.713,0.889,0.881,0.88,0.885,0.891,1326911517.0,1326911517.0,1.069,588000.0,2023-10-26 11:08:58,0.8805487187608837,0.0011357183418512,0.0034071550255536,0.001,-0.001,0.002,242727271.0,180605047.0,-62122224.0,0.8788691942241629,0.8821908815039926,423332318.0,62122224.0,-3.7497052795210095e-05,-0.01,0.0,0.8805000000000001,0.881,0.881,0.88,0.881,3704542.0,3704542.0,1.0,-187814.15823960304,13.0,7.0,2.0,2.0,0.0003499999999998,0.7755446500000001,0.001,127288.1,1169755228214.0,258534.5,-1752400.0,9997700.0,-11750100.0,2910000.0,-808200.0,3718200.0,997400.0,-856800.0,1854200.0,453000.0,-308800.0,761800.0,144200.0,95200.0,49000.0,0.1028259466966457,0.0882187631466968
1110.0,20231026.0,2.0231026110958e+16,0.881,0.88,87579248.0,111331871.0,0.882,0.879,33077524.0,48013000.0,0.883,0.878,23316307.0,50925100.0,0.884,0.877,18219600.0,20454200.0,0.885,0.876,19815368.0,16605600.0,0.713,0.889,0.881,0.88,0.885,0.891,1329402810.0,1329402810.0,1.069,588000.0,2023-10-26 11:09:58,0.8805597066245452,0.0011357183418512,0.0034071550255536,0.001,-0.001,0.002,247329771.0,182008047.0,-65321724.0,0.8788774169851151,0.8821737415653935,429337818.0,65321724.0,1.2478350001898786e-05,-0.01,0.0,0.8805000000000001,0.881,0.881,0.88,0.881,2491293.0,2491293.0,1.0,-363657.066737175,17.0,3.0,3.0,3.0,0.0001499999999999,0.7758968500000001,0.0,72373.65,1223485697309.0,78400.5,2497500.0,-1929100.0,4426600.0,1048700.0,5471400.0,-4422700.0,1059000.0,-469700.0,1528700.0,-14900.0,-697600.0,682700.0,12200.0,-972000.0,984200.0,0.1027431607777317,0.0881404462765638
1111.0,20231026.0,2.0231026111058e+16,0.881,0.88,67552948.0,107365567.0,0.882,0.879,41445324.0,47551300.0,0.883,0.878,23509907.0,50890300.0,0.884,0.877,19261400.0,20503000.0,0.885,0.876,19803668.0,16659300.0,0.713,0.889,0.881,0.88,0.885,0.891,1338888410.0,1338888410.0,1.069,588000.0,2023-10-26 11:10:58,0.880613803330082,0.0011357183418512,0.0034071550255536,0.001,-0.001,0.002,242969467.0,171573247.0,-71396220.0,0.878857971318676,0.8823140977042883,414542714.0,71396220.0,6.143256782825679e-05,-0.01,0.0,0.8805000000000001,0.881,0.881,0.88,0.881,9485600.0,9485600.0,1.0,-118012.06054586172,18.0,2.0,2.0,2.0,9.999999999987796e-05,0.7759849,0.0,387193.5,11315177313380.0,682795.75,-3966304.0,-20026300.0,16059996.0,-461700.0,8367800.0,-8829500.0,-34800.0,193600.0,-228400.0,48800.0,1041800.0,-993000.0,53700.0,-11700.0,65400.0,0.0056777547137329,0.0052130120848469
0.0,0.0,0.0,0.0,0.0,0.0,0.0,0.0,0.0,0.0,0.0,0.0,0.0,0.0,0.0,0.0,0.0,0.0,0.0,0.0,0.0,0.0,0.0,0.0,0.0,0.0,0.0,0.0,0.0,0.0,0.0,0.0,0.0,0.0,0.0,0.0,0.0,0.0,0.0,0.0,0.0,0.0,0.0,0.0,0.0,0.0,0.0,0.0,0.0,0.0,0.0,0.0,0.0,0.0,0.0,0.0,0.0,0.0,0.0,0.0,0.0,0.0,0.0,0.0,0.0,0.0,0.0,0.0,0.0,0.0,0.0,0.0,0.0,0.0,0.0,0.0,0.0,0.0,0.0,0.0,0.0,0.0,0.0,0.0,0.0,0.0
1113.0,20231026.0,2.0231026111258e+16,0.881,0.88,89228100.0,108718867.0,0.882,0.879,31874024.0,48211800.0,0.883,0.878,22267207.0,52378600.0,0.884,0.877,19520800.0,22057400.0,0.885,0.876,18870768.0,17069900.0,0.713,0.889,0.881,0.88,0.885,0.891,1354946723.0,1354946723.0,1.069,588000.0,2023-10-26 11:12:58,0.8805492322951329,0.0011357183418512,0.0034071550255536,0.001,-0.001,0.002,248436567.0,181760899.0,-66675668.0,0.8788430817432765,0.8821578612955694,430197466.0,66675668.0,-2.8297024819434743e-05,-0.01,0.0,0.8805000000000001,0.881,0.881,0.88,0.881,1265986.0,1265986.0,1.0,-796944.869982481,14.0,6.0,5.0,5.0,0.0002999999999997,0.7756327000000001,0.001,36458.0,161760643470.0,73260.5,1033000.0,9356800.0,-8323800.0,2355700.0,-4214800.0,6570500.0,1357300.0,-950300.0,2307600.0,1758000.0,142100.0,1615900.0,272000.0,-647000.0,919000.0,0.04314694340459,0.0331179105540159
1114.0,20231026.0,2.0231026111358e+16,0.881,0.88,89470700.0,110233067.0,0.882,0.879,31665124.0,51245100.0,0.883,0.878,22147307.0,52660400.0,0.884,0.877,19522700.0,23134800.0,0.885,0.876,18707368.0,17434200.0,0.713,0.889,0.88,0.88,0.885,0.891,1358223353.0,1358223353.0,1.069,588000.0,2023-10-26 11:13:58,0.880551982912771,0.0011357183418512,0.0034071550255536,0.001,-0.001,0.002,254707567.0,181513199.0,-73194368.0,0.8788390329212323,0.8821533999243769,436220766.0,73194368.0,3.123747362582252e-06,-0.011,-0.001,0.8805000000000001,0.881,0.881,0.88,0.88,3276630.0,3276630.0,1.0,-154826869.97962046,15.0,5.0,3.0,4.0,0.00025,0.77572075,0.0002499999999999,105881.5,994532402656.0,170815.25,1514200.0,242600.0,1271600.0,3033300.0,-208900.0,3242200.0,281800.0,-119900.0,401700.0,1077400.0,1900.0,1075500.0,364300.0,-163400.0,527700.0,0.0430930462890281,0.0330503249833715
1115.0,20231026.0,2.0231026111458e+16,0.881,0.88,87977100.0,111957967.0,0.882,0.879,31714024.0,51171200.0,0.883,0.878,21936007.0,52775700.0,0.884,0.877,18874400.0,22166700.0,0.885,0.876,18486568.0,17657200.0,0.713,0.889,0.881,0.88,0.885,0.891,1360400852.0,1360400852.0,1.069,588000.0,2023-10-26 11:14:58,0.8805599716381919,0.0011357183418512,0.0034071550255536,0.001,-0.001,0.002,255728767.0,178988099.0,-76740668.0,0.8788509251288104,0.8821517833372822,434716866.0,76740668.0,9.072365218187883e-06,-0.01,0.001,0.8805000000000001,0.881,0.881,0.88,0.881,2177499.0,2177499.0,1.0,-643142.2829171121,15.0,5.0,4.0,4.0,0.0002499999999998,0.7757207500000001,0.0002499999999999,75404.45,1153511181563.0,86576.5,1724900.0,-1493600.0,3218500.0,-73900.0,48900.0,-122800.0,115300.0,-211300.0,326600.0,-968100.0,-648300.0,-319800.0,223000.0,-220800.0,443800.0,0.0430888121256145,0.0330439700979038
1116.0,20231026.0,2.0231026111558e+16,0.882,0.881,68970724.0,14064400.0,0.883,0.88,34361307.0,111730964.0,0.884,0.879,19614900.0,59681900.0,0.885,0.878,18512568.0,42007800.0,0.886,0.877,22489800.0,21871400.0,0.713,0.889,0.881,0.88,0.885,0.891,1372690486.0,1372690486.0,1.069,588000.0,2023-10-26 11:15:58,0.8811693789245139,0.0011344299489506,0.0034032898468519,0.001,-0.001,0.002,249356464.0,163949299.0,-85407165.0,0.8792169952329771,0.8833363156313343,413305763.0,85407165.0,0.0006918285268209,-0.01,0.0,0.8815,0.881,0.882,0.88,0.881,12289634.0,12289634.0,1.0,-410314.5984226763,5.0,15.0,3.0,3.0,0.0001999999999999,0.7765137000000001,0.0002499999999999,596144.7,36931282729576.0,375328.0,14064400.0,-68970724.0,83035124.0,111730964.0,-34361307.0,146092271.0,59681900.0,-19614900.0,79296800.0,42007800.0,-18512568.0,60520368.0,21871400.0,-22489800.0,44361200.0,0.0530027191496264,0.0406346135815717
1117.0,20231026.0,2.0231026111658e+16,0.882,0.881,49827624.0,111600.0,0.883,0.88,32982807.0,110217464.0,0.884,0.879,19096200.0,59495500.0,0.885,0.878,18511468.0,43010300.0,0.886,0.877,22189800.0,21782200.0,0.713,0.889,0.881,0.88,0.885,0.891,1389062141.0,1389062141.0,1.069,588000.0,2023-10-26 11:16:58,0.8810022347163425,0.0011344299489506,0.0034032898468519,0.001,-0.001,0.002,234617064.0,142607899.0,-92009165.0,0.8791017230528466,0.8835109177858373,377224963.0,92009165.0,-0.0001897025322377,-0.01,0.0,0.8815,0.882,0.882,0.881,0.881,16371655.0,16371655.0,1.0,-157412723.44596577,7.0,13.0,1.0,2.0,0.0003499999999999,0.7767780500000001,0.001,733483.25,132536090001527.0,312868.75,-13952800.0,-19143100.0,5190300.0,-1513500.0,-1378500.0,-135000.0,-186400.0,-518700.0,332300.0,1002500.0,-1100.0,1003600.0,-89200.0,-300000.0,210800.0,0.0584419928778006,0.0464997144619012
1118.0,20231026.0,2.0231026111758e+16,0.881,0.88,34534900.0,110223164.0,0.882,0.879,45551924.0,59573700.0,0.883,0.878,27265007.0,42806400.0,0.884,0.877,19086200.0,21771700.0,0.885,0.876,18865568.0,17347800.0,0.713,0.889,0.881,0.88,0.885,0.891,1398287193.0,1398287193.0,1.069,588000.0,2023-10-26 11:17:58,0.8807614302164196,0.0011357183418512,0.0034071550255536,0.001,-0.001,0.002,251722764.0,145303599.0,-106419165.0,0.8788880910269999,0.8826021819941295,397026363.0,106419165.0,-0.0002733675421007,-0.01,0.0,0.8805000000000001,0.881,0.882,0.88,0.881,9225052.0,9225052.0,1.0,-1373430.5894978344,7.0,13.0,3.0,3.0,0.0002999999999998,0.7766900000000001,0.001,413194.1,27969213099826.0,145288.5,-110223164.0,34534900.0,-144758064.0,-59573700.0,45551924.0,-105125624.0,-42806400.0,27265007.0,-70071407.0,-21771700.0,19086200.0,-40857900.0,-17347800.0,18865568.0,-36213368.0,0.0675746767167868,0.0538791111593031
1119.0,20231026.0,2.0231026111858e+16,0.881,0.88,54167800.0,108203464.0,0.882,0.879,39027624.0,51535700.0,0.883,0.878,25079707.0,53033600.0,0.884,0.877,19085600.0,22489300.0,0.885,0.876,19096068.0,18799000.0,0.713,0.889,0.881,0.88,0.885,0.891,1401242355.0,1401242355.0,1.069,588000.0,2023-10-26 11:18:58,0.880666395403561,0.0011357183418512,0.0034071550255536,0.001,-0.001,0.002,254061064.0,156456799.0,-97604265.0,0.8788181313764789,0.8824242149361625,410517863.0,97604265.0,-0.0001079065648544,-0.01,0.0,0.8805000000000001,0.881,0.881,0.88,0.881,2955162.0,2955162.0,1.0,-313477.3930709064,18.0,2.0,2.0,2.0,9.999999999987796e-05,0.7759849000000001,0.0,116923.1,1567337999294.0,88013.0,-2019700.0,19632900.0,-21652600.0,-8038000.0,-6524300.0,-1513700.0,10227200.0,-2185300.0,12412500.0,717600.0,-600.0,718200.0,1451200.0,230500.0,1220700.0,0.0685815795826622,0.0546122103670899
1120.0,20231026.0,2.0231026111958e+16,0.881,0.88,70770000.0,111040364.0,0.882,0.879,30221924.0,51851700.0,0.883,0.878,23523307.0,53137000.0,0.884,0.877,18930000.0,22202300.0,0.885,0.876,19097768.0,20810700.0,0.713,0.889,0.88,0.88,0.885,0.891,1403983586.0,1403983586.0,1.069,588000.0,2023-10-26 11:19:58,0.8806107482629539,0.0011357183418512,0.0034071550255536,0.001,-0.001,0.002,259042064.0,162542999.0,-96499065.0,0.8788110988800646,0.8822947319250581,421585063.0,96499065.0,-6.318953360137658e-05,-0.011,-0.001,0.8805000000000001,0.88,0.881,0.88,0.88,2741231.0,2741231.0,1.0,-720827.4500825405,13.0,7.0,3.0,3.0,0.0003499999999998,0.7755446500000001,0.001,79947.54999999999,1230154125521.0,77171.75,2836900.0,16602200.0,-13765300.0,316000.0,-8805700.0,9121700.0,103400.0,-1556400.0,1659800.0,-287000.0,-155600.0,-131400.0,2011700.0,1700.0,2010000.0,0.0688222732321846,0.0547875621693296
1121.0,20231026.0,2.0231026112058e+16,0.881,0.88,66764200.0,107226364.0,0.882,0.879,30541324.0,51736500.0,0.883,0.878,23144207.0,53485700.0,0.884,0.877,18931000.0,22475100.0,0.885,0.876,19095768.0,20826000.0,0.713,0.889,0.881,0.88,0.885,0.891,1408375887.0,1408375887.0,1.069,588000.0,2023-10-26 11:20:58,0.8806162768918895,0.0011357183418512,0.0034071550255536,0.001,-0.001,0.002,255749664.0,158476499.0,-97273165.0,0.8787900777848139,0.8823251542741362,414226163.0,97273165.0,6.278155918110207e-06,-0.01,0.001,0.8805000000000001,0.881,0.881,0.88,0.881,4392301.0,4392301.0,1.0,-671842.9261685908,16.0,4.0,4.0,4.0,0.0001999999999999,0.7758088000000001,0.0,165807.5,4278351375523.0,130114.25,-3814000.0,-4005800.0,191800.0,-115200.0,319400.0,-434600.0,348700.0,-379100.0,727800.0,272800.0,1000.0,271800.0,15300.0,-2000.0,17300.0,0.0620382911931823,0.0492123954910773
1122.0,20231026.0,2.0231026112158e+16,0.881,0.88,45967400.0,108098364.0,0.882,0.879,40771124.0,51906600.0,0.883,0.878,23139207.0,53498200.0,0.884,0.877,18987300.0,22465100.0,0.885,0.876,19132768.0,20873700.0,0.713,0.889,0.881,0.88,0.885,0.891,1412955928.0,1412955928.0,1.069,588000.0,2023-10-26 11:21:58,0.8807016378018936,0.0011357183418512,0.0034071550255536,0.001,-0.001,0.002,256841964.0,147997799.0,-108844165.0,0.8787938376767747,0.8824901742559023,404839763.0,108844165.0,9.692845267605944e-05,-0.01,0.0,0.8805000000000001,0.881,0.881,0.88,0.881,4580041.0,4580041.0,1.0,-212244.5671240985,17.0,3.0,2.0,2.0,0.0001499999999999,0.7758968500000001,0.0,136215.55,2235741357235.0,149615.25,872000.0,-20796800.0,21668800.0,170100.0,10229800.0,-10059700.0,12500.0,-5000.0,17500.0,-10000.0,56300.0,-66300.0,47700.0,37000.0,10700.0,0.0373969694333049,0.0293046877186157
1123.0,20231026.0,2.0231026112258e+16,0.881,0.88,52799100.0,108643964.0,0.882,0.879,36145124.0,49586700.0,0.883,0.878,23569207.0,53152400.0,0.884,0.877,19192300.0,22352800.0,0.885,0.876,19097768.0,18087700.0,0.713,0.889,0.881,0.88,0.885,0.891,1417828402.0,1417828402.0,1.069,588000.0,2023-10-26 11:22:58,0.8806729552902934,0.0011357183418512,0.0034071550255536,0.001,-0.001,0.002,251823564.0,150803499.0,-101020065.0,0.878827350803438,0.8824406264538994,402627063.0,101020065.0,-3.256832670933685e-05,-0.01,0.0,0.8805000000000001,0.881,0.881,0.881,0.881,4872474.0,4872474.0,1.0,0.0,0.0,0.0,0.0,0.0,0.0,0.776161,0.0,184728.7,3435246028566.0,179895.0,545600.0,6831700.0,-6286100.0,-2319900.0,-4626000.0,2306100.0,-345800.0,430000.0,-775800.0,-112300.0,205000.0,-317300.0,-2786000.0,-35000.0,-2751000.0,0.0139521486413234,0.0131574660232371
1124.0,20231026.0,2.0231026112358e+16,0.881,0.88,61252800.0,108275364.0,0.882,0.879,32400124.0,51636700.0,0.883,0.878,22684607.0,53722500.0,0.884,0.877,19194800.0,22434800.0,0.885,0.876,19097768.0,17768000.0,0.713,0.889,0.881,0.88,0.885,0.891,1421262522.0,1421262522.0,1.069,588000.0,2023-10-26 11:23:58,0.880638686584254,0.0011357183418512,0.0034071550255536,0.001,-0.001,0.002,253837364.0,154630099.0,-99207265.0,0.8788281547865427,0.8823693634768996,408467463.0,99207265.0,-3.891271167349997e-05,-0.01,0.0,0.8805000000000001,0.881,0.881,0.88,0.881,3434120.0,3434120.0,1.0,-513400.1168610156,17.0,3.0,3.0,3.0,0.0001499999999999,0.7758968500000001,0.0,119565.0,1879081247036.0,135496.25,-368600.0,8453700.0,-8822300.0,2050000.0,-3745000.0,5795000.0,570100.0,-884600.0,1454700.0,82000.0,2500.0,79500.0,-319700.0,0.0,-319700.0,0.0111117031230548,0.0101335327174276
1125.0,20231026.0,2.0231026112458e+16,0.881,0.88,31763000.0,111287164.0,0.882,0.879,42345624.0,51812800.0,0.883,0.878,23754107.0,52844400.0,0.884,0.877,19433800.0,22175700.0,0.885,0.876,19109068.0,17838900.0,0.713,0.889,0.881,0.88,0.885,0.891,1423906147.0,1423906147.0,1.069,588000.0,2023-10-26 11:24:58,0.8807779590102393,0.0011357183418512,0.0034071550255536,0.001,-0.001,0.002,255958964.0,136405599.0,-119553365.0,0.878845970090737,0.8826464977365042,392364563.0,119553365.0,0.0001581368344892,-0.01,0.0,0.8805000000000001,0.881,0.881,0.88,0.881,2643625.0,2643625.0,1.0,-167888.95611909032,19.0,1.0,1.0,1.0,4.999999999988347e-05,0.77607295,0.0,91180.75,1243506762167.0,101667.75,3011800.0,-29489800.0,32501600.0,176100.0,9945500.0,-9769400.0,-878100.0,1069500.0,-1947600.0,-259100.0,239000.0,-498100.0,70900.0,11300.0,59600.0,0.0185253173079994,0.0150653165790581
1126.0,20231026.0,2.0231026112558e+16,0.881,0.88,32577100.0,110121264.0,0.882,0.879,48164424.0,51203600.0,0.883,0.878,22705107.0,53819300.0,0.884,0.877,19365300.0,22173200.0,0.885,0.876,19080068.0,17824500.0,0.713,0.889,0.881,0.88,0.885,0.891,1434977039.0,1434977039.0,1.069,588000.0,2023-10-26 11:25:58,0.8807717065628027,0.0011357183418512,0.0034071550255536,0.001,-0.001,0.002,255141864.0,141891999.0,-113249865.0,0.8788372750933574,0.8826067911623402,397033863.0,113249865.0,-7.09880346697056e-06,-0.01,0.0,0.8805000000000001,0.881,0.881,0.88,0.881,11070892.0,11070892.0,1.0,-151698.50131565332,19.0,1.0,1.0,1.0,4.999999999999449e-05,0.77607295,0.0,336570.5,12268123911276.0,551087.75,-1165900.0,814100.0,-1980000.0,-609200.0,5818800.0,-6428000.0,974900.0,-1049000.0,2023900.0,-2500.0,-68500.0,66000.0,-14400.0,-29000.0,14600.0,0.0297737715118772,0.0232040618098537
1127.0,20231026.0,2.0231026112658e+16,0.881,0.88,41828300.0,110187564.0,0.882,0.879,48385324.0,50905400.0,0.883,0.878,22891007.0,53970800.0,0.884,0.877,19309600.0,22265400.0,0.885,0.876,19480068.0,17773000.0,0.713,0.889,0.881,0.88,0.885,0.891,1439961747.0,1439961747.0,1.069,588000.0,2023-10-26 11:26:58,0.8807248425335398,0.0011357183418512,0.0034071550255536,0.001,-0.001,0.002,255102164.0,151894299.0,-103207865.0,0.8788367985776867,0.8825143189146288,406996463.0,103207865.0,-5.32093341857609e-05,-0.01,0.0,0.8805000000000001,0.881,0.881,0.881,0.881,4984708.0,4984708.0,1.0,0.0,0.0,0.0,0.0,0.0,0.0,0.776161,0.0,136026.5,3231770699254.0,175359.5,66300.0,9251200.0,-9184900.0,-298200.0,220900.0,-519100.0,151500.0,185900.0,-34400.0,92200.0,-55700.0,147900.0,-51500.0,400000.0,-451500.0,0.0316924992272323,0.0247305793549997
1128.0,20231026.0,2.0231026112758e+16,0.881,0.88,39291300.0,110098664.0,0.882,0.879,48645224.0,50419200.0,0.883,0.878,22741007.0,53735700.0,0.884,0.877,19025600.0,22786400.0,0.885,0.876,19455068.0,17726900.0,0.713,0.889,0.88,0.88,0.885,0.891,1443142024.0,1443142024.0,1.069,588000.0,2023-10-26 11:27:58,0.8807369883561924,0.0011357183418512,0.0034071550255536,0.001,-0.001,0.002,254766864.0,149158199.0,-105608665.0,0.8788336104808356,0.8825354456646396,403925063.0,105608665.0,1.3790616906733666e-05,-0.011,-0.001,0.8805000000000001,0.881,0.881,0.88,0.88,3180277.0,3180277.0,1.0,-164055788.60540724,16.0,4.0,1.0,2.0,0.0001999999999999,0.7758088,0.0,87124.35,1384959683555.0,89472.75,-88900.0,-2537000.0,2448100.0,-486200.0,259900.0,-746100.0,-235100.0,-150000.0,-85100.0,521000.0,-284000.0,805000.0,-46100.0,-25000.0,-21100.0,0.0309169762955849,0.0241385567647171
0.0,0.0,0.0,0.0,0.0,0.0,0.0,0.0,0.0,0.0,0.0,0.0,0.0,0.0,0.0,0.0,0.0,0.0,0.0,0.0,0.0,0.0,0.0,0.0,0.0,0.0,0.0,0.0,0.0,0.0,0.0,0.0,0.0,0.0,0.0,0.0,0.0,0.0,0.0,0.0,0.0,0.0,0.0,0.0,0.0,0.0,0.0,0.0,0.0,0.0,0.0,0.0,0.0,0.0,0.0,0.0,0.0,0.0,0.0,0.0,0.0,0.0,0.0,0.0,0.0,0.0,0.0,0.0,0.0,0.0,0.0,0.0,0.0,0.0,0.0,0.0,0.0,0.0,0.0,0.0,0.0,0.0,0.0,0.0,0.0,0.0
1130.0,20231026.0,2.0231026112958e+16,0.881,0.88,13919200.0,110556864.0,0.882,0.879,42963324.0,49866600.0,0.883,0.878,21304807.0,43500500.0,0.884,0.877,19301000.0,22449800.0,0.885,0.876,29299468.0,17988000.0,0.713,0.889,0.881,0.88,0.885,0.891,1452263700.0,1452263700.0,1.069,588000.0,2023-10-26 11:29:58,0.8808881776981637,0.0011357183418512,0.0034071550255536,0.001,-0.001,0.002,244361764.0,126787799.0,-117573965.0,0.8788698354624743,0.8830559849769141,371149563.0,117573965.0,0.0001361266944045,-0.01,0.0,0.8805000000000001,0.881,0.881,0.88,0.881,5105690.0,5105690.0,1.0,-215635.1920596063,18.0,2.0,2.0,2.0,9.999999999987796e-05,0.7759849000000001,0.0,163798.5,2509496687948.0,198708.25,343300.0,-19323400.0,19666700.0,602400.0,-5451700.0,6054100.0,-9584900.0,-1448500.0,-8136400.0,-131100.0,5000.0,-136100.0,153800.0,5883400.0,-5729600.0,0.0270274837958711,0.0225669091582699
1301.0,20231026.0,2.0231026130058e+16,0.881,0.88,66812529.0,100814654.0,0.882,0.879,32144824.0,53949700.0,0.883,0.878,21444307.0,55965900.0,0.884,0.877,19211700.0,23284600.0,0.885,0.876,29387268.0,18792700.0,0.713,0.889,0.881,0.88,0.885,0.891,1480472360.0,1480472360.0,1.069,588000.0,2023-10-26 13:00:58,0.8806014218708191,0.0011357183418512,0.0034071550255536,0.001,-0.001,0.002,252807554.0,169000628.0,-83806926.0,0.8787701866693429,0.8824805720721939,421808182.0,83806926.0,-0.000325583335772,-0.01,0.0,0.8805000000000001,0.881,0.881,0.88,0.881,28208660.0,28208660.0,1.0,-333185.37534826994,57.0,3.0,2.0,2.0,4.999999999988347e-05,0.7760729499999999,0.0,470144.3333333333,370218117352558.0,67381.25,-9742210.0,52893329.0,-62635539.0,4083100.0,-10818500.0,14901600.0,12465400.0,139500.0,12325900.0,834800.0,-89300.0,924100.0,804700.0,87800.0,716900.0,0.0275502388962062,0.0238501441784078
1302.0,20231026.0,2.0231026130158e+16,0.882,0.881,58313372.0,3828200.0,0.883,0.88,26289107.0,103211620.0,0.884,0.879,20768600.0,64367200.0,0.885,0.878,29407268.0,47783400.0,0.886,0.877,12335200.0,22992100.0,0.713,0.889,0.882,0.88,0.885,0.891,1487536726.0,1487536726.0,1.069,588000.0,2023-10-26 13:01:58,0.8810616044924,0.0011344299489506,0.0034032898468519,0.001,-0.001,0.002,242182520.0,147113547.0,-95068973.0,0.8790706096377228,0.8833961250692978,389296067.0,95068973.0,0.0005224411537976,-0.009,0.001,0.8815,0.881,0.882,0.881,0.882,7064366.0,7064366.0,1.0,168443664.67848593,5.0,15.0,2.0,1.0,0.0002499999999999,0.7766017500000001,0.0002499999999999,307336.8,18107554379662.0,164075.75,3828200.0,-58313372.0,62141572.0,103211620.0,-26289107.0,129500727.0,64367200.0,-20768600.0,85135800.0,47783400.0,-29407268.0,77190668.0,22992100.0,-12335200.0,35327300.0,0.0343105469268583,0.0343105469268583
1303.0,20231026.0,2.0231026130258e+16,0.881,0.88,44368529.0,102920420.0,0.882,0.879,42753172.0,65592400.0,0.883,0.878,25434807.0,48551400.0,0.884,0.877,20352700.0,23280200.0,0.885,0.876,28810168.0,19264600.0,0.713,0.889,0.88,0.88,0.885,0.891,1497839479.0,1497839479.0,1.069,588000.0,2023-10-26 13:02:58,0.8806987653907422,0.0011357183418512,0.0034071550255536,0.001,-0.001,0.002,259609020.0,161719376.0,-97889644.0,0.8788074597716211,0.8826690737045635,421328396.0,97889644.0,-0.000411905175063,-0.011,-0.002,0.8805000000000001,0.882,0.882,0.88,0.88,10302753.0,10302753.0,1.0,-340712587.308705,7.0,13.0,5.0,7.0,0.0008500000000001,0.7764258500000001,0.001,446337.65,18005267671165.0,469010.25,-102920420.0,44368529.0,-147288949.0,-65592400.0,42753172.0,-108345572.0,-48551400.0,25434807.0,-73986207.0,-23280200.0,20352700.0,-43632900.0,-19264600.0,28810168.0,-48074768.0,0.0413925669452585,0.0413925669452585
1304.0,20231026.0,2.0231026130358e+16,0.881,0.88,46765629.0,102690920.0,0.882,0.879,37206072.0,58309900.0,0.883,0.878,26174507.0,57862900.0,0.884,0.877,20363600.0,23691800.0,0.885,0.876,28708268.0,19352300.0,0.713,0.889,0.881,0.88,0.885,0.891,1500807851.0,1500807851.0,1.069,588000.0,2023-10-26 13:03:58,0.8806870954848556,0.0011357183418512,0.0034071550255536,0.001,-0.001,0.002,261907820.0,159218076.0,-102689744.0,0.8787685732331322,0.8826673920742517,421125896.0,102689744.0,-1.3250822714111488e-05,-0.01,0.001,0.8805000000000001,0.881,0.881,0.88,0.881,2968372.0,2968372.0,1.0,-181942.6916726828,19.0,1.0,1.0,1.0,4.999999999988347e-05,0.77607295,0.0,58135.100000000006,965475892226.0,134860.5,-229500.0,2397100.0,-2626600.0,-7282500.0,-5547100.0,-1735400.0,9311500.0,739700.0,8571800.0,411600.0,10900.0,400700.0,87700.0,-101900.0,189600.0,0.0409582559835836,0.0409582559835836
1305.0,20231026.0,2.0231026130458e+16,0.881,0.88,53432529.0,96049519.0,0.882,0.879,28524972.0,58132000.0,0.883,0.878,24884407.0,60324200.0,0.884,0.877,20401300.0,23934000.0,0.885,0.876,29020768.0,19480900.0,0.713,0.889,0.881,0.88,0.885,0.891,1509042414.0,1509042414.0,1.069,588000.0,2023-10-26 13:04:58,0.8806425488564352,0.0011357183418512,0.0034071550255536,0.001,-0.001,0.002,257920619.0,156263976.0,-101656643.0,0.8787263290493266,0.8826355705553018,414184595.0,101656643.0,-5.058295427315396e-05,-0.01,0.0,0.8805000000000001,0.881,0.881,0.88,0.881,8234563.0,8234563.0,1.0,-432371.097409904,14.0,6.0,4.0,4.0,0.0002999999999997,0.7756327000000001,0.001,382699.15,21134246637527.0,94749.25,-6641401.0,6666900.0,-13308301.0,-177900.0,-8681100.0,8503200.0,2461300.0,-1290100.0,3751400.0,242200.0,37700.0,204500.0,128600.0,312500.0,-183900.0,0.0400903394486514,0.0400903394486514
1306.0,20231026.0,2.0231026130558e+16,0.881,0.88,53021329.0,93962219.0,0.882,0.879,28455735.0,58879900.0,0.883,0.878,22959707.0,60168800.0,0.884,0.877,19974500.0,25948900.0,0.885,0.876,28527068.0,19513200.0,0.713,0.889,0.881,0.88,0.885,0.891,1513802503.0,1513802503.0,1.069,588000.0,2023-10-26 13:05:58,0.8806392703147974,0.0011357183418512,0.0034071550255536,0.001,-0.001,0.002,258473019.0,152938339.0,-105534680.0,0.8787034739591137,0.8826242292326713,411411358.0,105534680.0,-3.7229040828756776e-06,-0.01,0.0,0.8805000000000001,0.881,0.881,0.88,0.881,4760089.0,4760089.0,1.0,-566477.0875038505,13.0,7.0,4.0,4.0,0.0003499999999998,0.7755446500000001,0.001,205879.95,7668550297171.0,97829.0,-2087300.0,-411200.0,-1676100.0,747900.0,-69237.0,817137.0,-155400.0,-1924700.0,1769300.0,2014900.0,-426800.0,2441700.0,32300.0,-493700.0,526000.0,0.0528602420220963,0.0416958212787125
1307.0,20231026.0,2.0231026130658e+16,0.881,0.88,44521129.0,96359319.0,0.882,0.879,33709135.0,63867000.0,0.883,0.878,24846807.0,59178600.0,0.884,0.877,20002500.0,25973600.0,0.885,0.876,28533068.0,19632200.0,0.713,0.889,0.881,0.88,0.885,0.891,1516566967.0,1516566967.0,1.069,588000.0,2023-10-26 13:06:58,0.8806839793624167,0.0011357183418512,0.0034071550255536,0.001,-0.001,0.002,265010719.0,151612639.0,-113398080.0,0.8787220373527608,0.8826986876733939,416623358.0,113398080.0,5.076756652944159e-05,-0.01,0.0,0.8805000000000001,0.881,0.881,0.88,0.881,2764464.0,2764464.0,1.0,-192168.21716025472,19.0,1.0,1.0,1.0,4.999999999988347e-05,0.77607295,0.0,87744.70000000001,906342452666.0,113564.5,2397100.0,-8500200.0,10897300.0,4987100.0,5253400.0,-266300.0,-990200.0,1887100.0,-2877300.0,24700.0,28000.0,-3300.0,119000.0,6000.0,113000.0,0.0384608657466242,0.0299679770590393
1308.0,20231026.0,2.0231026130758e+16,0.881,0.88,47647729.0,96277819.0,0.882,0.879,29773835.0,66632300.0,0.883,0.878,24940307.0,62205600.0,0.884,0.877,20019600.0,25970100.0,0.885,0.876,28542168.0,19595500.0,0.713,0.889,0.88,0.88,0.885,0.891,1518498693.0,1518498693.0,1.069,588000.0,2023-10-26 13:07:58,0.880668941826784,0.0011357183418512,0.0034071550255536,0.001,-0.001,0.002,270681319.0,150923639.0,-119757680.0,0.878716809119731,0.8826821879109342,421604958.0,119757680.0,-1.7074983045317627e-05,-0.011,-0.001,0.8805000000000001,0.881,0.881,0.88,0.88,1931726.0,1931726.0,1.0,-173113148.24605322,14.0,6.0,3.0,4.0,0.0002999999999997,0.7756327000000001,0.001,52441.5,396161831016.0,90591.0,-81500.0,3126600.0,-3208100.0,2765300.0,-3935300.0,6700600.0,3027000.0,93500.0,2933500.0,-3500.0,17100.0,-20600.0,-36700.0,9100.0,-45800.0,0.0153353860372993,0.0122338973054518
1309.0,20231026.0,2.0231026130858e+16,0.881,0.88,52843077.0,98485582.0,0.882,0.879,31172487.0,66944600.0,0.883,0.878,25292407.0,62827900.0,0.884,0.877,20460900.0,26412700.0,0.885,0.876,28542168.0,19666400.0,0.713,0.889,0.881,0.88,0.885,0.891,1520148886.0,1520148886.0,1.069,588000.0,2023-10-26 13:08:58,0.8806508058860153,0.0011357183418512,0.0034071550255536,0.001,-0.001,0.002,274337182.0,158311039.0,-116026143.0,0.8787223602085408,0.8826253362660327,432648221.0,116026143.0,-2.059358136749512e-05,-0.01,0.001,0.8805000000000001,0.881,0.881,0.88,0.881,1650193.0,1650193.0,1.0,-336944.3152151108,17.0,3.0,2.0,2.0,0.0001499999999999,0.7758968500000001,0.0,51811.15,371646934757.0,44381.75,2207763.0,5195348.0,-2987585.0,312300.0,1398652.0,-1086352.0,622300.0,352100.0,270200.0,442600.0,441300.0,1300.0,70900.0,0.0,70900.0,0.0154715054678933,0.0119173665345994
1310.0,20231026.0,2.0231026130958e+16,0.881,0.88,50882777.0,98823382.0,0.882,0.879,35829487.0,66657800.0,0.883,0.878,25022407.0,64710000.0,0.884,0.877,20505500.0,26448700.0,0.885,0.876,28563768.0,20122800.0,0.713,0.889,0.881,0.88,0.885,0.891,1524301839.0,1524301839.0,1.069,588000.0,2023-10-26 13:09:58,0.8806601156736643,0.0011357183418512,0.0034071550255536,0.001,-0.001,0.002,276762682.0,160803939.0,-115958743.0,0.8787140061751534,0.8826271110933422,437566621.0,115958743.0,1.0571430103717416e-05,-0.01,0.0,0.8805000000000001,0.881,0.881,0.88,0.881,4152953.0,4152953.0,1.0,-377283.1694355309,18.0,2.0,2.0,2.0,9.999999999987796e-05,0.7759849000000001,0.0,182545.15,2386878621907.0,297421.0,337800.0,-1960300.0,2298100.0,-286800.0,4657000.0,-4943800.0,1882100.0,-270000.0,2152100.0,36000.0,44600.0,-8600.0,456400.0,21600.0,434800.0,0.0152305583376522,0.0118565720615455
1311.0,20231026.0,2.0231026131058e+16,0.881,0.88,62431177.0,97813634.0,0.882,0.879,35354587.0,66965600.0,0.883,0.878,25022407.0,64544900.0,0.884,0.877,20303500.0,26608700.0,0.885,0.876,28578768.0,20261200.0,0.713,0.889,0.881,0.88,0.885,0.891,1528874330.0,1528874330.0,1.069,588000.0,2023-10-26 13:10:58,0.8806104012566124,0.0011357183418512,0.0034071550255536,0.001,-0.001,0.002,276194034.0,171690439.0,-104503595.0,0.8787076972850181,0.8825179935150611,447884473.0,104503595.0,-5.645290327321861e-05,-0.01,0.0,0.8805000000000001,0.881,0.881,0.88,0.881,4572491.0,4572491.0,1.0,-752773.0169745088,13.0,7.0,4.0,4.0,0.0003499999999998,0.77554465,0.001,195309.05,3146306769713.0,300709.5,-1009748.0,11548400.0,-12558148.0,307800.0,-474900.0,782700.0,-165100.0,0.0,-165100.0,160000.0,-202000.0,362000.0,138400.0,15000.0,123400.0,0.015397230498422,0.0123899692478614
1312.0,20231026.0,2.0231026131158e+16,0.881,0.88,66647377.0,97869234.0,0.882,0.879,35211287.0,67669100.0,0.883,0.878,25134407.0,64728500.0,0.884,0.877,20478500.0,26538700.0,0.885,0.876,28844468.0,20320900.0,0.713,0.889,0.88,0.88,0.885,0.891,1532935755.0,1532935755.0,1.069,588000.0,2023-10-26 13:11:58,0.8805948896795595,0.0011357183418512,0.0034071550255536,0.001,-0.001,0.002,277126434.0,176316039.0,-100810395.0,0.878708077772184,0.882487632517652,453442473.0,100810395.0,-1.7614729109854954e-05,-0.011,-0.001,0.8805000000000001,0.881,0.881,0.88,0.88,4061425.0,4061425.0,1.0,-174647273.4105099,15.0,5.0,3.0,4.0,0.0002499999999998,0.7757207500000001,0.0002499999999999,166333.25,2065810253247.0,319166.75,55600.0,4216200.0,-4160600.0,703500.0,-143300.0,846800.0,183600.0,112000.0,71600.0,-70000.0,175000.0,-245000.0,59700.0,265700.0,-206000.0,0.0072897053893596,0.0073625241822179
1313.0,20231026.0,2.0231026131258e+16,0.881,0.88,62137577.0,96179234.0,0.882,0.879,34979787.0,67639200.0,0.883,0.878,24826407.0,60810300.0,0.884,0.877,20528500.0,26636700.0,0.885,0.876,28840468.0,20290900.0,0.713,0.889,0.881,0.88,0.885,0.891,1537690617.0,1537690617.0,1.069,588000.0,2023-10-26 13:12:58,0.8806075111884359,0.0011357183418512,0.0034071550255536,0.001,-0.001,0.002,271556334.0,171312739.0,-100243595.0,0.8787099048847816,0.8825269148956868,442869073.0,100243595.0,1.4332831786367796e-05,-0.01,0.001,0.8805000000000001,0.881,0.881,0.88,0.881,4754862.0,4754862.0,1.0,-670121.0066040456,13.0,7.0,4.0,4.0,0.0003499999999998,0.7755446500000001,0.001,137676.0,2304956456982.0,296768.75,-1690000.0,-4509800.0,2819800.0,-29900.0,-231500.0,201600.0,-3918200.0,-308000.0,-3610200.0,98000.0,50000.0,48000.0,-30000.0,-4000.0,-26000.0,0.0074403135865711,0.0074361347568517
1314.0,20231026.0,2.0231026131358e+16,0.881,0.88,74628677.0,95607734.0,0.882,0.879,35098687.0,68545500.0,0.883,0.878,23506707.0,65836800.0,0.884,0.877,20927200.0,27687700.0,0.885,0.876,28758368.0,20658800.0,0.713,0.889,0.881,0.88,0.885,0.891,1541914093.0,1541914093.0,1.069,588000.0,2023-10-26 13:13:58,0.8805616174203766,0.0011357183418512,0.0034071550255536,0.001,-0.001,0.002,278336534.0,182919639.0,-95416895.0,0.8786853418243686,0.8824209910670117,461256173.0,95416895.0,-5.211738875518512e-05,-0.01,0.0,0.8805000000000001,0.881,0.881,0.88,0.881,4223476.0,4223476.0,1.0,-342316.9412341416,17.0,3.0,2.0,2.0,0.0001499999999999,0.77589685,0.0,169458.8,3049389748772.0,224367.5,-571500.0,12491100.0,-13062600.0,906300.0,118900.0,787400.0,5026500.0,-1319700.0,6346200.0,1051000.0,398700.0,652300.0,367900.0,-82100.0,450000.0,0.0098456018565683,0.0083251630641689
1315.0,20231026.0,2.0231026131458e+16,0.881,0.88,75247877.0,94571634.0,0.882,0.879,40236287.0,69980100.0,0.883,0.878,23276807.0,65590300.0,0.884,0.877,20909700.0,27742300.0,0.885,0.876,28878368.0,21073100.0,0.713,0.889,0.881,0.88,0.885,0.891,1544886862.0,1544886862.0,1.069,588000.0,2023-10-26 13:14:58,0.8805568949848173,0.0011357183418512,0.0034071550255536,0.001,-0.001,0.002,278957434.0,188549039.0,-90408395.0,0.8786783646712207,0.8824056421311169,467506473.0,90408395.0,-5.362995762231426e-06,-0.01,0.0,0.8805000000000001,0.88,0.881,0.88,0.881,2972769.0,2972769.0,1.0,174115559.47554448,12.0,8.0,6.0,5.0,0.0003999999999999,0.7754566,0.001,118295.95,916965004999.0,177415.25,-1036100.0,619200.0,-1655300.0,1434600.0,5137600.0,-3703000.0,-246500.0,-229900.0,-16600.0,54600.0,-17500.0,72100.0,414300.0,120000.0,294300.0,0.0094235875607986,0.0078553033017867
1316.0,20231026.0,2.0231026131558e+16,0.881,0.88,75609277.0,94538034.0,0.882,0.879,40488387.0,70431500.0,0.883,0.878,25114307.0,65907800.0,0.884,0.877,20899700.0,27851400.0,0.885,0.876,28879868.0,21052500.0,0.713,0.889,0.881,0.88,0.885,0.891,1547640763.0,1547640763.0,1.069,588000.0,2023-10-26 13:15:58,0.8805556246140145,0.0011357183418512,0.0034071550255536,0.001,-0.001,0.002,279781234.0,190991539.0,-88789695.0,0.8786774977910062,0.8824081020259227,470772773.0,88789695.0,-1.4426912404996717e-06,-0.01,0.0,0.8805000000000001,0.881,0.881,0.88,0.881,2753901.0,2753901.0,1.0,-507100.77752554417,17.0,3.0,3.0,3.0,0.0001499999999997,0.7758968500000001,0.0,117916.55,840993521299.0,204966.25,-33600.0,361400.0,-395000.0,451400.0,252100.0,199300.0,317500.0,1837500.0,-1520000.0,109100.0,-10000.0,119100.0,-20600.0,1500.0,-22100.0,0.0091403496395848,0.0067613767813312
1317.0,20231026.0,2.0231026131658e+16,0.881,0.88,78485677.0,93489734.0,0.882,0.879,45002187.0,70669100.0,0.883,0.878,25644407.0,66173900.0,0.884,0.877,21199700.0,28712700.0,0.885,0.876,29250168.0,21016000.0,0.713,0.889,0.88,0.88,0.885,0.891,1552749802.0,1552749802.0,1.069,588000.0,2023-10-26 13:16:58,0.8805436226810355,0.0011357183418512,0.0034071550255536,0.001,-0.001,0.002,280061434.0,199582139.0,-80479295.0,0.8786673673891136,0.8823873524674469,479643573.0,80479295.0,-1.3630047253299082e-05,-0.011,-0.001,0.8805000000000001,0.881,0.881,0.88,0.88,5109039.0,5109039.0,1.0,-177208387.7178569,15.0,5.0,4.0,5.0,0.0002499999999998,0.7757207500000001,0.0002499999999999,192600.95,2659447698103.0,301243.25,-1048300.0,2876400.0,-3924700.0,237600.0,4513800.0,-4276200.0,266100.0,530100.0,-264000.0,861300.0,300000.0,561300.0,-36500.0,370300.0,-406800.0,0.0090526527600904,0.0069665370074484
1318.0,20231026.0,2.0231026131758e+16,0.881,0.88,82379877.0,91732934.0,0.882,0.879,44725287.0,71132800.0,0.883,0.878,25600507.0,65919800.0,0.884,0.877,21242700.0,28060100.0,0.885,0.876,29260168.0,21026700.0,0.713,0.889,0.881,0.88,0.885,0.891,1560551892.0,1560551892.0,1.069,588000.0,2023-10-26 13:17:58,0.8805268591867145,0.0011357183418512,0.0034071550255536,0.001,-0.001,0.002,277872334.0,203208539.0,-74663795.0,0.8786639206046328,0.8823616311320461,481080873.0,74663795.0,-1.903784600798541e-05,-0.01,0.001,0.8805000000000001,0.881,0.881,0.881,0.881,7802090.0,7802090.0,1.0,0.0,0.0,0.0,0.0,0.0,0.0,0.776161,0.0,250881.5,7067474465880.0,360092.75,-1756800.0,3894200.0,-5651000.0,463700.0,-276900.0,740600.0,-254100.0,-43900.0,-210200.0,-652600.0,43000.0,-695600.0,10700.0,10000.0,700.0,0.0100334590144547,0.0080025537396708
1319.0,20231026.0,2.0231026131858e+16,0.881,0.88,81675777.0,91531834.0,0.882,0.879,40303287.0,70944700.0,0.883,0.878,25849707.0,64050200.0,0.884,0.877,21242700.0,28045200.0,0.885,0.876,29280568.0,21060200.0,0.713,0.889,0.881,0.88,0.885,0.891,1568889503.0,1568889503.0,1.069,588000.0,2023-10-26 13:18:58,0.8805284515701796,0.0011357183418512,0.0034071550255536,0.001,-0.001,0.002,275632134.0,198352039.0,-77280095.0,0.8786669859763158,0.8823756000410967,473984173.0,77280095.0,1.8084423077102676e-06,-0.01,0.0,0.8805000000000001,0.881,0.881,0.88,0.881,8337611.0,8337611.0,1.0,-347146.4847538769,18.0,2.0,2.0,2.0,9.999999999987796e-05,0.7759849,0.0,172812.05,6675689998017.0,284629.0,-201100.0,-704100.0,503000.0,-188100.0,-4422000.0,4233900.0,-1869600.0,249200.0,-2118800.0,-14900.0,0.0,-14900.0,33500.0,20400.0,13100.0,0.006377047159536,0.006112644740754
1320.0,20231026.0,2.0231026131958e+16,0.881,0.88,28436177.0,94337534.0,0.882,0.879,56812387.0,80254200.0,0.883,0.878,26624407.0,55900100.0,0.884,0.877,21592700.0,27603500.0,0.885,0.876,29280568.0,20755500.0,0.713,0.889,0.881,0.88,0.885,0.891,1584381846.0,1584381846.0,1.069,588000.0,2023-10-26 13:19:58,0.8807683854567204,0.0011357183418512,0.0034071550255536,0.001,-0.001,0.002,278850834.0,162746239.0,-116104595.0,0.8787165650722062,0.8827939681727452,441597073.0,116104595.0,0.0002724513926114,-0.01,0.0,0.8805000000000001,0.881,0.881,0.881,0.881,15492343.0,15492343.0,1.0,0.0,0.0,0.0,0.0,0.0,0.0,0.776161,0.0,493515.15,19735681292197.0,829668.0,2805700.0,-53239600.0,56045300.0,9309500.0,16509100.0,-7199600.0,-8150100.0,774700.0,-8924800.0,-441700.0,350000.0,-791700.0,-304700.0,0.0,-304700.0,0.0194831604404109,0.0163381751376825
1321.0,20231026.0,2.0231026132058e+16,0.881,0.88,50389577.0,93846134.0,0.882,0.879,48437887.0,80321600.0,0.883,0.878,25672207.0,55901300.0,0.884,0.877,21342700.0,27579500.0,0.885,0.876,29480568.0,20664700.0,0.713,0.889,0.881,0.88,0.885,0.891,1594997834.0,1594997834.0,1.069,588000.0,2023-10-26 13:20:58,0.8806506442360866,0.0011357183418512,0.0034071550255536,0.001,-0.001,0.002,278313234.0,175322939.0,-102990295.0,0.8787153988516406,0.8826069356047015,453636173.0,102990295.0,-0.0001336890527743,-0.01,0.0,0.8805000000000001,0.881,0.881,0.881,0.881,10615988.0,10615988.0,1.0,0.0,0.0,0.0,0.0,0.0,0.0,0.776161,0.0,302514.1,8769242799072.0,565772.25,-491400.0,21953400.0,-22444800.0,67400.0,-8374500.0,8441900.0,1200.0,-952200.0,953400.0,-24000.0,-250000.0,226000.0,-90800.0,200000.0,-290800.0,0.02214276554861,0.0188284434773733
