time,exchg,code,price,open,high,low,settle_price,upper_limit,lower_limit,total_volume,volume,total_turnover,turnover,open_interest,diff_interest,trading_date,action_date,action_time,pre_close,pre_settle,pre_interest,bid_price_0,bid_price_1,bid_price_2,bid_price_3,bid_price_4,bid_price_5,bid_price_6,bid_price_7,bid_price_8,bid_price_9,ask_price_0,ask_price_1,ask_price_2,ask_price_3,ask_price_4,ask_price_5,ask_price_6,ask_price_7,ask_price_8,ask_price_9,bid_qty_0,bid_qty_1,bid_qty_2,bid_qty_3,bid_qty_4,bid_qty_5,bid_qty_6,bid_qty_7,bid_qty_8,bid_qty_9,ask_qty_0,ask_qty_1,ask_qty_2,ask_qty_3,ask_qty_4,ask_qty_5,ask_qty_6,ask_qty_7,ask_qty_8,ask_qty_9
20231026093650000,SSE,SSE.ETF.510300,3.568,3.555,3.571,3.551,0.0,3.926,3.212,383644616.0,301257095.0,383644616.0,301257095.0,0.0,0.0,20231026,20231026,93650000,3.569,0.0,0.0,3.567,3.566,3.565,3.564,3.563,3.562,3.561,3.56,3.559,3.558,3.568,3.569,3.57,3.571,3.572,3.573,3.574,3.575,3.576,3.577,877300.0,2425000.0,2299800.0,2070300.0,624400.0,455200.0,559900.0,445100.0,128000.0,247300.0,1203800.0,3006400.0,2433400.0,464900.0,1506600.0,448500.0,365200.0,746600.0,265600.0,142300.0
20231026093653000,SSE,SSE.ETF.510300,3.568,3.555,3.571,3.551,0.0,3.926,3.212,384246893.0,602277.0,384246893.0,602277.0,0.0,0.0,20231026,20231026,93653000,3.569,0.0,0.0,3.567,3.566,3.565,3.564,3.563,3.562,3.561,3.56,3.559,3.558,3.568,3.569,3.57,3.571,3.572,3.573,3.574,3.575,3.576,3.577,1972000.0,2245000.0,2410100.0,912000.0,582400.0,470800.0,544300.0,445100.0,128000.0,247300.0,638900.0,3610800.0,2608400.0,406900.0,1589600.0,348500.0,369600.0,746600.0,385600.0,142300.0
20231026093656000,SSE,SSE.ETF.510300,3.567,3.555,3.571,3.551,0.0,3.926,3.212,384381049.0,134156.0,384381049.0,134156.0,0.0,0.0,20231026,20231026,93656000,3.569,0.0,0.0,3.567,3.566,3.565,3.564,3.563,3.562,3.561,3.56,3.559,3.558,3.568,3.569,3.57,3.571,3.572,3.573,3.574,3.575,3.576,3.577,1392000.0,2245000.0,2416700.0,970000.0,582400.0,470800.0,544300.0,445100.0,128000.0,249300.0,1195200.0,2719900.0,2609500.0,460900.0,1589600.0,348500.0,369600.0,756800.0,445600.0,102300.0
20231026093659000,SSE,SSE.ETF.510300,3.567,3.555,3.571,3.551,0.0,3.926,3.212,384855466.0,474417.0,384855466.0,474417.0,0.0,0.0,20231026,20231026,93659000,3.569,0.0,0.0,3.567,3.566,3.565,3.564,3.563,3.562,3.561,3.56,3.559,3.558,3.568,3.569,3.57,3.571,3.572,3.573,3.574,3.575,3.576,3.577,1267000.0,1535000.0,2144000.0,2348500.0,682400.0,756000.0,616400.0,591600.0,128000.0,249300.0,1630900.0,3042800.0,2150500.0,480900.0,1439600.0,448500.0,313100.0,823300.0,345600.0,102300.0
20231026093702000,SSE,SSE.ETF.510300,3.567,3.555,3.571,3.551,0.0,3.926,3.212,388295264.0,3439798.0,388295264.0,3439798.0,0.0,0.0,20231026,20231026,93702000,3.569,0.0,0.0,3.567,3.566,3.565,3.564,3.563,3.562,3.561,3.56,3.559,3.558,3.568,3.569,3.57,3.571,3.572,3.573,3.574,3.575,3.576,3.577,105600.0,848800.0,1140200.0,2239000.0,2097700.0,856000.0,854100.0,648100.0,68000.0,249300.0,1215100.0,2741500.0,2251500.0,1380900.0,639600.0,448500.0,369600.0,666800.0,485600.0,106800.0
20231026093705000,SSE,SSE.ETF.510300,3.567,3.555,3.571,3.551,0.0,3.926,3.212,388805346.0,510082.0,388805346.0,510082.0,0.0,0.0,20231026,20231026,93705000,3.569,0.0,0.0,3.567,3.566,3.565,3.564,3.563,3.562,3.561,3.56,3.559,3.558,3.568,3.569,3.57,3.571,3.572,3.573,3.574,3.575,3.576,3.577,2900.0,1754200.0,1742200.0,2548500.0,682400.0,756000.0,559900.0,450600.0,68000.0,249300.0,1642700.0,3392000.0,2255700.0,1230900.0,539600.0,448500.0,369600.0,666800.0,345600.0,106800.0
20231026093708000,SSE,SSE.ETF.510300,3.567,3.555,3.571,3.551,0.0,3.926,3.212,389315428.0,510082.0,389315428.0,510082.0,0.0,0.0,20231026,20231026,93708000,3.569,0.0,0.0,3.566,3.565,3.564,3.563,3.562,3.561,3.56,3.559,3.558,3.557,3.567,3.568,3.569,3.57,3.571,3.572,3.573,3.574,3.575,3.576,761900.0,1382200.0,2018800.0,2260900.0,856000.0,754500.0,733800.0,163600.0,309300.0,80000.0,1046300.0,1362000.0,2627000.0,3157700.0,272900.0,644600.0,448500.0,453000.0,503400.0,545600.0
20231026093711000,SSE,SSE.ETF.510300,3.566,3.555,3.571,3.551,0.0,3.926,3.212,389599354.0,283926.0,389599354.0,283926.0,0.0,0.0,20231026,20231026,93711000,3.569,0.0,0.0,3.566,3.565,3.564,3.563,3.562,3.561,3.56,3.559,3.558,3.557,3.567,3.568,3.569,3.57,3.571,3.572,3.573,3.574,3.575,3.576,832400.0,626800.0,1616700.0,1864400.0,1748300.0,698000.0,1144500.0,148000.0,324900.0,95600.0,1379400.0,1954300.0,2605500.0,2069100.0,582800.0,644600.0,388500.0,469500.0,389700.0,545600.0
20231026093714000,SSE,SSE.ETF.510300,3.567,3.555,3.571,3.551,0.0,3.926,3.212,389825835.0,226481.0,389825835.0,226481.0,0.0,0.0,20231026,20231026,93714000,3.569,0.0,0.0,3.566,3.565,3.564,3.563,3.562,3.561,3.56,3.559,3.558,3.557,3.567,3.568,3.569,3.57,3.571,3.572,3.573,3.574,3.575,3.576,839100.0,766800.0,1856700.0,1867400.0,1948400.0,798000.0,1088000.0,204500.0,312100.0,95600.0,1611100.0,2154300.0,2593900.0,2073600.0,1076900.0,644600.0,445000.0,413000.0,451700.0,485600.0
20231026093717000,SSE,SSE.ETF.510300,3.566,3.555,3.571,3.551,0.0,3.926,3.212,395670070.0,5844235.0,395670070.0,5844235.0,0.0,0.0,20231026,20231026,93717000,3.569,0.0,0.0,3.564,3.563,3.562,3.561,3.56,3.559,3.558,3.557,3.556,3.555,3.566,3.567,3.568,3.569,3.57,3.571,3.572,3.573,3.574,3.575,559800.0,931200.0,2126400.0,898300.0,1090400.0,204500.0,548200.0,160000.0,166900.0,314900.0,1272900.0,1190100.0,1838000.0,3495900.0,1177400.0,1077000.0,586600.0,367000.0,332800.0,451100.0
20231026093744000,SSE,SSE.ETF.510300,3.564,3.555,3.571,3.551,0.0,3.926,3.212,419241244.0,3731007.0,419241244.0,3731007.0,0.0,0.0,20231026,20231026,93744000,3.569,0.0,0.0,3.564,3.563,3.562,3.561,3.56,3.559,3.558,3.557,3.556,3.555,3.565,3.566,3.567,3.568,3.569,3.57,3.571,3.572,3.573,3.574,650700.0,1614000.0,1927200.0,2153900.0,1162400.0,578800.0,639500.0,417200.0,177900.0,308000.0,3900.0,1708800.0,2393600.0,997500.0,2433700.0,1266300.0,1330700.0,525500.0,302500.0,337900.0
20231026093747000,SSE,SSE.ETF.510300,3.564,3.555,3.571,3.551,0.0,3.926,3.212,421501533.0,2260289.0,421501533.0,2260289.0,0.0,0.0,20231026,20231026,93747000,3.569,0.0,0.0,3.564,3.563,3.562,3.561,3.56,3.559,3.558,3.557,3.556,3.555,3.565,3.566,3.567,3.568,3.569,3.57,3.571,3.572,3.573,3.574,114200.0,1556300.0,1817200.0,2156700.0,1281600.0,527000.0,836600.0,160000.0,178900.0,368000.0,279300.0,2430900.0,1476600.0,1774500.0,1581800.0,1326300.0,1014000.0,842000.0,222600.0,337900.0
20231026093750000,SSE,SSE.ETF.510300,3.564,3.555,3.571,3.551,0.0,3.926,3.212,421751717.0,250184.0,421751717.0,250184.0,0.0,0.0,20231026,20231026,93750000,3.569,0.0,0.0,3.563,3.562,3.561,3.56,3.559,3.558,3.557,3.556,3.555,3.554,3.564,3.565,3.566,3.567,3.568,3.569,3.57,3.571,3.572,3.573,275600.0,2373900.0,1434000.0,2604200.0,612400.0,1092200.0,216600.0,458900.0,368000.0,59300.0,135600.0,2615000.0,1215900.0,1360600.0,879500.0,1677700.0,1326400.0,1070700.0,605500.0,212600.0
20231026093753000,SSE,SSE.ETF.510300,3.564,3.555,3.571,3.551,0.0,3.926,3.212,423282274.0,1530557.0,423282274.0,1530557.0,0.0,0.0,20231026,20231026,93753000,3.569,0.0,0.0,3.564,3.563,3.562,3.561,3.56,3.559,3.558,3.557,3.556,3.555,3.565,3.566,3.567,3.568,3.569,3.57,3.571,3.572,3.573,3.574,685000.0,1824400.0,1835500.0,2370600.0,1246500.0,512900.0,701800.0,300600.0,315500.0,303000.0,221700.0,2429300.0,1368600.0,2022300.0,1729200.0,1330600.0,1154200.0,468100.0,212600.0,317900.0
20231026093756000,SSE,SSE.ETF.510300,3.565,3.555,3.571,3.551,0.0,3.926,3.212,424071853.0,789579.0,424071853.0,789579.0,0.0,0.0,20231026,20231026,93756000,3.569,0.0,0.0,3.565,3.564,3.563,3.562,3.561,3.56,3.559,3.558,3.557,3.556,3.566,3.567,3.568,3.569,3.57,3.571,3.572,3.573,3.574,3.575,291700.0,1154400.0,1946200.0,2227000.0,973800.0,1317600.0,512900.0,782400.0,216600.0,188900.0,498100.0,2583600.0,733000.0,2638400.0,1489000.0,1070700.0,788100.0,212700.0,117900.0,391100.0
20231026093759000,SSE,SSE.ETF.510300,3.565,3.555,3.571,3.551,0.0,3.926,3.212,430066430.0,5994577.0,430066430.0,5994577.0,0.0,0.0,20231026,20231026,93759000,3.569,0.0,0.0,3.565,3.564,3.563,3.562,3.561,3.56,3.559,3.558,3.557,3.556,3.566,3.567,3.568,3.569,3.57,3.571,3.572,3.573,3.574,3.575,437400.0,1743200.0,2617800.0,1289800.0,1049400.0,849800.0,359200.0,441300.0,80100.0,188900.0,212500.0,755800.0,2927100.0,1470400.0,2287200.0,1081200.0,644600.0,592700.0,118000.0,391100.0
20231026093956000,SSE,SSE.ETF.510300,3.566,3.555,3.571,3.551,0.0,3.926,3.212,503361561.0,1697057.0,503361561.0,1697057.0,0.0,0.0,20231026,20231026,93956000,3.569,0.0,0.0,3.566,3.565,3.564,3.563,3.562,3.561,3.56,3.559,3.558,3.557,3.567,3.568,3.569,3.57,3.571,3.572,3.573,3.574,3.575,3.576,1047300.0,3141700.0,1954000.0,2578600.0,1386600.0,954700.0,975600.0,448900.0,376200.0,97000.0,517400.0,3538400.0,2290400.0,3633100.0,1301100.0,731900.0,649000.0,451800.0,412000.0,291400.0
20231026093959000,SSE,SSE.ETF.510300,3.567,3.555,3.571,3.551,0.0,3.926,3.212,503952807.0,591246.0,503952807.0,591246.0,0.0,0.0,20231026,20231026,93959000,3.569,0.0,0.0,3.566,3.565,3.564,3.563,3.562,3.561,3.56,3.559,3.558,3.557,3.567,3.568,3.569,3.57,3.571,3.572,3.573,3.574,3.575,3.576,778100.0,3322700.0,1955400.0,2578800.0,1446700.0,954700.0,1121300.0,308400.0,298500.0,97000.0,332600.0,3707400.0,2291000.0,3423100.0,1313000.0,791900.0,449000.0,731700.0,412000.0,291400.0
20231026094002000,SSE,SSE.ETF.510300,3.566,3.555,3.571,3.551,0.0,3.926,3.212,504018780.0,65973.0,504018780.0,65973.0,0.0,0.0,20231026,20231026,94002000,3.569,0.0,0.0,3.566,3.565,3.564,3.563,3.562,3.561,3.56,3.559,3.558,3.557,3.567,3.568,3.569,3.57,3.571,3.572,3.573,3.574,3.575,3.576,768800.0,3323400.0,2728000.0,1116200.0,1431200.0,690500.0,1177800.0,221900.0,298500.0,84400.0,445000.0,2095300.0,2823600.0,2523100.0,2093000.0,941900.0,542500.0,788200.0,412000.0,291400.0
20231026094544000,SSE,SSE.ETF.510300,3.562,3.555,3.575,3.551,0.0,3.926,3.212,714401516.0,350407.0,714401516.0,350407.0,0.0,0.0,20231026,20231026,94544000,3.569,0.0,0.0,3.561,3.56,3.559,3.558,3.557,3.556,3.555,3.554,3.553,3.552,3.562,3.563,3.564,3.565,3.566,3.567,3.568,3.569,3.57,3.571,310300.0,3217100.0,1897900.0,2601200.0,567600.0,998800.0,783600.0,421000.0,409000.0,243900.0,1018100.0,1377900.0,1731500.0,2095400.0,487200.0,473700.0,642500.0,593100.0,321200.0,270400.0
20231026094547000,SSE,SSE.ETF.510300,3.561,3.555,3.575,3.551,0.0,3.926,3.212,715832344.0,1430828.0,715832344.0,1430828.0,0.0,0.0,20231026,20231026,94547000,3.569,0.0,0.0,3.561,3.56,3.559,3.558,3.557,3.556,3.555,3.554,3.553,3.552,3.562,3.563,3.564,3.565,3.566,3.567,3.568,3.569,3.57,3.571,133300.0,2550400.0,3112900.0,2078500.0,685600.0,998800.0,980900.0,163700.0,409300.0,252300.0,999900.0,1376300.0,1731500.0,1093400.0,345200.0,628700.0,394600.0,849800.0,321100.0,270400.0
20231026094550000,SSE,SSE.ETF.510300,3.562,3.555,3.575,3.551,0.0,3.926,3.212,717302716.0,1470372.0,717302716.0,1470372.0,0.0,0.0,20231026,20231026,94550000,3.569,0.0,0.0,3.562,3.561,3.56,3.559,3.558,3.557,3.556,3.555,3.554,3.553,3.563,3.564,3.565,3.566,3.567,3.568,3.569,3.57,3.571,3.572,409000.0,784900.0,4015200.0,2764200.0,1080700.0,588600.0,704600.0,980900.0,157700.0,409300.0,788300.0,1315200.0,1799800.0,2245200.0,528700.0,394100.0,849800.0,621100.0,270400.0,1176000.0
20231026094553000,SSE,SSE.ETF.510300,3.562,3.555,3.575,3.551,0.0,3.926,3.212,717632201.0,329485.0,717632201.0,329485.0,0.0,0.0,20231026,20231026,94553000,3.569,0.0,0.0,3.562,3.561,3.56,3.559,3.558,3.557,3.556,3.555,3.554,3.553,3.563,3.564,3.565,3.566,3.567,3.568,3.569,3.57,3.571,3.572,16500.0,556800.0,4224400.0,2236100.0,1188400.0,618600.0,785300.0,810200.0,62700.0,409300.0,788600.0,1730200.0,1454800.0,1185600.0,558700.0,454100.0,709700.0,741200.0,270400.0,1176000.0
20231026094556000,SSE,SSE.ETF.510300,3.561,3.555,3.575,3.551,0.0,3.926,3.212,717706998.0,74797.0,717706998.0,74797.0,0.0,0.0,20231026,20231026,94556000,3.569,0.0,0.0,3.561,3.56,3.559,3.558,3.557,3.556,3.555,3.554,3.553,3.552,3.562,3.563,3.564,3.565,3.566,3.567,3.568,3.569,3.57,3.571,364500.0,3402100.0,1941900.0,2188400.0,728600.0,1055400.0,779300.0,142700.0,409300.0,252400.0,193800.0,1876600.0,1730200.0,1454800.0,1185600.0,658700.0,454100.0,733200.0,637700.0,270400.0
20231026094559000,SSE,SSE.ETF.510300,3.562,3.555,3.575,3.551,0.0,3.926,3.212,719586310.0,1879312.0,719586310.0,1879312.0,0.0,0.0,20231026,20231026,94559000,3.569,0.0,0.0,3.561,3.56,3.559,3.558,3.557,3.556,3.555,3.554,3.553,3.552,3.562,3.563,3.564,3.565,3.566,3.567,3.568,3.569,3.57,3.571,3417200.0,4740300.0,628800.0,1070400.0,345900.0,564600.0,835900.0,142700.0,409300.0,252400.0,458600.0,198500.0,725200.0,1610500.0,1537000.0,2458700.0,394100.0,789800.0,691100.0,270400.0
20231026094602000,SSE,SSE.ETF.510300,3.563,3.555,3.575,3.551,0.0,3.926,3.212,721351291.0,1764981.0,721351291.0,1764981.0,0.0,0.0,20231026,20231026,94602000,3.569,0.0,0.0,3.562,3.561,3.56,3.559,3.558,3.557,3.556,3.555,3.554,3.553,3.563,3.564,3.565,3.566,3.567,3.568,3.569,3.57,3.571,3.572,1042200.0,2802000.0,4054300.0,629800.0,1030400.0,350100.0,704600.0,896100.0,122700.0,409300.0,184800.0,1715100.0,1668500.0,1537000.0,1458700.0,294100.0,849800.0,712700.0,369000.0,1187300.0
20231026094605000,SSE,SSE.ETF.510300,3.562,3.555,3.575,3.551,0.0,3.926,3.212,721501964.0,150673.0,721501964.0,150673.0,0.0,0.0,20231026,20231026,94605000,3.569,0.0,0.0,3.562,3.561,3.56,3.559,3.558,3.557,3.556,3.555,3.554,3.553,3.563,3.564,3.565,3.566,3.567,3.568,3.569,3.57,3.571,3.572,711200.0,3621700.0,4137300.0,626800.0,1090400.0,367700.0,646300.0,695400.0,62700.0,409300.0,132800.0,1715100.0,1668500.0,1577000.0,1458700.0,154100.0,649700.0,892800.0,269000.0,1186200.0
20231026100944000,SSE,SSE.ETF.510300,3.555,3.555,3.575,3.551,0.0,3.926,3.212,1127686779.0,6044.0,1127686779.0,6044.0,0.0,0.0,20231026,20231026,100944000,3.569,0.0,0.0,3.555,3.554,3.553,3.552,3.551,3.55,3.549,3.548,3.547,3.546,3.556,3.557,3.558,3.559,3.56,3.561,3.562,3.563,3.564,3.565,2058600.0,4731800.0,3259900.0,2144700.0,2169900.0,4935900.0,1191800.0,935300.0,539100.0,248600.0,1610500.0,2246700.0,3070500.0,3084500.0,1737000.0,1332700.0,674200.0,1097100.0,631900.0,151500.0
20231026100947000,SSE,SSE.ETF.510300,3.555,3.555,3.575,3.551,0.0,3.926,3.212,1128087172.0,400393.0,1128087172.0,400393.0,0.0,0.0,20231026,20231026,100947000,3.569,0.0,0.0,3.555,3.554,3.553,3.552,3.551,3.55,3.549,3.548,3.547,3.546,3.556,3.557,3.558,3.559,3.56,3.561,3.562,3.563,3.564,3.565,3254200.0,4796800.0,2534900.0,2086700.0,2111900.0,4919600.0,1341800.0,788200.0,540100.0,308600.0,1340500.0,1753700.0,2455500.0,3641500.0,1779000.0,1332700.0,674200.0,1157100.0,631900.0,151500.0
20231026100950000,SSE,SSE.ETF.510300,3.556,3.555,3.575,3.551,0.0,3.926,3.212,1130093096.0,2005924.0,1130093096.0,2005924.0,0.0,0.0,20231026,20231026,100950000,3.569,0.0,0.0,3.556,3.555,3.554,3.553,3.552,3.551,3.55,3.549,3.548,3.547,3.557,3.558,3.559,3.56,3.561,3.562,3.563,3.564,3.565,3.566,2000.0,3999700.0,4926800.0,1939100.0,2144700.0,2173200.0,4425400.0,1341800.0,708200.0,540100.0,851200.0,2152200.0,3099500.0,3637000.0,1332700.0,674200.0,1157100.0,711900.0,151500.0,289400.0
20231026100953000,SSE,SSE.ETF.510300,3.556,3.555,3.575,3.551,0.0,3.926,3.212,1130132212.0,39116.0,1130132212.0,39116.0,0.0,0.0,20231026,20231026,100953000,3.569,0.0,0.0,3.556,3.555,3.554,3.553,3.552,3.551,3.55,3.549,3.548,3.547,3.557,3.558,3.559,3.56,3.561,3.562,3.563,3.564,3.565,3.566,112300.0,3154700.0,4636800.0,1544900.0,2204700.0,2172900.0,4774900.0,1225100.0,708200.0,600100.0,1744400.0,2941900.0,3699500.0,1677000.0,1332700.0,734200.0,980400.0,888600.0,151500.0,291900.0
20231026100956000,SSE,SSE.ETF.510300,3.556,3.555,3.575,3.551,0.0,3.926,3.212,1130164572.0,32360.0,1130164572.0,32360.0,0.0,0.0,20231026,20231026,100956000,3.569,0.0,0.0,3.556,3.555,3.554,3.553,3.552,3.551,3.55,3.549,3.548,3.547,3.557,3.558,3.559,3.56,3.561,3.562,3.563,3.564,3.565,3.566,111600.0,2563100.0,4591800.0,2959900.0,2209700.0,2182900.0,5145800.0,1084200.0,678200.0,600100.0,2510200.0,3440200.0,3384500.0,1707000.0,1332700.0,734200.0,840000.0,1028900.0,151500.0,292900.0
20231026100959000,SSE,SSE.ETF.510300,3.556,3.555,3.575,3.551,0.0,3.926,3.212,1130197287.0,32715.0,1130197287.0,32715.0,0.0,0.0,20231026,20231026,100959000,3.569,0.0,0.0,3.556,3.555,3.554,3.553,3.552,3.551,3.55,3.549,3.548,3.547,3.557,3.558,3.559,3.56,3.561,3.562,3.563,3.564,3.565,3.566,126600.0,2643700.0,4581800.0,2960000.0,2211300.0,2182900.0,4916800.0,1084200.0,708200.0,540100.0,2660200.0,3005200.0,3699500.0,1677000.0,1332700.0,734200.0,840000.0,968900.0,151500.0,292900.0
20231026101002000,SSE,SSE.ETF.510300,3.556,3.555,3.575,3.551,0.0,3.926,3.212,1130249918.0,52631.0,1130249918.0,52631.0,0.0,0.0,20231026,20231026,101002000,3.569,0.0,0.0,3.556,3.555,3.554,3.553,3.552,3.551,3.55,3.549,3.548,3.547,3.557,3.558,3.559,3.56,3.561,3.562,3.563,3.564,3.565,3.566,141200.0,2803400.0,4896800.0,2645000.0,2158300.0,2132100.0,4916800.0,1086200.0,708200.0,600100.0,2553400.0,3005200.0,3791500.0,1609900.0,1332700.0,734200.0,840000.0,1028900.0,151500.0,292900.0
20231026101005000,SSE,SSE.ETF.510300,3.556,3.555,3.575,3.551,0.0,3.926,3.212,1130256319.0,6401.0,1130256319.0,6401.0,0.0,0.0,20231026,20231026,101005000,3.569,0.0,0.0,3.556,3.555,3.554,3.553,3.552,3.551,3.55,3.549,3.548,3.547,3.557,3.558,3.559,3.56,3.561,3.562,3.563,3.564,3.565,3.566,1809600.0,3706600.0,4196800.0,1897200.0,2216300.0,2132100.0,4782600.0,936200.0,708200.0,600100.0,1424000.0,2522100.0,3941500.0,2917900.0,1390700.0,734200.0,840000.0,1028900.0,151500.0,292900.0
20231026101008000,SSE,SSE.ETF.510300,3.556,3.555,3.575,3.551,0.0,3.926,3.212,1130681977.0,425658.0,1130681977.0,425658.0,0.0,0.0,20231026,20231026,101008000,3.569,0.0,0.0,3.556,3.555,3.554,3.553,3.552,3.551,3.55,3.549,3.548,3.547,3.557,3.558,3.559,3.56,3.561,3.562,3.563,3.564,3.565,3.566,2310200.0,4615100.0,3570400.0,1897200.0,2217300.0,2132100.0,4782600.0,939300.0,708200.0,600100.0,919000.0,1355400.0,1276500.0,4582900.0,1390700.0,934200.0,840000.0,1028900.0,151500.0,292900.0
20231026101011000,SSE,SSE.ETF.510300,3.557,3.555,3.575,3.551,0.0,3.926,3.212,1131327928.0,645951.0,1131327928.0,645951.0,0.0,0.0,20231026,20231026,101011000,3.569,0.0,0.0,3.556,3.555,3.554,3.553,3.552,3.551,3.55,3.549,3.548,3.547,3.557,3.558,3.559,3.56,3.561,3.562,3.563,3.564,3.565,3.566,2414500.0,3700400.0,3784400.0,1897400.0,2217300.0,2124900.0,4812600.0,923600.0,678200.0,600100.0,38200.0,2283100.0,3341500.0,4025500.0,1390700.0,734200.0,840000.0,1028900.0,151500.0,292900.0
20231026101014000,SSE,SSE.ETF.510300,3.557,3.555,3.575,3.551,0.0,3.926,3.212,1131807399.0,479471.0,1131807399.0,479471.0,0.0,0.0,20231026,20231026,101014000,3.569,0.0,0.0,3.557,3.556,3.555,3.554,3.553,3.552,3.551,3.55,3.549,3.548,3.558,3.559,3.56,3.561,3.562,3.563,3.564,3.565,3.566,3.567,1860500.0,3751500.0,4221600.0,2855600.0,1897400.0,2218300.0,1980700.0,4662600.0,924600.0,678200.0,984000.0,2473200.0,3890500.0,3290700.0,934200.0,840000.0,968900.0,151500.0,292900.0,123100.0
20231026101017000,SSE,SSE.ETF.510300,3.558,3.555,3.575,3.551,0.0,3.926,3.212,1134873332.0,3065933.0,1134873332.0,3065933.0,0.0,0.0,20231026,20231026,101017000,3.569,0.0,0.0,3.558,3.557,3.556,3.555,3.554,3.553,3.552,3.551,3.55,3.549,3.559,3.56,3.561,3.562,3.563,3.564,3.565,3.566,3.567,3.568,88800.0,2998700.0,3726000.0,2811600.0,2672100.0,1957400.0,1963100.0,2180000.0,4315000.0,844600.0,2523100.0,3067500.0,4095700.0,992200.0,900000.0,711900.0,548500.0,372900.0,123100.0,276600.0
20231026101020000,SSE,SSE.ETF.510300,3.559,3.555,3.575,3.551,0.0,3.926,3.212,1134879025.0,5693.0,1134879025.0,5693.0,0.0,0.0,20231026,20231026,101020000,3.569,0.0,0.0,3.558,3.557,3.556,3.555,3.554,3.553,3.552,3.551,3.55,3.549,3.559,3.56,3.561,3.562,3.563,3.564,3.565,3.566,3.567,3.568,393600.0,1808700.0,3011400.0,2385600.0,2730700.0,1957400.0,2219700.0,2063300.0,4315000.0,844600.0,2276300.0,3283900.0,3945700.0,932200.0,900000.0,771900.0,371800.0,489500.0,123100.0,276600.0
20231026101023000,SSE,SSE.ETF.510300,3.558,3.555,3.575,3.551,0.0,3.926,3.212,1135679276.0,800251.0,1135679276.0,800251.0,0.0,0.0,20231026,20231026,101023000,3.569,0.0,0.0,3.558,3.557,3.556,3.555,3.554,3.553,3.552,3.551,3.55,3.549,3.559,3.56,3.561,3.562,3.563,3.564,3.565,3.566,3.567,3.568,228100.0,2740000.0,2619200.0,1371900.0,2729700.0,1957400.0,2255600.0,1829100.0,4296900.0,904600.0,1786400.0,2287600.0,4245700.0,932200.0,900000.0,971900.0,288200.0,633200.0,123100.0,276600.0
20231026101026000,SSE,SSE.ETF.510300,3.559,3.555,3.575,3.551,0.0,3.926,3.212,1135751164.0,71888.0,1135751164.0,71888.0,0.0,0.0,20231026,20231026,101026000,3.569,0.0,0.0,3.558,3.557,3.556,3.555,3.554,3.553,3.552,3.551,3.55,3.549,3.559,3.56,3.561,3.562,3.563,3.564,3.565,3.566,3.567,3.568,258700.0,2708700.0,2419600.0,2371300.0,2673400.0,1957400.0,2362700.0,1782400.0,4443100.0,904600.0,2069400.0,3734900.0,3945700.0,932200.0,900000.0,771900.0,231500.0,689800.0,123100.0,276600.0
20231026101029000,SSE,SSE.ETF.510300,3.559,3.555,3.575,3.551,0.0,3.926,3.212,1135789957.0,38793.0,1135789957.0,38793.0,0.0,0.0,20231026,20231026,101029000,3.569,0.0,0.0,3.558,3.557,3.556,3.555,3.554,3.553,3.552,3.551,3.55,3.549,3.559,3.56,3.561,3.562,3.563,3.564,3.565,3.566,3.567,3.568,164800.0,2709100.0,2267900.0,1380100.0,2612200.0,1899400.0,2362700.0,1932400.0,4293100.0,904600.0,1789100.0,3519900.0,4187700.0,874200.0,900000.0,771900.0,231500.0,689800.0,123100.0,276600.0
20231026101032000,SSE,SSE.ETF.510300,3.558,3.555,3.575,3.551,0.0,3.926,3.212,1135833010.0,43053.0,1135833010.0,43053.0,0.0,0.0,20231026,20231026,101032000,3.569,0.0,0.0,3.558,3.557,3.556,3.555,3.554,3.553,3.552,3.551,3.55,3.549,3.559,3.56,3.561,3.562,3.563,3.564,3.565,3.566,3.567,3.568,285700.0,2710100.0,2467900.0,2482000.0,2700400.0,1894900.0,2312700.0,1782400.0,4299100.0,904600.0,1710800.0,3519900.0,4187700.0,1932200.0,958000.0,771900.0,231500.0,689800.0,123100.0,276600.0
20231026101035000,SSE,SSE.ETF.510300,3.559,3.555,3.575,3.551,0.0,3.926,3.212,1135987470.0,154460.0,1135987470.0,154460.0,0.0,0.0,20231026,20231026,101035000,3.569,0.0,0.0,3.558,3.557,3.556,3.555,3.554,3.553,3.552,3.551,3.55,3.549,3.559,3.56,3.561,3.562,3.563,3.564,3.565,3.566,3.567,3.568,1081200.0,2710100.0,2468900.0,1774000.0,2700400.0,1694900.0,2018500.0,1781600.0,4299100.0,844600.0,1664800.0,3474100.0,3287700.0,2832200.0,958000.0,771900.0,231600.0,629800.0,123100.0,276600.0
20231026101038000,SSE,SSE.ETF.510300,3.559,3.555,3.575,3.551,0.0,3.926,3.212,1136016651.0,29181.0,1136016651.0,29181.0,0.0,0.0,20231026,20231026,101038000,3.569,0.0,0.0,3.558,3.557,3.556,3.555,3.554,3.553,3.552,3.551,3.55,3.549,3.559,3.56,3.561,3.562,3.563,3.564,3.565,3.566,3.567,3.568,2608200.0,2411500.0,2187500.0,1785400.0,2699600.0,1694900.0,1961900.0,1838300.0,4302700.0,904600.0,1061900.0,3867300.0,3137700.0,3133200.0,968000.0,771900.0,288300.0,573500.0,123100.0,276600.0
20231026101041000,SSE,SSE.ETF.510300,3.559,3.555,3.575,3.551,0.0,3.926,3.212,1136118794.0,102143.0,1136118794.0,102143.0,0.0,0.0,20231026,20231026,101041000,3.569,0.0,0.0,3.558,3.557,3.556,3.555,3.554,3.553,3.552,3.551,3.55,3.549,3.559,3.56,3.561,3.562,3.563,3.564,3.565,3.566,3.567,3.568,2624400.0,2112500.0,2487500.0,1795200.0,2702500.0,1694900.0,2018500.0,1781600.0,4309000.0,904600.0,1033200.0,4135200.0,2987700.0,3133200.0,968000.0,771900.0,231600.0,630100.0,183100.0,276600.0
20231026101044000,SSE,SSE.ETF.510300,3.559,3.555,3.575,3.551,0.0,3.926,3.212,1136200295.0,81501.0,1136200295.0,81501.0,0.0,0.0,20231026,20231026,101044000,3.569,0.0,0.0,3.558,3.557,3.556,3.555,3.554,3.553,3.552,3.551,3.55,3.549,3.559,3.56,3.561,3.562,3.563,3.564,3.565,3.566,3.567,3.568,2647300.0,2465200.0,2197500.0,1731200.0,2643300.0,1694900.0,2018500.0,1775600.0,4372300.0,844600.0,1172000.0,3435200.0,2987700.0,3075200.0,910000.0,971900.0,231600.0,630100.0,183100.0,276600.0
20231026101047000,SSE,SSE.ETF.510300,3.558,3.555,3.575,3.551,0.0,3.926,3.212,1136259726.0,59431.0,1136259726.0,59431.0,0.0,0.0,20231026,20231026,101047000,3.569,0.0,0.0,3.558,3.557,3.556,3.555,3.554,3.553,3.552,3.551,3.55,3.549,3.559,3.56,3.561,3.562,3.563,3.564,3.565,3.566,3.567,3.568,2643200.0,2545200.0,2197500.0,1687200.0,2701300.0,1694900.0,2081500.0,1769600.0,4373300.0,844600.0,1019600.0,3897200.0,2987700.0,3133200.0,968000.0,771900.0,231600.0,690100.0,186100.0,276600.0
20231026101050000,SSE,SSE.ETF.510300,3.559,3.555,3.575,3.551,0.0,3.926,3.212,1136796067.0,536341.0,1136796067.0,536341.0,0.0,0.0,20231026,20231026,101050000,3.569,0.0,0.0,3.558,3.557,3.556,3.555,3.554,3.553,3.552,3.551,3.55,3.549,3.559,3.56,3.561,3.562,3.563,3.564,3.565,3.566,3.567,3.568,2994100.0,3160200.0,1882500.0,1688200.0,2701300.0,1694900.0,2021500.0,1799600.0,4308700.0,814600.0,841900.0,3397200.0,2702700.0,3548200.0,968000.0,971900.0,231600.0,630100.0,126100.0,276600.0
20231026101053000,SSE,SSE.ETF.510300,3.559,3.555,3.575,3.551,0.0,3.926,3.212,1139462826.0,2666759.0,1139462826.0,2666759.0,0.0,0.0,20231026,20231026,101053000,3.569,0.0,0.0,3.558,3.557,3.556,3.555,3.554,3.553,3.552,3.551,3.55,3.549,3.559,3.56,3.561,3.562,3.563,3.564,3.565,3.566,3.567,3.568,3212700.0,2709200.0,2473500.0,1693200.0,2508800.0,1397700.0,2021500.0,1801600.0,4370300.0,804600.0,114300.0,3312500.0,3002700.0,2648200.0,2168000.0,971900.0,231600.0,636200.0,186100.0,276600.0
20231026101056000,SSE,SSE.ETF.510300,3.559,3.555,3.575,3.551,0.0,3.926,3.212,1139879941.0,417115.0,1139879941.0,417115.0,0.0,0.0,20231026,20231026,101056000,3.569,0.0,0.0,3.559,3.558,3.557,3.556,3.555,3.554,3.553,3.552,3.551,3.55,3.56,3.561,3.562,3.563,3.564,3.565,3.566,3.567,3.568,3.569,3638800.0,2619200.0,2109200.0,2195300.0,1693700.0,2491100.0,1691900.0,1993800.0,1778300.0,4340300.0,3468300.0,3002700.0,2978200.0,1868000.0,971900.0,288300.0,579600.0,266100.0,276600.0,164900.0
20231026101059000,SSE,SSE.ETF.510300,3.559,3.555,3.575,3.551,0.0,3.926,3.212,1139981728.0,101787.0,1139981728.0,101787.0,0.0,0.0,20231026,20231026,101059000,3.569,0.0,0.0,3.559,3.558,3.557,3.556,3.555,3.554,3.553,3.552,3.551,3.55,3.56,3.561,3.562,3.563,3.564,3.565,3.566,3.567,3.568,3.569,2416300.0,2629200.0,2109200.0,2202300.0,1753700.0,2634100.0,1888800.0,1793000.0,1781600.0,4282400.0,3317500.0,3832700.0,2919200.0,1808000.0,1029900.0,291600.0,379300.0,462900.0,336600.0,164900.0
20231026101102000,SSE,SSE.ETF.510300,3.56,3.555,3.575,3.551,0.0,3.926,3.212,1143543932.0,3562204.0,1143543932.0,3562204.0,0.0,0.0,20231026,20231026,101102000,3.569,0.0,0.0,3.559,3.558,3.557,3.556,3.555,3.554,3.553,3.552,3.551,3.55,3.56,3.561,3.562,3.563,3.564,3.565,3.566,3.567,3.568,3.569,2497500.0,2628300.0,2114200.0,1271300.0,1756900.0,2644100.0,1832200.0,1850600.0,1781600.0,4282300.0,2527600.0,2832700.0,2919200.0,1808000.0,1029900.0,291600.0,435900.0,406300.0,336600.0,155000.0
20231026101105000,SSE,SSE.ETF.510300,3.559,3.555,3.575,3.551,0.0,3.926,3.212,1144686521.0,1142589.0,1144686521.0,1142589.0,0.0,0.0,20231026,20231026,101105000,3.569,0.0,0.0,3.559,3.558,3.557,3.556,3.555,3.554,3.553,3.552,3.551,3.55,3.56,3.561,3.562,3.563,3.564,3.565,3.566,3.567,3.568,3.569,1252700.0,2628300.0,2169200.0,2892300.0,1957800.0,2644100.0,1822100.0,1850600.0,1721600.0,4287300.0,2901800.0,3847800.0,3104200.0,908000.0,1029900.0,291600.0,435900.0,406300.0,276600.0,155000.0
20231026101108000,SSE,SSE.ETF.510300,3.56,3.555,3.575,3.551,0.0,3.926,3.212,1144827846.0,141325.0,1144827846.0,141325.0,0.0,0.0,20231026,20231026,101108000,3.569,0.0,0.0,3.559,3.558,3.557,3.556,3.555,3.554,3.553,3.552,3.551,3.55,3.56,3.561,3.562,3.563,3.564,3.565,3.566,3.567,3.568,3.569,1331600.0,2728300.0,2789100.0,1280400.0,1864800.0,2643900.0,1822100.0,1819500.0,1723600.0,4376700.0,2344300.0,2842800.0,3789200.0,1908000.0,1031000.0,292200.0,421000.0,406300.0,276600.0,155000.0
20231026101111000,SSE,SSE.ETF.510300,3.559,3.555,3.575,3.551,0.0,3.926,3.212,1145782537.0,954691.0,1145782537.0,954691.0,0.0,0.0,20231026,20231026,101111000,3.569,0.0,0.0,3.559,3.558,3.557,3.556,3.555,3.554,3.553,3.552,3.551,3.55,3.56,3.561,3.562,3.563,3.564,3.565,3.566,3.567,3.568,3.569,1240200.0,2727300.0,2174600.0,2837400.0,1806800.0,2629000.0,1822100.0,1849300.0,1703600.0,4288700.0,2187700.0,4407800.0,3204200.0,850000.0,974000.0,292200.0,421000.0,406300.0,336600.0,155000.0
20231026101114000,SSE,SSE.ETF.510300,3.559,3.555,3.575,3.551,0.0,3.926,3.212,1150308541.0,4526004.0,1150308541.0,4526004.0,0.0,0.0,20231026,20231026,101114000,3.569,0.0,0.0,3.558,3.557,3.556,3.555,3.554,3.553,3.552,3.551,3.55,3.549,3.559,3.56,3.561,3.562,3.563,3.564,3.565,3.566,3.567,3.568,2318500.0,2474600.0,3003700.0,1669500.0,2630500.0,1822100.0,2313500.0,1703100.0,4376700.0,804600.0,96700.0,3451800.0,3612900.0,2774200.0,923000.0,832000.0,312200.0,433700.0,466300.0,276600.0
20231026101117000,SSE,SSE.ETF.510300,3.559,3.555,3.575,3.551,0.0,3.926,3.212,1150699933.0,391392.0,1150699933.0,391392.0,0.0,0.0,20231026,20231026,101117000,3.569,0.0,0.0,3.558,3.557,3.556,3.555,3.554,3.553,3.552,3.551,3.55,3.549,3.559,3.56,3.561,3.562,3.563,3.564,3.565,3.566,3.567,3.568,830200.0,1824600.0,3282700.0,2958500.0,2640500.0,1681300.0,2307700.0,1839800.0,4526700.0,804600.0,1685000.0,4146500.0,3897900.0,874200.0,983000.0,834000.0,308900.0,577400.0,186100.0,276600.0
20231026101120000,SSE,SSE.ETF.510300,3.559,3.555,3.575,3.551,0.0,3.926,3.212,1150761145.0,61212.0,1150761145.0,61212.0,0.0,0.0,20231026,20231026,101120000,3.569,0.0,0.0,3.558,3.557,3.556,3.555,3.554,3.553,3.552,3.551,3.55,3.549,3.559,3.56,3.561,3.562,3.563,3.564,3.565,3.566,3.567,3.568,524700.0,436400.0,2680700.0,3558000.0,2346300.0,1681300.0,2307600.0,2285500.0,4316700.0,803600.0,2792500.0,4896500.0,2498500.0,874200.0,983100.0,834000.0,308900.0,577400.0,126100.0,276600.0
20231026101123000,SSE,SSE.ETF.510300,3.558,3.555,3.575,3.551,0.0,3.926,3.212,1151228314.0,467169.0,1151228314.0,467169.0,0.0,0.0,20231026,20231026,101123000,3.569,0.0,0.0,3.558,3.557,3.556,3.555,3.554,3.553,3.552,3.551,3.55,3.549,3.559,3.56,3.561,3.562,3.563,3.564,3.565,3.566,3.567,3.568,404500.0,1536300.0,3580800.0,3230000.0,2620500.0,1681300.0,2307600.0,1996300.0,4376700.0,803600.0,2809800.0,3917000.0,3504100.0,874200.0,983100.0,776000.0,303900.0,577400.0,186100.0,276600.0
20231026101126000,SSE,SSE.ETF.510300,3.559,3.555,3.575,3.551,0.0,3.926,3.212,1151365335.0,137021.0,1151365335.0,137021.0,0.0,0.0,20231026,20231026,101126000,3.569,0.0,0.0,3.558,3.557,3.556,3.555,3.554,3.553,3.552,3.551,3.55,3.549,3.559,3.56,3.561,3.562,3.563,3.564,3.565,3.566,3.567,3.568,3064500.0,3451200.0,2437800.0,1811200.0,2678500.0,1681300.0,1966400.0,1816300.0,4318100.0,893600.0,563900.0,2044000.0,3024800.0,3489200.0,983100.0,976000.0,303900.0,636400.0,126100.0,276600.0
20231026101129000,SSE,SSE.ETF.510300,3.56,3.555,3.575,3.551,0.0,3.926,3.212,1160671542.0,9306207.0,1160671542.0,9306207.0,0.0,0.0,20231026,20231026,101129000,3.569,0.0,0.0,3.56,3.559,3.558,3.557,3.556,3.555,3.554,3.553,3.552,3.551,3.561,3.562,3.563,3.564,3.565,3.566,3.567,3.568,3.569,3.57,389500.0,2859000.0,3707000.0,2823400.0,2417000.0,1869000.0,3128000.0,1387100.0,1873000.0,1679600.0,2344700.0,1832200.0,1698100.0,2176000.0,247200.0,693000.0,206100.0,276600.0,156000.0,789300.0
20231026101132000,SSE,SSE.ETF.510300,3.56,3.555,3.575,3.551,0.0,3.926,3.212,1160979126.0,307584.0,1160979126.0,307584.0,0.0,0.0,20231026,20231026,101132000,3.569,0.0,0.0,3.56,3.559,3.558,3.557,3.556,3.555,3.554,3.553,3.552,3.551,3.561,3.562,3.563,3.564,3.565,3.566,3.567,3.568,3.569,3.57,1083100.0,3886900.0,2892700.0,967600.0,1480000.0,1929000.0,2501200.0,1327100.0,1595600.0,1684600.0,1247600.0,2482200.0,2323100.0,2531000.0,308200.0,696100.0,266100.0,553400.0,158000.0,789300.0
20231026101135000,SSE,SSE.ETF.510300,3.56,3.555,3.575,3.551,0.0,3.926,3.212,1160979126.0,0.0,1160979126.0,0.0,0.0,0.0,20231026,20231026,101135000,3.569,0.0,0.0,3.56,3.559,3.558,3.557,3.556,3.555,3.554,3.553,3.552,3.551,3.561,3.562,3.563,3.564,3.565,3.566,3.567,3.568,3.569,3.57,1087100.0,2685500.0,3507700.0,1967600.0,1470000.0,1926300.0,2444600.0,1413900.0,1625600.0,1684600.0,1327600.0,2632200.0,2818100.0,2216000.0,308200.0,696100.0,262700.0,496800.0,158000.0,789300.0
20231026101138000,SSE,SSE.ETF.510300,3.561,3.555,3.575,3.551,0.0,3.926,3.212,1161507579.0,528453.0,1161507579.0,528453.0,0.0,0.0,20231026,20231026,101138000,3.569,0.0,0.0,3.56,3.559,3.558,3.557,3.556,3.555,3.554,3.553,3.552,3.551,3.561,3.562,3.563,3.564,3.565,3.566,3.567,3.568,3.569,3.57,307000.0,3236000.0,3507700.0,1773400.0,1470300.0,1956800.0,2740800.0,1413900.0,1565600.0,1744600.0,2279300.0,3172500.0,1610100.0,1816000.0,308200.0,636100.0,262700.0,556800.0,158000.0,789300.0
20231026101141000,SSE,SSE.ETF.510300,3.561,3.555,3.575,3.551,0.0,3.926,3.212,1161731559.0,223980.0,1161731559.0,223980.0,0.0,0.0,20231026,20231026,101141000,3.569,0.0,0.0,3.56,3.559,3.558,3.557,3.556,3.555,3.554,3.553,3.552,3.551,3.561,3.562,3.563,3.564,3.565,3.566,3.567,3.568,3.569,3.57,317900.0,3046300.0,2877700.0,1831900.0,1528300.0,1901300.0,2992400.0,1357300.0,1625600.0,1714600.0,1253500.0,3514500.0,3781800.0,982000.0,367200.0,436100.0,206100.0,613400.0,218000.0,789300.0
20231026101144000,SSE,SSE.ETF.510300,3.56,3.555,3.575,3.551,0.0,3.926,3.212,1161785671.0,54112.0,1161785671.0,54112.0,0.0,0.0,20231026,20231026,101144000,3.569,0.0,0.0,3.56,3.559,3.558,3.557,3.556,3.555,3.554,3.553,3.552,3.551,3.561,3.562,3.563,3.564,3.565,3.566,3.567,3.568,3.569,3.57,1015600.0,3046900.0,2921600.0,1015100.0,1528300.0,1902300.0,2348200.0,1537300.0,1625600.0,1686000.0,1083600.0,2764500.0,2917900.0,1982000.0,367200.0,636100.0,206100.0,613400.0,218000.0,791300.0
20231026101147000,SSE,SSE.ETF.510300,3.56,3.555,3.575,3.551,0.0,3.926,3.212,1164513121.0,2727450.0,1164513121.0,2727450.0,0.0,0.0,20231026,20231026,101147000,3.569,0.0,0.0,3.56,3.559,3.558,3.557,3.556,3.555,3.554,3.553,3.552,3.551,3.561,3.562,3.563,3.564,3.565,3.566,3.567,3.568,3.569,3.57,323100.0,441000.0,3027600.0,2635900.0,2230900.0,1904700.0,2786000.0,1591900.0,1563900.0,1686000.0,3329700.0,3040500.0,2102900.0,992000.0,367200.0,436100.0,262700.0,556800.0,158000.0,791300.0
20231026101150000,SSE,SSE.ETF.510300,3.561,3.555,3.575,3.551,0.0,3.926,3.212,1164529500.0,16379.0,1164529500.0,16379.0,0.0,0.0,20231026,20231026,101150000,3.569,0.0,0.0,3.56,3.559,3.558,3.557,3.556,3.555,3.554,3.553,3.552,3.551,3.561,3.562,3.563,3.564,3.565,3.566,3.567,3.568,3.569,3.57,484700.0,541000.0,3027600.0,2635900.0,2230900.0,1914200.0,2842600.0,1505300.0,1623900.0,1713500.0,2859800.0,3645200.0,2172900.0,992000.0,432200.0,436100.0,206100.0,633400.0,218000.0,791300.0
20231026101153000,SSE,SSE.ETF.510300,3.56,3.555,3.575,3.551,0.0,3.926,3.212,1164725320.0,195820.0,1164725320.0,195820.0,0.0,0.0,20231026,20231026,101153000,3.569,0.0,0.0,3.56,3.559,3.558,3.557,3.556,3.555,3.554,3.553,3.552,3.551,3.561,3.562,3.563,3.564,3.565,3.566,3.567,3.568,3.569,3.57,469300.0,585000.0,3327600.0,2277900.0,2230900.0,1914200.0,2786000.0,1561900.0,1623900.0,1647500.0,3307700.0,3345200.0,2472900.0,934000.0,432200.0,436100.0,262700.0,576800.0,218000.0,791300.0
20231026101156000,SSE,SSE.ETF.510300,3.56,3.555,3.575,3.551,0.0,3.926,3.212,1165102706.0,377386.0,1165102706.0,377386.0,0.0,0.0,20231026,20231026,101156000,3.569,0.0,0.0,3.56,3.559,3.558,3.557,3.556,3.555,3.554,3.553,3.552,3.551,3.561,3.562,3.563,3.564,3.565,3.566,3.567,3.568,3.569,3.57,443200.0,594600.0,3327700.0,2341500.0,2230900.0,1910200.0,2786000.0,1561900.0,1623900.0,1647500.0,3284000.0,3030200.0,2787900.0,992000.0,432200.0,436100.0,262700.0,576800.0,218000.0,791300.0
20231026101159000,SSE,SSE.ETF.510300,3.56,3.555,3.575,3.551,0.0,3.926,3.212,1165111251.0,8545.0,1165111251.0,8545.0,0.0,0.0,20231026,20231026,101159000,3.569,0.0,0.0,3.56,3.559,3.558,3.557,3.556,3.555,3.554,3.553,3.552,3.551,3.561,3.562,3.563,3.564,3.565,3.566,3.567,3.568,3.569,3.57,442200.0,1596300.0,3642700.0,2027700.0,1230900.0,2150200.0,2786000.0,1561900.0,1624000.0,1647500.0,3082800.0,3532000.0,2787900.0,991000.0,367200.0,466100.0,262700.0,576800.0,218000.0,791300.0
20231026101202000,SSE,SSE.ETF.510300,3.56,3.555,3.575,3.551,0.0,3.926,3.212,1165181395.0,70144.0,1165181395.0,70144.0,0.0,0.0,20231026,20231026,101202000,3.569,0.0,0.0,3.56,3.559,3.558,3.557,3.556,3.555,3.554,3.553,3.552,3.551,3.561,3.562,3.563,3.564,3.565,3.566,3.567,3.568,3.569,3.57,445300.0,602000.0,3027700.0,2642200.0,2230900.0,2164200.0,2786000.0,1561900.0,1564000.0,1647500.0,3400000.0,3847000.0,2172900.0,991000.0,367200.0,466100.0,262700.0,576800.0,158000.0,791300.0
20231026101205000,SSE,SSE.ETF.510300,3.56,3.555,3.575,3.551,0.0,3.926,3.212,1165856033.0,674638.0,1165856033.0,674638.0,0.0,0.0,20231026,20231026,101205000,3.569,0.0,0.0,3.56,3.559,3.558,3.557,3.556,3.555,3.554,3.553,3.552,3.551,3.561,3.562,3.563,3.564,3.565,3.566,3.567,3.568,3.569,3.57,273800.0,526000.0,3027700.0,2643200.0,2166100.0,2164200.0,2846000.0,1561900.0,1624000.0,1647500.0,4072500.0,3516600.0,1872900.0,991000.0,309200.0,466100.0,262700.0,636800.0,218000.0,791300.0
20231026101208000,SSE,SSE.ETF.510300,3.56,3.555,3.575,3.551,0.0,3.926,3.212,1167082100.0,1226067.0,1167082100.0,1226067.0,0.0,0.0,20231026,20231026,101208000,3.569,0.0,0.0,3.559,3.558,3.557,3.556,3.555,3.554,3.553,3.552,3.551,3.55,3.56,3.561,3.562,3.563,3.564,3.565,3.566,3.567,3.568,3.569,589900.0,2743700.0,2885200.0,1930300.0,2164500.0,2796200.0,1836100.0,1704000.0,1647700.0,4272600.0,748800.0,3769400.0,2816600.0,982900.0,960600.0,367200.0,466100.0,262700.0,496800.0,218000.0
20231026101211000,SSE,SSE.ETF.510300,3.56,3.555,3.575,3.551,0.0,3.926,3.212,1167245860.0,163760.0,1167245860.0,163760.0,0.0,0.0,20231026,20231026,101211000,3.569,0.0,0.0,3.559,3.558,3.557,3.556,3.555,3.554,3.553,3.552,3.551,3.55,3.56,3.561,3.562,3.563,3.564,3.565,3.566,3.567,3.568,3.569,494900.0,1471100.0,3220100.0,2343300.0,3164500.0,2655500.0,1830300.0,1909000.0,1647700.0,4272600.0,2341000.0,2779400.0,2816600.0,940900.0,820600.0,367200.0,462700.0,406300.0,296600.0,218500.0
20231026101214000,SSE,SSE.ETF.510300,3.56,3.555,3.575,3.551,0.0,3.926,3.212,1168317832.0,1071972.0,1168317832.0,1071972.0,0.0,0.0,20231026,20231026,101214000,3.569,0.0,0.0,3.559,3.558,3.557,3.556,3.555,3.554,3.553,3.552,3.551,3.55,3.56,3.561,3.562,3.563,3.564,3.565,3.566,3.567,3.568,3.569,297800.0,1482100.0,3535100.0,1928300.0,2164600.0,2655500.0,1830300.0,1879000.0,1637700.0,4302600.0,1273300.0,2818400.0,3086600.0,1040900.0,1020600.0,367200.0,462700.0,406300.0,296600.0,218600.0
20231026101217000,SSE,SSE.ETF.510300,3.559,3.555,3.575,3.551,0.0,3.926,3.212,1168354846.0,37014.0,1168354846.0,37014.0,0.0,0.0,20231026,20231026,101217000,3.569,0.0,0.0,3.559,3.558,3.557,3.556,3.555,3.554,3.553,3.552,3.551,3.55,3.56,3.561,3.562,3.563,3.564,3.565,3.566,3.567,3.568,3.569,217000.0,3382100.0,2635100.0,2222500.0,2176100.0,2653500.0,1742700.0,1642300.0,1637700.0,4272600.0,1136100.0,2768400.0,3216600.0,1040900.0,1020600.0,367200.0,406100.0,462900.0,296600.0,158600.0
20231026101220000,SSE,SSE.ETF.510300,3.559,3.555,3.575,3.551,0.0,3.926,3.212,1168368728.0,13882.0,1168368728.0,13882.0,0.0,0.0,20231026,20231026,101220000,3.569,0.0,0.0,3.559,3.558,3.557,3.556,3.555,3.554,3.553,3.552,3.551,3.55,3.56,3.561,3.562,3.563,3.564,3.565,3.566,3.567,3.568,3.569,211600.0,1482200.0,3220100.0,2190300.0,2177300.0,2651500.0,1885900.0,1792300.0,1697700.0,4280700.0,876300.0,4128800.0,3826600.0,1040900.0,1020600.0,309200.0,406100.0,462900.0,296600.0,218600.0
20231026101223000,SSE,SSE.ETF.510300,3.559,3.555,3.575,3.551,0.0,3.926,3.212,1168378693.0,9965.0,1168378693.0,9965.0,0.0,0.0,20231026,20231026,101223000,3.569,0.0,0.0,3.559,3.558,3.557,3.556,3.555,3.554,3.553,3.552,3.551,3.55,3.56,3.561,3.562,3.563,3.564,3.565,3.566,3.567,3.568,3.569,1559800.0,2840100.0,2323100.0,2169500.0,2258300.0,2801500.0,1591700.0,1642300.0,1637700.0,4280600.0,886300.0,3588800.0,3084500.0,2241000.0,1078600.0,309200.0,406100.0,462900.0,296600.0,218600.0
20231026101226000,SSE,SSE.ETF.510300,3.56,3.555,3.575,3.551,0.0,3.926,3.212,1168738253.0,359560.0,1168738253.0,359560.0,0.0,0.0,20231026,20231026,101226000,3.569,0.0,0.0,3.559,3.558,3.557,3.556,3.555,3.554,3.553,3.552,3.551,3.55,3.56,3.561,3.562,3.563,3.564,3.565,3.566,3.567,3.568,3.569,970000.0,3690100.0,2638100.0,2169500.0,2258300.0,2601500.0,1591700.0,1702300.0,1637700.0,4281100.0,696000.0,2423100.0,3684500.0,2241000.0,1078500.0,309200.0,406100.0,462900.0,296600.0,218600.0
20231026101229000,SSE,SSE.ETF.510300,3.559,3.555,3.575,3.551,0.0,3.926,3.212,1168756404.0,18151.0,1168756404.0,18151.0,0.0,0.0,20231026,20231026,101229000,3.569,0.0,0.0,3.559,3.558,3.557,3.556,3.555,3.554,3.553,3.552,3.551,3.55,3.56,3.561,3.562,3.563,3.564,3.565,3.566,3.567,3.568,3.569,966400.0,4076200.0,2338100.0,2169500.0,2258300.0,2601500.0,1565100.0,1755900.0,1607700.0,4282100.0,418000.0,2523100.0,3684500.0,2271000.0,1078500.0,309200.0,463700.0,406300.0,296600.0,218600.0
20231026101232000,SSE,SSE.ETF.510300,3.56,3.555,3.575,3.551,0.0,3.926,3.212,1168850032.0,93628.0,1168850032.0,93628.0,0.0,0.0,20231026,20231026,101232000,3.569,0.0,0.0,3.559,3.558,3.557,3.556,3.555,3.554,3.553,3.552,3.551,3.55,3.56,3.561,3.562,3.563,3.564,3.565,3.566,3.567,3.568,3.569,969200.0,3926200.0,2338100.0,2179600.0,2258300.0,2451500.0,1566700.0,1695900.0,1607700.0,4282100.0,496300.0,2823100.0,3684500.0,2271000.0,1070500.0,309300.0,464700.0,406300.0,296600.0,159200.0
20231026101235000,SSE,SSE.ETF.510300,3.56,3.555,3.575,3.551,0.0,3.926,3.212,1168880648.0,30616.0,1168880648.0,30616.0,0.0,0.0,20231026,20231026,101235000,3.569,0.0,0.0,3.559,3.558,3.557,3.556,3.555,3.554,3.553,3.552,3.551,3.55,3.56,3.561,3.562,3.563,3.564,3.565,3.566,3.567,3.568,3.569,2312300.0,4342700.0,2023100.0,1261600.0,2254300.0,2481500.0,1716700.0,1756400.0,1607700.0,4292400.0,409000.0,1707000.0,3369500.0,2528000.0,1070500.0,309300.0,464700.0,406300.0,296600.0,219200.0
20231026101238000,SSE,SSE.ETF.510300,3.56,3.555,3.575,3.551,0.0,3.926,3.212,1170954348.0,2073700.0,1170954348.0,2073700.0,0.0,0.0,20231026,20231026,101238000,3.569,0.0,0.0,3.559,3.558,3.557,3.556,3.555,3.554,3.553,3.552,3.551,3.55,3.56,3.561,3.562,3.563,3.564,3.565,3.566,3.567,3.568,3.569,3213600.0,4173000.0,1923100.0,1319600.0,2259300.0,2631500.0,1683300.0,1699800.0,1602700.0,4292400.0,129400.0,1704900.0,3369500.0,3586000.0,1185500.0,309300.0,408100.0,522900.0,296600.0,219200.0
20231026101241000,SSE,SSE.ETF.510300,3.56,3.555,3.575,3.551,0.0,3.926,3.212,1171416080.0,461732.0,1171416080.0,461732.0,0.0,0.0,20231026,20231026,101241000,3.569,0.0,0.0,3.56,3.559,3.558,3.557,3.556,3.555,3.554,3.553,3.552,3.551,3.561,3.562,3.563,3.564,3.565,3.566,3.567,3.568,3.569,3.57,2384000.0,3499300.0,4378000.0,1227300.0,1320600.0,2259400.0,2337300.0,1623300.0,1619800.0,1602700.0,1438300.0,2279900.0,3436000.0,2385500.0,309300.0,408100.0,462900.0,389600.0,219200.0,791300.0
20231026101244000,SSE,SSE.ETF.510300,3.56,3.555,3.575,3.551,0.0,3.926,3.212,1171442068.0,25988.0,1171442068.0,25988.0,0.0,0.0,20231026,20231026,101244000,3.569,0.0,0.0,3.56,3.559,3.558,3.557,3.556,3.555,3.554,3.553,3.552,3.551,3.561,3.562,3.563,3.564,3.565,3.566,3.567,3.568,3.569,3.57,3320000.0,3215700.0,3463000.0,1227300.0,1380600.0,2412900.0,2414600.0,1365700.0,1589800.0,1602700.0,1438300.0,1210600.0,3121000.0,3670500.0,309300.0,468100.0,206100.0,646400.0,219200.0,791300.0
20231026101247000,SSE,SSE.ETF.510300,3.561,3.555,3.575,3.551,0.0,3.926,3.212,1171666763.0,224695.0,1171666763.0,224695.0,0.0,0.0,20231026,20231026,101247000,3.569,0.0,0.0,3.56,3.559,3.558,3.557,3.556,3.555,3.554,3.553,3.552,3.551,3.561,3.562,3.563,3.564,3.565,3.566,3.567,3.568,3.569,3.57,3656800.0,3525700.0,3396100.0,1227300.0,1380600.0,2354900.0,2414600.0,1365700.0,1529800.0,1602700.0,1379700.0,1210600.0,3121000.0,3612500.0,309300.0,462000.0,206100.0,646400.0,159200.0,791300.0
20231026101250000,SSE,SSE.ETF.510300,3.561,3.555,3.575,3.551,0.0,3.926,3.212,1171689554.0,22791.0,1171689554.0,22791.0,0.0,0.0,20231026,20231026,101250000,3.569,0.0,0.0,3.56,3.559,3.558,3.557,3.556,3.555,3.554,3.553,3.552,3.551,3.561,3.562,3.563,3.564,3.565,3.566,3.567,3.568,3.569,3.57,1067600.0,2680700.0,3930300.0,2227300.0,1240600.0,2204900.0,2574600.0,1355700.0,1589800.0,1602700.0,1453600.0,3137600.0,2928000.0,1897500.0,367300.0,462000.0,206100.0,646400.0,219200.0,791300.0
20231026101253000,SSE,SSE.ETF.510300,3.561,3.555,3.575,3.551,0.0,3.926,3.212,1172117833.0,428279.0,1172117833.0,428279.0,0.0,0.0,20231026,20231026,101253000,3.569,0.0,0.0,3.56,3.559,3.558,3.557,3.556,3.555,3.554,3.553,3.552,3.551,3.561,3.562,3.563,3.564,3.565,3.566,3.567,3.568,3.569,3.57,917700.0,3274700.0,2920300.0,2385300.0,1040600.0,2214900.0,2505500.0,1412300.0,1589800.0,1602700.0,1532900.0,2977600.0,2938000.0,1755500.0,367300.0,462000.0,262700.0,589800.0,219200.0,791300.0
20231026101256000,SSE,SSE.ETF.510300,3.56,3.555,3.575,3.551,0.0,3.926,3.212,1172153433.0,35600.0,1172153433.0,35600.0,0.0,0.0,20231026,20231026,101256000,3.569,0.0,0.0,3.56,3.559,3.558,3.557,3.556,3.555,3.554,3.553,3.552,3.551,3.561,3.562,3.563,3.564,3.565,3.566,3.567,3.568,3.569,3.57,1504900.0,2740900.0,2920300.0,2385300.0,1040600.0,2233300.0,2505500.0,1412200.0,1589800.0,1602700.0,1638200.0,2977600.0,2938000.0,1765500.0,432300.0,462000.0,262700.0,589800.0,219200.0,791300.0
20231026101259000,SSE,SSE.ETF.510300,3.56,3.555,3.575,3.551,0.0,3.926,3.212,1172154501.0,1068.0,1172154501.0,1068.0,0.0,0.0,20231026,20231026,101259000,3.569,0.0,0.0,3.56,3.559,3.558,3.557,3.556,3.555,3.554,3.553,3.552,3.551,3.561,3.562,3.563,3.564,3.565,3.566,3.567,3.568,3.569,3.57,3876000.0,3270900.0,2620300.0,1285300.0,1040600.0,2383300.0,2355500.0,1412200.0,1589600.0,1602700.0,1557900.0,2060200.0,3098800.0,2480500.0,432300.0,462000.0,262700.0,589800.0,219200.0,791300.0
20231026101302000,SSE,SSE.ETF.510300,3.561,3.555,3.575,3.551,0.0,3.926,3.212,1173075011.0,920510.0,1173075011.0,920510.0,0.0,0.0,20231026,20231026,101302000,3.569,0.0,0.0,3.56,3.559,3.558,3.557,3.556,3.555,3.554,3.553,3.552,3.551,3.561,3.562,3.563,3.564,3.565,3.566,3.567,3.568,3.569,3.57,1600100.0,2705300.0,2920300.0,2287300.0,982600.0,2367100.0,2410400.0,1514500.0,1526900.0,1602700.0,1387500.0,2981700.0,2963800.0,1805500.0,374300.0,462000.0,206100.0,646400.0,159200.0,785100.0
20231026101305000,SSE,SSE.ETF.510300,3.56,3.555,3.575,3.551,0.0,3.926,3.212,1173089251.0,14240.0,1173089251.0,14240.0,0.0,0.0,20231026,20231026,101305000,3.569,0.0,0.0,3.56,3.559,3.558,3.557,3.556,3.555,3.554,3.553,3.552,3.551,3.561,3.562,3.563,3.564,3.565,3.566,3.567,3.568,3.569,3.57,933100.0,3256400.0,2800300.0,2093100.0,1040600.0,2624600.0,2704600.0,1514500.0,1586900.0,1602700.0,2296600.0,3132100.0,2563200.0,905500.0,462300.0,462000.0,206100.0,646400.0,219200.0,785100.0
20231026101308000,SSE,SSE.ETF.510300,3.56,3.555,3.575,3.551,0.0,3.926,3.212,1173338451.0,249200.0,1173338451.0,249200.0,0.0,0.0,20231026,20231026,101308000,3.569,0.0,0.0,3.56,3.559,3.558,3.557,3.556,3.555,3.554,3.553,3.552,3.551,3.561,3.562,3.563,3.564,3.565,3.566,3.567,3.568,3.569,3.57,1075700.0,3191500.0,2804300.0,2093100.0,1041200.0,2624400.0,2648300.0,1566100.0,1586900.0,1602700.0,2297900.0,2982000.0,2663200.0,1205500.0,462300.0,462000.0,262700.0,589800.0,219200.0,785100.0
20231026101311000,SSE,SSE.ETF.510300,3.561,3.555,3.575,3.551,0.0,3.926,3.212,1174439077.0,1100626.0,1174439077.0,1100626.0,0.0,0.0,20231026,20231026,101311000,3.569,0.0,0.0,3.56,3.559,3.558,3.557,3.556,3.555,3.554,3.553,3.552,3.551,3.561,3.562,3.563,3.564,3.565,3.566,3.567,3.568,3.569,3.57,4229200.0,3135800.0,2189300.0,1287300.0,1141200.0,2624400.0,2535100.0,1416100.0,1616900.0,1601200.0,1099100.0,1203300.0,2648200.0,3790500.0,462300.0,462000.0,262700.0,649800.0,219200.0,785100.0
20231026101314000,SSE,SSE.ETF.510300,3.561,3.555,3.575,3.551,0.0,3.926,3.212,1174469346.0,30269.0,1174469346.0,30269.0,0.0,0.0,20231026,20231026,101314000,3.569,0.0,0.0,3.56,3.559,3.558,3.557,3.556,3.555,3.554,3.553,3.552,3.551,3.561,3.562,3.563,3.564,3.565,3.566,3.567,3.568,3.569,3.57,3661200.0,2956800.0,2191100.0,1284200.0,1141200.0,2627400.0,2532200.0,1359500.0,1616900.0,1601200.0,1170300.0,1235600.0,2948300.0,2490500.0,470300.0,462000.0,206100.0,646400.0,219200.0,785100.0
20231026101317000,SSE,SSE.ETF.510300,3.561,3.555,3.575,3.551,0.0,3.926,3.212,1174471482.0,2136.0,1174471482.0,2136.0,0.0,0.0,20231026,20231026,101317000,3.569,0.0,0.0,3.56,3.559,3.558,3.557,3.556,3.555,3.554,3.553,3.552,3.551,3.561,3.562,3.563,3.564,3.565,3.566,3.567,3.568,3.569,3.57,4333200.0,2586700.0,2191100.0,1226200.0,1140200.0,2627600.0,2562200.0,1359500.0,1526900.0,1601200.0,1699200.0,1155600.0,2948300.0,3462500.0,470300.0,462000.0,206100.0,646400.0,159200.0,785100.0
20231026101320000,SSE,SSE.ETF.510300,3.561,3.555,3.575,3.551,0.0,3.926,3.212,1176977357.0,2505875.0,1176977357.0,2505875.0,0.0,0.0,20231026,20231026,101320000,3.569,0.0,0.0,3.56,3.559,3.558,3.557,3.556,3.555,3.554,3.553,3.552,3.551,3.561,3.562,3.563,3.564,3.565,3.566,3.567,3.568,3.569,3.57,3034000.0,3036700.0,2191100.0,1384200.0,1140200.0,2627600.0,2562200.0,1359500.0,1586900.0,1601200.0,558900.0,1266000.0,2948300.0,3420500.0,470300.0,462000.0,206100.0,646400.0,219200.0,785100.0
20231026101323000,SSE,SSE.ETF.510300,3.561,3.555,3.575,3.551,0.0,3.926,3.212,1179239655.0,2262298.0,1179239655.0,2262298.0,0.0,0.0,20231026,20231026,101323000,3.569,0.0,0.0,3.56,3.559,3.558,3.557,3.556,3.555,3.554,3.553,3.552,3.551,3.561,3.562,3.563,3.564,3.565,3.566,3.567,3.568,3.569,3.57,3433200.0,3485700.0,2171100.0,1284800.0,1140400.0,2627600.0,2561500.0,1359500.0,1586900.0,1601200.0,583600.0,1811600.0,2348300.0,3520500.0,405500.0,462000.0,206100.0,646400.0,219200.0,788300.0
20231026101326000,SSE,SSE.ETF.510300,3.561,3.555,3.575,3.551,0.0,3.926,3.212,1179460437.0,220782.0,1179460437.0,220782.0,0.0,0.0,20231026,20231026,101326000,3.569,0.0,0.0,3.56,3.559,3.558,3.557,3.556,3.555,3.554,3.553,3.552,3.551,3.561,3.562,3.563,3.564,3.565,3.566,3.567,3.568,3.569,3.57,1233800.0,3540700.0,2487100.0,2284800.0,1268700.0,2627600.0,2561500.0,1359500.0,1586900.0,1603400.0,608100.0,2870300.0,2863300.0,2205500.0,405500.0,462000.0,206100.0,646400.0,219200.0,788300.0
20231026101329000,SSE,SSE.ETF.510300,3.561,3.555,3.575,3.551,0.0,3.926,3.212,1179465778.0,5341.0,1179465778.0,5341.0,0.0,0.0,20231026,20231026,101329000,3.569,0.0,0.0,3.56,3.559,3.558,3.557,3.556,3.555,3.554,3.553,3.552,3.551,3.561,3.562,3.563,3.564,3.565,3.566,3.567,3.568,3.569,3.57,2854000.0,3865700.0,2172100.0,1284800.0,1210700.0,2627700.0,2504300.0,1416100.0,1586900.0,1603400.0,6700.0,1870300.0,2252300.0,3820500.0,347500.0,462000.0,262700.0,589800.0,219200.0,788300.0
20231026101332000,SSE,SSE.ETF.510300,3.561,3.555,3.575,3.551,0.0,3.926,3.212,1179497827.0,32049.0,1179497827.0,32049.0,0.0,0.0,20231026,20231026,101332000,3.569,0.0,0.0,3.56,3.559,3.558,3.557,3.556,3.555,3.554,3.553,3.552,3.551,3.561,3.562,3.563,3.564,3.565,3.566,3.567,3.568,3.569,3.57,2044700.0,3495700.0,2172600.0,2226800.0,1267300.0,2628700.0,2560900.0,1359500.0,1526900.0,1602400.0,7700.0,2399100.0,2262300.0,3760500.0,405500.0,462000.0,206100.0,646400.0,221900.0,790800.0
20231026101335000,SSE,SSE.ETF.510300,3.561,3.555,3.575,3.551,0.0,3.926,3.212,1179544120.0,46293.0,1179544120.0,46293.0,0.0,0.0,20231026,20231026,101335000,3.569,0.0,0.0,3.561,3.56,3.559,3.558,3.557,3.556,3.555,3.554,3.553,3.552,3.562,3.563,3.564,3.565,3.566,3.567,3.568,3.569,3.57,3.571,137200.0,3681600.0,2895700.0,2172600.0,1284800.0,1268800.0,2628800.0,2504300.0,1336100.0,1586900.0,2405100.0,2262300.0,3818500.0,405500.0,462000.0,262700.0,589900.0,301900.0,790800.0,323300.0
20231026101338000,SSE,SSE.ETF.510300,3.561,3.555,3.575,3.551,0.0,3.926,3.212,1182200270.0,2656150.0,1182200270.0,2656150.0,0.0,0.0,20231026,20231026,101338000,3.569,0.0,0.0,3.56,3.559,3.558,3.557,3.556,3.555,3.554,3.553,3.552,3.551,3.561,3.562,3.563,3.564,3.565,3.566,3.567,3.568,3.569,3.57,3377000.0,2445700.0,1792600.0,1344800.0,1268800.0,2846200.0,2153600.0,1278500.0,1586900.0,1602400.0,246500.0,2226200.0,2682300.0,2618500.0,1565500.0,462000.0,266100.0,389700.0,558600.0,793500.0
20231026101341000,SSE,SSE.ETF.510300,3.561,3.555,3.575,3.551,0.0,3.926,3.212,1183769957.0,1569687.0,1183769957.0,1569687.0,0.0,0.0,20231026,20231026,101341000,3.569,0.0,0.0,3.56,3.559,3.558,3.557,3.556,3.555,3.554,3.553,3.552,3.551,3.561,3.562,3.563,3.564,3.565,3.566,3.567,3.568,3.569,3.57,3645300.0,2200700.0,1907600.0,984800.0,968200.0,2634500.0,2561200.0,1358500.0,1526900.0,1599200.0,250700.0,3606200.0,2832300.0,2518500.0,425500.0,462000.0,206100.0,646500.0,161900.0,793500.0
20231026101344000,SSE,SSE.ETF.510300,3.561,3.555,3.575,3.551,0.0,3.926,3.212,1183974715.0,204758.0,1183974715.0,204758.0,0.0,0.0,20231026,20231026,101344000,3.569,0.0,0.0,3.56,3.559,3.558,3.557,3.556,3.555,3.554,3.553,3.552,3.551,3.561,3.562,3.563,3.564,3.565,3.566,3.567,3.568,3.569,3.57,1762200.0,3415700.0,1592600.0,984800.0,910200.0,2636500.0,2504600.0,1415100.0,1586900.0,1599600.0,64100.0,2606400.0,2532300.0,3818500.0,367500.0,462000.0,262700.0,589900.0,161900.0,853500.0
20231026101347000,SSE,SSE.ETF.510300,3.56,3.555,3.575,3.551,0.0,3.926,3.212,1184053403.0,78688.0,1184053403.0,78688.0,0.0,0.0,20231026,20231026,101347000,3.569,0.0,0.0,3.56,3.559,3.558,3.557,3.556,3.555,3.554,3.553,3.552,3.551,3.561,3.562,3.563,3.564,3.565,3.566,3.567,3.568,3.569,3.57,3353200.0,3055700.0,1886800.0,984800.0,968200.0,2342300.0,2504600.0,1415100.0,1586900.0,1602600.0,647600.0,2326400.0,2982300.0,3518500.0,435500.0,462000.0,262700.0,589900.0,161900.0,853500.0
20231026101350000,SSE,SSE.ETF.510300,3.561,3.555,3.575,3.551,0.0,3.926,3.212,1184260297.0,206894.0,1184260297.0,206894.0,0.0,0.0,20231026,20231026,101350000,3.569,0.0,0.0,3.56,3.559,3.558,3.557,3.556,3.555,3.554,3.553,3.552,3.551,3.561,3.562,3.563,3.564,3.565,3.566,3.567,3.568,3.569,3.57,747400.0,3110700.0,2207600.0,1984800.0,973200.0,2636500.0,2411200.0,1508500.0,1586900.0,1602600.0,1314900.0,3096400.0,3447300.0,1856600.0,435500.0,462000.0,206100.0,646500.0,221900.0,791000.0
20231026101353000,SSE,SSE.ETF.510300,3.56,3.555,3.575,3.551,0.0,3.926,3.212,1184346468.0,86171.0,1184346468.0,86171.0,0.0,0.0,20231026,20231026,101353000,3.569,0.0,0.0,3.56,3.559,3.558,3.557,3.556,3.555,3.554,3.553,3.552,3.551,3.561,3.562,3.563,3.564,3.565,3.566,3.567,3.568,3.569,3.57,721900.0,3110700.0,2207600.0,2094800.0,973200.0,2636500.0,2381200.0,1508500.0,1618900.0,1602600.0,1440700.0,3126400.0,3447300.0,1826600.0,435500.0,462000.0,206100.0,646500.0,221900.0,791000.0
20231026101429000,SSE,SSE.ETF.510300,3.558,3.555,3.575,3.551,0.0,3.926,3.212,1190820198.0,373592.0,1190820198.0,373592.0,0.0,0.0,20231026,20231026,101429000,3.569,0.0,0.0,3.558,3.557,3.556,3.555,3.554,3.553,3.552,3.551,3.55,3.549,3.559,3.56,3.561,3.562,3.563,3.564,3.565,3.566,3.567,3.568,364800.0,3247800.0,2586000.0,3443700.0,2544100.0,1706700.0,2157500.0,1881400.0,4422800.0,716600.0,1148200.0,1863200.0,2878100.0,922200.0,1264900.0,960600.0,317800.0,678900.0,203700.0,289700.0
20231026101432000,SSE,SSE.ETF.510300,3.559,3.555,3.575,3.551,0.0,3.926,3.212,1190943318.0,123120.0,1190943318.0,123120.0,0.0,0.0,20231026,20231026,101432000,3.569,0.0,0.0,3.558,3.557,3.556,3.555,3.554,3.553,3.552,3.551,3.55,3.549,3.559,3.56,3.561,3.562,3.563,3.564,3.565,3.566,3.567,3.568,304800.0,1648400.0,3186000.0,3444700.0,2549800.0,1706700.0,2157500.0,1881400.0,4422800.0,716600.0,1318500.0,1922500.0,2878100.0,923700.0,1264900.0,960600.0,317800.0,678900.0,203700.0,289700.0
20231026101435000,SSE,SSE.ETF.510300,3.558,3.555,3.575,3.551,0.0,3.926,3.212,1191047225.0,103907.0,1191047225.0,103907.0,0.0,0.0,20231026,20231026,101435000,3.569,0.0,0.0,3.558,3.557,3.556,3.555,3.554,3.553,3.552,3.551,3.55,3.549,3.559,3.56,3.561,3.562,3.563,3.564,3.565,3.566,3.567,3.568,381200.0,2665500.0,2873900.0,3759700.0,2549800.0,1706700.0,2157500.0,1882400.0,4422800.0,716600.0,2304400.0,2237500.0,2563100.0,923700.0,1264900.0,960600.0,317800.0,678900.0,203700.0,289700.0
20231026101438000,SSE,SSE.ETF.510300,3.558,3.555,3.575,3.551,0.0,3.926,3.212,1191058255.0,11030.0,1191058255.0,11030.0,0.0,0.0,20231026,20231026,101438000,3.569,0.0,0.0,3.558,3.557,3.556,3.555,3.554,3.553,3.552,3.551,3.55,3.549,3.559,3.56,3.561,3.562,3.563,3.564,3.565,3.566,3.567,3.568,390300.0,2666500.0,2874000.0,3444600.0,2539800.0,1696700.0,2157500.0,1882400.0,4354800.0,716600.0,2304400.0,1920600.0,2757000.0,1302600.0,1264900.0,960600.0,317800.0,678900.0,143700.0,289700.0
20231026101441000,SSE,SSE.ETF.510300,3.558,3.555,3.575,3.551,0.0,3.926,3.212,1191253237.0,194982.0,1191253237.0,194982.0,0.0,0.0,20231026,20231026,101441000,3.569,0.0,0.0,3.558,3.557,3.556,3.555,3.554,3.553,3.552,3.551,3.55,3.549,3.559,3.56,3.561,3.562,3.563,3.564,3.565,3.566,3.567,3.568,953300.0,2966500.0,2889000.0,3302300.0,2539800.0,1696700.0,2157500.0,1882400.0,4354800.0,716600.0,1064200.0,1560600.0,4057000.0,1244600.0,1264900.0,960600.0,317800.0,678900.0,203700.0,289700.0
20231026101444000,SSE,SSE.ETF.510300,3.558,3.555,3.575,3.551,0.0,3.926,3.212,1191334014.0,80777.0,1191334014.0,80777.0,0.0,0.0,20231026,20231026,101444000,3.569,0.0,0.0,3.558,3.557,3.556,3.555,3.554,3.553,3.552,3.551,3.55,3.549,3.559,3.56,3.561,3.562,3.563,3.564,3.565,3.566,3.567,3.568,1642100.0,3617000.0,1989000.0,3657500.0,2519800.0,1696700.0,1956700.0,1789100.0,4355000.0,776600.0,120600.0,2091400.0,2857000.0,2602600.0,1264900.0,960600.0,374500.0,622300.0,203700.0,289700.0
20231026101447000,SSE,SSE.ETF.510300,3.558,3.555,3.575,3.551,0.0,3.926,3.212,1191810074.0,476060.0,1191810074.0,476060.0,0.0,0.0,20231026,20231026,101447000,3.569,0.0,0.0,3.558,3.557,3.556,3.555,3.554,3.553,3.552,3.551,3.55,3.549,3.559,3.56,3.561,3.562,3.563,3.564,3.565,3.566,3.567,3.568,909400.0,3317000.0,2291800.0,3835600.0,2519800.0,1696700.0,2016700.0,1789200.0,4354500.0,776600.0,420700.0,2171400.0,2746600.0,2602600.0,1264900.0,950600.0,374500.0,684600.0,203700.0,289700.0
20231026101450000,SSE,SSE.ETF.510300,3.559,3.555,3.575,3.551,0.0,3.926,3.212,1191828937.0,18863.0,1191828937.0,18863.0,0.0,0.0,20231026,20231026,101450000,3.569,0.0,0.0,3.558,3.557,3.556,3.555,3.554,3.553,3.552,3.551,3.55,3.549,3.559,3.56,3.561,3.562,3.563,3.564,3.565,3.566,3.567,3.568,916900.0,3297000.0,2291800.0,3834600.0,2519800.0,1696700.0,1986700.0,1790000.0,4384500.0,716600.0,1757500.0,1631400.0,3046600.0,2332600.0,1295500.0,950600.0,374500.0,624600.0,203700.0,289700.0
20231026101453000,SSE,SSE.ETF.510300,3.559,3.555,3.575,3.551,0.0,3.926,3.212,1192011465.0,182528.0,1192011465.0,182528.0,0.0,0.0,20231026,20231026,101453000,3.569,0.0,0.0,3.558,3.557,3.556,3.555,3.554,3.553,3.552,3.551,3.55,3.549,3.559,3.56,3.561,3.562,3.563,3.564,3.565,3.566,3.567,3.568,889500.0,3913100.0,1676800.0,3826700.0,2461800.0,1697000.0,1985700.0,1790000.0,4387600.0,716600.0,1446800.0,1360500.0,2431600.0,2447600.0,1237500.0,950600.0,374500.0,624600.0,203700.0,289700.0
20231026101456000,SSE,SSE.ETF.510300,3.559,3.555,3.575,3.551,0.0,3.926,3.212,1192787212.0,775747.0,1192787212.0,775747.0,0.0,0.0,20231026,20231026,101456000,3.569,0.0,0.0,3.558,3.557,3.556,3.555,3.554,3.553,3.552,3.551,3.55,3.549,3.559,3.56,3.561,3.562,3.563,3.564,3.565,3.566,3.567,3.568,4530100.0,3333100.0,1873300.0,2795500.0,2519800.0,1557900.0,1805700.0,1790000.0,4352900.0,716600.0,741000.0,1040500.0,2675600.0,2460500.0,2595500.0,950600.0,374500.0,624600.0,143700.0,289700.0
20231026101459000,SSE,SSE.ETF.510300,3.559,3.555,3.575,3.551,0.0,3.926,3.212,1195461445.0,2674233.0,1195461445.0,2674233.0,0.0,0.0,20231026,20231026,101459000,3.569,0.0,0.0,3.559,3.558,3.557,3.556,3.555,3.554,3.553,3.552,3.551,3.55,3.56,3.561,3.562,3.563,3.564,3.565,3.566,3.567,3.568,3.569,2843000.0,3876100.0,2837100.0,873300.0,2853600.0,2519800.0,1557900.0,1863700.0,1653300.0,4413100.0,1570300.0,795600.0,2653500.0,4210500.0,950600.0,317800.0,681200.0,283700.0,289700.0,172200.0
20231026101502000,SSE,SSE.ETF.510300,3.56,3.555,3.575,3.551,0.0,3.926,3.212,1195462157.0,712.0,1195462157.0,712.0,0.0,0.0,20231026,20231026,101502000,3.569,0.0,0.0,3.559,3.558,3.557,3.556,3.555,3.554,3.553,3.552,3.551,3.55,3.56,3.561,3.562,3.563,3.564,3.565,3.566,3.567,3.568,3.569,3143500.0,2646100.0,2751300.0,880200.0,2904600.0,2375600.0,1605300.0,1636300.0,1653300.0,4387600.0,31300.0,795800.0,2683600.0,4150500.0,950600.0,377800.0,424300.0,540500.0,289700.0,172200.0
20231026101505000,SSE,SSE.ETF.510300,3.56,3.555,3.575,3.551,0.0,3.926,3.212,1196572241.0,1110084.0,1196572241.0,1110084.0,0.0,0.0,20231026,20231026,101505000,3.569,0.0,0.0,3.559,3.558,3.557,3.556,3.555,3.554,3.553,3.552,3.551,3.55,3.56,3.561,3.562,3.563,3.564,3.565,3.566,3.567,3.568,3.569,1743600.0,2996600.0,2457100.0,980200.0,2905200.0,2519800.0,1755300.0,1636300.0,1713300.0,4328600.0,179400.0,1514100.0,2683600.0,3150500.0,1850600.0,377800.0,424300.0,480500.0,349700.0,172200.0
20231026101508000,SSE,SSE.ETF.510300,3.56,3.555,3.575,3.551,0.0,3.926,3.212,1196608909.0,36668.0,1196608909.0,36668.0,0.0,0.0,20231026,20231026,101508000,3.569,0.0,0.0,3.559,3.558,3.557,3.556,3.555,3.554,3.553,3.552,3.551,3.55,3.56,3.561,3.562,3.563,3.564,3.565,3.566,3.567,3.568,3.569,3595900.0,3196600.0,2661300.0,880700.0,2902400.0,2317600.0,1604700.0,1636300.0,1708400.0,4331600.0,180800.0,1514400.0,2683600.0,2792500.0,2150600.0,377800.0,429200.0,480500.0,349700.0,172200.0
20231026101511000,SSE,SSE.ETF.510300,3.56,3.555,3.575,3.551,0.0,3.926,3.212,1196727812.0,118903.0,1196727812.0,118903.0,0.0,0.0,20231026,20231026,101511000,3.569,0.0,0.0,3.559,3.558,3.557,3.556,3.555,3.554,3.553,3.552,3.551,3.55,3.56,3.561,3.562,3.563,3.564,3.565,3.566,3.567,3.568,3.569,3653400.0,2618600.0,2377100.0,938700.0,2902400.0,2611800.0,1604700.0,1636300.0,1658400.0,4332600.0,257900.0,1514400.0,2615600.0,3250500.0,1908600.0,377800.0,429200.0,480500.0,289700.0,172200.0
20231026101514000,SSE,SSE.ETF.510300,3.56,3.555,3.575,3.551,0.0,3.926,3.212,1197690092.0,962280.0,1197690092.0,962280.0,0.0,0.0,20231026,20231026,101514000,3.569,0.0,0.0,3.56,3.559,3.558,3.557,3.556,3.555,3.554,3.553,3.552,3.551,3.561,3.562,3.563,3.564,3.565,3.566,3.567,3.568,3.569,3.57,241600.0,3753400.0,3331100.0,2571300.0,941700.0,2902400.0,2317600.0,1634700.0,1555800.0,1688400.0,1243000.0,2618600.0,2980500.0,2308600.0,377800.0,439200.0,480500.0,369700.0,166200.0,792000.0
20231026101517000,SSE,SSE.ETF.510300,3.561,3.555,3.575,3.551,0.0,3.926,3.212,1198048684.0,358592.0,1198048684.0,358592.0,0.0,0.0,20231026,20231026,101517000,3.569,0.0,0.0,3.56,3.559,3.558,3.557,3.556,3.555,3.554,3.553,3.552,3.551,3.561,3.562,3.563,3.564,3.565,3.566,3.567,3.568,3.569,3.57,1253200.0,2694300.0,3311100.0,1950300.0,1001700.0,2903400.0,2515000.0,1377400.0,1555800.0,1688400.0,1222300.0,2678600.0,2980500.0,2278600.0,377800.0,499200.0,223700.0,626500.0,226200.0,792000.0
20231026101520000,SSE,SSE.ETF.510300,3.56,3.555,3.575,3.551,0.0,3.926,3.212,1198050464.0,1780.0,1198050464.0,1780.0,0.0,0.0,20231026,20231026,101520000,3.569,0.0,0.0,3.56,3.559,3.558,3.557,3.556,3.555,3.554,3.553,3.552,3.551,3.561,3.562,3.563,3.564,3.565,3.566,3.567,3.568,3.569,3.57,1206200.0,2594300.0,2651300.0,1756100.0,1011700.0,2902900.0,2659200.0,1377400.0,1765800.0,1628400.0,1312800.0,2898600.0,3280500.0,1878600.0,377800.0,499200.0,223700.0,626500.0,226200.0,792000.0
20231026101523000,SSE,SSE.ETF.510300,3.56,3.555,3.575,3.551,0.0,3.926,3.212,1198050464.0,0.0,1198050464.0,0.0,0.0,0.0,20231026,20231026,101523000,3.569,0.0,0.0,3.56,3.559,3.558,3.557,3.556,3.555,3.554,3.553,3.552,3.551,3.561,3.562,3.563,3.564,3.565,3.566,3.567,3.568,3.569,3.57,1217500.0,1693400.0,2652300.0,1756100.0,1011700.0,2844900.0,2602600.0,1584000.0,1615900.0,1628400.0,1602800.0,2748600.0,3222500.0,1820600.0,435800.0,499200.0,280300.0,569900.0,226200.0,792000.0
20231026101526000,SSE,SSE.ETF.510300,3.561,3.555,3.575,3.551,0.0,3.926,3.212,1198055450.0,4986.0,1198055450.0,4986.0,0.0,0.0,20231026,20231026,101526000,3.569,0.0,0.0,3.56,3.559,3.558,3.557,3.556,3.555,3.554,3.553,3.552,3.551,3.561,3.562,3.563,3.564,3.565,3.566,3.567,3.568,3.569,3.57,1217700.0,2644300.0,2644800.0,2108300.0,1012400.0,2843900.0,2308400.0,1575900.0,1555900.0,1628400.0,1373100.0,2808600.0,2922500.0,2178600.0,435800.0,499200.0,280300.0,569900.0,166200.0,792000.0
20231026101529000,SSE,SSE.ETF.510300,3.56,3.555,3.575,3.551,0.0,3.926,3.212,1198217430.0,161980.0,1198217430.0,161980.0,0.0,0.0,20231026,20231026,101529000,3.569,0.0,0.0,3.56,3.559,3.558,3.557,3.556,3.555,3.554,3.553,3.552,3.551,3.561,3.562,3.563,3.564,3.565,3.566,3.567,3.568,3.569,3.57,1783100.0,2792600.0,2029800.0,2108300.0,1020400.0,2843900.0,2438400.0,1423200.0,1615900.0,1628400.0,855000.0,2728600.0,2607500.0,2493600.0,435800.0,499200.0,280300.0,569900.0,226200.0,792000.0
20231026101532000,SSE,SSE.ETF.510300,3.561,3.555,3.575,3.551,0.0,3.926,3.212,1198318562.0,101132.0,1198318562.0,101132.0,0.0,0.0,20231026,20231026,101532000,3.569,0.0,0.0,3.56,3.559,3.558,3.557,3.556,3.555,3.554,3.553,3.552,3.551,3.561,3.562,3.563,3.564,3.565,3.566,3.567,3.568,3.569,3.57,1781400.0,2477600.0,2344800.0,1008400.0,1020400.0,2843900.0,2495000.0,1366600.0,1615900.0,1628400.0,656800.0,2728600.0,2607500.0,2493600.0,500800.0,499200.0,223700.0,626500.0,226200.0,792000.0
20231026101535000,SSE,SSE.ETF.510300,3.561,3.555,3.575,3.551,0.0,3.926,3.212,1198362362.0,43800.0,1198362362.0,43800.0,0.0,0.0,20231026,20231026,101535000,3.569,0.0,0.0,3.56,3.559,3.558,3.557,3.556,3.555,3.554,3.553,3.552,3.551,3.561,3.562,3.563,3.564,3.565,3.566,3.567,3.568,3.569,3.57,2049700.0,2792600.0,2029800.0,2108400.0,962400.0,2843900.0,2439000.0,1433200.0,1615900.0,1628900.0,745500.0,2778600.0,2607500.0,2493600.0,472800.0,499200.0,280300.0,569900.0,226200.0,808500.0
20231026101538000,SSE,SSE.ETF.510300,3.561,3.555,3.575,3.551,0.0,3.926,3.212,1198548953.0,186591.0,1198548953.0,186591.0,0.0,0.0,20231026,20231026,101538000,3.569,0.0,0.0,3.56,3.559,3.558,3.557,3.556,3.555,3.554,3.553,3.552,3.551,3.561,3.562,3.563,3.564,3.565,3.566,3.567,3.568,3.569,3.57,3721100.0,2492600.0,2032100.0,950400.0,1017700.0,2843900.0,2439000.0,1431800.0,1555200.0,1627400.0,550300.0,1827100.0,2307800.0,3735600.0,530800.0,499200.0,280300.0,569900.0,166200.0,808500.0
20231026101541000,SSE,SSE.ETF.510300,3.561,3.555,3.575,3.551,0.0,3.926,3.212,1198648661.0,99708.0,1198648661.0,99708.0,0.0,0.0,20231026,20231026,101541000,3.569,0.0,0.0,3.56,3.559,3.558,3.557,3.556,3.555,3.554,3.553,3.552,3.551,3.561,3.562,3.563,3.564,3.565,3.566,3.567,3.568,3.569,3.57,3364900.0,2493700.0,2033100.0,1008400.0,1017700.0,2848900.0,2495600.0,1375200.0,1615200.0,1627400.0,627000.0,2728600.0,2607800.0,2593600.0,530800.0,499200.0,223700.0,626500.0,226200.0,808500.0
20231026101544000,SSE,SSE.ETF.510300,3.56,3.555,3.575,3.551,0.0,3.926,3.212,1199221261.0,572600.0,1199221261.0,572600.0,0.0,0.0,20231026,20231026,101544000,3.569,0.0,0.0,3.56,3.559,3.558,3.557,3.556,3.555,3.554,3.553,3.552,3.551,3.561,3.562,3.563,3.564,3.565,3.566,3.567,3.568,3.569,3.57,2176900.0,3093700.0,2084400.0,2008400.0,1017700.0,2848900.0,2585600.0,1375200.0,1585200.0,1627400.0,555700.0,2699400.0,3317000.0,2625600.0,531800.0,499200.0,223700.0,686500.0,227200.0,808500.0
20231026101547000,SSE,SSE.ETF.510300,3.561,3.555,3.575,3.551,0.0,3.926,3.212,1199624722.0,403461.0,1199624722.0,403461.0,0.0,0.0,20231026,20231026,101547000,3.569,0.0,0.0,3.56,3.559,3.558,3.557,3.556,3.555,3.554,3.553,3.552,3.551,3.561,3.562,3.563,3.564,3.565,3.566,3.567,3.568,3.569,3.57,2491600.0,2794000.0,2084400.0,1008400.0,1017700.0,2848900.0,2469700.0,1431800.0,1585200.0,1627200.0,419000.0,3383700.0,3287400.0,2625600.0,531800.0,499200.0,280300.0,569900.0,227200.0,808500.0
20231026101550000,SSE,SSE.ETF.510300,3.56,3.555,3.575,3.551,0.0,3.926,3.212,1199720512.0,95790.0,1199720512.0,95790.0,0.0,0.0,20231026,20231026,101550000,3.569,0.0,0.0,3.56,3.559,3.558,3.557,3.556,3.555,3.554,3.553,3.552,3.551,3.561,3.562,3.563,3.564,3.565,3.566,3.567,3.568,3.569,3.57,1866300.0,3093100.0,2084400.0,2120400.0,959700.0,2848900.0,2438700.0,1431800.0,1615200.0,1627200.0,551700.0,3414700.0,3287400.0,2495600.0,473800.0,499200.0,280300.0,569900.0,227200.0,808500.0
20231026101553000,SSE,SSE.ETF.510300,3.561,3.555,3.575,3.551,0.0,3.926,3.212,1199771434.0,50922.0,1199771434.0,50922.0,0.0,0.0,20231026,20231026,101553000,3.569,0.0,0.0,3.56,3.559,3.558,3.557,3.556,3.555,3.554,3.553,3.552,3.551,3.561,3.562,3.563,3.564,3.565,3.566,3.567,3.568,3.569,3.57,1897200.0,3093100.0,2084400.0,2023200.0,1017700.0,2840900.0,2438700.0,1431800.0,1555200.0,1627200.0,487500.0,3414700.0,3287400.0,2495600.0,531800.0,499200.0,280300.0,569900.0,167200.0,808500.0
20231026101556000,SSE,SSE.ETF.510300,3.56,3.555,3.575,3.551,0.0,3.926,3.212,1200014241.0,242807.0,1200014241.0,242807.0,0.0,0.0,20231026,20231026,101556000,3.569,0.0,0.0,3.56,3.559,3.558,3.557,3.556,3.555,3.554,3.553,3.552,3.551,3.561,3.562,3.563,3.564,3.565,3.566,3.567,3.568,3.569,3.57,2304100.0,3193100.0,2084400.0,1123200.0,1017700.0,2840900.0,2438700.0,1431800.0,1615200.0,1627200.0,641600.0,3414700.0,3288700.0,2495600.0,531800.0,499200.0,280300.0,569900.0,227200.0,808500.0
20231026101559000,SSE,SSE.ETF.510300,3.56,3.555,3.575,3.551,0.0,3.926,3.212,1200161293.0,147052.0,1200161293.0,147052.0,0.0,0.0,20231026,20231026,101559000,3.569,0.0,0.0,3.56,3.559,3.558,3.557,3.556,3.555,3.554,3.553,3.552,3.551,3.561,3.562,3.563,3.564,3.565,3.566,3.567,3.568,3.569,3.57,2029000.0,3143100.0,2084400.0,2023200.0,1017700.0,2839900.0,2438700.0,1431800.0,1612200.0,1625700.0,597600.0,3414700.0,3295500.0,2595600.0,531800.0,499200.0,284000.0,569900.0,227200.0,808500.0
20231026101602000,SSE,SSE.ETF.510300,3.561,3.555,3.575,3.551,0.0,3.926,3.212,1200566891.0,405598.0,1200566891.0,405598.0,0.0,0.0,20231026,20231026,101602000,3.569,0.0,0.0,3.56,3.559,3.558,3.557,3.556,3.555,3.554,3.553,3.552,3.551,3.561,3.562,3.563,3.564,3.565,3.566,3.567,3.568,3.569,3.57,5195000.0,3051200.0,2378600.0,1023200.0,947700.0,2545700.0,2438700.0,1431800.0,1612200.0,1625700.0,400800.0,1716200.0,3745500.0,2695600.0,833700.0,499200.0,284000.0,569900.0,227200.0,808500.0
20231026101605000,SSE,SSE.ETF.510300,3.561,3.555,3.575,3.551,0.0,3.926,3.212,1202320012.0,1753121.0,1202320012.0,1753121.0,0.0,0.0,20231026,20231026,101605000,3.569,0.0,0.0,3.561,3.56,3.559,3.558,3.557,3.556,3.555,3.554,3.553,3.552,3.562,3.563,3.564,3.565,3.566,3.567,3.568,3.569,3.57,3.571,3550300.0,4451000.0,2770400.0,1199200.0,965200.0,653500.0,2545700.0,2495300.0,1295200.0,1612200.0,1454400.0,3745500.0,2322600.0,1248700.0,1399200.0,227400.0,626500.0,307200.0,808500.0,324000.0
20231026101608000,SSE,SSE.ETF.510300,3.562,3.555,3.575,3.551,0.0,3.926,3.212,1202955114.0,635102.0,1202955114.0,635102.0,0.0,0.0,20231026,20231026,101608000,3.569,0.0,0.0,3.561,3.56,3.559,3.558,3.557,3.556,3.555,3.554,3.553,3.552,3.562,3.563,3.564,3.565,3.566,3.567,3.568,3.569,3.57,3.571,2070400.0,4736300.0,2390400.0,2097400.0,1025200.0,659900.0,2893000.0,2117800.0,1355200.0,1522200.0,829300.0,3096300.0,2352600.0,2046700.0,499400.0,287400.0,369700.0,503900.0,868500.0,324000.0
20231026101611000,SSE,SSE.ETF.510300,3.562,3.555,3.575,3.551,0.0,3.926,3.212,1202961526.0,6412.0,1202961526.0,6412.0,0.0,0.0,20231026,20231026,101611000,3.569,0.0,0.0,3.561,3.56,3.559,3.558,3.557,3.556,3.555,3.554,3.553,3.552,3.562,3.563,3.564,3.565,3.566,3.567,3.568,3.569,3.57,3.571,2862400.0,4428400.0,2390400.0,1097400.0,1025200.0,659900.0,2773200.0,2267800.0,1325200.0,1522200.0,751400.0,1574800.0,2952600.0,2176700.0,499400.0,287400.0,369700.0,503900.0,868500.0,324000.0
20231026101614000,SSE,SSE.ETF.510300,3.562,3.555,3.575,3.551,0.0,3.926,3.212,1203474669.0,513143.0,1203474669.0,513143.0,0.0,0.0,20231026,20231026,101614000,3.569,0.0,0.0,3.561,3.56,3.559,3.558,3.557,3.556,3.555,3.554,3.553,3.552,3.562,3.563,3.564,3.565,3.566,3.567,3.568,3.569,3.57,3.571,4011400.0,3662800.0,2390400.0,1114400.0,1025200.0,659900.0,2923200.0,2120700.0,1267200.0,1522200.0,733300.0,1519800.0,2652600.0,3486700.0,499400.0,287400.0,369700.0,503900.0,808500.0,324000.0
20231026101617000,SSE,SSE.ETF.510300,3.563,3.555,3.575,3.551,0.0,3.926,3.212,1206480708.0,3006039.0,1206480708.0,3006039.0,0.0,0.0,20231026,20231026,101617000,3.569,0.0,0.0,3.562,3.561,3.56,3.559,3.558,3.557,3.556,3.555,3.554,3.553,3.563,3.564,3.565,3.566,3.567,3.568,3.569,3.57,3.571,3.572,470500.0,3522700.0,4002200.0,2390400.0,1114400.0,1033200.0,601900.0,2893500.0,2040700.0,1297200.0,1231600.0,2804200.0,2198700.0,1699400.0,287400.0,369700.0,503900.0,888500.0,384000.0,1255200.0
20231026101620000,SSE,SSE.ETF.510300,3.563,3.555,3.575,3.551,0.0,3.926,3.212,1207594144.0,1113436.0,1207594144.0,1113436.0,0.0,0.0,20231026,20231026,101620000,3.569,0.0,0.0,3.562,3.561,3.56,3.559,3.558,3.557,3.556,3.555,3.554,3.553,3.563,3.564,3.565,3.566,3.567,3.568,3.569,3.57,3.571,3.572,866300.0,2650900.0,3949100.0,821000.0,1171800.0,757800.0,799200.0,2637300.0,2100700.0,1297200.0,1142700.0,2054200.0,2740700.0,1639400.0,345400.0,429700.0,247200.0,1145200.0,385100.0,1255200.0
20231026101623000,SSE,SSE.ETF.510300,3.563,3.555,3.575,3.551,0.0,3.926,3.212,1207950444.0,356300.0,1207950444.0,356300.0,0.0,0.0,20231026,20231026,101623000,3.569,0.0,0.0,3.562,3.561,3.56,3.559,3.558,3.557,3.556,3.555,3.554,3.553,3.563,3.564,3.565,3.566,3.567,3.568,3.569,3.57,3.571,3.572,1754700.0,2715800.0,3326800.0,1779000.0,1177500.0,1052000.0,751600.0,2723900.0,2100700.0,1267200.0,1605200.0,2104200.0,2390700.0,2012400.0,345400.0,429700.0,303800.0,1088600.0,385100.0,1255200.0
20231026101626000,SSE,SSE.ETF.510300,3.563,3.555,3.575,3.551,0.0,3.926,3.212,1208118974.0,168530.0,1208118974.0,168530.0,0.0,0.0,20231026,20231026,101626000,3.569,0.0,0.0,3.562,3.561,3.56,3.559,3.558,3.557,3.556,3.555,3.554,3.553,3.563,3.564,3.565,3.566,3.567,3.568,3.569,3.57,3.571,3.572,4158400.0,2415400.0,3296000.0,779000.0,1206600.0,757800.0,805300.0,2667300.0,2100700.0,1267200.0,622300.0,1302700.0,2090700.0,2213000.0,1545400.0,429700.0,247200.0,1144200.0,385100.0,1255200.0
20231026101629000,SSE,SSE.ETF.510300,3.562,3.555,3.575,3.551,0.0,3.926,3.212,1209212102.0,1093128.0,1209212102.0,1093128.0,0.0,0.0,20231026,20231026,101629000,3.569,0.0,0.0,3.562,3.561,3.56,3.559,3.558,3.557,3.556,3.555,3.554,3.553,3.563,3.564,3.565,3.566,3.567,3.568,3.569,3.57,3.571,3.572,1926900.0,2280400.0,3277300.0,1879000.0,1206600.0,1052000.0,805300.0,2667300.0,2100700.0,1267200.0,526800.0,2254200.0,2705700.0,1698100.0,361900.0,429700.0,247200.0,1144200.0,385100.0,1254900.0
20231026101632000,SSE,SSE.ETF.510300,3.563,3.555,3.575,3.551,0.0,3.926,3.212,1210045837.0,833735.0,1210045837.0,833735.0,0.0,0.0,20231026,20231026,101632000,3.569,0.0,0.0,3.562,3.561,3.56,3.559,3.558,3.557,3.556,3.555,3.554,3.553,3.563,3.564,3.565,3.566,3.567,3.568,3.569,3.57,3.571,3.572,1919600.0,2710400.0,3256000.0,1776000.0,1148600.0,1054200.0,798700.0,2726900.0,2010700.0,1267200.0,350700.0,2074200.0,2390700.0,2043100.0,368900.0,432700.0,303800.0,1087600.0,325100.0,1254900.0
20231026101635000,SSE,SSE.ETF.510300,3.563,3.555,3.575,3.551,0.0,3.926,3.212,1212354348.0,2308511.0,1212354348.0,2308511.0,0.0,0.0,20231026,20231026,101635000,3.569,0.0,0.0,3.563,3.562,3.561,3.56,3.559,3.558,3.557,3.556,3.555,3.554,3.564,3.565,3.566,3.567,3.568,3.569,3.57,3.571,3.572,3.573,907500.0,3897800.0,2124400.0,3235200.0,776000.0,1156300.0,760000.0,768700.0,2647900.0,2098700.0,1820300.0,2090700.0,2413100.0,446900.0,432700.0,303800.0,1087600.0,465100.0,1254900.0,589000.0
20231026101638000,SSE,SSE.ETF.510300,3.563,3.555,3.575,3.551,0.0,3.926,3.212,1213076974.0,722626.0,1213076974.0,722626.0,0.0,0.0,20231026,20231026,101638000,3.569,0.0,0.0,3.563,3.562,3.561,3.56,3.559,3.558,3.557,3.556,3.555,3.554,3.564,3.565,3.566,3.567,3.568,3.569,3.57,3.571,3.572,3.573,1420000.0,3324500.0,2104400.0,2640700.0,836000.0,1156300.0,900600.0,624600.0,2586200.0,2098700.0,1825600.0,2360800.0,3413100.0,321900.0,432700.0,307200.0,944100.0,665200.0,1255900.0,589000.0
20231026101641000,SSE,SSE.ETF.510300,3.563,3.555,3.575,3.551,0.0,3.926,3.212,1217278112.0,4201138.0,1217278112.0,4201138.0,0.0,0.0,20231026,20231026,101641000,3.569,0.0,0.0,3.563,3.562,3.561,3.56,3.559,3.558,3.557,3.556,3.555,3.554,3.564,3.565,3.566,3.567,3.568,3.569,3.57,3.571,3.572,3.573,848900.0,3324500.0,2104400.0,2640500.0,836000.0,1156300.0,900600.0,624600.0,2556600.0,2099300.0,2694200.0,2570800.0,1213100.0,1221900.0,432700.0,307200.0,944100.0,665200.0,1255900.0,589000.0
20231026101644000,SSE,SSE.ETF.510300,3.563,3.555,3.575,3.551,0.0,3.926,3.212,1220774127.0,3496015.0,1220774127.0,3496015.0,0.0,0.0,20231026,20231026,101644000,3.569,0.0,0.0,3.562,3.561,3.56,3.559,3.558,3.557,3.556,3.555,3.554,3.553,3.563,3.564,3.565,3.566,3.567,3.568,3.569,3.57,3.571,3.572,1164100.0,1989400.0,2665900.0,536000.0,1156300.0,1191200.0,624600.0,2639600.0,2099300.0,1269200.0,2488700.0,2600200.0,3090800.0,1798100.0,323900.0,455700.0,307500.0,944100.0,585200.0,1255900.0
20231026101647000,SSE,SSE.ETF.510300,3.563,3.555,3.575,3.551,0.0,3.926,3.212,1220912014.0,137887.0,1220912014.0,137887.0,0.0,0.0,20231026,20231026,101647000,3.569,0.0,0.0,3.562,3.561,3.56,3.559,3.558,3.557,3.556,3.555,3.554,3.553,3.563,3.564,3.565,3.566,3.567,3.568,3.569,3.57,3.571,3.572,536400.0,2759400.0,2966900.0,1528000.0,1156400.0,1050600.0,779600.0,2696200.0,2039300.0,1269200.0,2013200.0,2977000.0,2500800.0,1640100.0,383900.0,455700.0,304100.0,1087600.0,324700.0,1255900.0
20231026101650000,SSE,SSE.ETF.510300,3.562,3.555,3.575,3.551,0.0,3.926,3.212,1221132509.0,220495.0,1221132509.0,220495.0,0.0,0.0,20231026,20231026,101650000,3.569,0.0,0.0,3.562,3.561,3.56,3.559,3.558,3.557,3.556,3.555,3.554,3.553,3.563,3.564,3.565,3.566,3.567,3.568,3.569,3.57,3.571,3.572,1067500.0,1907900.0,3879500.0,1290700.0,1156400.0,1168500.0,1130400.0,2639900.0,2098700.0,1269200.0,3207200.0,2377200.0,3700800.0,498100.0,383900.0,455700.0,247500.0,1144200.0,384700.0,1255900.0
20231026101653000,SSE,SSE.ETF.510300,3.562,3.555,3.575,3.551,0.0,3.926,3.212,1221212662.0,80153.0,1221212662.0,80153.0,0.0,0.0,20231026,20231026,101653000,3.569,0.0,0.0,3.562,3.561,3.56,3.559,3.558,3.557,3.556,3.555,3.554,3.553,3.563,3.564,3.565,3.566,3.567,3.568,3.569,3.57,3.571,3.572,678000.0,908000.0,3565500.0,1605700.0,2156400.0,1168500.0,1073800.0,2551400.0,2248700.0,1269200.0,2582200.0,2972800.0,2085800.0,498100.0,383900.0,455700.0,304100.0,1087600.0,384700.0,1255900.0
20231026101656000,SSE,SSE.ETF.510300,3.562,3.555,3.575,3.551,0.0,3.926,3.212,1221225129.0,12467.0,1221225129.0,12467.0,0.0,0.0,20231026,20231026,101656000,3.569,0.0,0.0,3.562,3.561,3.56,3.559,3.558,3.557,3.556,3.555,3.554,3.553,3.563,3.564,3.565,3.566,3.567,3.568,3.569,3.57,3.571,3.572,676900.0,1208700.0,3577900.0,1584900.0,2156400.0,1168500.0,779600.0,2526400.0,2248700.0,1300200.0,2604000.0,3246200.0,2370800.0,498100.0,383900.0,457700.0,304400.0,1097600.0,384700.0,1255900.0
20231026101659000,SSE,SSE.ETF.510300,3.563,3.555,3.575,3.551,0.0,3.926,3.212,1221763392.0,538263.0,1221763392.0,538263.0,0.0,0.0,20231026,20231026,101659000,3.569,0.0,0.0,3.562,3.561,3.56,3.559,3.558,3.557,3.556,3.555,3.554,3.553,3.563,3.564,3.565,3.566,3.567,3.568,3.569,3.57,3.571,3.572,570500.0,918700.0,3563900.0,1605700.0,2098400.0,1168500.0,1073800.0,2529400.0,2249900.0,1300200.0,2564500.0,3606200.0,2370800.0,518100.0,325900.0,457700.0,304400.0,1097600.0,384700.0,1255900.0
20231026101702000,SSE,SSE.ETF.510300,3.562,3.555,3.575,3.551,0.0,3.926,3.212,1223796938.0,2033546.0,1223796938.0,2033546.0,0.0,0.0,20231026,20231026,101702000,3.569,0.0,0.0,3.561,3.56,3.559,3.558,3.557,3.556,3.555,3.554,3.553,3.552,3.562,3.563,3.564,3.565,3.566,3.567,3.568,3.569,3.57,3.571,1869700.0,2978900.0,1526900.0,2156400.0,1168500.0,779600.0,2518400.0,2269900.0,1290200.0,1525600.0,384000.0,1024600.0,3305200.0,2670800.0,460100.0,383900.0,458700.0,304400.0,1019100.0,324700.0
20231026101705000,SSE,SSE.ETF.510300,3.562,3.555,3.575,3.551,0.0,3.926,3.212,1223823297.0,26359.0,1223823297.0,26359.0,0.0,0.0,20231026,20231026,101705000,3.569,0.0,0.0,3.561,3.56,3.559,3.558,3.557,3.556,3.555,3.554,3.553,3.552,3.562,3.563,3.564,3.565,3.566,3.567,3.568,3.569,3.57,3.571,969900.0,3493900.0,1547700.0,1154400.0,1168500.0,933100.0,2719100.0,2329900.0,1290200.0,1525600.0,927300.0,2957800.0,3605200.0,2048800.0,520100.0,383900.0,411700.0,504500.0,819000.0,384700.0
20231026101708000,SSE,SSE.ETF.510300,3.561,3.555,3.575,3.551,0.0,3.926,3.212,1224137818.0,314521.0,1224137818.0,314521.0,0.0,0.0,20231026,20231026,101708000,3.569,0.0,0.0,3.561,3.56,3.559,3.558,3.557,3.556,3.555,3.554,3.553,3.552,3.562,3.563,3.564,3.565,3.566,3.567,3.568,3.569,3.57,3.571,636300.0,2116100.0,1832700.0,2275200.0,1168500.0,933100.0,3013300.0,2119900.0,1500200.0,1525600.0,2232600.0,3487100.0,3820200.0,443800.0,520600.0,383900.0,411700.0,504500.0,819000.0,394700.0
20231026101711000,SSE,SSE.ETF.510300,3.561,3.555,3.575,3.551,0.0,3.926,3.212,1224683010.0,545192.0,1224683010.0,545192.0,0.0,0.0,20231026,20231026,101711000,3.569,0.0,0.0,3.561,3.56,3.559,3.558,3.557,3.556,3.555,3.554,3.553,3.552,3.562,3.563,3.564,3.565,3.566,3.567,3.568,3.569,3.57,3.571,504700.0,3067000.0,2432700.0,2275200.0,1166300.0,883100.0,3013300.0,2119900.0,1500200.0,1525600.0,2007200.0,3596100.0,3820900.0,443800.0,530600.0,383900.0,411700.0,504500.0,880300.0,334700.0
20231026101714000,SSE,SSE.ETF.510300,3.56,3.555,3.575,3.551,0.0,3.926,3.212,1229873283.0,5190273.0,1229873283.0,5190273.0,0.0,0.0,20231026,20231026,101714000,3.569,0.0,0.0,3.56,3.559,3.558,3.557,3.556,3.555,3.554,3.553,3.552,3.551,3.561,3.562,3.563,3.564,3.565,3.566,3.567,3.568,3.569,3.57,333500.0,1732600.0,3102200.0,2285600.0,983100.0,3013300.0,2384100.0,1580200.0,1549600.0,1621500.0,2223300.0,2661700.0,3111100.0,2075900.0,453800.0,530600.0,332200.0,411700.0,416100.0,880300.0
20231026101717000,SSE,SSE.ETF.510300,3.561,3.555,3.575,3.551,0.0,3.926,3.212,1230062326.0,189043.0,1230062326.0,189043.0,0.0,0.0,20231026,20231026,101717000,3.569,0.0,0.0,3.56,3.559,3.558,3.557,3.556,3.555,3.554,3.553,3.552,3.551,3.561,3.562,3.563,3.564,3.565,3.566,3.567,3.568,3.569,3.57,467900.0,2782600.0,2459200.0,2044900.0,941100.0,2819000.0,2290600.0,1426800.0,1699600.0,1621500.0,876400.0,2271700.0,3611100.0,2903900.0,503800.0,530600.0,328800.0,611900.0,160400.0,820300.0
20231026101720000,SSE,SSE.ETF.510300,3.561,3.555,3.575,3.551,0.0,3.926,3.212,1230189419.0,127093.0,1230189419.0,127093.0,0.0,0.0,20231026,20231026,101720000,3.569,0.0,0.0,3.56,3.559,3.558,3.557,3.556,3.555,3.554,3.553,3.552,3.551,3.561,3.562,3.563,3.564,3.565,3.566,3.567,3.568,3.569,3.57,416400.0,2782600.0,2459200.0,1750700.0,940400.0,2829000.0,2641400.0,1370200.0,1759600.0,1621500.0,776400.0,2282100.0,2612100.0,2903800.0,503800.0,538100.0,272200.0,678500.0,220400.0,820400.0
20231026101723000,SSE,SSE.ETF.510300,3.56,3.555,3.575,3.551,0.0,3.926,3.212,1231377758.0,1188339.0,1231377758.0,1188339.0,0.0,0.0,20231026,20231026,101723000,3.569,0.0,0.0,3.559,3.558,3.557,3.556,3.555,3.554,3.553,3.552,3.551,3.55,3.56,3.561,3.562,3.563,3.564,3.565,3.566,3.567,3.568,3.569,753700.0,3041700.0,2165700.0,1940400.0,2829000.0,2641400.0,1370200.0,1839600.0,1621500.0,4365500.0,647100.0,1467100.0,2996900.0,1992100.0,1903800.0,503800.0,541100.0,272200.0,598500.0,230400.0
20231026101726000,SSE,SSE.ETF.510300,3.56,3.555,3.575,3.551,0.0,3.926,3.212,1231523706.0,145948.0,1231523706.0,145948.0,0.0,0.0,20231026,20231026,101726000,3.569,0.0,0.0,3.559,3.558,3.557,3.556,3.555,3.554,3.553,3.552,3.551,3.55,3.56,3.561,3.562,3.563,3.564,3.565,3.566,3.567,3.568,3.569,641200.0,2921700.0,2465700.0,1980400.0,2829200.0,2444400.0,1627600.0,1779600.0,1677100.0,4365500.0,971600.0,1905000.0,2405900.0,1512000.0,1963800.0,503800.0,481100.0,529000.0,341700.0,230400.0
20231026101729000,SSE,SSE.ETF.510300,3.56,3.555,3.575,3.551,0.0,3.926,3.212,1231718794.0,195088.0,1231718794.0,195088.0,0.0,0.0,20231026,20231026,101729000,3.569,0.0,0.0,3.559,3.558,3.557,3.556,3.555,3.554,3.553,3.552,3.551,3.55,3.56,3.561,3.562,3.563,3.564,3.565,3.566,3.567,3.568,3.569,1751100.0,3221700.0,2107700.0,822400.0,2887200.0,2444400.0,1597600.0,1779600.0,1819300.0,4365500.0,667200.0,2085000.0,2083700.0,1796600.0,1963800.0,445800.0,481100.0,529000.0,341700.0,170400.0
20231026101732000,SSE,SSE.ETF.510300,3.56,3.555,3.575,3.551,0.0,3.926,3.212,1231719150.0,356.0,1231719150.0,356.0,0.0,0.0,20231026,20231026,101732000,3.569,0.0,0.0,3.559,3.558,3.557,3.556,3.555,3.554,3.553,3.552,3.551,3.55,3.56,3.561,3.562,3.563,3.564,3.565,3.566,3.567,3.568,3.569,751900.0,2921700.0,2407700.0,1586200.0,2887200.0,2444400.0,1835200.0,1825700.0,1819300.0,4365500.0,737100.0,1335000.0,2992700.0,1538800.0,1963800.0,445800.0,537700.0,472400.0,401700.0,170400.0
20231026101735000,SSE,SSE.ETF.510300,3.559,3.555,3.575,3.551,0.0,3.926,3.212,1231890014.0,170864.0,1231890014.0,170864.0,0.0,0.0,20231026,20231026,101735000,3.569,0.0,0.0,3.559,3.558,3.557,3.556,3.555,3.554,3.553,3.552,3.551,3.55,3.56,3.561,3.562,3.563,3.564,3.565,3.566,3.567,3.568,3.569,36200.0,3411800.0,2405700.0,1686200.0,2896700.0,2444400.0,1921800.0,1769100.0,1785300.0,4365500.0,1214800.0,2102200.0,2692700.0,1169400.0,1963800.0,445800.0,481100.0,529000.0,401700.0,170400.0
20231026101738000,SSE,SSE.ETF.510300,3.559,3.555,3.575,3.551,0.0,3.926,3.212,1231907454.0,17440.0,1231907454.0,17440.0,0.0,0.0,20231026,20231026,101738000,3.569,0.0,0.0,3.559,3.558,3.557,3.556,3.555,3.554,3.553,3.552,3.551,3.55,3.56,3.561,3.562,3.563,3.564,3.565,3.566,3.567,3.568,3.569,450500.0,1525700.0,2391500.0,1902200.0,2891400.0,2444400.0,1751000.0,1909900.0,1817800.0,4366500.0,2173500.0,2348100.0,2292700.0,239400.0,1963800.0,445800.0,621400.0,388800.0,401700.0,170400.0
20231026101741000,SSE,SSE.ETF.510300,3.559,3.555,3.575,3.551,0.0,3.926,3.212,1231949813.0,42359.0,1231949813.0,42359.0,0.0,0.0,20231026,20231026,101741000,3.569,0.0,0.0,3.559,3.558,3.557,3.556,3.555,3.554,3.553,3.552,3.551,3.55,3.56,3.561,3.562,3.563,3.564,3.565,3.566,3.567,3.568,3.569,670700.0,1475700.0,2988500.0,2002200.0,3834400.0,2444400.0,1835200.0,1675700.0,1967800.0,4366700.0,2267200.0,2703100.0,1977700.0,239400.0,1905800.0,475800.0,537700.0,472400.0,401700.0,170400.0
20231026101744000,SSE,SSE.ETF.510300,3.559,3.555,3.575,3.551,0.0,3.926,3.212,1232042728.0,92915.0,1232042728.0,92915.0,0.0,0.0,20231026,20231026,101744000,3.569,0.0,0.0,3.559,3.558,3.557,3.556,3.555,3.554,3.553,3.552,3.551,3.55,3.56,3.561,3.562,3.563,3.564,3.565,3.566,3.567,3.568,3.569,683600.0,1485700.0,2676700.0,2244200.0,3892400.0,2443900.0,1835200.0,1675700.0,1905900.0,4366900.0,2843300.0,2463100.0,1677700.0,181400.0,1963800.0,475800.0,537700.0,472400.0,341700.0,170400.0
20231026101747000,SSE,SSE.ETF.510300,3.559,3.555,3.575,3.551,0.0,3.926,3.212,1235411122.0,3368394.0,1235411122.0,3368394.0,0.0,0.0,20231026,20231026,101747000,3.569,0.0,0.0,3.558,3.557,3.556,3.555,3.554,3.553,3.552,3.551,3.55,3.549,3.559,3.56,3.561,3.562,3.563,3.564,3.565,3.566,3.567,3.568,1252200.0,2676700.0,2302200.0,3598200.0,2473900.0,1834600.0,1969900.0,2048900.0,4367000.0,678700.0,617500.0,2406100.0,2512100.0,1677700.0,251400.0,1963800.0,475800.0,537700.0,392400.0,401700.0
20231026101750000,SSE,SSE.ETF.510300,3.559,3.555,3.575,3.551,0.0,3.926,3.212,1235474472.0,63350.0,1235474472.0,63350.0,0.0,0.0,20231026,20231026,101750000,3.569,0.0,0.0,3.558,3.557,3.556,3.555,3.554,3.553,3.552,3.551,3.55,3.549,3.559,3.56,3.561,3.562,3.563,3.564,3.565,3.566,3.567,3.568,1342600.0,2777700.0,2302200.0,3864000.0,2473900.0,1693800.0,1790900.0,2105900.0,4401100.0,678700.0,562900.0,2436100.0,2212100.0,1677700.0,311500.0,1958800.0,472500.0,681400.0,192200.0,401700.0
20231026101753000,SSE,SSE.ETF.510300,3.558,3.555,3.575,3.551,0.0,3.926,3.212,1235494753.0,20281.0,1235494753.0,20281.0,0.0,0.0,20231026,20231026,101753000,3.569,0.0,0.0,3.558,3.557,3.556,3.555,3.554,3.553,3.552,3.551,3.55,3.549,3.559,3.56,3.561,3.562,3.563,3.564,3.565,3.566,3.567,3.568,1372500.0,2727700.0,2304200.0,3864000.0,2473900.0,1693800.0,1790900.0,2106600.0,4403100.0,678600.0,696100.0,2436100.0,2212100.0,1677700.0,311500.0,1958800.0,472500.0,682400.0,192200.0,401700.0
20231026101756000,SSE,SSE.ETF.510300,3.559,3.555,3.575,3.551,0.0,3.926,3.212,1235560587.0,65834.0,1235560587.0,65834.0,0.0,0.0,20231026,20231026,101756000,3.569,0.0,0.0,3.558,3.557,3.556,3.555,3.554,3.553,3.552,3.551,3.55,3.549,3.559,3.56,3.561,3.562,3.563,3.564,3.565,3.566,3.567,3.568,1370600.0,2727700.0,2306700.0,3806200.0,2473900.0,1693800.0,1790900.0,2107300.0,4403100.0,678600.0,689700.0,2434100.0,2512100.0,1377700.0,311500.0,1900800.0,472500.0,682400.0,192200.0,401700.0
20231026101759000,SSE,SSE.ETF.510300,3.559,3.555,3.575,3.551,0.0,3.926,3.212,1235587635.0,27048.0,1235587635.0,27048.0,0.0,0.0,20231026,20231026,101759000,3.569,0.0,0.0,3.558,3.557,3.556,3.555,3.554,3.553,3.552,3.551,3.55,3.549,3.559,3.56,3.561,3.562,3.563,3.564,3.565,3.566,3.567,3.568,992200.0,2727700.0,2368700.0,3874200.0,2531900.0,1733800.0,1790900.0,2051500.0,4462100.0,688600.0,688100.0,2434100.0,2211200.0,1735700.0,321500.0,1900800.0,472500.0,682400.0,252200.0,341700.0
20231026101802000,SSE,SSE.ETF.510300,3.558,3.555,3.575,3.551,0.0,3.926,3.212,1239140655.0,3553020.0,1239140655.0,3553020.0,0.0,0.0,20231026,20231026,101802000,3.569,0.0,0.0,3.557,3.556,3.555,3.554,3.553,3.552,3.551,3.55,3.549,3.548,3.558,3.559,3.56,3.561,3.562,3.563,3.564,3.565,3.566,3.567,3338700.0,2368700.0,3686000.0,2532100.0,1736800.0,2085100.0,2052000.0,4545100.0,688600.0,762900.0,1800.0,2116800.0,1833100.0,1511200.0,1337900.0,328900.0,1900800.0,472500.0,602200.0,252200.0
20231026101805000,SSE,SSE.ETF.510300,3.558,3.555,3.575,3.551,0.0,3.926,3.212,1239289027.0,148372.0,1239289027.0,148372.0,0.0,0.0,20231026,20231026,101805000,3.569,0.0,0.0,3.557,3.556,3.555,3.554,3.553,3.552,3.551,3.55,3.549,3.548,3.559,3.56,3.561,3.562,3.563,3.564,3.565,3.566,3.567,3.568,3625300.0,3071700.0,3688500.0,2475100.0,1736800.0,1944300.0,2227200.0,4405100.0,718600.0,762900.0,2162000.0,1833100.0,2001200.0,492900.0,328900.0,1840800.0,672800.0,481900.0,192200.0,341700.0
20231026101808000,SSE,SSE.ETF.510300,3.558,3.555,3.575,3.551,0.0,3.926,3.212,1240013083.0,724056.0,1240013083.0,724056.0,0.0,0.0,20231026,20231026,101808000,3.569,0.0,0.0,3.558,3.557,3.556,3.555,3.554,3.553,3.552,3.551,3.55,3.549,3.559,3.56,3.561,3.562,3.563,3.564,3.565,3.566,3.567,3.568,3255300.0,3633500.0,2846700.0,2884200.0,2474100.0,1736800.0,1803700.0,2077200.0,4466200.0,718600.0,684500.0,2413100.0,1486200.0,2047900.0,328900.0,1900800.0,672800.0,481900.0,252200.0,341700.0
20231026101811000,SSE,SSE.ETF.510300,3.559,3.555,3.575,3.551,0.0,3.926,3.212,1240734745.0,721662.0,1240734745.0,721662.0,0.0,0.0,20231026,20231026,101811000,3.569,0.0,0.0,3.558,3.557,3.556,3.555,3.554,3.553,3.552,3.551,3.55,3.549,3.559,3.56,3.561,3.562,3.563,3.564,3.565,3.566,3.567,3.568,1993600.0,4109500.0,2738700.0,2826300.0,2534100.0,1736800.0,2001100.0,1850600.0,4468200.0,688600.0,556100.0,2413100.0,2016200.0,1989900.0,366700.0,1900800.0,415800.0,738800.0,252200.0,341700.0
20231026101814000,SSE,SSE.ETF.510300,3.558,3.555,3.575,3.551,0.0,3.926,3.212,1241094459.0,359714.0,1241094459.0,359714.0,0.0,0.0,20231026,20231026,101814000,3.569,0.0,0.0,3.558,3.557,3.556,3.555,3.554,3.553,3.552,3.551,3.55,3.549,3.559,3.56,3.561,3.562,3.563,3.564,3.565,3.566,3.567,3.568,2905600.0,4434500.0,2423700.0,2883500.0,2535100.0,1736800.0,1974500.0,1908300.0,4443200.0,688600.0,181100.0,2383100.0,1719000.0,2377900.0,366700.0,1900800.0,472500.0,682200.0,250200.0,341700.0
20231026101817000,SSE,SSE.ETF.510300,3.558,3.555,3.575,3.551,0.0,3.926,3.212,1241107269.0,12810.0,1241107269.0,12810.0,0.0,0.0,20231026,20231026,101817000,3.569,0.0,0.0,3.558,3.557,3.556,3.555,3.554,3.553,3.552,3.551,3.55,3.549,3.559,3.56,3.561,3.562,3.563,3.564,3.565,3.566,3.567,3.568,1195900.0,3889600.0,2738700.0,3983500.0,2536100.0,1736800.0,2031100.0,1851600.0,4443300.0,688600.0,555100.0,2433100.0,2019000.0,1979400.0,366700.0,1902800.0,415800.0,738800.0,190200.0,341700.0
20231026101820000,SSE,SSE.ETF.510300,3.558,3.555,3.575,3.551,0.0,3.926,3.212,1242226826.0,1119557.0,1242226826.0,1119557.0,0.0,0.0,20231026,20231026,101820000,3.569,0.0,0.0,3.558,3.557,3.556,3.555,3.554,3.553,3.552,3.551,3.55,3.549,3.559,3.56,3.561,3.562,3.563,3.564,3.565,3.566,3.567,3.568,548100.0,3448600.0,3128700.0,3689300.0,2756400.0,1736800.0,2088700.0,2059000.0,4473300.0,688600.0,2237600.0,2147000.0,2134000.0,426000.0,366700.0,1902800.0,472500.0,682200.0,190200.0,401700.0
20231026101823000,SSE,SSE.ETF.510300,3.558,3.555,3.575,3.551,0.0,3.926,3.212,1242487627.0,260801.0,1242487627.0,260801.0,0.0,0.0,20231026,20231026,101823000,3.569,0.0,0.0,3.557,3.556,3.555,3.554,3.553,3.552,3.551,3.55,3.549,3.548,3.558,3.559,3.56,3.561,3.562,3.563,3.564,3.565,3.566,3.567,1719000.0,4148700.0,3690700.0,2748400.0,1736800.0,2145300.0,2007300.0,4473300.0,688600.0,763100.0,26800.0,1939400.0,1856000.0,1634000.0,428000.0,329300.0,1002800.0,415800.0,738800.0,250200.0
20231026101826000,SSE,SSE.ETF.510300,3.558,3.555,3.575,3.551,0.0,3.926,3.212,1242487627.0,0.0,1242487627.0,0.0,0.0,0.0,20231026,20231026,101826000,3.569,0.0,0.0,3.558,3.557,3.556,3.555,3.554,3.553,3.552,3.551,3.55,3.549,3.559,3.56,3.561,3.562,3.563,3.564,3.565,3.566,3.567,3.568,298300.0,1419200.0,3833800.0,3947700.0,2588400.0,1794800.0,2004900.0,2118200.0,4550000.0,718600.0,2214100.0,2171000.0,1389000.0,488000.0,329300.0,999500.0,556100.0,541900.0,250200.0,341700.0
20231026101829000,SSE,SSE.ETF.510300,3.557,3.555,3.575,3.551,0.0,3.926,3.212,1245364980.0,2877353.0,1245364980.0,2877353.0,0.0,0.0,20231026,20231026,101829000,3.569,0.0,0.0,3.557,3.556,3.555,3.554,3.553,3.552,3.551,3.55,3.549,3.548,3.558,3.559,3.56,3.561,3.562,3.563,3.564,3.565,3.566,3.567,2117100.0,4170100.0,3634200.0,2706400.0,1794800.0,2085700.0,1914000.0,4663500.0,678600.0,763100.0,196300.0,2439400.0,2356000.0,1792000.0,423000.0,329300.0,1002800.0,472500.0,602200.0,190200.0
20231026101832000,SSE,SSE.ETF.510300,3.558,3.555,3.575,3.551,0.0,3.926,3.212,1246646571.0,1281591.0,1246646571.0,1281591.0,0.0,0.0,20231026,20231026,101832000,3.569,0.0,0.0,3.557,3.556,3.555,3.554,3.553,3.552,3.551,3.55,3.549,3.548,3.558,3.559,3.56,3.561,3.562,3.563,3.564,3.565,3.566,3.567,3068700.0,4141300.0,3637200.0,2646400.0,1794800.0,1944900.0,2181200.0,4634200.0,708600.0,763100.0,260800.0,2469700.0,2056000.0,2062000.0,483000.0,296100.0,999500.0,616100.0,401900.0,250200.0
20231026101835000,SSE,SSE.ETF.510300,3.557,3.555,3.575,3.551,0.0,3.926,3.212,1246747591.0,101020.0,1246747591.0,101020.0,0.0,0.0,20231026,20231026,101835000,3.569,0.0,0.0,3.557,3.556,3.555,3.554,3.553,3.552,3.551,3.55,3.549,3.548,3.558,3.559,3.56,3.561,3.562,3.563,3.564,3.565,3.566,3.567,2741200.0,4444000.0,3635700.0,2646600.0,1794800.0,1944900.0,2237900.0,4577500.0,708600.0,763100.0,15200.0,2469700.0,2356000.0,1762000.0,483000.0,296100.0,942800.0,667800.0,401900.0,250200.0
20231026101838000,SSE,SSE.ETF.510300,3.557,3.555,3.575,3.551,0.0,3.926,3.212,1246873898.0,126307.0,1246873898.0,126307.0,0.0,0.0,20231026,20231026,101838000,3.569,0.0,0.0,3.557,3.556,3.555,3.554,3.553,3.552,3.551,3.55,3.549,3.548,3.558,3.559,3.56,3.561,3.562,3.563,3.564,3.565,3.566,3.567,1767200.0,4140000.0,3952600.0,2643600.0,1736800.0,1944900.0,2238700.0,4577500.0,708600.0,763100.0,1800.0,2469700.0,2654500.0,2062000.0,425000.0,296100.0,942800.0,667800.0,401900.0,250200.0
20231026101841000,SSE,SSE.ETF.510300,3.558,3.555,3.575,3.551,0.0,3.926,3.212,1248009949.0,1136051.0,1248009949.0,1136051.0,0.0,0.0,20231026,20231026,101841000,3.569,0.0,0.0,3.557,3.556,3.555,3.554,3.553,3.552,3.551,3.55,3.549,3.548,3.558,3.559,3.56,3.561,3.562,3.563,3.564,3.565,3.566,3.567,1700300.0,3520000.0,4252600.0,3643600.0,1794800.0,1944900.0,2182100.0,4634200.0,708600.0,763100.0,50300.0,2519700.0,2969800.0,1747000.0,483000.0,296100.0,999500.0,611100.0,401900.0,250200.0
20231026101844000,SSE,SSE.ETF.510300,3.558,3.555,3.575,3.551,0.0,3.926,3.212,1248012795.0,2846.0,1248012795.0,2846.0,0.0,0.0,20231026,20231026,101844000,3.569,0.0,0.0,3.557,3.556,3.555,3.554,3.553,3.552,3.551,3.55,3.549,3.548,3.558,3.559,3.56,3.561,3.562,3.563,3.564,3.565,3.566,3.567,1647300.0,3799100.0,3956600.0,3642600.0,1794800.0,1946900.0,2031100.0,4723200.0,707600.0,762100.0,151700.0,2599700.0,2969800.0,1751200.0,483000.0,296100.0,999500.0,611100.0,401900.0,190200.0
20231026101847000,SSE,SSE.ETF.510300,3.558,3.555,3.575,3.551,0.0,3.926,3.212,1248041610.0,28815.0,1248041610.0,28815.0,0.0,0.0,20231026,20231026,101847000,3.569,0.0,0.0,3.557,3.556,3.555,3.554,3.553,3.552,3.551,3.55,3.549,3.548,3.558,3.559,3.56,3.561,3.562,3.563,3.564,3.565,3.566,3.567,1957000.0,3799100.0,3956700.0,3642600.0,1794700.0,1946900.0,2041100.0,4783200.0,707600.0,762100.0,158300.0,2019700.0,2169800.0,1451200.0,483000.0,296100.0,999500.0,603200.0,401900.0,250200.0
20231026101850000,SSE,SSE.ETF.510300,3.558,3.555,3.575,3.551,0.0,3.926,3.212,1248041610.0,0.0,1248041610.0,0.0,0.0,0.0,20231026,20231026,101850000,3.569,0.0,0.0,3.557,3.556,3.555,3.554,3.553,3.552,3.551,3.55,3.549,3.548,3.558,3.559,3.56,3.561,3.562,3.563,3.564,3.565,3.566,3.567,1967100.0,3349100.0,4256800.0,3639600.0,1788700.0,1946900.0,2042100.0,4782700.0,707600.0,762100.0,1313800.0,1949700.0,1469800.0,1151200.0,483000.0,296100.0,999500.0,603200.0,401900.0,250200.0
20231026101853000,SSE,SSE.ETF.510300,3.557,3.555,3.575,3.551,0.0,3.926,3.212,1248049080.0,7470.0,1248049080.0,7470.0,0.0,0.0,20231026,20231026,101853000,3.569,0.0,0.0,3.557,3.556,3.555,3.554,3.553,3.552,3.551,3.55,3.549,3.548,3.558,3.559,3.56,3.561,3.562,3.563,3.564,3.565,3.566,3.567,1880900.0,3349100.0,4259900.0,3581600.0,1790100.0,1946900.0,2098800.0,4726100.0,707600.0,762100.0,922800.0,1399700.0,1170900.0,1293200.0,483000.0,296100.0,942800.0,659900.0,401900.0,250200.0
20231026101856000,SSE,SSE.ETF.510300,3.557,3.555,3.575,3.551,0.0,3.926,3.212,1248077183.0,28103.0,1248077183.0,28103.0,0.0,0.0,20231026,20231026,101856000,3.569,0.0,0.0,3.557,3.556,3.555,3.554,3.553,3.552,3.551,3.55,3.549,3.548,3.558,3.559,3.56,3.561,3.562,3.563,3.564,3.565,3.566,3.567,1977900.0,3352100.0,4269900.0,3639600.0,1790100.0,1946900.0,2248800.0,4516000.0,767600.0,762100.0,697400.0,1549700.0,2170900.0,1451200.0,483000.0,304000.0,942800.0,659900.0,461900.0,190200.0
20231026101859000,SSE,SSE.ETF.510300,3.558,3.555,3.575,3.551,0.0,3.926,3.212,1253914932.0,5837749.0,1253914932.0,5837749.0,0.0,0.0,20231026,20231026,101859000,3.569,0.0,0.0,3.557,3.556,3.555,3.554,3.553,3.552,3.551,3.55,3.549,3.548,3.558,3.559,3.56,3.561,3.562,3.563,3.564,3.565,3.566,3.567,426900.0,3353100.0,4271900.0,3641500.0,1790100.0,1946900.0,2102400.0,4572800.0,917600.0,762100.0,186100.0,2148700.0,2470900.0,1153200.0,483000.0,304000.0,999500.0,663200.0,461900.0,190200.0
20231026101902000,SSE,SSE.ETF.510300,3.558,3.555,3.575,3.551,0.0,3.926,3.212,1253916711.0,1779.0,1253916711.0,1779.0,0.0,0.0,20231026,20231026,101902000,3.569,0.0,0.0,3.557,3.556,3.555,3.554,3.553,3.552,3.551,3.55,3.549,3.548,3.558,3.559,3.56,3.561,3.562,3.563,3.564,3.565,3.566,3.567,327600.0,3353100.0,4284800.0,3641500.0,1790100.0,1946900.0,2099100.0,4666100.0,707600.0,762100.0,185600.0,2148700.0,2170900.0,1353200.0,483000.0,304000.0,942800.0,659900.0,401900.0,190200.0
20231026101905000,SSE,SSE.ETF.510300,3.558,3.555,3.575,3.551,0.0,3.926,3.212,1253973269.0,56558.0,1253973269.0,56558.0,0.0,0.0,20231026,20231026,101905000,3.569,0.0,0.0,3.557,3.556,3.555,3.554,3.553,3.552,3.551,3.55,3.549,3.548,3.558,3.559,3.56,3.561,3.562,3.563,3.564,3.565,3.566,3.567,618500.0,3213100.0,4265800.0,3347300.0,1732100.0,1946900.0,2393300.0,4666100.0,767600.0,762100.0,1944800.0,1698700.0,1171400.0,1053200.0,425000.0,304000.0,942800.0,659900.0,461900.0,190200.0
20231026101908000,SSE,SSE.ETF.510300,3.558,3.555,3.575,3.551,0.0,3.926,3.212,1256949771.0,2976502.0,1256949771.0,2976502.0,0.0,0.0,20231026,20231026,101908000,3.569,0.0,0.0,3.557,3.556,3.555,3.554,3.553,3.552,3.551,3.55,3.549,3.548,3.558,3.559,3.56,3.561,3.562,3.563,3.564,3.565,3.566,3.567,279300.0,1263900.0,5166800.0,3397700.0,2790100.0,1946900.0,2393300.0,4516100.0,997600.0,762100.0,2144100.0,1848700.0,2071900.0,95200.0,483000.0,304000.0,942800.0,579900.0,461900.0,190200.0
20231026101911000,SSE,SSE.ETF.510300,3.557,3.555,3.575,3.551,0.0,3.926,3.212,1257000638.0,50867.0,1257000638.0,50867.0,0.0,0.0,20231026,20231026,101911000,3.569,0.0,0.0,3.557,3.556,3.555,3.554,3.553,3.552,3.551,3.55,3.549,3.548,3.558,3.559,3.56,3.561,3.562,3.563,3.564,3.565,3.566,3.567,279800.0,1263900.0,4560300.0,4070700.0,2791100.0,1946900.0,2333100.0,4571800.0,917600.0,762100.0,2142900.0,2513700.0,1456900.0,153200.0,483000.0,304000.0,999500.0,603200.0,461900.0,193200.0
20231026101914000,SSE,SSE.ETF.510300,3.557,3.555,3.575,3.551,0.0,3.926,3.212,1258154173.0,1153535.0,1258154173.0,1153535.0,0.0,0.0,20231026,20231026,101914000,3.569,0.0,0.0,3.556,3.555,3.554,3.553,3.552,3.551,3.55,3.549,3.548,3.547,3.557,3.558,3.559,3.56,3.561,3.562,3.563,3.564,3.565,3.566,1163900.0,4562900.0,4073600.0,2496900.0,1960500.0,2333100.0,4866000.0,937600.0,822100.0,531100.0,2067500.0,2042900.0,1513700.0,1306900.0,153200.0,483000.0,304000.0,999500.0,583300.0,401900.0
