minute,TradeDate,OrigTime,OfferPx1,BidPx1,OfferSize1,BidSize1,OfferPx2,BidPx2,OfferSize2,BidSize2,OfferPx3,BidPx3,OfferSize3,BidSize3,OfferPx4,BidPx4,OfferSize4,BidSize4,OfferPx5,BidPx5,OfferSize5,BidSize5,DownLimitPx,HighPx,LastPx,LowPx,OpenPx,PreClosePx,TotalValueTrade,TotalVolumeTrade,UpLimitPx,ticker,datetime,wap1,price_spread,price_spread2,bid_spread,ask_spread,bid_ask_spread,total_bid_qty,total_ask_qty,total_qty_diff,weighted_bid_prc,weighted_ask_prc,total_volume,volume_imbalance,log_return,PxChange1,PxChange2,mid,open,high,low,close,volume,amount,vwap,tendency,f_max,f_min,df_max,df_min,abs_diff,energy,iqr_p,abs_diff_v,energy_v,iqr_p_v,bOF1,aOF1,OFI1,bOF2,aOF2,OFI2,bOF3,aOF3,OFI3,bOF4,aOF4,OFI4,bOF5,aOF5,OFI5,volatility_QMLE,volatility
0.0,0.0,0.0,0.0,0.0,0.0,0.0,0.0,0.0,0.0,0.0,0.0,0.0,0.0,0.0,0.0,0.0,0.0,0.0,0.0,0.0,0.0,0.0,0.0,0.0,0.0,0.0,0.0,0.0,0.0,0.0,0.0,0.0,0.0,0.0,0.0,0.0,0.0,0.0,0.0,0.0,0.0,0.0,0.0,0.0,0.0,0.0,0.0,0.0,0.0,0.0,0.0,0.0,0.0,0.0,0.0,0.0,0.0,0.0,0.0,0.0,0.0,0.0,0.0,0.0,0.0,0.0,0.0,0.0,0.0,0.0,0.0,0.0,0.0,0.0,0.0,0.0,0.0,0.0,0.0,0.0,0.0,0.0,0.0,0.0,0.0
0.0,0.0,0.0,0.0,0.0,0.0,0.0,0.0,0.0,0.0,0.0,0.0,0.0,0.0,0.0,0.0,0.0,0.0,0.0,0.0,0.0,0.0,0.0,0.0,0.0,0.0,0.0,0.0,0.0,0.0,0.0,0.0,0.0,0.0,0.0,0.0,0.0,0.0,0.0,0.0,0.0,0.0,0.0,0.0,0.0,0.0,0.0,0.0,0.0,0.0,0.0,0.0,0.0,0.0,0.0,0.0,0.0,0.0,0.0,0.0,0.0,0.0,0.0,0.0,0.0,0.0,0.0,0.0,0.0,0.0,0.0,0.0,0.0,0.0,0.0,0.0,0.0,0.0,0.0,0.0,0.0,0.0,0.0,0.0,0.0,0.0
0.0,0.0,0.0,0.0,0.0,0.0,0.0,0.0,0.0,0.0,0.0,0.0,0.0,0.0,0.0,0.0,0.0,0.0,0.0,0.0,0.0,0.0,0.0,0.0,0.0,0.0,0.0,0.0,0.0,0.0,0.0,0.0,0.0,0.0,0.0,0.0,0.0,0.0,0.0,0.0,0.0,0.0,0.0,0.0,0.0,0.0,0.0,0.0,0.0,0.0,0.0,0.0,0.0,0.0,0.0,0.0,0.0,0.0,0.0,0.0,0.0,0.0,0.0,0.0,0.0,0.0,0.0,0.0,0.0,0.0,0.0,0.0,0.0,0.0,0.0,0.0,0.0,0.0,0.0,0.0,0.0,0.0,0.0,0.0,0.0,0.0
0.0,0.0,0.0,0.0,0.0,0.0,0.0,0.0,0.0,0.0,0.0,0.0,0.0,0.0,0.0,0.0,0.0,0.0,0.0,0.0,0.0,0.0,0.0,0.0,0.0,0.0,0.0,0.0,0.0,0.0,0.0,0.0,0.0,0.0,0.0,0.0,0.0,0.0,0.0,0.0,0.0,0.0,0.0,0.0,0.0,0.0,0.0,0.0,0.0,0.0,0.0,0.0,0.0,0.0,0.0,0.0,0.0,0.0,0.0,0.0,0.0,0.0,0.0,0.0,0.0,0.0,0.0,0.0,0.0,0.0,0.0,0.0,0.0,0.0,0.0,0.0,0.0,0.0,0.0,0.0,0.0,0.0,0.0,0.0,0.0,0.0
0.0,0.0,0.0,0.0,0.0,0.0,0.0,0.0,0.0,0.0,0.0,0.0,0.0,0.0,0.0,0.0,0.0,0.0,0.0,0.0,0.0,0.0,0.0,0.0,0.0,0.0,0.0,0.0,0.0,0.0,0.0,0.0,0.0,0.0,0.0,0.0,0.0,0.0,0.0,0.0,0.0,0.0,0.0,0.0,0.0,0.0,0.0,0.0,0.0,0.0,0.0,0.0,0.0,0.0,0.0,0.0,0.0,0.0,0.0,0.0,0.0,0.0,0.0,0.0,0.0,0.0,0.0,0.0,0.0,0.0,0.0,0.0,0.0,0.0,0.0,0.0,0.0,0.0,0.0,0.0,0.0,0.0,0.0,0.0,0.0,0.0
0.0,0.0,0.0,0.0,0.0,0.0,0.0,0.0,0.0,0.0,0.0,0.0,0.0,0.0,0.0,0.0,0.0,0.0,0.0,0.0,0.0,0.0,0.0,0.0,0.0,0.0,0.0,0.0,0.0,0.0,0.0,0.0,0.0,0.0,0.0,0.0,0.0,0.0,0.0,0.0,0.0,0.0,0.0,0.0,0.0,0.0,0.0,0.0,0.0,0.0,0.0,0.0,0.0,0.0,0.0,0.0,0.0,0.0,0.0,0.0,0.0,0.0,0.0,0.0,0.0,0.0,0.0,0.0,0.0,0.0,0.0,0.0,0.0,0.0,0.0,0.0,0.0,0.0,0.0,0.0,0.0,0.0,0.0,0.0,0.0,0.0
0.0,0.0,0.0,0.0,0.0,0.0,0.0,0.0,0.0,0.0,0.0,0.0,0.0,0.0,0.0,0.0,0.0,0.0,0.0,0.0,0.0,0.0,0.0,0.0,0.0,0.0,0.0,0.0,0.0,0.0,0.0,0.0,0.0,0.0,0.0,0.0,0.0,0.0,0.0,0.0,0.0,0.0,0.0,0.0,0.0,0.0,0.0,0.0,0.0,0.0,0.0,0.0,0.0,0.0,0.0,0.0,0.0,0.0,0.0,0.0,0.0,0.0,0.0,0.0,0.0,0.0,0.0,0.0,0.0,0.0,0.0,0.0,0.0,0.0,0.0,0.0,0.0,0.0,0.0,0.0,0.0,0.0,0.0,0.0,0.0,0.0
0.0,0.0,0.0,0.0,0.0,0.0,0.0,0.0,0.0,0.0,0.0,0.0,0.0,0.0,0.0,0.0,0.0,0.0,0.0,0.0,0.0,0.0,0.0,0.0,0.0,0.0,0.0,0.0,0.0,0.0,0.0,0.0,0.0,0.0,0.0,0.0,0.0,0.0,0.0,0.0,0.0,0.0,0.0,0.0,0.0,0.0,0.0,0.0,0.0,0.0,0.0,0.0,0.0,0.0,0.0,0.0,0.0,0.0,0.0,0.0,0.0,0.0,0.0,0.0,0.0,0.0,0.0,0.0,0.0,0.0,0.0,0.0,0.0,0.0,0.0,0.0,0.0,0.0,0.0,0.0,0.0,0.0,0.0,0.0,0.0,0.0
0.0,0.0,0.0,0.0,0.0,0.0,0.0,0.0,0.0,0.0,0.0,0.0,0.0,0.0,0.0,0.0,0.0,0.0,0.0,0.0,0.0,0.0,0.0,0.0,0.0,0.0,0.0,0.0,0.0,0.0,0.0,0.0,0.0,0.0,0.0,0.0,0.0,0.0,0.0,0.0,0.0,0.0,0.0,0.0,0.0,0.0,0.0,0.0,0.0,0.0,0.0,0.0,0.0,0.0,0.0,0.0,0.0,0.0,0.0,0.0,0.0,0.0,0.0,0.0,0.0,0.0,0.0,0.0,0.0,0.0,0.0,0.0,0.0,0.0,0.0,0.0,0.0,0.0,0.0,0.0,0.0,0.0,0.0,0.0,0.0,0.0
0.0,0.0,0.0,0.0,0.0,0.0,0.0,0.0,0.0,0.0,0.0,0.0,0.0,0.0,0.0,0.0,0.0,0.0,0.0,0.0,0.0,0.0,0.0,0.0,0.0,0.0,0.0,0.0,0.0,0.0,0.0,0.0,0.0,0.0,0.0,0.0,0.0,0.0,0.0,0.0,0.0,0.0,0.0,0.0,0.0,0.0,0.0,0.0,0.0,0.0,0.0,0.0,0.0,0.0,0.0,0.0,0.0,0.0,0.0,0.0,0.0,0.0,0.0,0.0,0.0,0.0,0.0,0.0,0.0,0.0,0.0,0.0,0.0,0.0,0.0,0.0,0.0,0.0,0.0,0.0,0.0,0.0,0.0,0.0,0.0,0.0
0.0,0.0,0.0,0.0,0.0,0.0,0.0,0.0,0.0,0.0,0.0,0.0,0.0,0.0,0.0,0.0,0.0,0.0,0.0,0.0,0.0,0.0,0.0,0.0,0.0,0.0,0.0,0.0,0.0,0.0,0.0,0.0,0.0,0.0,0.0,0.0,0.0,0.0,0.0,0.0,0.0,0.0,0.0,0.0,0.0,0.0,0.0,0.0,0.0,0.0,0.0,0.0,0.0,0.0,0.0,0.0,0.0,0.0,0.0,0.0,0.0,0.0,0.0,0.0,0.0,0.0,0.0,0.0,0.0,0.0,0.0,0.0,0.0,0.0,0.0,0.0,0.0,0.0,0.0,0.0,0.0,0.0,0.0,0.0,0.0,0.0
0.0,0.0,0.0,0.0,0.0,0.0,0.0,0.0,0.0,0.0,0.0,0.0,0.0,0.0,0.0,0.0,0.0,0.0,0.0,0.0,0.0,0.0,0.0,0.0,0.0,0.0,0.0,0.0,0.0,0.0,0.0,0.0,0.0,0.0,0.0,0.0,0.0,0.0,0.0,0.0,0.0,0.0,0.0,0.0,0.0,0.0,0.0,0.0,0.0,0.0,0.0,0.0,0.0,0.0,0.0,0.0,0.0,0.0,0.0,0.0,0.0,0.0,0.0,0.0,0.0,0.0,0.0,0.0,0.0,0.0,0.0,0.0,0.0,0.0,0.0,0.0,0.0,0.0,0.0,0.0,0.0,0.0,0.0,0.0,0.0,0.0
0.0,0.0,0.0,0.0,0.0,0.0,0.0,0.0,0.0,0.0,0.0,0.0,0.0,0.0,0.0,0.0,0.0,0.0,0.0,0.0,0.0,0.0,0.0,0.0,0.0,0.0,0.0,0.0,0.0,0.0,0.0,0.0,0.0,0.0,0.0,0.0,0.0,0.0,0.0,0.0,0.0,0.0,0.0,0.0,0.0,0.0,0.0,0.0,0.0,0.0,0.0,0.0,0.0,0.0,0.0,0.0,0.0,0.0,0.0,0.0,0.0,0.0,0.0,0.0,0.0,0.0,0.0,0.0,0.0,0.0,0.0,0.0,0.0,0.0,0.0,0.0,0.0,0.0,0.0,0.0,0.0,0.0,0.0,0.0,0.0,0.0
0.0,0.0,0.0,0.0,0.0,0.0,0.0,0.0,0.0,0.0,0.0,0.0,0.0,0.0,0.0,0.0,0.0,0.0,0.0,0.0,0.0,0.0,0.0,0.0,0.0,0.0,0.0,0.0,0.0,0.0,0.0,0.0,0.0,0.0,0.0,0.0,0.0,0.0,0.0,0.0,0.0,0.0,0.0,0.0,0.0,0.0,0.0,0.0,0.0,0.0,0.0,0.0,0.0,0.0,0.0,0.0,0.0,0.0,0.0,0.0,0.0,0.0,0.0,0.0,0.0,0.0,0.0,0.0,0.0,0.0,0.0,0.0,0.0,0.0,0.0,0.0,0.0,0.0,0.0,0.0,0.0,0.0,0.0,0.0,0.0,0.0
0.0,0.0,0.0,0.0,0.0,0.0,0.0,0.0,0.0,0.0,0.0,0.0,0.0,0.0,0.0,0.0,0.0,0.0,0.0,0.0,0.0,0.0,0.0,0.0,0.0,0.0,0.0,0.0,0.0,0.0,0.0,0.0,0.0,0.0,0.0,0.0,0.0,0.0,0.0,0.0,0.0,0.0,0.0,0.0,0.0,0.0,0.0,0.0,0.0,0.0,0.0,0.0,0.0,0.0,0.0,0.0,0.0,0.0,0.0,0.0,0.0,0.0,0.0,0.0,0.0,0.0,0.0,0.0,0.0,0.0,0.0,0.0,0.0,0.0,0.0,0.0,0.0,0.0,0.0,0.0,0.0,0.0,0.0,0.0,0.0,0.0
0.0,0.0,0.0,0.0,0.0,0.0,0.0,0.0,0.0,0.0,0.0,0.0,0.0,0.0,0.0,0.0,0.0,0.0,0.0,0.0,0.0,0.0,0.0,0.0,0.0,0.0,0.0,0.0,0.0,0.0,0.0,0.0,0.0,0.0,0.0,0.0,0.0,0.0,0.0,0.0,0.0,0.0,0.0,0.0,0.0,0.0,0.0,0.0,0.0,0.0,0.0,0.0,0.0,0.0,0.0,0.0,0.0,0.0,0.0,0.0,0.0,0.0,0.0,0.0,0.0,0.0,0.0,0.0,0.0,0.0,0.0,0.0,0.0,0.0,0.0,0.0,0.0,0.0,0.0,0.0,0.0,0.0,0.0,0.0,0.0,0.0
0.0,0.0,0.0,0.0,0.0,0.0,0.0,0.0,0.0,0.0,0.0,0.0,0.0,0.0,0.0,0.0,0.0,0.0,0.0,0.0,0.0,0.0,0.0,0.0,0.0,0.0,0.0,0.0,0.0,0.0,0.0,0.0,0.0,0.0,0.0,0.0,0.0,0.0,0.0,0.0,0.0,0.0,0.0,0.0,0.0,0.0,0.0,0.0,0.0,0.0,0.0,0.0,0.0,0.0,0.0,0.0,0.0,0.0,0.0,0.0,0.0,0.0,0.0,0.0,0.0,0.0,0.0,0.0,0.0,0.0,0.0,0.0,0.0,0.0,0.0,0.0,0.0,0.0,0.0,0.0,0.0,0.0,0.0,0.0,0.0,0.0
0.0,0.0,0.0,0.0,0.0,0.0,0.0,0.0,0.0,0.0,0.0,0.0,0.0,0.0,0.0,0.0,0.0,0.0,0.0,0.0,0.0,0.0,0.0,0.0,0.0,0.0,0.0,0.0,0.0,0.0,0.0,0.0,0.0,0.0,0.0,0.0,0.0,0.0,0.0,0.0,0.0,0.0,0.0,0.0,0.0,0.0,0.0,0.0,0.0,0.0,0.0,0.0,0.0,0.0,0.0,0.0,0.0,0.0,0.0,0.0,0.0,0.0,0.0,0.0,0.0,0.0,0.0,0.0,0.0,0.0,0.0,0.0,0.0,0.0,0.0,0.0,0.0,0.0,0.0,0.0,0.0,0.0,0.0,0.0,0.0,0.0
0.0,0.0,0.0,0.0,0.0,0.0,0.0,0.0,0.0,0.0,0.0,0.0,0.0,0.0,0.0,0.0,0.0,0.0,0.0,0.0,0.0,0.0,0.0,0.0,0.0,0.0,0.0,0.0,0.0,0.0,0.0,0.0,0.0,0.0,0.0,0.0,0.0,0.0,0.0,0.0,0.0,0.0,0.0,0.0,0.0,0.0,0.0,0.0,0.0,0.0,0.0,0.0,0.0,0.0,0.0,0.0,0.0,0.0,0.0,0.0,0.0,0.0,0.0,0.0,0.0,0.0,0.0,0.0,0.0,0.0,0.0,0.0,0.0,0.0,0.0,0.0,0.0,0.0,0.0,0.0,0.0,0.0,0.0,0.0,0.0,0.0
0.0,0.0,0.0,0.0,0.0,0.0,0.0,0.0,0.0,0.0,0.0,0.0,0.0,0.0,0.0,0.0,0.0,0.0,0.0,0.0,0.0,0.0,0.0,0.0,0.0,0.0,0.0,0.0,0.0,0.0,0.0,0.0,0.0,0.0,0.0,0.0,0.0,0.0,0.0,0.0,0.0,0.0,0.0,0.0,0.0,0.0,0.0,0.0,0.0,0.0,0.0,0.0,0.0,0.0,0.0,0.0,0.0,0.0,0.0,0.0,0.0,0.0,0.0,0.0,0.0,0.0,0.0,0.0,0.0,0.0,0.0,0.0,0.0,0.0,0.0,0.0,0.0,0.0,0.0,0.0,0.0,0.0,0.0,0.0,0.0,0.0
0.0,0.0,0.0,0.0,0.0,0.0,0.0,0.0,0.0,0.0,0.0,0.0,0.0,0.0,0.0,0.0,0.0,0.0,0.0,0.0,0.0,0.0,0.0,0.0,0.0,0.0,0.0,0.0,0.0,0.0,0.0,0.0,0.0,0.0,0.0,0.0,0.0,0.0,0.0,0.0,0.0,0.0,0.0,0.0,0.0,0.0,0.0,0.0,0.0,0.0,0.0,0.0,0.0,0.0,0.0,0.0,0.0,0.0,0.0,0.0,0.0,0.0,0.0,0.0,0.0,0.0,0.0,0.0,0.0,0.0,0.0,0.0,0.0,0.0,0.0,0.0,0.0,0.0,0.0,0.0,0.0,0.0,0.0,0.0,0.0,0.0
0.0,0.0,0.0,0.0,0.0,0.0,0.0,0.0,0.0,0.0,0.0,0.0,0.0,0.0,0.0,0.0,0.0,0.0,0.0,0.0,0.0,0.0,0.0,0.0,0.0,0.0,0.0,0.0,0.0,0.0,0.0,0.0,0.0,0.0,0.0,0.0,0.0,0.0,0.0,0.0,0.0,0.0,0.0,0.0,0.0,0.0,0.0,0.0,0.0,0.0,0.0,0.0,0.0,0.0,0.0,0.0,0.0,0.0,0.0,0.0,0.0,0.0,0.0,0.0,0.0,0.0,0.0,0.0,0.0,0.0,0.0,0.0,0.0,0.0,0.0,0.0,0.0,0.0,0.0,0.0,0.0,0.0,0.0,0.0,0.0,0.0
0.0,0.0,0.0,0.0,0.0,0.0,0.0,0.0,0.0,0.0,0.0,0.0,0.0,0.0,0.0,0.0,0.0,0.0,0.0,0.0,0.0,0.0,0.0,0.0,0.0,0.0,0.0,0.0,0.0,0.0,0.0,0.0,0.0,0.0,0.0,0.0,0.0,0.0,0.0,0.0,0.0,0.0,0.0,0.0,0.0,0.0,0.0,0.0,0.0,0.0,0.0,0.0,0.0,0.0,0.0,0.0,0.0,0.0,0.0,0.0,0.0,0.0,0.0,0.0,0.0,0.0,0.0,0.0,0.0,0.0,0.0,0.0,0.0,0.0,0.0,0.0,0.0,0.0,0.0,0.0,0.0,0.0,0.0,0.0,0.0,0.0
0.0,0.0,0.0,0.0,0.0,0.0,0.0,0.0,0.0,0.0,0.0,0.0,0.0,0.0,0.0,0.0,0.0,0.0,0.0,0.0,0.0,0.0,0.0,0.0,0.0,0.0,0.0,0.0,0.0,0.0,0.0,0.0,0.0,0.0,0.0,0.0,0.0,0.0,0.0,0.0,0.0,0.0,0.0,0.0,0.0,0.0,0.0,0.0,0.0,0.0,0.0,0.0,0.0,0.0,0.0,0.0,0.0,0.0,0.0,0.0,0.0,0.0,0.0,0.0,0.0,0.0,0.0,0.0,0.0,0.0,0.0,0.0,0.0,0.0,0.0,0.0,0.0,0.0,0.0,0.0,0.0,0.0,0.0,0.0,0.0,0.0
0.0,0.0,0.0,0.0,0.0,0.0,0.0,0.0,0.0,0.0,0.0,0.0,0.0,0.0,0.0,0.0,0.0,0.0,0.0,0.0,0.0,0.0,0.0,0.0,0.0,0.0,0.0,0.0,0.0,0.0,0.0,0.0,0.0,0.0,0.0,0.0,0.0,0.0,0.0,0.0,0.0,0.0,0.0,0.0,0.0,0.0,0.0,0.0,0.0,0.0,0.0,0.0,0.0,0.0,0.0,0.0,0.0,0.0,0.0,0.0,0.0,0.0,0.0,0.0,0.0,0.0,0.0,0.0,0.0,0.0,0.0,0.0,0.0,0.0,0.0,0.0,0.0,0.0,0.0,0.0,0.0,0.0,0.0,0.0,0.0,0.0
956.0,20231026.0,2.02310260955e+16,2.46,2.459,2241800.0,382400.0,2.461,2.458,4312800.0,6339900.0,2.462,2.457,3711800.0,4228200.0,2.463,2.456,457000.0,1647000.0,2.464,2.455,935500.0,2136400.0,2.215,2.469,2.46,2.45,2.452,2.461,338641895.0,338641895.0,2.707,510050.0,2023-10-26 09:55:00,2.459145720600564,0.0004065867046147,0.0012197601138441,0.0009999999999998,-0.0009999999999998,0.0019999999999997,14733900.0,11658900.0,-3075000.0,2.457080419983847,2.4614451963735857,26392800.0,3075000.0,0.0,-0.0009999999999998,0.0,2.4595,2.46,2.46,2.46,2.46,338641895.0,338641895.0,1.0,0.0,0.0,0.0,0.0,0.0,0.0,6.0516,0.0,0.0,2178576.0,0.0,-382400.0,2241800.0,-2624200.0,-6339900.0,4312800.0,-10652700.0,-4228200.0,3711800.0,-7940000.0,-1647000.0,457000.0,-2104000.0,-2136400.0,935500.0,-3071900.0,0.0,0.0
0.0,0.0,0.0,0.0,0.0,0.0,0.0,0.0,0.0,0.0,0.0,0.0,0.0,0.0,0.0,0.0,0.0,0.0,0.0,0.0,0.0,0.0,0.0,0.0,0.0,0.0,0.0,0.0,0.0,0.0,0.0,0.0,0.0,0.0,0.0,0.0,0.0,0.0,0.0,0.0,0.0,0.0,0.0,0.0,0.0,0.0,0.0,0.0,0.0,0.0,0.0,0.0,0.0,0.0,0.0,0.0,0.0,0.0,0.0,0.0,0.0,0.0,0.0,0.0,0.0,0.0,0.0,0.0,0.0,0.0,0.0,0.0,0.0,0.0,0.0,0.0,0.0,0.0,0.0,0.0,0.0,0.0,0.0,0.0,0.0,0.0
0.0,0.0,0.0,0.0,0.0,0.0,0.0,0.0,0.0,0.0,0.0,0.0,0.0,0.0,0.0,0.0,0.0,0.0,0.0,0.0,0.0,0.0,0.0,0.0,0.0,0.0,0.0,0.0,0.0,0.0,0.0,0.0,0.0,0.0,0.0,0.0,0.0,0.0,0.0,0.0,0.0,0.0,0.0,0.0,0.0,0.0,0.0,0.0,0.0,0.0,0.0,0.0,0.0,0.0,0.0,0.0,0.0,0.0,0.0,0.0,0.0,0.0,0.0,0.0,0.0,0.0,0.0,0.0,0.0,0.0,0.0,0.0,0.0,0.0,0.0,0.0,0.0,0.0,0.0,0.0,0.0,0.0,0.0,0.0,0.0,0.0
0.0,0.0,0.0,0.0,0.0,0.0,0.0,0.0,0.0,0.0,0.0,0.0,0.0,0.0,0.0,0.0,0.0,0.0,0.0,0.0,0.0,0.0,0.0,0.0,0.0,0.0,0.0,0.0,0.0,0.0,0.0,0.0,0.0,0.0,0.0,0.0,0.0,0.0,0.0,0.0,0.0,0.0,0.0,0.0,0.0,0.0,0.0,0.0,0.0,0.0,0.0,0.0,0.0,0.0,0.0,0.0,0.0,0.0,0.0,0.0,0.0,0.0,0.0,0.0,0.0,0.0,0.0,0.0,0.0,0.0,0.0,0.0,0.0,0.0,0.0,0.0,0.0,0.0,0.0,0.0,0.0,0.0,0.0,0.0,0.0,0.0
0.0,0.0,0.0,0.0,0.0,0.0,0.0,0.0,0.0,0.0,0.0,0.0,0.0,0.0,0.0,0.0,0.0,0.0,0.0,0.0,0.0,0.0,0.0,0.0,0.0,0.0,0.0,0.0,0.0,0.0,0.0,0.0,0.0,0.0,0.0,0.0,0.0,0.0,0.0,0.0,0.0,0.0,0.0,0.0,0.0,0.0,0.0,0.0,0.0,0.0,0.0,0.0,0.0,0.0,0.0,0.0,0.0,0.0,0.0,0.0,0.0,0.0,0.0,0.0,0.0,0.0,0.0,0.0,0.0,0.0,0.0,0.0,0.0,0.0,0.0,0.0,0.0,0.0,0.0,0.0,0.0,0.0,0.0,0.0,0.0,0.0
0.0,0.0,0.0,0.0,0.0,0.0,0.0,0.0,0.0,0.0,0.0,0.0,0.0,0.0,0.0,0.0,0.0,0.0,0.0,0.0,0.0,0.0,0.0,0.0,0.0,0.0,0.0,0.0,0.0,0.0,0.0,0.0,0.0,0.0,0.0,0.0,0.0,0.0,0.0,0.0,0.0,0.0,0.0,0.0,0.0,0.0,0.0,0.0,0.0,0.0,0.0,0.0,0.0,0.0,0.0,0.0,0.0,0.0,0.0,0.0,0.0,0.0,0.0,0.0,0.0,0.0,0.0,0.0,0.0,0.0,0.0,0.0,0.0,0.0,0.0,0.0,0.0,0.0,0.0,0.0,0.0,0.0,0.0,0.0,0.0,0.0
1002.0,20231026.0,2.0231026100103e+16,2.46,2.459,780100.0,2616800.0,2.461,2.458,4894900.0,6371200.0,2.462,2.457,2830100.0,4315300.0,2.463,2.456,2099100.0,1432300.0,2.464,2.455,668100.0,1924800.0,2.215,2.469,2.46,2.45,2.452,2.461,374983562.0,374983562.0,2.707,510050.0,2023-10-26 10:01:03,2.459770349436251,0.0004065867046147,0.0012197601138441,0.0009999999999998,-0.0009999999999998,0.0019999999999997,16660400.0,11272300.0,-5388100.0,2.457379516698279,2.46173210436202,27932700.0,5388100.0,-0.0004935433543324,-0.0009999999999998,-0.0009999999999998,2.4595,2.461,2.461,2.46,2.46,420176.0,420176.0,1.0,-15243234.227640595,1.0,1.0,0.0,1.0,0.0004999999999999,6.054060499999999,0.0005000000000001,152024.0,134496528640.0,152024.0,-2616800.0,780100.0,-3396900.0,-6371200.0,4894900.0,-11266100.0,-4315300.0,2830100.0,-7145400.0,-1432300.0,2099100.0,-3531400.0,-1924800.0,668100.0,-2592900.0,0.1904571170655913,0.1648842028119197
0.0,0.0,0.0,0.0,0.0,0.0,0.0,0.0,0.0,0.0,0.0,0.0,0.0,0.0,0.0,0.0,0.0,0.0,0.0,0.0,0.0,0.0,0.0,0.0,0.0,0.0,0.0,0.0,0.0,0.0,0.0,0.0,0.0,0.0,0.0,0.0,0.0,0.0,0.0,0.0,0.0,0.0,0.0,0.0,0.0,0.0,0.0,0.0,0.0,0.0,0.0,0.0,0.0,0.0,0.0,0.0,0.0,0.0,0.0,0.0,0.0,0.0,0.0,0.0,0.0,0.0,0.0,0.0,0.0,0.0,0.0,0.0,0.0,0.0,0.0,0.0,0.0,0.0,0.0,0.0,0.0,0.0,0.0,0.0,0.0,0.0
1004.0,20231026.0,2.0231026100303e+16,2.46,2.459,2027600.0,2205500.0,2.461,2.458,3240000.0,4816300.0,2.462,2.457,1936900.0,4519400.0,2.463,2.456,1519100.0,1909600.0,2.464,2.455,676900.0,1647200.0,2.215,2.469,2.46,2.45,2.452,2.461,379197297.0,379197297.0,2.707,510050.0,2023-10-26 10:03:03,2.4595210129692187,0.0004065867046147,0.0012197601138441,0.0009999999999998,-0.0009999999999998,0.0019999999999997,15098000.0,9400500.0,-5697500.0,2.457266479003841,2.461529567576193,24498500.0,5697500.0,-0.0004026554610749,-0.0009999999999998,-0.0009999999999998,2.4595,2.461,2.461,2.46,2.46,3427027.0,3427027.0,1.0,-15414524.268290984,1.0,1.0,0.0,1.0,0.0004999999999999,6.054060499999999,0.0005000000000001,1712528.5,11737764755989.0,1712528.5,-2205500.0,2027600.0,-4233100.0,-4816300.0,3240000.0,-8056300.0,-4519400.0,1936900.0,-6456300.0,-1909600.0,1519100.0,-3428700.0,-1647200.0,676900.0,-2324100.0,0.1769705125371011,0.2031158789493492
1005.0,20231026.0,2.0231026100457e+16,2.458,2.457,4147200.0,1375200.0,2.459,2.456,3198700.0,3063800.0,2.46,2.455,2747100.0,5144100.0,2.461,2.454,340800.0,3346400.0,2.462,2.453,741500.0,1583400.0,2.215,2.469,2.458,2.45,2.452,2.461,389525789.0,389525789.0,2.707,510050.0,2023-10-26 10:04:57,2.457249022164276,0.0004069175991863,0.0012207527975585,0.0009999999999998,-0.0009999999999998,0.0019999999999997,14512900.0,11175300.0,-3337600.0,2.454951835952842,2.4591347614829133,25688200.0,3337600.0,-0.0009241802851945,-0.0029999999999996,-0.0019999999999997,2.4575,2.459,2.459,2.457,2.458,10328492.0,10328492.0,1.0,-15648620.234148975,3.0,15.0,3.0,4.0,5.555555555503133e-05,6.04203738888889,0.0,300509.3333333333,6036952687758.0,480592.75,-1375200.0,4147200.0,-5522400.0,-3063800.0,3198700.0,-6262500.0,-5144100.0,2747100.0,-7891200.0,-3346400.0,340800.0,-3687200.0,-1583400.0,741500.0,-2324900.0,0.2087866347108077,0.1749450719485977
1006.0,20231026.0,2.0231026100557e+16,2.459,2.458,382200.0,2729700.0,2.46,2.457,4092300.0,4484300.0,2.461,2.456,2779900.0,3036400.0,2.462,2.455,1608300.0,2018300.0,2.463,2.454,848700.0,1809000.0,2.215,2.469,2.459,2.45,2.452,2.461,398677346.0,398677346.0,2.707,510050.0,2023-10-26 10:05:57,2.458877181143353,0.0004067520846043,0.0012202562538133,0.0010000000000003,-0.0009999999999998,0.0020000000000002,14077700.0,9711400.0,-4366300.0,2.4563059732768844,2.4608402907922646,23789100.0,4366300.0,0.0006623747931895,-0.0019999999999997,0.0009999999999998,2.4585,2.457,2.459,2.457,2.459,9151557.0,9151557.0,1.0,32373737.807969235,7.0,13.0,3.0,1.0,0.0003999999999999,6.0388151,0.0010000000000003,422068.85,9761624178299.0,649216.5,2729700.0,-382200.0,3111900.0,4484300.0,-4092300.0,8576600.0,3036400.0,-2779900.0,5816300.0,2018300.0,-1608300.0,3626600.0,1809000.0,-848700.0,2657700.0,0.1756111270218267,0.1630160656858283
1007.0,20231026.0,2.0231026100657e+16,2.459,2.458,3393500.0,342300.0,2.46,2.457,3331600.0,4447900.0,2.461,2.456,3281900.0,4021600.0,2.462,2.455,296300.0,1897600.0,2.463,2.454,849000.0,1690200.0,2.215,2.469,2.459,2.45,2.452,2.461,400605986.0,400605986.0,2.707,510050.0,2023-10-26 10:06:57,2.4580916269607584,0.0004067520846043,0.0012202562538133,0.0010000000000003,-0.0009999999999998,0.0020000000000002,12399600.0,11152300.0,-1247300.0,2.455988265750508,2.4602715134994577,23551900.0,1247300.0,-0.0003195278310422,-0.0019999999999997,0.0,2.4585,2.459,2.459,2.457,2.459,1928640.0,1928640.0,1.0,35938.16385862045,8.0,12.0,4.0,5.0,0.0003500000000005,6.043485050000002,0.0009999999999998,89303.5,1620140743092.0,52781.75,-2387400.0,3011300.0,-5398700.0,-36400.0,-760700.0,724300.0,985200.0,502000.0,483200.0,-120700.0,-1312000.0,1191300.0,-118800.0,300.0,-119100.0,0.1641167677324735,0.1390219082847567
1008.0,20231026.0,2.0231026100757e+16,2.458,2.457,2453900.0,1345400.0,2.459,2.456,3541400.0,4335900.0,2.46,2.455,3262800.0,4650800.0,2.461,2.454,343900.0,1641100.0,2.462,2.453,664700.0,2738600.0,2.215,2.469,2.458,2.45,2.452,2.461,402487395.0,402487395.0,2.707,510050.0,2023-10-26 10:07:57,2.457354117863817,0.0004069175991863,0.0012207527975585,0.0009999999999998,-0.0009999999999998,0.0019999999999997,14711800.0,10266700.0,-4445100.0,2.454993773705461,2.4593400118830786,24978500.0,4445100.0,-0.0003000782190515,-0.0029999999999996,-0.0009999999999998,2.4575,2.459,2.459,2.457,2.458,1881409.0,1881409.0,1.0,-16328180.635836158,18.0,2.0,1.0,2.0,5.000000000032756e-05,6.041518350000001,0.0,90138.95,898338103223.0,75637.25,-1345400.0,2453900.0,-3799300.0,-4335900.0,3541400.0,-7877300.0,-4650800.0,3262800.0,-7913600.0,-1641100.0,343900.0,-1985000.0,-2738600.0,664700.0,-3403300.0,0.1529272946503711,0.13210753299563
1009.0,20231026.0,2.0231026100857e+16,2.459,2.458,3294200.0,459000.0,2.46,2.457,3204000.0,3544800.0,2.461,2.456,3379200.0,3998900.0,2.462,2.455,428800.0,3379600.0,2.463,2.454,760600.0,1653300.0,2.215,2.469,2.459,2.45,2.452,2.461,405689408.0,405689408.0,2.707,510050.0,2023-10-26 10:08:57,2.4581222956410533,0.0004067520846043,0.0012202562538133,0.0010000000000003,-0.0009999999999998,0.0020000000000002,13035600.0,11066800.0,-1968800.0,2.4558294363128663,2.4602913579354464,24102400.0,1968800.0,0.0003125547633102,-0.0019999999999997,0.0009999999999998,2.4585,2.457,2.459,2.457,2.459,3202013.0,3202013.0,1.0,32907477.91570984,13.0,7.0,4.0,2.0,0.0003000000000001,6.0402896,0.0010000000000003,141426.65,1809171659691.0,109531.5,459000.0,-3294200.0,3753200.0,3544800.0,-3204000.0,6748800.0,3998900.0,-3379200.0,7378100.0,3379600.0,-428800.0,3808400.0,1653300.0,-760600.0,2413900.0,0.1046376950322124,0.1038727244833076
1010.0,20231026.0,2.0231026100957e+16,2.459,2.458,2710800.0,51900.0,2.46,2.457,3165800.0,4091200.0,2.461,2.456,3279200.0,4522200.0,2.462,2.455,430900.0,2010600.0,2.463,2.454,765600.0,1617000.0,2.215,2.469,2.458,2.45,2.452,2.461,408202290.0,408202290.0,2.707,510050.0,2023-10-26 10:09:57,2.4580187859702467,0.0004067520846043,0.0012202562538133,0.0010000000000003,-0.0009999999999998,0.0020000000000002,12292900.0,10352300.0,-1940600.0,2.455914617380764,2.4603600166146653,22645200.0,1940600.0,-4.211013032529021e-05,-0.0029999999999996,-0.0009999999999998,2.4585,2.459,2.459,2.457,2.458,2512882.0,2512882.0,1.0,-16532080.033512875,3.0,4.0,2.0,2.0,0.0007142857142858,6.043169142857143,0.0009999999999998,181895.8571428572,1246786889438.0,84939.5,-407100.0,-583400.0,176300.0,546400.0,-38200.0,584600.0,523300.0,-100000.0,623300.0,-1369000.0,2100.0,-1371100.0,-36300.0,5000.0,-41300.0,0.101533672415489,0.1090793910185729
1011.0,20231026.0,2.0231026101057e+16,2.46,2.459,645000.0,1907400.0,2.461,2.458,3613000.0,4039200.0,2.462,2.457,3482900.0,2904900.0,2.463,2.456,3107300.0,1571400.0,2.464,2.455,764200.0,1814000.0,2.215,2.469,2.46,2.45,2.452,2.461,410009580.0,410009580.0,2.707,510050.0,2023-10-26 10:10:57,2.4597472966619653,0.0004065867046147,0.0012197601138441,0.0009999999999998,-0.0009999999999998,0.0019999999999997,12236900.0,11612400.0,-624500.0,2.457216934027409,2.461976981502532,23849300.0,624500.0,0.0007029658319875,-0.0009999999999998,0.0019999999999997,2.4595,2.458,2.46,2.458,2.46,1807290.0,1807290.0,1.0,33300997.72144104,9.0,11.0,3.0,1.0,0.0007999999999999,6.0476653,0.0012499999999997,86224.0,514784840212.0,121093.25,1907400.0,-645000.0,2552400.0,4039200.0,-3613000.0,7652200.0,2904900.0,-3482900.0,6387800.0,1571400.0,-3107300.0,4678700.0,1814000.0,-764200.0,2578200.0,0.1075185979525841,0.0985571484816625
1012.0,20231026.0,2.0231026101157e+16,2.46,2.459,2100.0,2497800.0,2.461,2.458,2562100.0,3913900.0,2.462,2.457,4617400.0,2807200.0,2.463,2.456,3122300.0,1692400.0,2.464,2.455,844200.0,2006400.0,2.215,2.469,2.46,2.45,2.452,2.461,415410237.0,415410237.0,2.707,510050.0,2023-10-26 10:11:57,2.4599991599663986,0.0004065867046147,0.0012197601138441,0.0009999999999998,-0.0009999999999998,0.0019999999999997,12917700.0,11148100.0,-1769600.0,2.4572480549943103,2.462201325786457,24065800.0,1769600.0,0.0001023887335958,-0.0009999999999998,0.0,2.4595,2.46,2.461,2.459,2.46,5400657.0,5400657.0,1.0,128576.67227009311,15.0,5.0,3.0,3.0,0.0001999999999995,6.0506163,0.0002499999999998,227080.5,5152819595015.0,265955.5,590400.0,-642900.0,1233300.0,-125300.0,-1050900.0,925600.0,-97700.0,1134500.0,-1232200.0,121000.0,15000.0,106000.0,192400.0,80000.0,112400.0,0.1372617176098217,0.11669939350586
0.0,0.0,0.0,0.0,0.0,0.0,0.0,0.0,0.0,0.0,0.0,0.0,0.0,0.0,0.0,0.0,0.0,0.0,0.0,0.0,0.0,0.0,0.0,0.0,0.0,0.0,0.0,0.0,0.0,0.0,0.0,0.0,0.0,0.0,0.0,0.0,0.0,0.0,0.0,0.0,0.0,0.0,0.0,0.0,0.0,0.0,0.0,0.0,0.0,0.0,0.0,0.0,0.0,0.0,0.0,0.0,0.0,0.0,0.0,0.0,0.0,0.0,0.0,0.0,0.0,0.0,0.0,0.0,0.0,0.0,0.0,0.0,0.0,0.0,0.0,0.0,0.0,0.0,0.0,0.0,0.0,0.0,0.0,0.0,0.0,0.0
1014.0,20231026.0,2.0231026101351e+16,2.46,2.459,383100.0,2906000.0,2.461,2.458,4303600.0,4363500.0,2.462,2.457,3688700.0,2787200.0,2.463,2.456,1811600.0,1453100.0,2.464,2.455,802100.0,2023400.0,2.215,2.469,2.46,2.45,2.452,2.461,419779819.0,419779819.0,2.707,510050.0,2023-10-26 10:13:51,2.4598835243683683,0.0004065867046147,0.0012197601138441,0.0009999999999998,-0.0009999999999998,0.0019999999999997,13533200.0,10989100.0,-2544100.0,2.4573454910885824,2.4618494872191534,24522300.0,2544100.0,-0.0001378685751242,-0.0009999999999998,0.0,2.4595,2.46,2.46,2.459,2.46,3510582.0,3510582.0,1.0,18734.187454745173,14.0,4.0,2.0,2.0,0.0002222222222219,6.050506888888889,0.0,193310.3333333333,2315970450314.0,127876.5,-2906000.0,383100.0,-3289100.0,-4363500.0,4303600.0,-8667100.0,-2787200.0,3688700.0,-6475900.0,-1453100.0,1811600.0,-3264700.0,-2023400.0,802100.0,-2825500.0,0.1416021756602529,0.1306402659676514
0.0,0.0,0.0,0.0,0.0,0.0,0.0,0.0,0.0,0.0,0.0,0.0,0.0,0.0,0.0,0.0,0.0,0.0,0.0,0.0,0.0,0.0,0.0,0.0,0.0,0.0,0.0,0.0,0.0,0.0,0.0,0.0,0.0,0.0,0.0,0.0,0.0,0.0,0.0,0.0,0.0,0.0,0.0,0.0,0.0,0.0,0.0,0.0,0.0,0.0,0.0,0.0,0.0,0.0,0.0,0.0,0.0,0.0,0.0,0.0,0.0,0.0,0.0,0.0,0.0,0.0,0.0,0.0,0.0,0.0,0.0,0.0,0.0,0.0,0.0,0.0,0.0,0.0,0.0,0.0,0.0,0.0,0.0,0.0,0.0,0.0
1016.0,20231026.0,2.0231026101557e+16,2.461,2.46,1559200.0,1003800.0,2.462,2.459,4798400.0,4711800.0,2.463,2.458,3038100.0,3758900.0,2.464,2.457,1713900.0,1434000.0,2.465,2.456,993300.0,1540000.0,2.215,2.469,2.461,2.45,2.452,2.461,429974506.0,429974506.0,2.707,510050.0,2023-10-26 10:15:57,2.460391650409676,0.0004064214590529,0.0012192643771591,0.0009999999999998,-0.0010000000000003,0.0020000000000002,12448500.0,12102900.0,-345600.0,2.458177161907057,2.462651628948434,24551400.0,345600.0,0.0003456460257866,0.0,0.0019999999999997,2.4605,2.46,2.461,2.459,2.461,4443077.0,4443077.0,1.0,17455475.025489446,5.0,15.0,4.0,3.0,0.0001499999999996,6.052338349999999,0.0002499999999998,218462.85,3834094323191.0,183393.0,1003800.0,-1559200.0,2563000.0,4711800.0,-4798400.0,9510200.0,3758900.0,-3038100.0,6797000.0,1434000.0,-1713900.0,3147900.0,1540000.0,-993300.0,2533300.0,0.1421463487451157,0.1301726909716302
1017.0,20231026.0,2.0231026101657e+16,2.46,2.459,712600.0,2884800.0,2.461,2.458,3980800.0,3842200.0,2.462,2.457,3588900.0,3008300.0,2.463,2.456,1588600.0,1532100.0,2.464,2.455,1073100.0,1876000.0,2.215,2.469,2.46,2.45,2.452,2.461,432569597.0,432569597.0,2.707,510050.0,2023-10-26 10:16:57,2.459801912492356,0.0004065867046147,0.0012197601138441,0.0009999999999998,-0.0009999999999998,0.0019999999999997,13143400.0,10944000.0,-2199400.0,2.4573292679215424,2.461847295321637,24087400.0,2199400.0,-0.000239721430714,-0.0009999999999998,-0.0009999999999998,2.4595,2.461,2.462,2.46,2.46,2595091.0,2595091.0,1.0,-17602669.57371867,15.0,5.0,3.0,4.0,0.0001999999999999,6.055536899999998,0.0002499999999998,120047.5,1645153528201.0,126915.25,-2884800.0,712600.0,-3597400.0,-3842200.0,3980800.0,-7823000.0,-3008300.0,3588900.0,-6597200.0,-1532100.0,1588600.0,-3120700.0,-1876000.0,1073100.0,-2949100.0,0.109987927181588,0.1126524307960695
1018.0,20231026.0,2.0231026101757e+16,2.459,2.458,2773810.0,1720400.0,2.46,2.457,3424600.0,4505600.0,2.461,2.456,4144300.0,4117300.0,2.462,2.455,804700.0,1621500.0,2.463,2.454,946300.0,1558500.0,2.215,2.469,2.458,2.45,2.452,2.461,437287326.0,437287326.0,2.707,510050.0,2023-10-26 10:17:57,2.4583828036518103,0.0004067520846043,0.0012202562538133,0.0010000000000003,-0.0009999999999998,0.0020000000000002,13523300.0,12093710.0,-1429590.0,2.456237212810483,2.460481141849771,25617010.0,1429590.0,-0.00057708645032,-0.0029999999999996,-0.0019999999999997,2.4585,2.46,2.46,2.458,2.458,4717729.0,4717729.0,1.0,-35561342.84694976,4.0,16.0,1.0,3.0,0.0001000000000002,6.047173100000003,0.0,219534.45,9018038440245.0,46735.5,-1720400.0,2773810.0,-4494210.0,-4505600.0,3424600.0,-7930200.0,-4117300.0,4144300.0,-8261600.0,-1621500.0,804700.0,-2426200.0,-1558500.0,946300.0,-2504800.0,0.0980489395828261,0.1079517662992117
1019.0,20231026.0,2.0231026101857e+16,2.459,2.458,4594000.0,400.0,2.46,2.457,2794500.0,3361300.0,2.461,2.456,3172000.0,5336300.0,2.462,2.455,854400.0,3800200.0,2.463,2.454,788000.0,1404700.0,2.215,2.469,2.458,2.45,2.452,2.461,444560180.0,444560180.0,2.707,510050.0,2023-10-26 10:18:57,2.4580000870625107,0.0004067520846043,0.0012202562538133,0.0010000000000003,-0.0009999999999998,0.0020000000000002,13902900.0,12202900.0,-1700000.0,2.455766415639902,2.4602172270525857,26105800.0,1700000.0,-0.0001556903107752,-0.0029999999999996,0.0,2.4585,2.458,2.459,2.458,2.458,7272854.0,7272854.0,1.0,-51066.61788728833,7.0,13.0,2.0,2.0,0.0003499999999996,6.043484950000002,0.0009999999999998,353443.7,13509323059370.0,354391.0,-1720000.0,1820190.0,-3540190.0,-1144300.0,-630100.0,-514200.0,1219000.0,-972300.0,2191300.0,2178700.0,49700.0,2129000.0,-153800.0,-158300.0,4500.0,0.0926591049441376,0.0856502466493228
1020.0,20231026.0,2.0231026101957e+16,2.458,2.457,1707100.0,435100.0,2.459,2.456,3502000.0,4266900.0,2.46,2.455,3664700.0,5313200.0,2.461,2.454,354000.0,1014100.0,2.462,2.453,914400.0,2986500.0,2.215,2.469,2.457,2.45,2.452,2.461,455453823.0,455453823.0,2.707,510050.0,2023-10-26 10:19:57,2.4572031089534123,0.0004069175991863,0.0012207527975585,0.0009999999999998,-0.0009999999999998,0.0019999999999997,14015800.0,10142200.0,-3873600.0,2.454868006107393,2.459533296523437,24158000.0,3873600.0,-0.0003242910147556,-0.004,-0.0010000000000003,2.4575,2.458,2.458,2.457,2.457,10893643.0,10893643.0,1.0,-18344294.707030408,9.0,11.0,1.0,2.0,0.0004500000000007,6.039060750000002,0.0010000000000003,532886.65,24834431804141.0,780947.25,-435100.0,1707100.0,-2142200.0,-4266900.0,3502000.0,-7768900.0,-5313200.0,3664700.0,-8977900.0,-1014100.0,354000.0,-1368100.0,-2986500.0,914400.0,-3900900.0,0.0881767183680982,0.0889266449443901
1021.0,20231026.0,2.0231026102057e+16,2.458,2.457,3584600.0,446200.0,2.459,2.456,3174400.0,3071200.0,2.46,2.455,3352100.0,5702500.0,2.461,2.454,304000.0,2921300.0,2.462,2.453,945200.0,2890500.0,2.215,2.469,2.458,2.45,2.452,2.461,459091004.0,459091004.0,2.707,510050.0,2023-10-26 10:20:57,2.457110697628262,0.0004069175991863,0.0012207527975585,0.0009999999999998,-0.0009999999999998,0.0019999999999997,15031700.0,11360300.0,-3671400.0,2.454684752888894,2.4592826597889146,26392000.0,3671400.0,-3.760904524952036e-05,-0.0029999999999996,0.0010000000000003,2.4575,2.457,2.458,2.456,2.458,3637181.0,3637181.0,1.0,18662450.371152453,6.0,14.0,4.0,3.0,0.0001999999999999,6.0378322,0.0010000000000003,161465.05,9046548381215.0,36190.5,11100.0,1877500.0,-1866400.0,-1195700.0,-327600.0,-868100.0,389300.0,-312600.0,701900.0,1907200.0,-50000.0,1957200.0,-96000.0,30800.0,-126800.0,0.0927016875323621,0.0964416144813708
1022.0,20231026.0,2.0231026102157e+16,2.458,2.457,1922200.0,500500.0,2.459,2.456,4137200.0,5812700.0,2.46,2.455,3682100.0,3612000.0,2.461,2.454,637800.0,1307000.0,2.462,2.453,850700.0,2903500.0,2.215,2.469,2.458,2.45,2.452,2.461,466235023.0,466235023.0,2.707,510050.0,2023-10-26 10:21:57,2.4572065876914184,0.0004069175991863,0.0012207527975585,0.0009999999999998,-0.0009999999999998,0.0019999999999997,14135700.0,11230000.0,-2905700.0,2.4549787559158727,2.4594975601068567,25365700.0,2905700.0,3.902477499972967e-05,-0.0029999999999996,0.0,2.4575,2.457,2.459,2.457,2.458,7144019.0,7144019.0,1.0,18826679.7934828,13.0,7.0,4.0,3.0,0.0003000000000001,6.0402896,0.0010000000000003,330605.5,9075317614557.0,390153.5,54300.0,-1662400.0,1716700.0,2741500.0,962800.0,1778700.0,-2090500.0,330000.0,-2420500.0,-1614300.0,333800.0,-1948100.0,13000.0,-94500.0,107500.0,0.0983742679192919,0.0998878303542531
1023.0,20231026.0,2.0231026102257e+16,2.458,2.457,910100.0,4011200.0,2.459,2.456,2453400.0,5106900.0,2.46,2.455,3575900.0,2895600.0,2.461,2.454,3707800.0,1533500.0,2.462,2.453,851700.0,3200900.0,2.215,2.469,2.458,2.45,2.452,2.461,468375271.0,468375271.0,2.707,510050.0,2023-10-26 10:22:57,2.4578150691890355,0.0004069175991863,0.0012207527975585,0.0009999999999998,-0.0009999999999998,0.0019999999999997,16748100.0,11498900.0,-5249200.0,2.455310124730566,2.4600989312021158,28247000.0,5249200.0,0.0002476007404256,-0.0029999999999996,0.0,2.4575,2.458,2.458,2.457,2.458,2140248.0,2140248.0,1.0,-419.25037413463,7.0,13.0,3.0,3.0,0.0003500000000005,6.038569249999999,0.0010000000000003,106766.4,1277375415044.0,28451.25,3510700.0,-1012100.0,4522800.0,-705800.0,-1683800.0,978000.0,-716400.0,-106200.0,-610200.0,226500.0,3070000.0,-2843500.0,297400.0,1000.0,296400.0,0.0923598503754951,0.0940270835079123
1024.0,20231026.0,2.0231026102357e+16,2.459,2.458,25400.0,5279200.0,2.46,2.457,1921300.0,3241500.0,2.461,2.456,4364200.0,1961200.0,2.462,2.455,3530000.0,1910600.0,2.463,2.454,958900.0,1909000.0,2.215,2.469,2.459,2.45,2.452,2.461,477169972.0,477169972.0,2.707,510050.0,2023-10-26 10:23:57,2.45899521170305,0.0004067520846043,0.0012202562538133,0.0010000000000003,-0.0009999999999998,0.0020000000000002,14301500.0,10799800.0,-3501700.0,2.456564367374052,2.461321830033889,25101300.0,3501700.0,0.0004800439590942,-0.0019999999999997,0.0009999999999998,2.4585,2.458,2.459,2.458,2.459,8794701.0,8794701.0,1.0,19198279.404146183,14.0,6.0,3.0,2.0,0.0002999999999993,6.045205900000002,0.0009999999999998,421297.55,11996181839441.0,712925.0,5279200.0,-25400.0,5304600.0,3241500.0,-1921300.0,5162800.0,1961200.0,-4364200.0,6325400.0,1910600.0,-3530000.0,5440600.0,1909000.0,-958900.0,2867900.0,0.0947295643052072,0.0982480417946659
1025.0,20231026.0,2.0231026102457e+16,2.458,2.457,1408500.0,1935400.0,2.459,2.456,5810600.0,5451800.0,2.46,2.455,2988200.0,3766200.0,2.461,2.454,1557400.0,1448100.0,2.462,2.453,899100.0,3117900.0,2.215,2.469,2.458,2.45,2.452,2.461,479818604.0,479818604.0,2.707,510050.0,2023-10-26 10:24:57,2.457578785250756,0.0004069175991863,0.0012207527975585,0.0009999999999998,-0.0009999999999998,0.0019999999999997,15719400.0,12663800.0,-3055600.0,2.455104246981437,2.4595836952573475,28383200.0,3055600.0,-0.0005761843480271,-0.0029999999999996,-0.0009999999999998,2.4575,2.459,2.459,2.458,2.458,2648632.0,2648632.0,1.0,-19430372.06991852,11.0,9.0,1.0,2.0,0.0004500000000002,6.044468350000002,0.0009999999999998,132431.6,1928681169292.0,35338.75,-1935400.0,1408500.0,-3343900.0,-5451800.0,5810600.0,-11262400.0,-3766200.0,2988200.0,-6754400.0,-1448100.0,1557400.0,-3005500.0,-3117900.0,899100.0,-4017000.0,0.0984757758213946,0.0971329128428864
1026.0,20231026.0,2.0231026102557e+16,2.458,2.457,3621300.0,1649900.0,2.459,2.456,4550500.0,5547300.0,2.46,2.455,3798200.0,3992200.0,2.461,2.454,465400.0,1615100.0,2.462,2.453,929100.0,3112900.0,2.215,2.469,2.457,2.45,2.452,2.461,485039756.0,485039756.0,2.707,510050.0,2023-10-26 10:25:57,2.457313002731826,0.0004069175991863,0.0012207527975585,0.0009999999999998,-0.0009999999999998,0.0019999999999997,15917400.0,13364500.0,-2552900.0,2.4550632138414565,2.459291443750234,29281900.0,2552900.0,-0.0001081539658058,-0.004,-0.0010000000000003,2.4575,2.458,2.458,2.457,2.457,5221152.0,5221152.0,1.0,-19705258.04745442,16.0,4.0,3.0,4.0,0.0001999999999999,6.040781000000001,0.0,260443.6,6068426580338.0,330109.5,-285500.0,2212800.0,-2498300.0,95500.0,-1260100.0,1355600.0,226000.0,810000.0,-584000.0,167000.0,-1092000.0,1259000.0,-5000.0,30000.0,-35000.0,0.0934783553944177,0.0873941130193126
1027.0,20231026.0,2.0231026102657e+16,2.458,2.457,2401800.0,1918300.0,2.459,2.456,4570500.0,5587700.0,2.46,2.455,3720200.0,3761900.0,2.461,2.454,465400.0,1618100.0,2.462,2.453,969800.0,3113400.0,2.215,2.469,2.458,2.45,2.452,2.461,487525451.0,487525451.0,2.707,510050.0,2023-10-26 10:26:57,2.457444040647207,0.0004069175991863,0.0012207527975585,0.0009999999999998,-0.0009999999999998,0.0019999999999997,15999400.0,12127700.0,-3871700.0,2.4550987162018574,2.459425356827758,28127100.0,3871700.0,5.3324269849275296e-05,-0.0029999999999996,0.0010000000000003,2.4575,2.457,2.458,2.457,2.458,2485695.0,2485695.0,1.0,19825999.137904253,2.0,18.0,2.0,1.0,0.0001000000000006,6.037340500000001,0.0,124284.75,4913178551189.0,11671.25,268400.0,-1219500.0,1487900.0,40400.0,20000.0,20400.0,-230300.0,-78000.0,-152300.0,3000.0,0.0,3000.0,500.0,40700.0,-40200.0,0.0829285355256587,0.0755832438254728
1028.0,20231026.0,2.0231026102757e+16,2.459,2.458,3415400.0,167200.0,2.46,2.457,2908200.0,5641200.0,2.461,2.456,3673400.0,4630500.0,2.462,2.455,969800.0,1643100.0,2.463,2.454,816700.0,1581600.0,2.215,2.469,2.458,2.45,2.452,2.461,489613493.0,489613493.0,2.707,510050.0,2023-10-26 10:27:57,2.45804667001619,0.0004067520846043,0.0012202562538133,0.0010000000000003,-0.0009999999999998,0.0020000000000002,13663600.0,11783500.0,-1880100.0,2.4560855777393957,2.46039442440701,25447100.0,1880100.0,0.0002451960170303,-0.0029999999999996,0.0,2.4585,2.457,2.458,2.457,2.458,2088042.0,2088042.0,1.0,19839722.213188075,18.0,2.0,1.0,0.0,0.0001000000000006,6.041272500000001,0.0,103910.6,1460836717594.0,57318.0,167200.0,-3415400.0,3582600.0,5641200.0,-2908200.0,8549400.0,4630500.0,-3673400.0,8303900.0,1643100.0,-969800.0,2612900.0,1581600.0,-816700.0,2398300.0,0.0897725675488978,0.0771322537115078
1029.0,20231026.0,2.0231026102857e+16,2.457,2.456,2091600.0,1497500.0,2.458,2.455,6652900.0,4837700.0,2.459,2.454,3834200.0,4179000.0,2.46,2.453,398300.0,2700700.0,2.461,2.452,1023000.0,2347200.0,2.215,2.469,2.456,2.45,2.452,2.461,496255073.0,496255073.0,2.707,510050.0,2023-10-26 10:28:57,2.456417235518653,0.0004070832485242,0.001221249745573,0.0009999999999998,-0.0010000000000003,0.0020000000000002,15562100.0,14000000.0,-1562100.0,2.454028119598255,2.458400585714286,29562100.0,1562100.0,-0.0006631179264171,-0.0049999999999998,-0.0020000000000002,2.4565,2.458,2.458,2.456,2.456,6641580.0,6641580.0,1.0,-40234200.94295898,6.0,14.0,1.0,3.0,0.0001500000000009,6.03758655,0.0010000000000003,329008.0,14823936943110.0,48224.5,-1497500.0,2091600.0,-3589100.0,-4837700.0,6652900.0,-11490600.0,-4179000.0,3834200.0,-8013200.0,-2700700.0,398300.0,-3099000.0,-2347200.0,1023000.0,-3370200.0,0.088973616787239,0.076557982177548
1030.0,20231026.0,2.0231026102957e+16,2.456,2.455,1497900.0,3259300.0,2.457,2.454,5682400.0,3670400.0,2.458,2.453,5577300.0,5302200.0,2.459,2.452,829100.0,1830600.0,2.46,2.451,461100.0,3331200.0,2.215,2.469,2.456,2.45,2.452,2.461,498590056.0,498590056.0,2.707,510050.0,2023-10-26 10:29:57,2.4556851299083498,0.0004072490327835,0.0012217470983505,0.0009999999999998,-0.0009999999999998,0.0019999999999997,17393700.0,14047800.0,-3345900.0,2.4530975065684704,2.4575069049958,31441500.0,3345900.0,-0.0002980823937536,-0.0049999999999998,0.0,2.4555,2.456,2.457,2.456,2.456,2334983.0,2334983.0,1.0,-40401.705457650125,4.0,16.0,4.0,4.0,0.0001999999999999,6.0329186,0.0,101399.65,1368520878833.0,79268.75,-3259300.0,1497900.0,-4757200.0,-3670400.0,5682400.0,-9352800.0,-5302200.0,5577300.0,-10879500.0,-1830600.0,829100.0,-2659700.0,-3331200.0,461100.0,-3792300.0,0.076735945010545,0.0668776866484082
1031.0,20231026.0,2.0231026103057e+16,2.456,2.455,1082700.0,3183600.0,2.457,2.454,5220700.0,5031800.0,2.458,2.453,4754400.0,5022200.0,2.459,2.452,2099100.0,2043300.0,2.46,2.451,471600.0,3347900.0,2.215,2.469,2.455,2.45,2.452,2.461,501384151.0,501384151.0,2.707,510050.0,2023-10-26 10:30:57,2.455746220378314,0.0004072490327835,0.0012217470983505,0.0009999999999998,-0.0009999999999998,0.0019999999999997,18628800.0,13628500.0,-5000300.0,2.4531427842909905,2.4576812708661997,32257300.0,5000300.0,2.487684978580429e-05,-0.0059999999999997,-0.0009999999999998,2.4555,2.455,2.456,2.455,2.455,2794095.0,2794095.0,1.0,-42339.32354031876,7.0,13.0,4.0,4.0,0.0003499999999996,6.028743850000001,0.0009999999999998,137248.75,1630544886213.0,111640.0,-75700.0,-415200.0,339500.0,1361400.0,-461700.0,1823100.0,-280000.0,-822900.0,542900.0,212700.0,1270000.0,-1057300.0,16700.0,10500.0,6200.0,0.0725217630611278,0.0664726411205715
1032.0,20231026.0,2.0231026103157e+16,2.456,2.455,2139000.0,2544400.0,2.457,2.454,5212900.0,5045800.0,2.458,2.453,4749500.0,5023300.0,2.459,2.452,2037400.0,2334400.0,2.46,2.451,730600.0,3172300.0,2.215,2.469,2.456,2.45,2.452,2.461,502981936.0,502981936.0,2.707,510050.0,2023-10-26 10:31:57,2.4555432805226967,0.0004072490327835,0.0012217470983505,0.0009999999999998,-0.0009999999999998,0.0019999999999997,18120200.0,14869400.0,-3250800.0,2.453080330239181,2.4575970045866007,32989600.0,3250800.0,-8.264218824627356e-05,-0.0049999999999998,0.0009999999999998,2.4555,2.456,2.456,2.455,2.456,1597785.0,1597785.0,1.0,-20141.914526611567,15.0,5.0,3.0,3.0,0.0002500000000003,6.03070825,0.0002499999999998,78169.75,1169346617139.0,33762.5,-639200.0,1056300.0,-1695500.0,14000.0,-7800.0,21800.0,1100.0,-4900.0,6000.0,291100.0,-61700.0,352800.0,-175600.0,259000.0,-434600.0,0.0766792914806788,0.0716648785564571
1033.0,20231026.0,2.0231026103257e+16,2.457,2.456,1320200.0,1311100.0,2.458,2.455,5205300.0,4929500.0,2.459,2.454,3018200.0,3431100.0,2.46,2.453,1574700.0,2943900.0,2.461,2.452,1211100.0,2681400.0,2.215,2.469,2.457,2.45,2.452,2.461,508533731.0,508533731.0,2.707,510050.0,2023-10-26 10:32:57,2.4564982708167062,0.0004070832485242,0.001221249745573,0.0009999999999998,-0.0010000000000003,0.0020000000000002,15297000.0,12329500.0,-2967500.0,2.453950643917108,2.458687838111845,27626500.0,2967500.0,0.0003888364119321,-0.004,0.0009999999999998,2.4565,2.456,2.457,2.455,2.457,5551795.0,5551795.0,1.0,20901131.919149596,10.0,10.0,2.0,1.0,0.0006499999999998,6.030217450000001,0.0009999999999998,272677.75,12229483312509.0,60454.75,1311100.0,-1320200.0,2631300.0,4929500.0,-5205300.0,10134800.0,3431100.0,-3018200.0,6449300.0,2943900.0,-1574700.0,4518600.0,2681400.0,-1211100.0,3892500.0,0.0775431928024305,0.0740090682131941
0.0,0.0,0.0,0.0,0.0,0.0,0.0,0.0,0.0,0.0,0.0,0.0,0.0,0.0,0.0,0.0,0.0,0.0,0.0,0.0,0.0,0.0,0.0,0.0,0.0,0.0,0.0,0.0,0.0,0.0,0.0,0.0,0.0,0.0,0.0,0.0,0.0,0.0,0.0,0.0,0.0,0.0,0.0,0.0,0.0,0.0,0.0,0.0,0.0,0.0,0.0,0.0,0.0,0.0,0.0,0.0,0.0,0.0,0.0,0.0,0.0,0.0,0.0,0.0,0.0,0.0,0.0,0.0,0.0,0.0,0.0,0.0,0.0,0.0,0.0,0.0,0.0,0.0,0.0,0.0,0.0,0.0,0.0,0.0,0.0,0.0
1035.0,20231026.0,2.0231026103457e+16,2.457,2.456,342200.0,985000.0,2.458,2.455,5620800.0,5968400.0,2.459,2.454,2951900.0,3313200.0,2.46,2.453,1591700.0,2871200.0,2.461,2.452,1210700.0,2671900.0,2.215,2.469,2.457,2.45,2.452,2.461,510703542.0,510703542.0,2.707,510050.0,2023-10-26 10:34:57,2.456742163954189,0.0004070832485242,0.001221249745573,0.0009999999999998,-0.0010000000000003,0.0020000000000002,15809700.0,11717300.0,-4092400.0,2.4539825044118486,2.458804383262356,27527000.0,4092400.0,0.0001151828836076,-0.004,0.0009999999999998,2.4565,2.456,2.457,2.456,2.457,1815374.0,1815374.0,1.0,20735700.87388858,13.0,7.0,2.0,1.0,0.0003499999999991,6.035129450000001,0.0009999999999998,76275.7,725785214656.0,42611.25,408100.0,-337200.0,745300.0,404300.0,11000.0,393300.0,100.0,-170000.0,170100.0,3000.0,326700.0,-323700.0,-8500.0,8300.0,-16800.0,0.1042166952331421,0.0924096758593699
1036.0,20231026.0,2.0231026103557e+16,2.457,2.456,1179500.0,2477000.0,2.458,2.455,3718400.0,5537300.0,2.459,2.454,4009800.0,2863200.0,2.46,2.453,2257700.0,2976300.0,2.461,2.452,1210700.0,2682000.0,2.215,2.469,2.456,2.45,2.452,2.461,520077399.0,520077399.0,2.707,510050.0,2023-10-26 10:35:57,2.456677423765896,0.0004070832485242,0.001221249745573,0.0009999999999998,-0.0010000000000003,0.0020000000000002,16535800.0,12376100.0,-4159700.0,2.4541300813991462,2.458887016103619,28911900.0,4159700.0,-2.6352395573470133e-05,-0.0049999999999998,-0.0009999999999998,2.4565,2.457,2.457,2.456,2.456,9373857.0,9373857.0,1.0,-21180621.65967772,16.0,4.0,2.0,3.0,0.0001999999999995,6.035866400000001,0.0,467587.35,20073555605847.0,126855.75,1492000.0,837300.0,654700.0,-431100.0,-1902400.0,1471300.0,-450000.0,1057900.0,-1507900.0,105100.0,666000.0,-560900.0,10100.0,0.0,10100.0,0.1146773901388512,0.0986093204011733
1037.0,20231026.0,2.0231026103657e+16,2.457,2.456,2766800.0,677300.0,2.458,2.455,4766600.0,5119200.0,2.459,2.454,4026000.0,3703000.0,2.46,2.453,399700.0,4394300.0,2.461,2.452,1210700.0,2482000.0,2.215,2.469,2.456,2.45,2.452,2.461,522841918.0,522841918.0,2.707,510050.0,2023-10-26 10:36:57,2.456196655149386,0.0004070832485242,0.001221249745573,0.0009999999999998,-0.0010000000000003,0.0020000000000002,16375800.0,13169800.0,-3206000.0,2.453823855933756,2.4584321022338984,29545600.0,3206000.0,-0.0001957178671068,-0.0049999999999998,0.0,2.4565,2.457,2.457,2.456,2.456,2764519.0,2764519.0,1.0,-21287082.80520819,9.0,11.0,1.0,2.0,0.0004499999999993,6.034146849999999,0.0009999999999998,136997.45,6063767951385.0,9641.5,-1799700.0,1587300.0,-3387000.0,-418100.0,1048200.0,-1466300.0,839800.0,16200.0,823600.0,1418000.0,-1858000.0,3276000.0,-200000.0,0.0,-200000.0,0.1099709320179367,0.099203108405822
1038.0,20231026.0,2.0231026103757e+16,2.458,2.457,853700.0,1437700.0,2.459,2.456,4668700.0,5504500.0,2.46,2.455,2887500.0,3029100.0,2.461,2.454,2386700.0,1785000.0,2.462,2.453,899600.0,3443200.0,2.215,2.469,2.458,2.45,2.452,2.461,533680195.0,533680195.0,2.707,510050.0,2023-10-26 10:37:57,2.4576274330103867,0.0004069175991863,0.0012207527975585,0.0009999999999998,-0.0009999999999998,0.0019999999999997,15199500.0,11696200.0,-3503300.0,2.454980821737557,2.4598127426001604,26895700.0,3503300.0,0.0005823480351618,-0.0029999999999996,0.0020000000000002,2.4575,2.456,2.458,2.456,2.458,10838277.0,10838277.0,1.0,43187195.28971059,17.0,3.0,3.0,1.0,9.999999999976694e-05,6.0363578,0.0,541913.85,24543742628123.0,339929.75,1437700.0,-853700.0,2291400.0,5504500.0,-4668700.0,10173200.0,3029100.0,-2887500.0,5916600.0,1785000.0,-2386700.0,4171700.0,3443200.0,-899600.0,4342800.0,0.1074962521243217,0.0970697342939522
1039.0,20231026.0,2.0231026103857e+16,2.457,2.456,32100.0,2203000.0,2.458,2.455,6815700.0,4821700.0,2.459,2.454,2429600.0,3493700.0,2.46,2.453,3281700.0,3061700.0,2.461,2.452,1062700.0,2160300.0,2.215,2.469,2.457,2.45,2.452,2.461,541354176.0,541354176.0,2.707,510050.0,2023-10-26 10:38:57,2.4569856382264774,0.0004070832485242,0.001221249745573,0.0009999999999998,-0.0010000000000003,0.0020000000000002,15740400.0,13621800.0,-2118600.0,2.454117239714366,2.4588918791936454,29362200.0,2118600.0,-0.0002611781551282,-0.004,-0.0010000000000003,2.4565,2.458,2.459,2.457,2.457,7673981.0,7673981.0,1.0,-21993290.39889062,5.0,15.0,3.0,4.0,0.0001000000000002,6.042256000000001,0.0002499999999998,375342.05,14205879290919.0,301295.75,-2203000.0,32100.0,-2235100.0,-4821700.0,6815700.0,-11637400.0,-3493700.0,2429600.0,-5923300.0,-3061700.0,3281700.0,-6343400.0,-2160300.0,1062700.0,-3223000.0,0.0899854717747884,0.0862616721216545
1040.0,20231026.0,2.0231026103957e+16,2.456,2.455,3592900.0,1273000.0,2.457,2.454,3544700.0,3556200.0,2.458,2.453,2785300.0,6520800.0,2.459,2.452,1535900.0,2883000.0,2.46,2.451,742800.0,3221300.0,2.215,2.469,2.456,2.45,2.452,2.461,548821396.0,548821396.0,2.707,510050.0,2023-10-26 10:39:57,2.4552616165560326,0.0004072490327835,0.0012217470983505,0.0009999999999998,-0.0009999999999998,0.0019999999999997,17454300.0,12201600.0,-5252700.0,2.4528153234446526,2.457368197613428,29655900.0,5252700.0,-0.0007019279168214,-0.0049999999999998,-0.0009999999999998,2.4555,2.457,2.457,2.455,2.456,7467220.0,7467220.0,1.0,-22062622.00733485,4.0,16.0,1.0,2.0,0.0001500000000005,6.03267305,0.0,371519.0,24427476066642.0,57608.75,-1273000.0,3592900.0,-4865900.0,-3556200.0,3544700.0,-7100900.0,-6520800.0,2785300.0,-9306100.0,-2883000.0,1535900.0,-4418900.0,-3221300.0,742800.0,-3964100.0,0.0896279555838769,0.0831650252536849
1041.0,20231026.0,2.0231026104057e+16,2.455,2.454,330000.0,3713900.0,2.456,2.453,3872300.0,7194300.0,2.457,2.452,3023600.0,4265500.0,2.458,2.451,2787700.0,3425000.0,2.459,2.45,287100.0,4292700.0,2.215,2.469,2.455,2.45,2.452,2.461,557999034.0,557999034.0,2.707,510050.0,2023-10-26 10:40:57,2.4549183956082,0.0004074149521286,0.0012222448563862,0.0010000000000003,-0.0009999999999998,0.0020000000000002,22891400.0,10300700.0,-12590700.0,2.452114090881292,2.4568863766540137,33192100.0,12590700.0,-0.000139799741574,-0.0059999999999997,-0.0009999999999998,2.4545000000000003,2.456,2.456,2.454,2.455,9177638.0,9177638.0,1.0,-22372765.30553802,18.0,2.0,2.0,3.0,5.000000000077165e-05,6.026779650000002,0.0,457777.4,19634091641874.0,270036.25,-3713900.0,330000.0,-4043900.0,-7194300.0,3872300.0,-11066600.0,-4265500.0,3023600.0,-7289100.0,-3425000.0,2787700.0,-6212700.0,-4292700.0,287100.0,-4579800.0,0.0810261835118714,0.0769934754334987
1042.0,20231026.0,2.0231026104157e+16,2.456,2.455,2030700.0,1509500.0,2.457,2.454,4340600.0,5376300.0,2.458,2.453,3087000.0,5847800.0,2.459,2.452,1821800.0,2307200.0,2.46,2.451,737800.0,3435600.0,2.215,2.469,2.456,2.45,2.452,2.461,564632061.0,564632061.0,2.707,510050.0,2023-10-26 10:41:57,2.455426388339642,0.0004072490327835,0.0012217470983505,0.0009999999999998,-0.0009999999999998,0.0019999999999997,18476400.0,12017900.0,-6458500.0,2.4529576162022906,2.457575250251708,30494300.0,6458500.0,0.0002069071544281,-0.0049999999999998,0.0009999999999998,2.4555,2.455,2.456,2.455,2.456,6633027.0,6633027.0,1.0,22804329.59284796,13.0,7.0,4.0,3.0,0.0003499999999991,6.03021715,0.0009999999999998,330914.85,14037173756035.0,26086.0,1509500.0,-2030700.0,3540200.0,5376300.0,-4340600.0,9716900.0,5847800.0,-3087000.0,8934800.0,2307200.0,-1821800.0,4129000.0,3435600.0,-737800.0,4173400.0,0.078335344329234,0.0723842925576455
1043.0,20231026.0,2.0231026104257e+16,2.456,2.455,3226700.0,2022800.0,2.457,2.454,6141300.0,5405900.0,2.458,2.453,4107000.0,5807700.0,2.459,2.452,651800.0,2045600.0,2.46,2.451,737800.0,3550700.0,2.215,2.469,2.455,2.45,2.452,2.461,571705272.0,571705272.0,2.707,510050.0,2023-10-26 10:42:57,2.455385331936375,0.0004072490327835,0.0012217470983505,0.0009999999999998,-0.0009999999999998,0.0019999999999997,18832700.0,14864600.0,-3968100.0,2.453016168685319,2.457295823634676,33697300.0,3968100.0,-1.6720821569449207e-05,-0.0059999999999997,-0.0009999999999998,2.4555,2.456,2.456,2.455,2.455,7073211.0,7073211.0,1.0,-23296584.225254,17.0,3.0,1.0,2.0,0.00015,6.0311993500000005,0.0,347766.55,16461555165841.0,149816.25,513300.0,1196000.0,-682700.0,29600.0,1800700.0,-1771100.0,-40100.0,1020000.0,-1060100.0,-261600.0,-1170000.0,908400.0,115100.0,0.0,115100.0,0.0736762035541449,0.0714705702109231
1044.0,20231026.0,2.0231026104357e+16,2.457,2.456,2186500.0,2029600.0,2.458,2.455,4945600.0,4785100.0,2.459,2.454,3753100.0,4908900.0,2.46,2.453,1977200.0,3102600.0,2.461,2.452,1266000.0,2521800.0,2.215,2.469,2.456,2.45,2.452,2.461,580290684.0,580290684.0,2.707,510050.0,2023-10-26 10:43:57,2.4564813927563387,0.0004070832485242,0.001221249745573,0.0009999999999998,-0.0010000000000003,0.0020000000000002,17348000.0,14128400.0,-3219600.0,2.4540402409499653,2.4586595934429947,31476400.0,3219600.0,0.0004462909519291,-0.0049999999999998,0.0009999999999998,2.4565,2.455,2.457,2.455,2.456,8585412.0,8585412.0,1.0,23493393.336254,9.0,11.0,3.0,2.0,0.0008500000000002,6.032673550000002,0.0019999999999997,426814.1,22086777326116.0,45549.75,2029600.0,-2186500.0,4216100.0,4785100.0,-4945600.0,9730700.0,4908900.0,-3753100.0,8662000.0,3102600.0,-1977200.0,5079800.0,2521800.0,-1266000.0,3787800.0,0.0707334157953914,0.0652613018575719
1045.0,20231026.0,2.0231026104457e+16,2.458,2.457,8830300.0,131900.0,2.459,2.456,3195100.0,2113000.0,2.46,2.455,3094600.0,5592000.0,2.461,2.454,1041600.0,4002400.0,2.462,2.453,821500.0,3000300.0,2.215,2.469,2.458,2.45,2.452,2.461,588728324.0,588728324.0,2.707,510050.0,2023-10-26 10:44:57,2.457014717368503,0.0004069175991863,0.0012207527975585,0.0009999999999998,-0.0009999999999998,0.0019999999999997,14839600.0,16983100.0,2143500.0,2.454486091269306,2.458930048106648,31822700.0,2143500.0,0.0002170855953909,-0.0029999999999996,0.0020000000000002,2.4575,2.457,2.458,2.457,2.458,8437640.0,8437640.0,1.0,23940160.82348672,7.0,13.0,2.0,1.0,0.0003500000000005,6.03856925,0.0010000000000003,421882.0,16811378915696.0,250614.0,131900.0,-8830300.0,8962200.0,2113000.0,-3195100.0,5308100.0,5592000.0,-3094600.0,8686600.0,4002400.0,-1041600.0,5044000.0,3000300.0,-821500.0,3821800.0,0.0606785886769655,0.0617280837540713
1046.0,20231026.0,2.0231026104557e+16,2.458,2.457,1895700.0,1735900.0,2.459,2.456,4351500.0,4281000.0,2.46,2.455,3773400.0,4257600.0,2.461,2.454,2719800.0,2356100.0,2.462,2.453,997800.0,3363200.0,2.215,2.469,2.458,2.45,2.452,2.461,599996707.0,599996707.0,2.707,510050.0,2023-10-26 10:45:57,2.4574779986782684,0.0004069175991863,0.0012207527975585,0.0009999999999998,-0.0009999999999998,0.0019999999999997,15993800.0,13738200.0,-2255600.0,2.454916861533844,2.459750513167664,29732000.0,2255600.0,0.0001885367780178,-0.0029999999999996,0.0,2.4575,2.458,2.458,2.457,2.458,11268383.0,11268383.0,1.0,228976.47560836747,4.0,16.0,3.0,3.0,0.0002000000000004,6.037832000000001,0.0,560348.15,21291908434855.0,611820.25,1604000.0,-6934600.0,8538600.0,2168000.0,1156400.0,1011600.0,-1334400.0,678800.0,-2013200.0,-1646300.0,1678200.0,-3324500.0,362900.0,176300.0,186600.0,0.0564497997785129,0.062280618973465
1047.0,20231026.0,2.0231026104657e+16,2.458,2.457,3500.0,3264600.0,2.459,2.456,8377000.0,5002500.0,2.46,2.455,3542600.0,3058700.0,2.461,2.454,2680000.0,2175800.0,2.462,2.453,830000.0,3470000.0,2.215,2.469,2.458,2.45,2.452,2.461,610102614.0,610102614.0,2.707,510050.0,2023-10-26 10:46:57,2.4579989290413398,0.0004069175991863,0.0012207527975585,0.0009999999999998,-0.0009999999999998,0.0019999999999997,16971600.0,15433100.0,-1538500.0,2.4551423495722267,2.459737965800779,32404700.0,1538500.0,0.000211955166378,-0.0029999999999996,0.0,2.4575,2.457,2.458,2.457,2.458,10105907.0,10105907.0,1.0,24539617.069966227,14.0,6.0,3.0,2.0,0.000300000000001,6.0402895,0.0010000000000003,503943.85,21729719364509.0,276861.0,1528700.0,-1892200.0,3420900.0,721500.0,4025500.0,-3304000.0,-1198900.0,-230800.0,-968100.0,-180300.0,-39800.0,-140500.0,106800.0,-167800.0,274600.0,0.0694934227075029,0.0766403118888914
1048.0,20231026.0,2.0231026104757e+16,2.459,2.458,5329500.0,1119200.0,2.46,2.457,4118700.0,3312700.0,2.461,2.456,4470000.0,4693800.0,2.462,2.455,604900.0,1525000.0,2.463,2.454,1024000.0,2557200.0,2.215,2.469,2.458,2.45,2.452,2.461,616038977.0,616038977.0,2.707,510050.0,2023-10-26 10:47:57,2.458173554359794,0.0004067520846043,0.0012202562538133,0.0010000000000003,-0.0009999999999998,0.0020000000000002,13207900.0,15547100.0,2339200.0,2.455917602344052,2.460220124653472,28755000.0,2339200.0,7.104116835510155e-05,-0.0029999999999996,0.0,2.4585,2.458,2.459,2.458,2.458,5936363.0,5936363.0,1.0,-32216.29928548634,3.0,17.0,3.0,3.0,0.0001499999999996,6.042501550000001,0.0,296572.15,12785676921861.0,29311.5,1119200.0,-5329500.0,6448700.0,3312700.0,-4118700.0,7431400.0,4693800.0,-4470000.0,9163800.0,1525000.0,-604900.0,2129900.0,2557200.0,-1024000.0,3581200.0,0.0644347809731716,0.0700236068731972
1049.0,20231026.0,2.0231026104857e+16,2.458,2.457,142700.0,2180100.0,2.459,2.456,7683100.0,4304100.0,2.46,2.455,3618900.0,3305100.0,2.461,2.454,2720000.0,1487900.0,2.462,2.453,865300.0,3397900.0,2.215,2.469,2.458,2.45,2.452,2.461,622357174.0,622357174.0,2.707,510050.0,2023-10-26 10:48:57,2.457938565524368,0.0004069175991863,0.0012207527975585,0.0009999999999998,-0.0009999999999998,0.0019999999999997,14675100.0,15030000.0,354900.0,2.4550259350873245,2.459765941450433,29705100.0,354900.0,-9.559946147474908e-05,-0.0029999999999996,0.0,2.4575,2.458,2.459,2.457,2.458,6318197.0,6318197.0,1.0,-91839.31373813748,4.0,16.0,3.0,3.0,0.00015,6.04250165,0.0,315663.85,13254236396955.0,28881.75,-2180100.0,142700.0,-2322800.0,-4304100.0,7683100.0,-11987200.0,-3305100.0,3618900.0,-6924000.0,-1487900.0,2720000.0,-4207900.0,-3397900.0,865300.0,-4263200.0,0.0649011397805527,0.0696524571417413
1050.0,20231026.0,2.0231026104957e+16,2.459,2.458,3897500.0,1101000.0,2.46,2.457,4982700.0,3451700.0,2.461,2.456,3754000.0,3543900.0,2.462,2.455,754900.0,2093200.0,2.463,2.454,1034500.0,1955300.0,2.215,2.469,2.459,2.45,2.452,2.461,628241655.0,628241655.0,2.707,510050.0,2023-10-26 10:49:57,2.458220266079824,0.0004067520846043,0.0012202562538133,0.0010000000000003,-0.0009999999999998,0.0020000000000002,12145100.0,14423600.0,2278500.0,2.4559711735597074,2.460309894894478,26568700.0,2278500.0,0.0001146018936383,-0.0019999999999997,0.0009999999999998,2.4585,2.458,2.459,2.458,2.459,5884481.0,5884481.0,1.0,25536991.119284336,5.0,15.0,2.0,1.0,0.0002500000000003,6.042993250000002,0.0002499999999998,294224.05,12867941968227.0,14993.5,1101000.0,-3897500.0,4998500.0,3451700.0,-4982700.0,8434400.0,3543900.0,-3754000.0,7297900.0,2093200.0,-754900.0,2848100.0,1955300.0,-1034500.0,2989800.0,0.0650794932121609,0.0674216208416363
1051.0,20231026.0,2.0231026105057e+16,2.46,2.459,109200.0,2235500.0,2.461,2.458,4623900.0,4746500.0,2.462,2.457,4762000.0,3665100.0,2.463,2.456,1135400.0,1292500.0,2.464,2.455,993800.0,2256300.0,2.215,2.469,2.46,2.45,2.452,2.461,633711813.0,633711813.0,2.707,510050.0,2023-10-26 10:50:57,2.459953426877639,0.0004065867046147,0.0012197601138441,0.0009999999999998,-0.0009999999999998,0.0019999999999997,14195900.0,11624300.0,-2571600.0,2.4572403792644355,2.461852094319658,25820200.0,2571600.0,0.0007047985605068,-0.0009999999999998,0.0009999999999998,2.4595,2.459,2.46,2.458,2.46,5470158.0,5470158.0,1.0,25784025.533012304,6.0,14.0,3.0,2.0,0.0009999999999994,6.0466816,0.0019999999999997,273507.9,10791189511626.0,12781.0,2235500.0,-109200.0,2344700.0,4746500.0,-4623900.0,9370400.0,3665100.0,-4762000.0,8427100.0,1292500.0,-1135400.0,2427900.0,2256300.0,-993800.0,3250100.0,0.0739756075641725,0.0676639298343158
1052.0,20231026.0,2.0231026105157e+16,2.461,2.46,3882800.0,833100.0,2.462,2.459,4694100.0,3685300.0,2.463,2.458,3665900.0,4298100.0,2.464,2.457,902700.0,1252600.0,2.465,2.456,2134300.0,1437000.0,2.215,2.469,2.461,2.45,2.452,2.461,634060453.0,634060453.0,2.707,510050.0,2023-10-26 10:51:57,2.460176657689942,0.0004064214590529,0.0012192643771591,0.0009999999999998,-0.0010000000000003,0.0020000000000002,11506100.0,15279800.0,3773700.0,2.458106456575208,2.462523004227804,26785900.0,3773700.0,9.074183349622178e-05,0.0,0.0009999999999998,2.4605,2.46,2.461,2.46,2.461,348640.0,348640.0,1.0,25727178.08536468,10.0,10.0,4.0,3.0,0.0004999999999999,6.054060499999999,0.0009999999999998,16940.0,20368690432.0,22943.5,833100.0,-3882800.0,4715900.0,3685300.0,-4694100.0,8379400.0,4298100.0,-3665900.0,7964000.0,1252600.0,-902700.0,2155300.0,1437000.0,-2134300.0,3571300.0,0.0618069070253534,0.0586952554354456
1053.0,20231026.0,2.0231026105257e+16,2.459,2.458,178500.0,2342900.0,2.46,2.457,5125200.0,4609200.0,2.461,2.456,6136000.0,2877500.0,2.462,2.455,1388200.0,1631800.0,2.463,2.454,1215600.0,2056800.0,2.215,2.469,2.459,2.45,2.452,2.461,636000101.0,636000101.0,2.707,510050.0,2023-10-26 10:52:57,2.4589292059966685,0.0004067520846043,0.0012202562538133,0.0010000000000003,-0.0009999999999998,0.0020000000000002,13518200.0,14043500.0,525300.0,2.4562625793374857,2.460881596468117,27561700.0,525300.0,-0.0005071863686544,-0.0019999999999997,-0.0019999999999997,2.4585,2.461,2.461,2.458,2.459,1939648.0,1939648.0,1.0,-51686267.8718166,3.0,17.0,3.0,5.0,5.000000000032756e-05,6.04692735,0.0,86528.9,1364824404066.0,31906.0,-2342900.0,178500.0,-2521400.0,-4609200.0,5125200.0,-9734400.0,-2877500.0,6136000.0,-9013500.0,-1631800.0,1388200.0,-3020000.0,-2056800.0,1215600.0,-3272400.0,0.0707297707901967,0.0660193071318368
1054.0,20231026.0,2.0231026105357e+16,2.46,2.459,3185000.0,1120100.0,2.461,2.458,6518400.0,5171700.0,2.462,2.457,4531500.0,3457200.0,2.463,2.456,995900.0,1478100.0,2.464,2.455,1013000.0,1690600.0,2.215,2.469,2.459,2.45,2.452,2.461,638030689.0,638030689.0,2.707,510050.0,2023-10-26 10:53:57,2.4592601797867646,0.0004065867046147,0.0012197601138441,0.0009999999999998,-0.0009999999999998,0.0019999999999997,12917700.0,16243800.0,3326100.0,2.4571976048367743,2.461392599022396,29161500.0,3326100.0,0.000134591722536,-0.0019999999999997,0.0,2.4595,2.459,2.46,2.458,2.459,2030588.0,2030588.0,1.0,-104205.8671768941,7.0,13.0,5.0,4.0,0.0003000000000001,6.0481568,0.0009999999999998,101037.4,992257762006.0,33011.75,1120100.0,-3185000.0,4305100.0,5171700.0,-6518400.0,11690100.0,3457200.0,-4531500.0,7988700.0,1478100.0,-995900.0,2474000.0,1690600.0,-1013000.0,2703600.0,0.0662018987738325,0.067053685835487
0.0,0.0,0.0,0.0,0.0,0.0,0.0,0.0,0.0,0.0,0.0,0.0,0.0,0.0,0.0,0.0,0.0,0.0,0.0,0.0,0.0,0.0,0.0,0.0,0.0,0.0,0.0,0.0,0.0,0.0,0.0,0.0,0.0,0.0,0.0,0.0,0.0,0.0,0.0,0.0,0.0,0.0,0.0,0.0,0.0,0.0,0.0,0.0,0.0,0.0,0.0,0.0,0.0,0.0,0.0,0.0,0.0,0.0,0.0,0.0,0.0,0.0,0.0,0.0,0.0,0.0,0.0,0.0,0.0,0.0,0.0,0.0,0.0,0.0,0.0,0.0,0.0,0.0,0.0,0.0,0.0,0.0,0.0,0.0,0.0,0.0
1056.0,20231026.0,2.0231026105557e+16,2.459,2.458,1042600.0,1905000.0,2.46,2.457,4358800.0,3841400.0,2.461,2.456,5309700.0,3698700.0,2.462,2.455,2639300.0,1943200.0,2.463,2.454,1283600.0,1965700.0,2.215,2.469,2.459,2.45,2.452,2.461,644470207.0,644470207.0,2.707,510050.0,2023-10-26 10:55:57,2.4586462885059035,0.0004067520846043,0.0012202562538133,0.0010000000000003,-0.0009999999999998,0.0020000000000002,13354000.0,14634000.0,1280000.0,2.456133053766661,2.4609154366543664,27988000.0,1280000.0,-0.0001558867672877,-0.0019999999999997,0.0,2.4585,2.459,2.46,2.458,2.459,1233110.0,1233110.0,1.0,-55625.02417611331,6.0,14.0,3.0,3.0,0.0004999999999999,6.0471733000000025,0.0009999999999998,61655.5,335292349652.0,60940.25,-1905000.0,1042600.0,-2947600.0,-3841400.0,4358800.0,-8200200.0,-3698700.0,5309700.0,-9008400.0,-1943200.0,2639300.0,-4582500.0,-1965700.0,1283600.0,-3249300.0,0.0658673700570593,0.0668061823685436
1057.0,20231026.0,2.0231026105657e+16,2.458,2.457,770400.0,2107600.0,2.459,2.456,6856200.0,5137600.0,2.46,2.455,4835700.0,2852200.0,2.461,2.454,1424800.0,2118600.0,2.462,2.453,1657700.0,3048200.0,2.215,2.469,2.458,2.45,2.452,2.461,646080204.0,646080204.0,2.707,510050.0,2023-10-26 10:56:57,2.457732314107019,0.0004069175991863,0.0012207527975585,0.0009999999999998,-0.0009999999999998,0.0019999999999997,15264200.0,15544800.0,280600.0,2.4550745404279293,2.4597647573465085,30809000.0,280600.0,-0.0003718079844085,-0.0029999999999996,-0.0009999999999998,2.4575,2.459,2.459,2.458,2.458,1609997.0,1609997.0,1.0,-26300674.67983181,7.0,13.0,2.0,3.0,0.0003499999999987,6.04348495,0.0009999999999998,80499.85,1217323843345.0,10449.5,-2107600.0,770400.0,-2878000.0,-5137600.0,6856200.0,-11993800.0,-2852200.0,4835700.0,-7687900.0,-2118600.0,1424800.0,-3543400.0,-3048200.0,1657700.0,-4705900.0,0.0687768873906792,0.0659862677473397
1058.0,20231026.0,2.0231026105757e+16,2.458,2.457,2251300.0,2054000.0,2.459,2.456,7460100.0,5072800.0,2.46,2.455,4814800.0,3254200.0,2.461,2.454,1594100.0,1927700.0,2.462,2.453,1575700.0,3135000.0,2.215,2.469,2.457,2.45,2.452,2.461,646283964.0,646283964.0,2.707,510050.0,2023-10-26 10:57:57,2.457477086381901,0.0004069175991863,0.0012207527975585,0.0009999999999998,-0.0009999999999998,0.0019999999999997,15443700.0,17696000.0,2252300.0,2.4550636570251942,2.45959215641953,33139700.0,2252300.0,-0.0001038522286851,-0.004,-0.0010000000000003,2.4575,2.458,2.458,2.457,2.457,203760.0,203760.0,1.0,-26321823.39238202,8.0,12.0,2.0,3.0,0.0004000000000004,6.038815000000001,0.0010000000000003,10188.0,14761172594.0,4116.25,-53600.0,1480900.0,-1534500.0,-64800.0,603900.0,-668700.0,402000.0,-20900.0,422900.0,-190900.0,169300.0,-360200.0,86800.0,-82000.0,168800.0,0.0597469112583085,0.0607010373893764
1059.0,20231026.0,2.0231026105857e+16,2.458,2.457,3048700.0,1222600.0,2.459,2.456,6772400.0,4658800.0,2.46,2.455,4833600.0,4160800.0,2.461,2.454,1598100.0,1729000.0,2.462,2.453,1480700.0,3035000.0,2.215,2.469,2.458,2.45,2.452,2.461,648109646.0,648109646.0,2.707,510050.0,2023-10-26 10:58:57,2.4572862360405496,0.0004069175991863,0.0012207527975585,0.0009999999999998,-0.0009999999999998,0.0019999999999997,14806200.0,17733500.0,2927300.0,2.454953060204509,2.4595313784644883,32539700.0,2927300.0,-7.766410259335554e-05,-0.0029999999999996,0.0010000000000003,2.4575,2.458,2.458,2.457,2.458,1825682.0,1825682.0,1.0,-20122.442777376626,12.0,8.0,3.0,3.0,0.0004000000000004,6.039798,0.0010000000000003,91038.6,2320783892692.0,8908.0,-831400.0,797400.0,-1628800.0,-414000.0,-687700.0,273700.0,906600.0,18800.0,887800.0,-198700.0,4000.0,-202700.0,-100000.0,-95000.0,-5000.0,0.0590811841578108,0.0546386305832884
1100.0,20231026.0,2.0231026105957e+16,2.457,2.456,1254100.0,1967800.0,2.458,2.455,4019900.0,5365800.0,2.459,2.454,7088200.0,3455200.0,2.46,2.453,3283600.0,2866600.0,2.461,2.452,1440400.0,2694900.0,2.215,2.469,2.457,2.45,2.452,2.461,650110959.0,650110959.0,2.707,510050.0,2023-10-26 10:59:57,2.4566107576274865,0.0004070832485242,0.001221249745573,0.0009999999999998,-0.0010000000000003,0.0020000000000002,16350300.0,17086200.0,735900.0,2.4540639132003697,2.458978713815828,33436500.0,735900.0,-0.0002749257537095,-0.004,-0.0010000000000003,2.4565,2.458,2.458,2.457,2.457,2001313.0,2001313.0,1.0,-26439760.1120482,4.0,16.0,3.0,4.0,0.0002000000000004,6.037832,0.0,100065.65,1323408862857.0,26175.0,-1967800.0,1254100.0,-3221900.0,-5365800.0,4019900.0,-9385700.0,-3455200.0,7088200.0,-10543400.0,-2866600.0,3283600.0,-6150200.0,-2694900.0,1440400.0,-4135300.0,0.0609066805756813,0.0561224683948072
1101.0,20231026.0,2.0231026110057e+16,2.457,2.456,3631800.0,707600.0,2.458,2.455,6491900.0,4461400.0,2.459,2.454,5076500.0,4288500.0,2.46,2.453,1691100.0,4083000.0,2.461,2.452,1498100.0,2810500.0,2.215,2.469,2.457,2.45,2.452,2.461,653394605.0,653394605.0,2.707,510050.0,2023-10-26 11:00:57,2.456163064018067,0.0004070832485242,0.001221249745573,0.0009999999999998,-0.0010000000000003,0.0020000000000002,16351000.0,18389400.0,2038400.0,2.453765922573543,2.458506878962881,34740400.0,2038400.0,-0.0001822569598813,-0.004,0.0,2.4565,2.457,2.457,2.456,2.457,3283646.0,3283646.0,1.0,-21551.465599182997,15.0,5.0,2.0,2.0,0.0002499999999989,6.0356207500000005,0.0002499999999998,163936.8,5449838421598.0,71928.5,-1260200.0,2377700.0,-3637900.0,-904400.0,2472000.0,-3376400.0,833300.0,-2011700.0,2845000.0,1216400.0,-1592500.0,2808900.0,115600.0,57700.0,57900.0,0.0521252718925083,0.0482308608820168
1102.0,20231026.0,2.0231026110157e+16,2.457,2.456,2996900.0,716900.0,2.458,2.455,5534100.0,6046800.0,2.459,2.454,6426500.0,3869400.0,2.46,2.453,1692600.0,3983000.0,2.461,2.452,1548100.0,2912500.0,2.215,2.469,2.456,2.45,2.452,2.461,653464868.0,653464868.0,2.707,510050.0,2023-10-26 11:01:57,2.4561930367817326,0.0004070832485242,0.001221249745573,0.0009999999999998,-0.0010000000000003,0.0020000000000002,17528600.0,18198200.0,669600.0,2.453867222710313,2.4586296831554773,35726800.0,669600.0,1.2203009330358228e-05,-0.0049999999999998,-0.0009999999999998,2.4565,2.457,2.457,2.456,2.456,70263.0,70263.0,1.0,-26617534.628175024,14.0,6.0,1.0,2.0,0.0003000000000001,6.0353751,0.0009999999999998,3513.15,1349864171.0,1903.5,9300.0,-634900.0,644200.0,1585400.0,-957800.0,2543200.0,-419100.0,1350000.0,-1769100.0,-100000.0,1500.0,-101500.0,102000.0,50000.0,52000.0,0.0461941328200045,0.0418603250373311
0.0,0.0,0.0,0.0,0.0,0.0,0.0,0.0,0.0,0.0,0.0,0.0,0.0,0.0,0.0,0.0,0.0,0.0,0.0,0.0,0.0,0.0,0.0,0.0,0.0,0.0,0.0,0.0,0.0,0.0,0.0,0.0,0.0,0.0,0.0,0.0,0.0,0.0,0.0,0.0,0.0,0.0,0.0,0.0,0.0,0.0,0.0,0.0,0.0,0.0,0.0,0.0,0.0,0.0,0.0,0.0,0.0,0.0,0.0,0.0,0.0,0.0,0.0,0.0,0.0,0.0,0.0,0.0,0.0,0.0,0.0,0.0,0.0,0.0,0.0,0.0,0.0,0.0,0.0,0.0,0.0,0.0,0.0,0.0,0.0,0.0
1104.0,20231026.0,2.0231026110357e+16,2.456,2.455,2971100.0,2341300.0,2.457,2.454,5519900.0,4754300.0,2.458,2.453,4605400.0,5189800.0,2.459,2.452,3314500.0,2787200.0,2.46,2.451,1804700.0,3271000.0,2.215,2.469,2.456,2.45,2.452,2.461,660020929.0,660020929.0,2.707,510050.0,2023-10-26 11:03:57,2.4554407235900912,0.0004072490327835,0.0012217470983505,0.0009999999999998,-0.0009999999999998,0.0019999999999997,18343600.0,18215600.0,-128000.0,2.45300587125755,2.4577508618985924,36559200.0,128000.0,-0.0003073550129911,-0.0049999999999998,-0.0009999999999998,2.4555,2.457,2.457,2.455,2.456,5003617.0,5003617.0,1.0,-26736833.23828253,14.0,6.0,2.0,3.0,0.00095,6.031690949999999,0.0012499999999997,248339.35,5916241336501.0,347563.5,-2341300.0,2971100.0,-5312400.0,-4754300.0,5519900.0,-10274200.0,-5189800.0,4605400.0,-9795200.0,-2787200.0,3314500.0,-6101700.0,-3271000.0,1804700.0,-5075700.0,0.0460795100878722,0.0414262416269626
1105.0,20231026.0,2.0231026110457e+16,2.456,2.455,4548400.0,1160000.0,2.457,2.454,4880600.0,4320300.0,2.458,2.453,3705400.0,5741800.0,2.459,2.452,3214500.0,2927200.0,2.46,2.451,1806700.0,3262700.0,2.215,2.469,2.455,2.45,2.452,2.461,662359427.0,662359427.0,2.707,510050.0,2023-10-26 11:04:57,2.455203209305585,0.0004072490327835,0.0012217470983505,0.0009999999999998,-0.0009999999999998,0.0019999999999997,17412000.0,18155600.0,743600.0,2.452838484952906,2.4576062096543216,35567600.0,743600.0,-9.673447634861444e-05,-0.0059999999999997,-0.0009999999999998,2.4555,2.456,2.456,2.455,2.455,2338498.0,2338498.0,1.0,-27003997.082382225,10.0,10.0,3.0,4.0,0.0004999999999999,6.029480499999999,0.0009999999999998,111154.4,1251612865382.0,82202.0,-1181300.0,1577300.0,-2758600.0,-434000.0,-639300.0,205300.0,552000.0,-900000.0,1452000.0,140000.0,-100000.0,240000.0,-8300.0,2000.0,-10300.0,0.0442424885522571,0.0384281227180981
1106.0,20231026.0,2.0231026110557e+16,2.454,2.453,367700.0,4666000.0,2.455,2.452,2480800.0,5873900.0,2.456,2.451,5617500.0,4748300.0,2.457,2.45,1467300.0,4150000.0,2.458,2.449,1643400.0,1657100.0,2.215,2.469,2.453,2.45,2.452,2.461,672836063.0,672836063.0,2.707,510050.0,2023-10-26 11:05:57,2.45392695234122,0.0004075810067252,0.0012227430201753,0.0009999999999998,-0.0009999999999998,0.0019999999999997,21095300.0,11576700.0,-9518600.0,2.4513669869591803,2.456132844420258,32672000.0,9518600.0,-0.000519952395269,-0.008,-0.0020000000000002,2.4535,2.455,2.455,2.453,2.453,10476636.0,10476636.0,1.0,-54796362.78611694,12.0,8.0,1.0,3.0,0.0004499999999998,6.024816050000001,0.0009999999999998,318716.8,23394626083508.0,305836.25,-4666000.0,367700.0,-5033700.0,-5873900.0,2480800.0,-8354700.0,-4748300.0,5617500.0,-10365800.0,-4150000.0,1467300.0,-5617300.0,-1657100.0,1643400.0,-3300500.0,0.0541320201994669,0.0471299738412576
1107.0,20231026.0,2.0231026110657e+16,2.455,2.454,439500.0,1660900.0,2.456,2.453,5168600.0,6008300.0,2.457,2.452,3760100.0,4915600.0,2.458,2.451,1724100.0,2827400.0,2.459,2.45,3297600.0,4734100.0,2.215,2.469,2.455,2.45,2.452,2.461,675029684.0,675029684.0,2.707,510050.0,2023-10-26 11:06:57,2.4547907541420684,0.0004074149521286,0.0012222448563862,0.0010000000000003,-0.0009999999999998,0.0020000000000002,20146300.0,14389900.0,-5756400.0,2.4518528017551606,2.457157867671075,34536200.0,5756400.0,0.0003519460117348,-0.0059999999999997,0.0020000000000002,2.4545000000000003,2.453,2.455,2.453,2.455,2193621.0,2193621.0,1.0,54921746.594726935,2.0,18.0,4.0,2.0,4.440892098500626e-16,6.022116200000001,0.0,103913.55,781767808055.0,164597.75,1660900.0,-439500.0,2100400.0,6008300.0,-5168600.0,11176900.0,4915600.0,-3760100.0,8675700.0,2827400.0,-1724100.0,4551500.0,4734100.0,-3297600.0,8031700.0,0.0616703683254469,0.0514936741812271
1108.0,20231026.0,2.0231026110757e+16,2.456,2.455,2018000.0,1040500.0,2.457,2.454,4181500.0,3850100.0,2.458,2.453,4081500.0,5588100.0,2.459,2.452,3269300.0,2422300.0,2.46,2.451,1702200.0,3433500.0,2.215,2.469,2.456,2.45,2.452,2.461,680223404.0,680223404.0,2.707,510050.0,2023-10-26 11:07:57,2.455340199444172,0.0004072490327835,0.0012217470983505,0.0009999999999998,-0.0009999999999998,0.0019999999999997,16334500.0,15252500.0,-1082000.0,2.452794410603324,2.4578987838059336,31587000.0,1082000.0,0.0002238006723611,-0.0049999999999998,0.0009999999999998,2.4555,2.455,2.456,2.454,2.456,5193720.0,5193720.0,1.0,27614808.005345188,7.0,13.0,4.0,3.0,0.0004999999999999,6.028007499999999,0.0009999999999998,258826.5,5305361811912.0,372769.75,1040500.0,-2018000.0,3058500.0,3850100.0,-4181500.0,8031600.0,5588100.0,-4081500.0,9669600.0,2422300.0,-3269300.0,5691600.0,3433500.0,-1702200.0,5135700.0,0.0640646364913993,0.0565899139526577
1109.0,20231026.0,2.0231026110857e+16,2.455,2.454,2338700.0,2138900.0,2.456,2.453,4886600.0,6179400.0,2.457,2.452,3540100.0,5203200.0,2.458,2.451,831500.0,2993800.0,2.459,2.45,3247700.0,4655700.0,2.215,2.469,2.454,2.45,2.452,2.461,683547666.0,683547666.0,2.707,510050.0,2023-10-26 11:08:57,2.454477688940504,0.0004074149521286,0.0012222448563862,0.0010000000000003,-0.0009999999999998,0.0020000000000002,21171000.0,14844600.0,-6326400.0,2.451912710783619,2.4568492987348938,36015600.0,6326400.0,-0.000351341142237,-0.0069999999999996,-0.0019999999999997,2.4545000000000003,2.456,2.456,2.454,2.454,3324262.0,3324262.0,1.0,-55617106.9865672,9.0,11.0,2.0,4.0,0.0005000000000001,6.024570599999998,0.0009999999999998,166213.1,2647983113402.0,160004.25,-2138900.0,2338700.0,-4477600.0,-6179400.0,4886600.0,-11066000.0,-5203200.0,3540100.0,-8743300.0,-2993800.0,831500.0,-3825300.0,-4655700.0,3247700.0,-7903400.0,0.0653895559553566,0.0582023224082779
1110.0,20231026.0,2.0231026110957e+16,2.456,2.455,3389800.0,725100.0,2.457,2.454,3682100.0,4501100.0,2.458,2.453,3671500.0,5802100.0,2.459,2.452,3027900.0,4958600.0,2.46,2.451,1783600.0,3331100.0,2.215,2.469,2.455,2.45,2.452,2.461,687365174.0,687365174.0,2.707,510050.0,2023-10-26 11:09:57,2.4551762132737127,0.0004072490327835,0.0012217470983505,0.0009999999999998,-0.0009999999999998,0.0019999999999997,19318000.0,15554900.0,-3763100.0,2.452706517237809,2.457751422381372,34872900.0,3763100.0,0.0002845513560973,-0.0059999999999997,0.0009999999999998,2.4555,2.454,2.456,2.454,2.455,3817508.0,3817508.0,1.0,27837361.555288605,15.0,5.0,2.0,1.0,0.0001999999999999,6.0260433,0.0002499999999998,190507.4,5690989400294.0,82610.0,725100.0,-3389800.0,4114900.0,4501100.0,-3682100.0,8183200.0,5802100.0,-3671500.0,9473600.0,4958600.0,-3027900.0,7986500.0,3331100.0,-1783600.0,5114700.0,0.0609607218206483,0.0566474344456038
1111.0,20231026.0,2.0231026111057e+16,2.457,2.456,5225900.0,110700.0,2.458,2.455,3944300.0,2870500.0,2.459,2.454,4835900.0,6040500.0,2.46,2.453,1651500.0,5274700.0,2.461,2.452,1461300.0,2854900.0,2.215,2.469,2.457,2.45,2.452,2.461,690654291.0,690654291.0,2.707,510050.0,2023-10-26 11:10:57,2.456020743544579,0.0004070832485242,0.001221249745573,0.0009999999999998,-0.0010000000000003,0.0020000000000002,17151300.0,17118900.0,-32400.0,2.453539824969536,2.458426248181834,34270200.0,32400.0,0.0003439203463497,-0.004,0.0019999999999997,2.4565,2.456,2.457,2.455,2.457,3289117.0,3289117.0,1.0,28076934.99835758,14.0,6.0,5.0,4.0,0.0002499999999989,6.03070835,0.0009999999999998,163596.35,2176576875215.0,189281.75,110700.0,-5225900.0,5336600.0,2870500.0,-3944300.0,6814800.0,6040500.0,-4835900.0,10876400.0,5274700.0,-1651500.0,6926200.0,2854900.0,-1461300.0,4316200.0,0.0546535478143574,0.0491680834321959
0.0,0.0,0.0,0.0,0.0,0.0,0.0,0.0,0.0,0.0,0.0,0.0,0.0,0.0,0.0,0.0,0.0,0.0,0.0,0.0,0.0,0.0,0.0,0.0,0.0,0.0,0.0,0.0,0.0,0.0,0.0,0.0,0.0,0.0,0.0,0.0,0.0,0.0,0.0,0.0,0.0,0.0,0.0,0.0,0.0,0.0,0.0,0.0,0.0,0.0,0.0,0.0,0.0,0.0,0.0,0.0,0.0,0.0,0.0,0.0,0.0,0.0,0.0,0.0,0.0,0.0,0.0,0.0,0.0,0.0,0.0,0.0,0.0,0.0,0.0,0.0,0.0,0.0,0.0,0.0,0.0,0.0,0.0,0.0,0.0,0.0
1113.0,20231026.0,2.0231026111257e+16,2.456,2.455,1034100.0,2816500.0,2.457,2.454,5146900.0,5487400.0,2.458,2.453,4127200.0,5460600.0,2.459,2.452,4706900.0,2481800.0,2.46,2.451,1772600.0,3671300.0,2.215,2.469,2.456,2.45,2.452,2.461,700141770.0,700141770.0,2.707,510050.0,2023-10-26 11:12:57,2.4557314444502154,0.0004072490327835,0.0012217470983505,0.0009999999999998,-0.0009999999999998,0.0019999999999997,19917600.0,16787700.0,-3129900.0,2.4530650680804915,2.458061771415977,36705300.0,3129900.0,-0.0002421038468779,-0.0049999999999998,-0.0009999999999998,2.4555,2.456,2.457,2.456,2.456,5257552.0,5257552.0,1.0,-34955.38098949939,1.0,19.0,1.0,1.0,4.999999999988347e-05,6.032181650000001,0.0,262877.6,3576287648978.0,564446.75,-2816500.0,1034100.0,-3850600.0,-5487400.0,5146900.0,-10634300.0,-5460600.0,4127200.0,-9587800.0,-2481800.0,4706900.0,-7188700.0,-3671300.0,1772600.0,-5443900.0,0.0601700704584002,0.0514184638717355
1114.0,20231026.0,2.0231026111357e+16,2.457,2.456,5546100.0,547600.0,2.458,2.455,3962800.0,3443500.0,2.459,2.454,5246900.0,5060500.0,2.46,2.453,1663000.0,3249800.0,2.461,2.452,1566100.0,2943000.0,2.215,2.469,2.456,2.45,2.452,2.461,704862428.0,704862428.0,2.707,510050.0,2023-10-26 11:13:57,2.4560898633014423,0.0004070832485242,0.001221249745573,0.0009999999999998,-0.0010000000000003,0.0020000000000002,15244400.0,17984900.0,2740500.0,2.453698440082916,2.458429532552308,33229300.0,2740500.0,0.0001459413237601,-0.0049999999999998,0.0,2.4565,2.456,2.457,2.456,2.456,4720658.0,4720658.0,1.0,-88299.55647560582,6.0,14.0,1.0,1.0,0.0002999999999997,6.0334099,0.0009999999999998,236032.9,2964258052754.0,391467.0,547600.0,-5546100.0,6093700.0,3443500.0,-3962800.0,7406300.0,5060500.0,-5246900.0,10307400.0,3249800.0,-1663000.0,4912800.0,2943000.0,-1566100.0,4509100.0,0.0601540084699778,0.0496147859335922
1115.0,20231026.0,2.0231026111457e+16,2.457,2.456,5578500.0,297200.0,2.458,2.455,4050800.0,3108900.0,2.459,2.454,5246900.0,4971700.0,2.46,2.453,1511900.0,4757000.0,2.461,2.452,1484600.0,2648700.0,2.215,2.469,2.456,2.45,2.452,2.461,709828434.0,709828434.0,2.707,510050.0,2023-10-26 11:14:57,2.4560505812073457,0.0004070832485242,0.001221249745573,0.0009999999999998,-0.0010000000000003,0.0020000000000002,15783500.0,17872700.0,2089200.0,2.4535976114296574,2.4583998276701333,33656200.0,2089200.0,-1.5993880688625062e-05,-0.0049999999999998,0.0,2.4565,2.456,2.457,2.455,2.456,4966006.0,4966006.0,1.0,-161840.12486037612,2.0,18.0,2.0,2.0,5.000000000032756e-05,6.03218175,0.0,248177.3,11951830926958.0,92898.0,-250400.0,32400.0,-282800.0,-334600.0,88000.0,-422600.0,-88800.0,0.0,-88800.0,1507200.0,-151100.0,1658300.0,-294300.0,-81500.0,-212800.0,0.0627847500864804,0.0506776747641634
1116.0,20231026.0,2.0231026111557e+16,2.459,2.458,2810700.0,1563000.0,2.46,2.457,5383500.0,5104600.0,2.461,2.456,4598200.0,3041000.0,2.462,2.455,1537500.0,1730600.0,2.463,2.454,1051900.0,2322600.0,2.215,2.469,2.459,2.45,2.452,2.461,714812227.0,714812227.0,2.707,510050.0,2023-10-26 11:15:57,2.4583573633308187,0.0004067520846043,0.0012202562538133,0.0010000000000003,-0.0009999999999998,0.0020000000000002,13761800.0,15381800.0,1620000.0,2.4561347788806693,2.460521278393946,29143600.0,1620000.0,0.0009387833972771,-0.0019999999999997,0.0030000000000001,2.4585,2.456,2.459,2.456,2.459,4983793.0,4983793.0,1.0,87015609.4202888,12.0,8.0,4.0,1.0,0.0006000000000003,6.039798800000001,0.0010000000000003,249189.65,6975968680913.0,189619.0,1563000.0,-2810700.0,4373700.0,5104600.0,-5383500.0,10488100.0,3041000.0,-4598200.0,7639200.0,1730600.0,-1537500.0,3268100.0,2322600.0,-1051900.0,3374500.0,0.0798936611491319,0.0624223818511297
1117.0,20231026.0,2.0231026111657e+16,2.459,2.458,2887800.0,2763100.0,2.46,2.457,6737800.0,5256200.0,2.461,2.456,4619600.0,2657800.0,2.462,2.455,1947500.0,1719800.0,2.463,2.454,2078800.0,2275800.0,2.215,2.469,2.458,2.45,2.452,2.461,717062827.0,717062827.0,2.707,510050.0,2023-10-26 11:16:57,2.458488966359341,0.0004067520846043,0.0012202562538133,0.0010000000000003,-0.0009999999999998,0.0020000000000002,14672700.0,18271500.0,3598800.0,2.456307441711478,2.460649273458665,32944200.0,3598800.0,5.3531479216273326e-05,-0.0029999999999996,-0.0009999999999998,2.4585,2.459,2.459,2.458,2.458,2250600.0,2250600.0,1.0,-29160496.115642432,7.0,13.0,2.0,3.0,0.0003499999999991,6.04348495,0.0009999999999998,112407.0,1114994356018.0,63172.5,1200100.0,77100.0,1123000.0,151600.0,1354300.0,-1202700.0,-383200.0,21400.0,-404600.0,-10800.0,410000.0,-420800.0,-46800.0,1026900.0,-1073700.0,0.0684389606341871,0.055720114848984
1118.0,20231026.0,2.0231026111757e+16,2.459,2.458,6936600.0,2402300.0,2.46,2.457,6115600.0,4792400.0,2.461,2.456,3754400.0,3827300.0,2.462,2.455,1396500.0,3243000.0,2.463,2.454,2040400.0,2746600.0,2.215,2.469,2.458,2.45,2.452,2.461,719768119.0,719768119.0,2.707,510050.0,2023-10-26 11:17:57,2.458257235862896,0.0004067520846043,0.0012202562538133,0.0010000000000003,-0.0009999999999998,0.0020000000000002,17011600.0,20243500.0,3231900.0,2.456050600766536,2.4602831526168893,37255100.0,3231900.0,-9.426172801507704e-05,-0.0029999999999996,0.0,2.4585,2.458,2.459,2.458,2.458,2705292.0,2705292.0,1.0,-142465.62598127872,8.0,12.0,3.0,3.0,0.0003999999999999,6.0437308000000005,0.0009999999999998,135264.6,1601400773700.0,123722.5,-360800.0,4048800.0,-4409600.0,-463800.0,-622200.0,158400.0,1169500.0,-865200.0,2034700.0,1523200.0,-551000.0,2074200.0,470800.0,-38400.0,509200.0,0.0647396586260703,0.0503201850386775
1119.0,20231026.0,2.0231026111857e+16,2.457,2.456,1094100.0,2467500.0,2.458,2.455,6117600.0,4748400.0,2.459,2.454,5957100.0,4743700.0,2.46,2.453,3482300.0,2948600.0,2.461,2.452,1777200.0,3102000.0,2.215,2.469,2.457,2.45,2.452,2.461,732441783.0,732441783.0,2.707,510050.0,2023-10-26 11:18:57,2.456692806603773,0.0004070832485242,0.001221249745573,0.0009999999999998,-0.0010000000000003,0.0020000000000002,18010200.0,18428300.0,418100.0,2.4540294721879823,2.4589311330942083,36438500.0,418100.0,-0.0006366002903137,-0.004,-0.0010000000000003,2.4565,2.458,2.458,2.457,2.457,12673664.0,12673664.0,1.0,-29588464.04031518,3.0,17.0,2.0,3.0,0.00015,6.037586249999999,0.0,633314.7,56275481152058.0,50797.75,-2467500.0,1094100.0,-3561600.0,-4748400.0,6117600.0,-10866000.0,-4743700.0,5957100.0,-10700800.0,-2948600.0,3482300.0,-6430900.0,-3102000.0,1777200.0,-4879200.0,0.0763499021375777,0.0611812470233942
1120.0,20231026.0,2.0231026111957e+16,2.458,2.457,4068600.0,1385700.0,2.459,2.456,5374000.0,4681200.0,2.46,2.455,4828300.0,4843700.0,2.461,2.454,2231500.0,1995000.0,2.462,2.453,1496900.0,3680900.0,2.215,2.469,2.458,2.45,2.452,2.461,735403464.0,735403464.0,2.707,510050.0,2023-10-26 11:19:57,2.45725405643254,0.0004069175991863,0.0012207527975585,0.0009999999999998,-0.0009999999999998,0.0019999999999997,16586500.0,17999300.0,1412800.0,2.4548851957917583,2.45953965431989,34585800.0,1412800.0,0.0002284313798459,-0.0029999999999996,0.0010000000000003,2.4575,2.457,2.458,2.456,2.458,2961681.0,2961681.0,1.0,29858673.814960677,4.0,16.0,3.0,2.0,0.0001000000000002,6.0373407,0.0,148084.05,2608897849739.0,27641.25,1385700.0,-4068600.0,5454300.0,4681200.0,-5374000.0,10055200.0,4843700.0,-4828300.0,9672000.0,1995000.0,-2231500.0,4226500.0,3680900.0,-1496900.0,5177800.0,0.073725392612724,0.0647074841178754
1121.0,20231026.0,2.0231026112057e+16,2.458,2.457,1704600.0,2056300.0,2.459,2.456,5807500.0,4597300.0,2.46,2.455,5052800.0,4672000.0,2.461,2.454,3216600.0,2081500.0,2.462,2.453,1496900.0,3475900.0,2.215,2.469,2.458,2.45,2.452,2.461,742096971.0,742096971.0,2.707,510050.0,2023-10-26 11:20:57,2.457546757425084,0.0004069175991863,0.0012207527975585,0.0009999999999998,-0.0009999999999998,0.0019999999999997,16883000.0,17278400.0,395400.0,2.4549808446366166,2.4598260081952037,34161400.0,395400.0,0.0001191100123795,-0.0029999999999996,0.0,2.4575,2.457,2.459,2.457,2.458,6693507.0,6693507.0,1.0,29921956.884760592,3.0,3.0,3.0,2.0,0.0,6.0417643000000005,0.0,334306.85,6275351252431.0,706609.25,670600.0,-2364000.0,3034600.0,-83900.0,433500.0,-517400.0,-171700.0,224500.0,-396200.0,86500.0,985100.0,-898600.0,-205000.0,0.0,-205000.0,0.0647100105095418,0.0573638422533769
1122.0,20231026.0,2.0231026112157e+16,2.458,2.457,384100.0,2145000.0,2.459,2.456,6283200.0,5590800.0,2.46,2.455,5054800.0,3561800.0,2.461,2.454,3626600.0,2101500.0,2.462,2.453,1496900.0,3489900.0,2.215,2.469,2.458,2.45,2.452,2.461,746662226.0,746662226.0,2.707,510050.0,2023-10-26 11:21:57,2.4578481277924955,0.0004069175991863,0.0012207527975585,0.0009999999999998,-0.0009999999999998,0.0019999999999997,16889000.0,16845600.0,-43400.0,2.455047338504352,2.4599744146839533,33734600.0,43400.0,0.0001226230546381,-0.0029999999999996,0.0,2.4575,2.458,2.459,2.458,2.458,4565255.0,4565255.0,1.0,-138250.6727416478,7.0,13.0,2.0,2.0,0.0003499999999996,6.04348495,0.0009999999999998,228016.75,4032765175737.0,333217.0,88700.0,-1320500.0,1409200.0,993500.0,475700.0,517800.0,-1110200.0,2000.0,-1112200.0,20000.0,410000.0,-390000.0,14000.0,0.0,14000.0,0.0704144873727057,0.0618353125864531
1123.0,20231026.0,2.0231026112257e+16,2.458,2.457,4143800.0,818500.0,2.459,2.456,6266000.0,4868000.0,2.46,2.455,4796900.0,5163700.0,2.461,2.454,1630800.0,2251500.0,2.462,2.453,1716900.0,3597900.0,2.215,2.469,2.458,2.45,2.452,2.461,751722099.0,751722099.0,2.707,510050.0,2023-10-26 11:22:57,2.457164943675312,0.0004069175991863,0.0012207527975585,0.0009999999999998,-0.0009999999999998,0.0019999999999997,16699600.0,18554400.0,1854800.0,2.454823810151141,2.459488584917863,35254000.0,1854800.0,-0.0002779989032174,-0.0029999999999996,0.0,2.4575,2.457,2.458,2.457,2.458,5059873.0,5059873.0,1.0,30489921.04608733,9.0,11.0,2.0,1.0,0.0004499999999998,6.039060749999999,0.0010000000000003,252870.65,7521983792553.0,332836.25,-1326500.0,3759700.0,-5086200.0,-722800.0,-17200.0,-705600.0,1601900.0,-257900.0,1859800.0,150000.0,-1995800.0,2145800.0,108000.0,220000.0,-112000.0,0.0886954023885696,0.076681943117667
1124.0,20231026.0,2.0231026112357e+16,2.458,2.457,9403400.0,643600.0,2.459,2.456,4532000.0,3003500.0,2.46,2.455,3772900.0,6150700.0,2.461,2.454,1589800.0,3676100.0,2.462,2.453,1716900.0,3007200.0,2.215,2.469,2.457,2.45,2.452,2.461,755370101.0,755370101.0,2.707,510050.0,2023-10-26 11:23:57,2.457064058923061,0.0004069175991863,0.0012207527975585,0.0009999999999998,-0.0009999999999998,0.0019999999999997,16481100.0,21015000.0,4533900.0,2.454672364101911,2.459128470140376,37496100.0,4533900.0,-4.1058221833423225e-05,-0.004,-0.0010000000000003,2.4575,2.458,2.458,2.457,2.457,3648002.0,3648002.0,1.0,-30737523.890934154,15.0,5.0,0.0,1.0,0.0002500000000003,6.040535250000001,0.0002500000000003,178714.6,1479798868830.0,326176.25,-174900.0,5259600.0,-5434500.0,-1864500.0,-1734000.0,-130500.0,987000.0,-1024000.0,2011000.0,1424600.0,-41000.0,1465600.0,-590700.0,0.0,-590700.0,0.0776590355082125,0.0677883085408717
1125.0,20231026.0,2.0231026112457e+16,2.459,2.458,3191000.0,21300.0,2.46,2.457,4851200.0,4729000.0,2.461,2.456,3559800.0,4813100.0,2.462,2.455,1473700.0,1840700.0,2.463,2.454,1872000.0,2656800.0,2.215,2.469,2.458,2.45,2.452,2.461,761150922.0,761150922.0,2.707,510050.0,2023-10-26 11:24:57,2.458006630763005,0.0004067520846043,0.0012202562538133,0.0010000000000003,-0.0009999999999998,0.0020000000000002,14060900.0,14947700.0,886800.0,2.4558305442752597,2.460597563504753,29008600.0,886800.0,0.0003835435585805,-0.0029999999999996,0.0010000000000003,2.4585,2.457,2.458,2.457,2.458,5780821.0,5780821.0,1.0,30913123.682052597,6.0,14.0,2.0,1.0,0.0003000000000001,6.0383235,0.0010000000000003,289041.05,6270364390865.0,403051.5,21300.0,-3191000.0,3212300.0,4729000.0,-4851200.0,9580200.0,4813100.0,-3559800.0,8372900.0,1840700.0,-1473700.0,3314400.0,2656800.0,-1872000.0,4528800.0,0.0829850372104266,0.0691693768428477
1126.0,20231026.0,2.0231026112557e+16,2.459,2.458,5324900.0,465300.0,2.46,2.457,5302700.0,4569100.0,2.461,2.456,4079400.0,4797900.0,2.462,2.455,1177700.0,1925000.0,2.463,2.454,2030300.0,2525200.0,2.215,2.469,2.458,2.45,2.452,2.461,765255273.0,765255273.0,2.707,510050.0,2023-10-26 11:25:57,2.458080359918483,0.0004067520846043,0.0012202562538133,0.0010000000000003,-0.0009999999999998,0.0020000000000002,14282500.0,17915000.0,3632500.0,2.4558966777524947,2.4604019425062797,32197500.0,3632500.0,2.9995057297838024e-05,-0.0029999999999996,0.0,2.4585,2.458,2.459,2.458,2.458,4104351.0,4104351.0,1.0,-124329.99544025958,8.0,12.0,2.0,2.0,0.0003999999999999,6.0437308000000005,0.0009999999999998,202882.55,2463284127539.0,338051.5,444000.0,2133900.0,-1689900.0,-159900.0,451500.0,-611400.0,-15200.0,519600.0,-534800.0,84300.0,-296000.0,380300.0,-131600.0,158300.0,-289900.0,0.0734495664014884,0.0627609170951181
1127.0,20231026.0,2.0231026112657e+16,2.459,2.458,4219400.0,1223100.0,2.46,2.457,6429200.0,5296800.0,2.461,2.456,3979500.0,4826900.0,2.462,2.455,1584000.0,1812900.0,2.463,2.454,2051000.0,2622200.0,2.215,2.469,2.458,2.45,2.452,2.461,768681426.0,768681426.0,2.707,510050.0,2023-10-26 11:26:57,2.4582247312815806,0.0004067520846043,0.0012202562538133,0.0010000000000003,-0.0009999999999998,0.0020000000000002,15781900.0,18263100.0,2481200.0,2.456043448507468,2.4604972375993124,34045000.0,2481200.0,5.873165332948016e-05,-0.0029999999999996,0.0,2.4585,2.458,2.459,2.458,2.458,3426153.0,3426153.0,1.0,-100010.9001952298,6.0,14.0,4.0,4.0,0.0002999999999993,6.043239100000001,0.0009999999999998,170692.65,3082554758723.0,31277.75,757800.0,-1105500.0,1863300.0,727700.0,1126500.0,-398800.0,29000.0,-99900.0,128900.0,-112100.0,406300.0,-518400.0,97000.0,20700.0,76300.0,0.0785625421254391,0.0690157822106652
1128.0,20231026.0,2.0231026112757e+16,2.459,2.458,2518700.0,2297000.0,2.46,2.457,5076400.0,4963400.0,2.461,2.456,4965500.0,4222900.0,2.462,2.455,3276200.0,1712900.0,2.463,2.454,2051000.0,2588200.0,2.215,2.469,2.459,2.45,2.452,2.461,773300361.0,773300361.0,2.707,510050.0,2023-10-26 11:27:57,2.458476981539548,0.0004067520846043,0.0012202562538133,0.0010000000000003,-0.0009999999999998,0.0020000000000002,15784400.0,17887800.0,2103400.0,2.45616903398292,2.4608470689520234,33672200.0,2103400.0,0.0001026095431133,-0.0019999999999997,0.0009999999999998,2.4585,2.459,2.459,2.457,2.459,4618935.0,4618935.0,1.0,31644.555228561163,12.0,8.0,3.0,3.0,0.0004500000000002,6.044468450000002,0.0009999999999998,229471.25,4109159199769.0,376478.25,1073900.0,-1700700.0,2774600.0,-333400.0,-1352800.0,1019400.0,-604000.0,986000.0,-1590000.0,-100000.0,1692200.0,-1792200.0,-34000.0,0.0,-34000.0,0.0604992452784148,0.0561469970316652
0.0,0.0,0.0,0.0,0.0,0.0,0.0,0.0,0.0,0.0,0.0,0.0,0.0,0.0,0.0,0.0,0.0,0.0,0.0,0.0,0.0,0.0,0.0,0.0,0.0,0.0,0.0,0.0,0.0,0.0,0.0,0.0,0.0,0.0,0.0,0.0,0.0,0.0,0.0,0.0,0.0,0.0,0.0,0.0,0.0,0.0,0.0,0.0,0.0,0.0,0.0,0.0,0.0,0.0,0.0,0.0,0.0,0.0,0.0,0.0,0.0,0.0,0.0,0.0,0.0,0.0,0.0,0.0,0.0,0.0,0.0,0.0,0.0,0.0,0.0,0.0,0.0,0.0,0.0,0.0,0.0,0.0,0.0,0.0,0.0,0.0
1130.0,20231026.0,2.0231026112957e+16,2.46,2.459,2686300.0,204500.0,2.461,2.458,1925200.0,290700.0,2.462,2.457,1213600.0,905200.0,2.463,2.456,1662000.0,1494500.0,2.464,2.455,660100.0,811200.0,2.215,2.469,2.459,2.45,2.452,2.461,778588496.0,778588496.0,2.707,510050.0,2023-10-26 11:29:57,2.4590707416632074,0.0004065867046147,0.0012197601138441,0.0009999999999998,-0.0009999999999998,0.0019999999999997,3706100.0,8147200.0,4441100.0,2.456347777987642,2.461470296543598,11853300.0,4441100.0,-4.871905400938292e-05,-0.0019999999999997,-0.0009999999999998,2.4595,2.46,2.46,2.459,2.459,3404050.0,3404050.0,1.0,-31593383.755158413,7.0,13.0,1.0,2.0,0.0003500000000005,6.048402650000002,0.0009999999999998,170079.5,2481676101400.0,115204.0,-766000.0,-1436400.0,670400.0,-4022600.0,-3281400.0,-741200.0,-4012200.0,-3212600.0,-799600.0,-43500.0,-138700.0,95200.0,-1268800.0,-486900.0,-781900.0,0.0543796121452663,0.0497339340850441
1301.0,20231026.0,2.0231026130057e+16,2.459,2.458,4877000.0,499600.0,2.46,2.457,5407500.0,3101400.0,2.461,2.456,3735600.0,4135400.0,2.462,2.455,1098000.0,1349100.0,2.463,2.454,1816500.0,1472100.0,2.215,2.469,2.459,2.45,2.452,2.461,784448448.0,784448448.0,2.707,510050.0,2023-10-26 13:00:57,2.458092921176952,0.0004067520846043,0.0012202562538133,0.0010000000000003,-0.0009999999999998,0.0020000000000002,10557600.0,16934600.0,6377000.0,2.4559817477457,2.4603840716639307,27492200.0,6377000.0,-0.0003977172883359,-0.0019999999999997,0.0,2.4585,2.46,2.46,2.458,2.459,5859952.0,5859952.0,1.0,-31732110.66600116,41.0,19.0,2.0,3.0,0.0003499999999991,6.049878416666667,0.0009999999999998,97665.86666666668,5729093966916.0,307.5,-499600.0,4877000.0,-5376600.0,-3101400.0,5407500.0,-8508900.0,-4135400.0,3735600.0,-7871000.0,-1349100.0,1098000.0,-2447100.0,-1472100.0,1816500.0,-3288600.0,0.0513729372453089,0.0507148964473567
1302.0,20231026.0,2.0231026130157e+16,2.46,2.459,5624700.0,558300.0,2.461,2.458,4675500.0,1311800.0,2.462,2.457,3388000.0,4339600.0,2.463,2.456,1995000.0,2844000.0,2.464,2.455,1189300.0,1680800.0,2.215,2.469,2.46,2.45,2.452,2.461,789451114.0,789451114.0,2.707,510050.0,2023-10-26 13:01:57,2.4590902959728287,0.0004065867046147,0.0012197601138441,0.0009999999999998,-0.0009999999999998,0.0019999999999997,10734500.0,16872500.0,6138000.0,2.4566481252037824,2.461315377092903,27607000.0,6138000.0,0.0004056691668823,-0.0009999999999998,0.0009999999999998,2.4595,2.459,2.46,2.458,2.46,5002666.0,5002666.0,1.0,32036943.84456117,9.0,11.0,3.0,2.0,0.0004999999999999,6.048648699999999,0.0009999999999998,250133.3,4104716681382.0,431357.5,558300.0,-5624700.0,6183000.0,1311800.0,-4675500.0,5987300.0,4339600.0,-3388000.0,7727600.0,2844000.0,-1995000.0,4839000.0,1680800.0,-1189300.0,2870100.0,0.0612855160648043,0.0543764577799084
1303.0,20231026.0,2.0231026130257e+16,2.459,2.458,6667300.0,1006000.0,2.46,2.457,4852300.0,2699200.0,2.461,2.456,3693500.0,5174700.0,2.462,2.455,1278000.0,2067300.0,2.463,2.454,1961400.0,1454500.0,2.215,2.469,2.458,2.45,2.452,2.461,795367951.0,795367951.0,2.707,510050.0,2023-10-26 13:02:57,2.45813110395788,0.0004067520846043,0.0012202562538133,0.0010000000000003,-0.0009999999999998,0.0020000000000002,12401700.0,18452500.0,6050800.0,2.4559786238983365,2.4602962417016667,30854200.0,6050800.0,-0.0003901357897484,-0.0029999999999996,-0.0019999999999997,2.4585,2.46,2.46,2.458,2.458,5916837.0,5916837.0,1.0,-64549726.19635033,13.0,7.0,2.0,4.0,0.0002999999999997,6.045206000000003,0.0009999999999998,295841.85,7718423153761.0,269915.5,-1006000.0,6667300.0,-7673300.0,-2699200.0,4852300.0,-7551500.0,-5174700.0,3693500.0,-8868200.0,-2067300.0,1278000.0,-3345300.0,-1454500.0,1961400.0,-3415900.0,0.0725874316388194,0.0678493447828139
1304.0,20231026.0,2.0231026130357e+16,2.458,2.457,5677100.0,470600.0,2.459,2.456,5068500.0,1373100.0,2.46,2.455,4173800.0,5682800.0,2.461,2.454,1471500.0,1615700.0,2.462,2.453,1673800.0,3509400.0,2.215,2.469,2.458,2.45,2.452,2.461,802713677.0,802713677.0,2.707,510050.0,2023-10-26 13:03:57,2.457076548953267,0.0004069175991863,0.0012207527975585,0.0009999999999998,-0.0009999999999998,0.0019999999999997,12651600.0,18064700.0,5413100.0,2.4545004426317623,2.459357664395202,30716300.0,5413100.0,-0.0004290988683536,-0.0029999999999996,0.0,2.4575,2.458,2.458,2.457,2.458,7345726.0,7345726.0,1.0,61993.7347105965,7.0,13.0,2.0,2.0,0.0003500000000005,6.03856925,0.0010000000000003,367040.8,21300771804456.0,222668.0,-470600.0,5677100.0,-6147700.0,-1373100.0,5068500.0,-6441600.0,-5682800.0,4173800.0,-9856600.0,-1615700.0,1471500.0,-3087200.0,-3509400.0,1673800.0,-5183200.0,0.0815349588540478,0.0776666714812642
1305.0,20231026.0,2.0231026130457e+16,2.457,2.456,3616200.0,866900.0,2.458,2.455,4385200.0,4689700.0,2.459,2.454,4375600.0,4577200.0,2.46,2.453,1824700.0,3144600.0,2.461,2.452,1616200.0,2965100.0,2.215,2.469,2.457,2.45,2.452,2.461,808773514.0,808773514.0,2.707,510050.0,2023-10-26 13:04:57,2.456193370658696,0.0004070832485242,0.001221249745573,0.0009999999999998,-0.0010000000000003,0.0020000000000002,16243500.0,15817900.0,-425600.0,2.4538367777880383,2.458585248357873,32061400.0,425600.0,-0.0003595073417635,-0.004,-0.0010000000000003,2.4565,2.458,2.458,2.456,2.457,6059837.0,6059837.0,1.0,-32707455.70824875,2.0,18.0,2.0,3.0,8.881784197001252e-16,6.036849199999999,0.0,296232.85,6390419164825.0,347110.0,-866900.0,3616200.0,-4483100.0,-4689700.0,4385200.0,-9074900.0,-4577200.0,4375600.0,-8952800.0,-3144600.0,1824700.0,-4969300.0,-2965100.0,1616200.0,-4581300.0,0.0860499692173932,0.0810052546391736
1306.0,20231026.0,2.0231026130557e+16,2.458,2.457,1541700.0,80100.0,2.459,2.456,6084700.0,4048900.0,2.46,2.455,4034700.0,6022100.0,2.461,2.454,1358500.0,1431700.0,2.462,2.453,1463800.0,3821600.0,2.215,2.469,2.457,2.45,2.452,2.461,815550896.0,815550896.0,2.707,510050.0,2023-10-26 13:05:57,2.4570493895671475,0.0004069175991863,0.0012207527975585,0.0009999999999998,-0.0009999999999998,0.0019999999999997,15404400.0,14483400.0,-921000.0,2.4546841292098365,2.459662924451441,29887800.0,921000.0,0.0003484537438461,-0.004,0.0,2.4575,2.457,2.457,2.456,2.457,6777382.0,6777382.0,1.0,13359.942923825234,12.0,8.0,2.0,2.0,0.0003999999999995,6.034883800000002,0.0009999999999998,338869.1,9391568836750.0,447974.0,80100.0,-1541700.0,1621800.0,4048900.0,-6084700.0,10133600.0,6022100.0,-4034700.0,10056800.0,1431700.0,-1358500.0,2790200.0,3821600.0,-1463800.0,5285400.0,0.0934290061050012,0.0995892332271401
1307.0,20231026.0,2.0231026130657e+16,2.459,2.458,3752900.0,574100.0,2.46,2.457,6078700.0,2650700.0,2.461,2.456,3728500.0,5470000.0,2.462,2.455,1119400.0,1511600.0,2.463,2.454,2032600.0,2042800.0,2.215,2.469,2.458,2.45,2.452,2.461,820793570.0,820793570.0,2.707,510050.0,2023-10-26 13:06:57,2.45813267853016,0.0004067520846043,0.0012202562538133,0.0010000000000003,-0.0009999999999998,0.0020000000000002,12249200.0,16712100.0,4462900.0,2.455853190412435,2.4604973761526083,28961300.0,4462900.0,0.000440793022738,-0.0029999999999996,0.0010000000000003,2.4585,2.457,2.459,2.457,2.458,5242674.0,5242674.0,1.0,33235977.53925524,16.0,4.0,3.0,2.0,0.0001500000000005,6.041026850000001,0.0,258446.7,5646002133430.0,260425.0,574100.0,-3752900.0,4327000.0,2650700.0,-6078700.0,8729400.0,5470000.0,-3728500.0,9198500.0,1511600.0,-1119400.0,2631000.0,2042800.0,-2032600.0,4075400.0,0.092429223896194,0.1086394226424298
1308.0,20231026.0,2.0231026130757e+16,2.46,2.459,7165200.0,140500.0,2.461,2.458,4568500.0,3022500.0,2.462,2.457,3417400.0,5232700.0,2.463,2.456,1894200.0,2719300.0,2.464,2.455,1148100.0,1753900.0,2.215,2.469,2.459,2.45,2.452,2.461,824142432.0,824142432.0,2.707,510050.0,2023-10-26 13:07:57,2.45901923155892,0.0004065867046147,0.0012197601138441,0.0009999999999998,-0.0009999999999998,0.0019999999999997,12868900.0,18193400.0,5324500.0,2.4567728166354543,2.4611915474842525,31062300.0,5324500.0,0.0003605961558956,-0.0019999999999997,0.0009999999999998,2.4595,2.458,2.459,2.458,2.459,3348862.0,3348862.0,1.0,33445247.335037954,8.0,12.0,3.0,2.0,0.0003999999999999,6.0437308000000005,0.0009999999999998,167320.1,2732040231322.0,88278.25,140500.0,-7165200.0,7305700.0,3022500.0,-4568500.0,7591000.0,5232700.0,-3417400.0,8650100.0,2719300.0,-1894200.0,4613500.0,1753900.0,-1148100.0,2902000.0,0.0836901625347471,0.0983243635732329
1309.0,20231026.0,2.0231026130857e+16,2.458,2.457,146000.0,1964500.0,2.459,2.456,6577000.0,5002400.0,2.46,2.455,5434700.0,3352800.0,2.461,2.454,3366500.0,1421100.0,2.462,2.453,1467800.0,3831500.0,2.215,2.469,2.458,2.45,2.452,2.461,832235434.0,832235434.0,2.707,510050.0,2023-10-26 13:08:57,2.457930822080076,0.0004069175991863,0.0012207527975585,0.0009999999999998,-0.0009999999999998,0.0019999999999997,15572300.0,16992000.0,1419700.0,2.4549901941267507,2.4599666372410547,32564300.0,1419700.0,-0.0004427173287292,-0.0029999999999996,-0.0009999999999998,2.4575,2.459,2.459,2.457,2.458,8093002.0,8093002.0,1.0,-33715856.485310994,15.0,5.0,2.0,3.0,0.0005000000000001,6.041764500000001,0.0005000000000001,398138.1,10619228317078.0,614866.25,-1964500.0,146000.0,-2110500.0,-5002400.0,6577000.0,-11579400.0,-3352800.0,5434700.0,-8787500.0,-1421100.0,3366500.0,-4787600.0,-3831500.0,1467800.0,-5299300.0,0.08503105935377,0.0969988385841928
1310.0,20231026.0,2.0231026130957e+16,2.459,2.458,5499800.0,64900.0,2.46,2.457,6357500.0,2796500.0,2.461,2.456,3712000.0,5495400.0,2.462,2.455,1564800.0,2773200.0,2.463,2.454,1874200.0,1623800.0,2.215,2.469,2.459,2.45,2.452,2.461,838673741.0,838673741.0,2.707,510050.0,2023-10-26 13:09:57,2.458011662803026,0.0004067520846043,0.0012202562538133,0.0010000000000003,-0.0009999999999998,0.0020000000000002,12753800.0,19008300.0,6254500.0,2.4557573664319654,2.4603663873150152,31762100.0,6254500.0,3.2889206172059815e-05,-0.0019999999999997,0.0009999999999998,2.4585,2.458,2.459,2.457,2.459,6438307.0,6438307.0,1.0,34034673.03036013,6.0,14.0,3.0,2.0,0.00015,6.0425018500000025,0.0009999999999998,311470.85,7682268549113.0,324976.75,64900.0,-5499800.0,5564700.0,2796500.0,-6357500.0,9154000.0,5495400.0,-3712000.0,9207400.0,2773200.0,-1564800.0,4338000.0,1623800.0,-1874200.0,3498000.0,0.088143903224912,0.0996205180625357
1311.0,20231026.0,2.0231026131057e+16,2.459,2.458,3879300.0,662500.0,2.46,2.457,5772300.0,5488900.0,2.461,2.456,5147500.0,3735400.0,2.462,2.455,1281400.0,1386400.0,2.463,2.454,2032600.0,2210700.0,2.215,2.469,2.459,2.45,2.452,2.461,845354391.0,845354391.0,2.707,510050.0,2023-10-26 13:10:57,2.458145867277291,0.0004067520846043,0.0012202562538133,0.0010000000000003,-0.0009999999999998,0.0020000000000002,13483900.0,18113100.0,4629200.0,2.4560746149111163,2.460548155754675,31597000.0,4629200.0,5.4597304287695714e-05,-0.0019999999999997,0.0,2.4585,2.459,2.459,2.457,2.459,6680650.0,6680650.0,1.0,101604.74236885458,7.0,13.0,3.0,3.0,0.0002999999999997,6.0432392,0.0009999999999998,328379.5,8676908556248.0,425173.0,597600.0,-1620500.0,2218100.0,2692400.0,-585200.0,3277600.0,-1760000.0,1435500.0,-3195500.0,-1386800.0,-283400.0,-1103400.0,586900.0,158400.0,428500.0,0.0899836499167543,0.0882435398679865
1312.0,20231026.0,2.0231026131157e+16,2.458,2.457,6500.0,4642800.0,2.459,2.456,3665500.0,4225900.0,2.46,2.455,5767100.0,1428000.0,2.461,2.454,5029500.0,2041700.0,2.462,2.453,1362700.0,3467900.0,2.215,2.469,2.458,2.45,2.452,2.461,851807727.0,851807727.0,2.707,510050.0,2023-10-26 13:11:57,2.457998601940077,0.0004069175991863,0.0012207527975585,0.0009999999999998,-0.0009999999999998,0.0019999999999997,15806300.0,15831300.0,25000.0,2.455286847649355,2.4602574899092304,31637600.0,25000.0,-5.99109070856807e-05,-0.0029999999999996,-0.0009999999999998,2.4575,2.459,2.459,2.458,2.458,6453336.0,6453336.0,1.0,-34650666.65560544,15.0,5.0,3.0,4.0,0.0002500000000003,6.0454517500000025,0.0002499999999998,275653.5,3655189631280.0,550815.5,-4642800.0,6500.0,-4649300.0,-4225900.0,3665500.0,-7891400.0,-1428000.0,5767100.0,-7195100.0,-2041700.0,5029500.0,-7071200.0,-3467900.0,1362700.0,-4830600.0,0.079360383362741,0.0693487289864786
