time,exchg,code,price,open,high,low,settle_price,upper_limit,lower_limit,total_volume,volume,total_turnover,turnover,open_interest,diff_interest,trading_date,action_date,action_time,pre_close,pre_settle,pre_interest,bid_price_0,bid_price_1,bid_price_2,bid_price_3,bid_price_4,bid_price_5,bid_price_6,bid_price_7,bid_price_8,bid_price_9,ask_price_0,ask_price_1,ask_price_2,ask_price_3,ask_price_4,ask_price_5,ask_price_6,ask_price_7,ask_price_8,ask_price_9,bid_qty_0,bid_qty_1,bid_qty_2,bid_qty_3,bid_qty_4,bid_qty_5,bid_qty_6,bid_qty_7,bid_qty_8,bid_qty_9,ask_qty_0,ask_qty_1,ask_qty_2,ask_qty_3,ask_qty_4,ask_qty_5,ask_qty_6,ask_qty_7,ask_qty_8,ask_qty_9
20231026093650000,SSE,SSE.ETF.588080,0.864,0.864,0.869,0.862,0.0,1.043,0.695,48496028.0,32698223.0,48496028.0,32698223.0,0.0,0.0,20231026,20231026,93650000,0.869,0.0,0.0,0.864,0.863,0.862,0.861,0.86,0.859,0.858,0.857,0.856,0.855,0.865,0.866,0.867,0.868,0.869,0.87,0.871,0.872,0.873,0.874,5574300.0,12494700.0,11039800.0,3319500.0,4690600.0,2964200.0,1480000.0,2960500.0,1524700.0,609200.0,4437600.0,13320600.0,4113400.0,1216200.0,1818700.0,1097500.0,2375300.0,1308700.0,550400.0,464400.0
20231026093653000,SSE,SSE.ETF.588080,0.865,0.864,0.869,0.862,0.0,1.043,0.695,48596870.0,100842.0,48596870.0,100842.0,0.0,0.0,20231026,20231026,93653000,0.869,0.0,0.0,0.864,0.863,0.862,0.861,0.86,0.859,0.858,0.857,0.856,0.855,0.865,0.866,0.867,0.868,0.869,0.87,0.871,0.872,0.873,0.874,5335400.0,12494700.0,11558900.0,3089200.0,4710800.0,2964200.0,1480000.0,2960500.0,1524700.0,639200.0,2470600.0,13697600.0,3882700.0,1446700.0,1818700.0,1097500.0,2375300.0,1308700.0,550400.0,464400.0
20231026093656000,SSE,SSE.ETF.588080,0.865,0.864,0.869,0.862,0.0,1.043,0.695,48604309.0,7439.0,48604309.0,7439.0,0.0,0.0,20231026,20231026,93656000,0.869,0.0,0.0,0.864,0.863,0.862,0.861,0.86,0.859,0.858,0.857,0.856,0.855,0.865,0.866,0.867,0.868,0.869,0.87,0.871,0.872,0.873,0.874,5284700.0,11994700.0,11326800.0,3321500.0,4750800.0,2964200.0,1480000.0,2960500.0,1524700.0,639200.0,2462000.0,13347600.0,3863400.0,1216200.0,1808700.0,1101600.0,2375300.0,1312500.0,550400.0,464400.0
20231026093659000,SSE,SSE.ETF.588080,0.865,0.864,0.869,0.862,0.0,1.043,0.695,48613392.0,9083.0,48613392.0,9083.0,0.0,0.0,20231026,20231026,93659000,0.869,0.0,0.0,0.864,0.863,0.862,0.861,0.86,0.859,0.858,0.857,0.856,0.855,0.865,0.866,0.867,0.868,0.869,0.87,0.871,0.872,0.873,0.874,4907300.0,12904600.0,5326800.0,3321500.0,4516200.0,2964200.0,1480000.0,2960500.0,1544700.0,639200.0,2492000.0,13947600.0,3863400.0,1216200.0,1808700.0,1101600.0,2375300.0,1312500.0,550400.0,464400.0
20231026093702000,SSE,SSE.ETF.588080,0.865,0.864,0.869,0.862,0.0,1.043,0.695,48617025.0,3633.0,48617025.0,3633.0,0.0,0.0,20231026,20231026,93702000,0.869,0.0,0.0,0.864,0.863,0.862,0.861,0.86,0.859,0.858,0.857,0.856,0.855,0.865,0.866,0.867,0.868,0.869,0.87,0.871,0.872,0.873,0.874,4752300.0,12904600.0,11326800.0,3321500.0,4776200.0,2964200.0,1480000.0,2960500.0,1544700.0,639200.0,2270600.0,13707600.0,3863400.0,1216200.0,1808700.0,1101600.0,2375300.0,1312500.0,550400.0,464400.0
20231026093705000,SSE,SSE.ETF.588080,0.865,0.864,0.869,0.862,0.0,1.043,0.695,48664204.0,47179.0,48664204.0,47179.0,0.0,0.0,20231026,20231026,93705000,0.869,0.0,0.0,0.864,0.863,0.862,0.861,0.86,0.859,0.858,0.857,0.856,0.855,0.865,0.866,0.867,0.868,0.869,0.87,0.871,0.872,0.873,0.874,4712300.0,12913500.0,11326800.0,3321500.0,4866200.0,2964200.0,1475000.0,2960500.0,1544700.0,639200.0,4267600.0,13947600.0,3863400.0,1216700.0,1808700.0,1101600.0,2375300.0,1312500.0,550400.0,464400.0
20231026093708000,SSE,SSE.ETF.588080,0.865,0.864,0.869,0.862,0.0,1.043,0.695,48769032.0,104828.0,48769032.0,104828.0,0.0,0.0,20231026,20231026,93708000,0.869,0.0,0.0,0.864,0.863,0.862,0.861,0.86,0.859,0.858,0.857,0.856,0.855,0.865,0.866,0.867,0.868,0.869,0.87,0.871,0.872,0.873,0.874,3655700.0,11813500.0,11326800.0,3341500.0,4966200.0,2964200.0,1475000.0,2960500.0,1545700.0,629200.0,7286400.0,8294000.0,3603400.0,1216700.0,1858700.0,1101600.0,2375300.0,1312500.0,550400.0,464400.0
20231026093711000,SSE,SSE.ETF.588080,0.864,0.864,0.869,0.862,0.0,1.043,0.695,51944837.0,3175805.0,51944837.0,3175805.0,0.0,0.0,20231026,20231026,93711000,0.869,0.0,0.0,0.863,0.862,0.861,0.86,0.859,0.858,0.857,0.856,0.855,0.854,0.864,0.865,0.866,0.867,0.868,0.869,0.87,0.871,0.872,0.873,4786000.0,12004800.0,11081500.0,4966200.0,2964200.0,1475000.0,2960500.0,1545700.0,629200.0,144700.0,4828300.0,12104600.0,4237000.0,2503400.0,965700.0,1858700.0,1101600.0,2375300.0,1312500.0,550400.0
20231026093714000,SSE,SSE.ETF.588080,0.864,0.864,0.869,0.862,0.0,1.043,0.695,51969547.0,24710.0,51969547.0,24710.0,0.0,0.0,20231026,20231026,93714000,0.869,0.0,0.0,0.863,0.862,0.861,0.86,0.859,0.858,0.857,0.856,0.855,0.854,0.864,0.865,0.866,0.867,0.868,0.869,0.87,0.871,0.872,0.873,3436200.0,12554600.0,12099700.0,5510400.0,3224200.0,1475000.0,2960500.0,1545700.0,629200.0,144700.0,4608100.0,13239800.0,3934500.0,989500.0,965700.0,1858700.0,851600.0,2375300.0,1312500.0,550400.0
20231026093717000,SSE,SSE.ETF.588080,0.864,0.864,0.869,0.862,0.0,1.043,0.695,52022078.0,52531.0,52022078.0,52531.0,0.0,0.0,20231026,20231026,93717000,0.869,0.0,0.0,0.863,0.862,0.861,0.86,0.859,0.858,0.857,0.856,0.855,0.854,0.864,0.865,0.866,0.867,0.868,0.869,0.87,0.871,0.872,0.873,3336200.0,12618400.0,12099700.0,5510400.0,3224600.0,1475000.0,2960500.0,1545700.0,629200.0,144700.0,7647100.0,10239800.0,3724500.0,989500.0,965700.0,1858700.0,851600.0,2375300.0,1312500.0,550400.0
20231026093744000,SSE,SSE.ETF.588080,0.862,0.864,0.869,0.862,0.0,1.043,0.695,55485883.0,66547.0,55485883.0,66547.0,0.0,0.0,20231026,20231026,93744000,0.869,0.0,0.0,0.862,0.861,0.86,0.859,0.858,0.857,0.856,0.855,0.854,0.853,0.863,0.864,0.865,0.866,0.867,0.868,0.869,0.87,0.871,0.872,12282000.0,16092800.0,7865900.0,3247600.0,1590100.0,2960500.0,1565700.0,632200.0,147300.0,169800.0,1116000.0,6491700.0,7313700.0,2169500.0,751500.0,1465700.0,1830300.0,979000.0,2375300.0,1312500.0
20231026093747000,SSE,SSE.ETF.588080,0.862,0.864,0.869,0.862,0.0,1.043,0.695,56734226.0,1248343.0,56734226.0,1248343.0,0.0,0.0,20231026,20231026,93747000,0.869,0.0,0.0,0.862,0.861,0.86,0.859,0.858,0.857,0.856,0.855,0.854,0.853,0.863,0.864,0.865,0.866,0.867,0.868,0.869,0.87,0.871,0.872,12166300.0,16386100.0,7875900.0,3247600.0,1589900.0,2960500.0,1565700.0,632200.0,147300.0,169800.0,24400.0,5741700.0,10217300.0,2169500.0,751500.0,965700.0,1838300.0,979000.0,2375300.0,1312500.0
20231026093750000,SSE,SSE.ETF.588080,0.862,0.864,0.869,0.862,0.0,1.043,0.695,57484978.0,750752.0,57484978.0,750752.0,0.0,0.0,20231026,20231026,93750000,0.869,0.0,0.0,0.862,0.861,0.86,0.859,0.858,0.857,0.856,0.855,0.854,0.853,0.864,0.865,0.866,0.867,0.868,0.869,0.87,0.871,0.872,0.873,11778200.0,16386300.0,7875900.0,3252100.0,1589900.0,2960500.0,1565700.0,632200.0,147300.0,169800.0,9128900.0,10230000.0,2169500.0,900600.0,965700.0,1838300.0,979000.0,2375300.0,1141300.0,550400.0
20231026093753000,SSE,SSE.ETF.588080,0.862,0.864,0.869,0.862,0.0,1.043,0.695,57598093.0,113115.0,57598093.0,113115.0,0.0,0.0,20231026,20231026,93753000,0.869,0.0,0.0,0.862,0.861,0.86,0.859,0.858,0.857,0.856,0.855,0.854,0.853,0.863,0.864,0.865,0.866,0.867,0.868,0.869,0.87,0.871,0.872,11803700.0,16402100.0,7144000.0,3252100.0,1589900.0,2960500.0,1565700.0,632200.0,147300.0,169800.0,181600.0,6608700.0,10236200.0,2422000.0,1131300.0,985700.0,1838300.0,1003000.0,2375300.0,1141300.0
20231026093756000,SSE,SSE.ETF.588080,0.863,0.864,0.869,0.862,0.0,1.043,0.695,58130967.0,532874.0,58130967.0,532874.0,0.0,0.0,20231026,20231026,93756000,0.869,0.0,0.0,0.863,0.862,0.861,0.86,0.859,0.858,0.857,0.856,0.855,0.854,0.864,0.865,0.866,0.867,0.868,0.869,0.87,0.871,0.872,0.873,19900.0,11008700.0,16398000.0,7895400.0,3252100.0,1594900.0,2960500.0,1565900.0,632200.0,147300.0,9779300.0,7576400.0,2169500.0,900600.0,985700.0,1838300.0,1003000.0,2375300.0,1141300.0,550400.0
20231026093759000,SSE,SSE.ETF.588080,0.863,0.864,0.869,0.862,0.0,1.043,0.695,59111782.0,980815.0,59111782.0,980815.0,0.0,0.0,20231026,20231026,93759000,0.869,0.0,0.0,0.863,0.862,0.861,0.86,0.859,0.858,0.857,0.856,0.855,0.854,0.864,0.865,0.866,0.867,0.868,0.869,0.87,0.871,0.872,0.873,1924300.0,10133200.0,17170100.0,6397000.0,3252100.0,1602100.0,2962000.0,1565900.0,632200.0,147300.0,1998700.0,13473200.0,2922000.0,1131300.0,1982000.0,1838300.0,1003000.0,2375300.0,1141300.0,550400.0
20231026093953000,SSE,SSE.ETF.588080,0.864,0.864,0.869,0.862,0.0,1.043,0.695,67250166.0,497787.0,67250166.0,497787.0,0.0,0.0,20231026,20231026,93953000,0.869,0.0,0.0,0.863,0.862,0.861,0.86,0.859,0.858,0.857,0.856,0.855,0.854,0.864,0.865,0.866,0.867,0.868,0.869,0.87,0.871,0.872,0.873,11951600.0,16482400.0,5914100.0,5730700.0,3009200.0,2010300.0,3034300.0,1708600.0,687500.0,147300.0,9900.0,4048300.0,11350400.0,3193600.0,1950800.0,2032300.0,775200.0,2375300.0,1111300.0,570500.0
20231026093956000,SSE,SSE.ETF.588080,0.864,0.864,0.869,0.862,0.0,1.043,0.695,67313756.0,63590.0,67313756.0,63590.0,0.0,0.0,20231026,20231026,93956000,0.869,0.0,0.0,0.864,0.863,0.862,0.861,0.86,0.859,0.858,0.857,0.856,0.855,0.865,0.866,0.867,0.868,0.869,0.87,0.871,0.872,0.873,0.874,711000.0,11722100.0,16383900.0,5914100.0,5750700.0,3010200.0,2010300.0,3034300.0,1708600.0,687500.0,4289800.0,14304000.0,3193600.0,1950800.0,2032300.0,775200.0,2375300.0,1111300.0,570500.0,452400.0
20231026093959000,SSE,SSE.ETF.588080,0.864,0.864,0.869,0.862,0.0,1.043,0.695,67315398.0,1642.0,67315398.0,1642.0,0.0,0.0,20231026,20231026,93959000,0.869,0.0,0.0,0.864,0.863,0.862,0.861,0.86,0.859,0.858,0.857,0.856,0.855,0.865,0.866,0.867,0.868,0.869,0.87,0.871,0.872,0.873,0.874,1210100.0,11600600.0,17316200.0,4428600.0,5518100.0,3010200.0,2023800.0,3034300.0,1708600.0,688000.0,3272800.0,14106500.0,3676800.0,2181300.0,2032300.0,775200.0,2375300.0,1111300.0,570500.0,452400.0
20231026094002000,SSE,SSE.ETF.588080,0.864,0.864,0.869,0.862,0.0,1.043,0.695,67315916.0,518.0,67315916.0,518.0,0.0,0.0,20231026,20231026,94002000,0.869,0.0,0.0,0.864,0.863,0.862,0.861,0.86,0.859,0.858,0.857,0.856,0.855,0.865,0.866,0.867,0.868,0.869,0.87,0.871,0.872,0.873,0.874,1263100.0,11847600.0,17570200.0,4178600.0,5521700.0,3010200.0,2053800.0,3034300.0,1708600.0,688000.0,2722800.0,14256500.0,3776800.0,2431300.0,2032300.0,775200.0,2375300.0,1111300.0,570500.0,452400.0
20231026094544000,SSE,SSE.ETF.588080,0.864,0.864,0.869,0.862,0.0,1.043,0.695,106739517.0,14256.0,106739517.0,14256.0,0.0,0.0,20231026,20231026,94544000,0.869,0.0,0.0,0.863,0.862,0.861,0.86,0.859,0.858,0.857,0.856,0.855,0.854,0.864,0.865,0.866,0.867,0.868,0.869,0.87,0.871,0.872,0.873,10792891.0,17128000.0,5429300.0,6093100.0,3036100.0,2270000.0,2978000.0,2021500.0,912100.0,152300.0,1550300.0,12756300.0,4900200.0,1091300.0,2141200.0,1792800.0,951500.0,2544100.0,915800.0,680500.0
20231026094547000,SSE,SSE.ETF.588080,0.864,0.864,0.869,0.862,0.0,1.043,0.695,106946531.0,207014.0,106946531.0,207014.0,0.0,0.0,20231026,20231026,94547000,0.869,0.0,0.0,0.863,0.862,0.861,0.86,0.859,0.858,0.857,0.856,0.855,0.854,0.864,0.865,0.866,0.867,0.868,0.869,0.87,0.871,0.872,0.873,10818891.0,17133600.0,5429300.0,5893100.0,3036100.0,2270000.0,3001000.0,2011500.0,912100.0,152300.0,1310700.0,12527000.0,4400200.0,1332900.0,2141200.0,1769700.0,951500.0,2544100.0,915800.0,680500.0
20231026094550000,SSE,SSE.ETF.588080,0.863,0.864,0.869,0.862,0.0,1.043,0.695,106951364.0,4833.0,106951364.0,4833.0,0.0,0.0,20231026,20231026,94550000,0.869,0.0,0.0,0.863,0.862,0.861,0.86,0.859,0.858,0.857,0.856,0.855,0.854,0.864,0.865,0.866,0.867,0.868,0.869,0.87,0.871,0.872,0.873,12539391.0,17143600.0,5433300.0,5893100.0,3036100.0,2270000.0,3001000.0,2011500.0,912100.0,152300.0,1310700.0,12527000.0,4640200.0,1216000.0,2401200.0,1769700.0,951500.0,2544100.0,865800.0,680500.0
20231026094553000,SSE,SSE.ETF.588080,0.864,0.864,0.869,0.862,0.0,1.043,0.695,106960868.0,9504.0,106960868.0,9504.0,0.0,0.0,20231026,20231026,94553000,0.869,0.0,0.0,0.863,0.862,0.861,0.86,0.859,0.858,0.857,0.856,0.855,0.854,0.864,0.865,0.866,0.867,0.868,0.869,0.87,0.871,0.872,0.873,11011891.0,18141500.0,5665600.0,5661000.0,3049800.0,2270000.0,3001000.0,2011500.0,912100.0,152300.0,3883900.0,12527000.0,4749500.0,1496700.0,2141200.0,1769700.0,951500.0,2544100.0,865800.0,680500.0
20231026094556000,SSE,SSE.ETF.588080,0.863,0.864,0.869,0.862,0.0,1.043,0.695,106988657.0,27789.0,106988657.0,27789.0,0.0,0.0,20231026,20231026,94556000,0.869,0.0,0.0,0.863,0.862,0.861,0.86,0.859,0.858,0.857,0.856,0.855,0.854,0.864,0.865,0.866,0.867,0.868,0.869,0.87,0.871,0.872,0.873,3972991.0,14489500.0,12973300.0,5813600.0,3049800.0,2270000.0,3001000.0,2011500.0,912100.0,152300.0,4383900.0,13017000.0,3890500.0,1016000.0,2141200.0,1785500.0,951500.0,2544100.0,865800.0,680500.0
20231026094559000,SSE,SSE.ETF.588080,0.863,0.864,0.869,0.862,0.0,1.043,0.695,107266370.0,277713.0,107266370.0,277713.0,0.0,0.0,20231026,20231026,94559000,0.869,0.0,0.0,0.863,0.862,0.861,0.86,0.859,0.858,0.857,0.856,0.855,0.854,0.864,0.865,0.866,0.867,0.868,0.869,0.87,0.871,0.872,0.873,4222691.0,14492600.0,12955600.0,5321000.0,3049800.0,2270000.0,3001000.0,1999900.0,912100.0,152300.0,4297500.0,13417000.0,3899500.0,1496700.0,2141200.0,1785500.0,951500.0,2544100.0,865800.0,680500.0
20231026094602000,SSE,SSE.ETF.588080,0.863,0.864,0.869,0.862,0.0,1.043,0.695,107352670.0,86300.0,107352670.0,86300.0,0.0,0.0,20231026,20231026,94602000,0.869,0.0,0.0,0.863,0.862,0.861,0.86,0.859,0.858,0.857,0.856,0.855,0.854,0.864,0.865,0.866,0.867,0.868,0.869,0.87,0.871,0.872,0.873,2517791.0,14292600.0,13315600.0,5579000.0,3049800.0,2270000.0,3001000.0,1999900.0,912100.0,152300.0,4547500.0,13517000.0,3759500.0,1246700.0,2141200.0,1785500.0,951500.0,2544100.0,865800.0,680500.0
20231026100944000,SSE,SSE.ETF.588080,0.864,0.864,0.869,0.861,0.0,1.043,0.695,225955103.0,864.0,225955103.0,864.0,0.0,0.0,20231026,20231026,100944000,0.869,0.0,0.0,0.863,0.862,0.861,0.86,0.859,0.858,0.857,0.856,0.855,0.854,0.864,0.865,0.866,0.867,0.868,0.869,0.87,0.871,0.872,0.873,214000.0,7301900.0,20601000.0,16557700.0,5507600.0,4799000.0,3517200.0,4503500.0,2851600.0,193800.0,18270254.0,6756400.0,4992500.0,2668300.0,3042800.0,1888900.0,931100.0,1380600.0,1011000.0,807500.0
20231026100947000,SSE,SSE.ETF.588080,0.864,0.864,0.869,0.861,0.0,1.043,0.695,225980216.0,25113.0,225980216.0,25113.0,0.0,0.0,20231026,20231026,100947000,0.869,0.0,0.0,0.863,0.862,0.861,0.86,0.859,0.858,0.857,0.856,0.855,0.854,0.864,0.865,0.866,0.867,0.868,0.869,0.87,0.871,0.872,0.873,136000.0,7390200.0,20608700.0,16817700.0,5507600.0,4799000.0,3517200.0,4503500.0,2851600.0,193800.0,18270754.0,6996400.0,5482500.0,2437600.0,3042800.0,1888900.0,931100.0,1380600.0,1011000.0,807500.0
20231026100950000,SSE,SSE.ETF.588080,0.864,0.864,0.869,0.861,0.0,1.043,0.695,225980216.0,0.0,225980216.0,0.0,0.0,0.0,20231026,20231026,100950000,0.869,0.0,0.0,0.863,0.862,0.861,0.86,0.859,0.858,0.857,0.856,0.855,0.854,0.864,0.865,0.866,0.867,0.868,0.869,0.87,0.871,0.872,0.873,146000.0,16390200.0,17378700.0,11050300.0,5507600.0,4799000.0,3517200.0,4503500.0,2851600.0,193800.0,18269754.0,6996400.0,5473500.0,2437600.0,3042800.0,1888900.0,931100.0,1380600.0,1011000.0,807500.0
20231026100953000,SSE,SSE.ETF.588080,0.864,0.864,0.869,0.861,0.0,1.043,0.695,225980735.0,519.0,225980735.0,519.0,0.0,0.0,20231026,20231026,100953000,0.869,0.0,0.0,0.863,0.862,0.861,0.86,0.859,0.858,0.857,0.856,0.855,0.854,0.864,0.865,0.866,0.867,0.868,0.869,0.87,0.871,0.872,0.873,164800.0,9891800.0,17378700.0,17310300.0,5507600.0,4799000.0,3517200.0,4503500.0,2851600.0,193800.0,18269154.0,6745400.0,5473500.0,2437600.0,3042800.0,1888900.0,941100.0,1380600.0,1011000.0,807500.0
20231026100956000,SSE,SSE.ETF.588080,0.864,0.864,0.869,0.861,0.0,1.043,0.695,225981080.0,345.0,225981080.0,345.0,0.0,0.0,20231026,20231026,100956000,0.869,0.0,0.0,0.863,0.862,0.861,0.86,0.859,0.858,0.857,0.856,0.855,0.854,0.864,0.865,0.866,0.867,0.868,0.869,0.87,0.871,0.872,0.873,164800.0,10042800.0,17618700.0,17060300.0,5507600.0,4799000.0,3520200.0,4503500.0,2851600.0,193800.0,18268754.0,6995400.0,5463500.0,2456600.0,3042800.0,1888900.0,941100.0,1380600.0,1011000.0,807500.0
20231026100959000,SSE,SSE.ETF.588080,0.864,0.864,0.869,0.861,0.0,1.043,0.695,225982807.0,1727.0,225982807.0,1727.0,0.0,0.0,20231026,20231026,100959000,0.869,0.0,0.0,0.863,0.862,0.861,0.86,0.859,0.858,0.857,0.856,0.855,0.854,0.864,0.865,0.866,0.867,0.868,0.869,0.87,0.871,0.872,0.873,173800.0,10312800.0,17378100.0,16800300.0,5507600.0,4799000.0,3520200.0,4503500.0,2851600.0,193800.0,18267754.0,6995400.0,5223500.0,2456600.0,3042800.0,1888900.0,941100.0,1380600.0,1011000.0,807500.0
20231026101002000,SSE,SSE.ETF.588080,0.864,0.864,0.869,0.861,0.0,1.043,0.695,225993175.0,10368.0,225993175.0,10368.0,0.0,0.0,20231026,20231026,101002000,0.869,0.0,0.0,0.863,0.862,0.861,0.86,0.859,0.858,0.857,0.856,0.855,0.854,0.864,0.865,0.866,0.867,0.868,0.869,0.87,0.871,0.872,0.873,193800.0,10412800.0,17378100.0,17050300.0,5507600.0,4799000.0,3520200.0,4503500.0,2618600.0,193800.0,18255754.0,6995400.0,5473500.0,2456600.0,3042800.0,1888900.0,941100.0,1380600.0,1011000.0,807500.0
20231026101005000,SSE,SSE.ETF.588080,0.863,0.864,0.869,0.861,0.0,1.043,0.695,225993262.0,87.0,225993262.0,87.0,0.0,0.0,20231026,20231026,101005000,0.869,0.0,0.0,0.863,0.862,0.861,0.86,0.859,0.858,0.857,0.856,0.855,0.854,0.864,0.865,0.866,0.867,0.868,0.869,0.87,0.871,0.872,0.873,193700.0,10402800.0,17378100.0,17055300.0,5507600.0,4799000.0,3520200.0,4503500.0,2618600.0,193800.0,17255754.0,8009400.0,5473500.0,2456600.0,3042800.0,1888900.0,941100.0,1380600.0,1011000.0,807500.0
20231026101008000,SSE,SSE.ETF.588080,0.863,0.864,0.869,0.861,0.0,1.043,0.695,225993262.0,0.0,225993262.0,0.0,0.0,0.0,20231026,20231026,101008000,0.869,0.0,0.0,0.863,0.862,0.861,0.86,0.859,0.858,0.857,0.856,0.855,0.854,0.864,0.865,0.866,0.867,0.868,0.869,0.87,0.871,0.872,0.873,202200.0,16402800.0,17360400.0,10822700.0,5507600.0,4799000.0,3520200.0,4503500.0,2618600.0,193800.0,17255754.0,8009400.0,5242500.0,2687300.0,3042800.0,1888900.0,941100.0,1380600.0,1011000.0,807500.0
20231026101011000,SSE,SSE.ETF.588080,0.864,0.864,0.869,0.861,0.0,1.043,0.695,225997582.0,4320.0,225997582.0,4320.0,0.0,0.0,20231026,20231026,101011000,0.869,0.0,0.0,0.863,0.862,0.861,0.86,0.859,0.858,0.857,0.856,0.855,0.854,0.864,0.865,0.866,0.867,0.868,0.869,0.87,0.871,0.872,0.873,387000.0,16404000.0,17360400.0,10572700.0,5507600.0,4799000.0,3520200.0,4503500.0,2618600.0,193800.0,17568254.0,8009400.0,4992500.0,2687300.0,3042800.0,1888900.0,941100.0,1380600.0,1011000.0,807500.0
20231026101014000,SSE,SSE.ETF.588080,0.863,0.864,0.869,0.861,0.0,1.043,0.695,226162674.0,165092.0,226162674.0,165092.0,0.0,0.0,20231026,20231026,101014000,0.869,0.0,0.0,0.863,0.862,0.861,0.86,0.859,0.858,0.857,0.856,0.855,0.854,0.864,0.865,0.866,0.867,0.868,0.869,0.87,0.871,0.872,0.873,439000.0,16244000.0,17378100.0,10832700.0,5527600.0,4799000.0,3520200.0,4493500.0,2618600.0,193800.0,12084654.0,11010300.0,4992500.0,2706600.0,3042800.0,1888900.0,941100.0,1380600.0,1011000.0,807500.0
20231026101017000,SSE,SSE.ETF.588080,0.864,0.864,0.869,0.861,0.0,1.043,0.695,226163192.0,518.0,226163192.0,518.0,0.0,0.0,20231026,20231026,101017000,0.869,0.0,0.0,0.863,0.862,0.861,0.86,0.859,0.858,0.857,0.856,0.855,0.854,0.864,0.865,0.866,0.867,0.868,0.869,0.87,0.871,0.872,0.873,1490500.0,16497500.0,17850400.0,10867600.0,5527600.0,4799000.0,3520200.0,4493500.0,2618600.0,193800.0,8484154.0,14010300.0,5232500.0,2937300.0,3042800.0,1888900.0,941100.0,1380600.0,1011000.0,807500.0
20231026101020000,SSE,SSE.ETF.588080,0.864,0.864,0.869,0.861,0.0,1.043,0.695,226171832.0,8640.0,226171832.0,8640.0,0.0,0.0,20231026,20231026,101020000,0.869,0.0,0.0,0.863,0.862,0.861,0.86,0.859,0.858,0.857,0.856,0.855,0.854,0.864,0.865,0.866,0.867,0.868,0.869,0.87,0.871,0.872,0.873,1762500.0,16747500.0,17128100.0,10850200.0,5527600.0,4799000.0,3520200.0,4495500.0,2618600.0,193800.0,5199754.0,17260300.0,5223500.0,2956600.0,3042800.0,1888900.0,941100.0,1380600.0,1011000.0,807500.0
20231026101023000,SSE,SSE.ETF.588080,0.864,0.864,0.869,0.861,0.0,1.043,0.695,226176152.0,4320.0,226176152.0,4320.0,0.0,0.0,20231026,20231026,101023000,0.869,0.0,0.0,0.863,0.862,0.861,0.86,0.859,0.858,0.857,0.856,0.855,0.854,0.864,0.865,0.866,0.867,0.868,0.869,0.87,0.871,0.872,0.873,2512500.0,17307500.0,16381700.0,10290200.0,5527600.0,4799000.0,3520200.0,4495500.0,2618600.0,193800.0,4894754.0,17260300.0,5523500.0,2956600.0,3037800.0,1888900.0,941100.0,1380600.0,1011000.0,807500.0
20231026101026000,SSE,SSE.ETF.588080,0.864,0.864,0.869,0.861,0.0,1.043,0.695,226184101.0,7949.0,226184101.0,7949.0,0.0,0.0,20231026,20231026,101026000,0.869,0.0,0.0,0.863,0.862,0.861,0.86,0.859,0.858,0.857,0.856,0.855,0.854,0.864,0.865,0.866,0.867,0.868,0.869,0.87,0.871,0.872,0.873,3541100.0,17907500.0,16621700.0,9290200.0,5527600.0,4799000.0,3520200.0,4495500.0,2618600.0,193800.0,4885554.0,17260300.0,5763500.0,2956600.0,3037800.0,1888900.0,941100.0,1380600.0,1011000.0,807500.0
20231026101029000,SSE,SSE.ETF.588080,0.864,0.864,0.869,0.861,0.0,1.043,0.695,226188507.0,4406.0,226188507.0,4406.0,0.0,0.0,20231026,20231026,101029000,0.869,0.0,0.0,0.863,0.862,0.861,0.86,0.859,0.858,0.857,0.856,0.855,0.854,0.864,0.865,0.866,0.867,0.868,0.869,0.87,0.871,0.872,0.873,3681100.0,17907500.0,16381700.0,9340200.0,5527600.0,4799000.0,3520200.0,4495500.0,2618600.0,193800.0,4880454.0,16282800.0,5523500.0,2956600.0,3037800.0,1888900.0,941100.0,1380600.0,1011000.0,807500.0
20231026101032000,SSE,SSE.ETF.588080,0.864,0.864,0.869,0.861,0.0,1.043,0.695,226188507.0,0.0,226188507.0,0.0,0.0,0.0,20231026,20231026,101032000,0.869,0.0,0.0,0.863,0.862,0.861,0.86,0.859,0.858,0.857,0.856,0.855,0.854,0.864,0.865,0.866,0.867,0.868,0.869,0.87,0.871,0.872,0.873,3981100.0,20607800.0,16381700.0,9340200.0,5527600.0,4799000.0,3520200.0,4495500.0,2618600.0,193800.0,4880454.0,15982800.0,5823500.0,2956600.0,3037800.0,1888900.0,941100.0,1380600.0,1011000.0,807500.0
20231026101035000,SSE,SSE.ETF.588080,0.864,0.864,0.869,0.861,0.0,1.043,0.695,226214427.0,25920.0,226214427.0,25920.0,0.0,0.0,20231026,20231026,101035000,0.869,0.0,0.0,0.863,0.862,0.861,0.86,0.859,0.858,0.857,0.856,0.855,0.854,0.864,0.865,0.866,0.867,0.868,0.869,0.87,0.871,0.872,0.873,4006100.0,20708800.0,16582200.0,9340200.0,5643600.0,4799000.0,3520200.0,4498600.0,2618600.0,193800.0,4978054.0,15982800.0,6063500.0,2956600.0,3037800.0,1888900.0,941100.0,1380600.0,1011000.0,807500.0
20231026101038000,SSE,SSE.ETF.588080,0.864,0.864,0.869,0.861,0.0,1.043,0.695,226223067.0,8640.0,226223067.0,8640.0,0.0,0.0,20231026,20231026,101038000,0.869,0.0,0.0,0.863,0.862,0.861,0.86,0.859,0.858,0.857,0.856,0.855,0.854,0.864,0.865,0.866,0.867,0.868,0.869,0.87,0.871,0.872,0.873,7136100.0,19049300.0,15002200.0,9340200.0,5643600.0,4799700.0,3522200.0,4498600.0,2618600.0,193800.0,4873054.0,15982800.0,5823500.0,2956600.0,3037800.0,1888900.0,941100.0,1380600.0,1011000.0,807500.0
20231026101041000,SSE,SSE.ETF.588080,0.864,0.864,0.869,0.861,0.0,1.043,0.695,226223154.0,87.0,226223154.0,87.0,0.0,0.0,20231026,20231026,101041000,0.869,0.0,0.0,0.863,0.862,0.861,0.86,0.859,0.858,0.857,0.856,0.855,0.854,0.864,0.865,0.866,0.867,0.868,0.869,0.87,0.871,0.872,0.873,7215300.0,19251300.0,15002200.0,9340200.0,5643600.0,4799700.0,3522200.0,4498600.0,2618600.0,193800.0,5000687.0,15982800.0,5823500.0,2956600.0,3037800.0,1888900.0,941100.0,1380600.0,1011000.0,807500.0
20231026101044000,SSE,SSE.ETF.588080,0.864,0.864,0.869,0.861,0.0,1.043,0.695,226224190.0,1036.0,226224190.0,1036.0,0.0,0.0,20231026,20231026,101044000,0.869,0.0,0.0,0.863,0.862,0.861,0.86,0.859,0.858,0.857,0.856,0.855,0.854,0.864,0.865,0.866,0.867,0.868,0.869,0.87,0.871,0.872,0.873,7816900.0,18981100.0,15002200.0,9340200.0,5643600.0,4799700.0,3522200.0,4496600.0,2618600.0,193800.0,4794487.0,15982800.0,5803500.0,2956600.0,3297800.0,1888900.0,941100.0,1380600.0,1011000.0,807500.0
20231026101047000,SSE,SSE.ETF.588080,0.864,0.864,0.869,0.861,0.0,1.043,0.695,226224190.0,0.0,226224190.0,0.0,0.0,0.0,20231026,20231026,101047000,0.869,0.0,0.0,0.863,0.862,0.861,0.86,0.859,0.858,0.857,0.856,0.855,0.854,0.864,0.865,0.866,0.867,0.868,0.869,0.87,0.871,0.872,0.873,7906900.0,19211800.0,15002200.0,9305300.0,5720300.0,4799700.0,3522200.0,4496600.0,2624100.0,193800.0,3304487.0,15982800.0,5813500.0,4096600.0,3297800.0,1888900.0,941100.0,1380600.0,1011000.0,807500.0
20231026101050000,SSE,SSE.ETF.588080,0.864,0.864,0.869,0.861,0.0,1.043,0.695,226267390.0,43200.0,226267390.0,43200.0,0.0,0.0,20231026,20231026,101050000,0.869,0.0,0.0,0.863,0.862,0.861,0.86,0.859,0.858,0.857,0.856,0.855,0.854,0.864,0.865,0.866,0.867,0.868,0.869,0.87,0.871,0.872,0.873,7927100.0,18991800.0,15002200.0,9307300.0,5720300.0,4799700.0,3522200.0,4496600.0,2624100.0,193800.0,3254987.0,12982800.0,5813500.0,4096600.0,3297800.0,1888900.0,941100.0,1380600.0,1011000.0,807500.0
20231026101053000,SSE,SSE.ETF.588080,0.864,0.864,0.869,0.861,0.0,1.043,0.695,227009480.0,742090.0,227009480.0,742090.0,0.0,0.0,20231026,20231026,101053000,0.869,0.0,0.0,0.863,0.862,0.861,0.86,0.859,0.858,0.857,0.856,0.855,0.854,0.864,0.865,0.866,0.867,0.868,0.869,0.87,0.871,0.872,0.873,13767100.0,18992800.0,9262200.0,9306300.0,5720300.0,4799700.0,3522200.0,4496600.0,2624100.0,193800.0,2457487.0,12982800.0,8814500.0,4101600.0,3307800.0,1888900.0,941100.0,1380600.0,1011000.0,807500.0
20231026101056000,SSE,SSE.ETF.588080,0.864,0.864,0.869,0.861,0.0,1.043,0.695,228182246.0,1172766.0,228182246.0,1172766.0,0.0,0.0,20231026,20231026,101056000,0.869,0.0,0.0,0.863,0.862,0.861,0.86,0.859,0.858,0.857,0.856,0.855,0.854,0.864,0.865,0.866,0.867,0.868,0.869,0.87,0.871,0.872,0.873,13770830.0,19239300.0,9012200.0,9256300.0,5720300.0,4794700.0,3522200.0,4496600.0,2624100.0,193800.0,1117387.0,11999700.0,9814500.0,4091600.0,3307800.0,1888900.0,941100.0,1380600.0,1011000.0,807500.0
20231026101059000,SSE,SSE.ETF.588080,0.864,0.864,0.869,0.861,0.0,1.043,0.695,228402651.0,220405.0,228402651.0,220405.0,0.0,0.0,20231026,20231026,101059000,0.869,0.0,0.0,0.863,0.862,0.861,0.86,0.859,0.858,0.857,0.856,0.855,0.854,0.864,0.865,0.866,0.867,0.868,0.869,0.87,0.871,0.872,0.873,7669130.0,19251800.0,15022200.0,9246300.0,5732300.0,4794700.0,3522200.0,4496600.0,2624100.0,193800.0,638387.0,12999700.0,8814500.0,3851600.0,3557800.0,1888900.0,941100.0,1380600.0,1011000.0,807500.0
20231026101102000,SSE,SSE.ETF.588080,0.864,0.864,0.869,0.861,0.0,1.043,0.695,228429867.0,27216.0,228429867.0,27216.0,0.0,0.0,20231026,20231026,101102000,0.869,0.0,0.0,0.863,0.862,0.861,0.86,0.859,0.858,0.857,0.856,0.855,0.854,0.864,0.865,0.866,0.867,0.868,0.869,0.87,0.871,0.872,0.873,13677230.0,19010200.0,9022200.0,9251300.0,5732300.0,4794700.0,3522200.0,4496600.0,2624100.0,193800.0,606887.0,12977300.0,8814500.0,3851600.0,3307800.0,1888900.0,941100.0,1380600.0,1011000.0,807500.0
20231026101105000,SSE,SSE.ETF.588080,0.864,0.864,0.869,0.861,0.0,1.043,0.695,228429867.0,0.0,228429867.0,0.0,0.0,0.0,20231026,20231026,101105000,0.869,0.0,0.0,0.863,0.862,0.861,0.86,0.859,0.858,0.857,0.856,0.855,0.854,0.864,0.865,0.866,0.867,0.868,0.869,0.87,0.871,0.872,0.873,14042730.0,18996700.0,8772200.0,9251300.0,5732300.0,4794700.0,3522200.0,4496600.0,2624100.0,193800.0,706887.0,11727300.0,9814500.0,4091600.0,3307800.0,1888900.0,941100.0,1380600.0,1011000.0,807500.0
20231026101108000,SSE,SSE.ETF.588080,0.864,0.864,0.869,0.861,0.0,1.043,0.695,228436428.0,6561.0,228436428.0,6561.0,0.0,0.0,20231026,20231026,101108000,0.869,0.0,0.0,0.863,0.862,0.861,0.86,0.859,0.858,0.857,0.856,0.855,0.854,0.864,0.865,0.866,0.867,0.868,0.869,0.87,0.871,0.872,0.873,13939030.0,19191100.0,8772200.0,9271300.0,5732300.0,4794700.0,3522200.0,4496600.0,2624100.0,193800.0,764987.0,12977300.0,8814500.0,3951600.0,3557800.0,1888900.0,941100.0,1380600.0,1011000.0,807500.0
20231026101111000,SSE,SSE.ETF.588080,0.864,0.864,0.869,0.861,0.0,1.043,0.695,228442821.0,6393.0,228442821.0,6393.0,0.0,0.0,20231026,20231026,101111000,0.869,0.0,0.0,0.863,0.862,0.861,0.86,0.859,0.858,0.857,0.856,0.855,0.854,0.864,0.865,0.866,0.867,0.868,0.869,0.87,0.871,0.872,0.873,13582530.0,19075200.0,9032200.0,9272500.0,5729300.0,4794700.0,3522200.0,4496600.0,2624100.0,193800.0,777587.0,12977300.0,8814500.0,3951600.0,3307800.0,1888900.0,941100.0,1380600.0,1011000.0,807500.0
20231026101114000,SSE,SSE.ETF.588080,0.864,0.864,0.869,0.861,0.0,1.043,0.695,228453103.0,10282.0,228453103.0,10282.0,0.0,0.0,20231026,20231026,101114000,0.869,0.0,0.0,0.863,0.862,0.861,0.86,0.859,0.858,0.857,0.856,0.855,0.854,0.864,0.865,0.866,0.867,0.868,0.869,0.87,0.871,0.872,0.873,7582530.0,19315200.0,15282200.0,9272500.0,5729300.0,4794700.0,3522200.0,4496600.0,2624100.0,193800.0,765687.0,12978300.0,8814500.0,4441600.0,3272800.0,1888900.0,941100.0,1380600.0,993600.0,807500.0
20231026101117000,SSE,SSE.ETF.588080,0.864,0.864,0.869,0.861,0.0,1.043,0.695,228464421.0,11318.0,228464421.0,11318.0,0.0,0.0,20231026,20231026,101117000,0.869,0.0,0.0,0.863,0.862,0.861,0.86,0.859,0.858,0.857,0.856,0.855,0.854,0.864,0.865,0.866,0.867,0.868,0.869,0.87,0.871,0.872,0.873,7582530.0,19127700.0,15282200.0,9282500.0,5729300.0,4764700.0,3522200.0,4496600.0,2624100.0,193800.0,902587.0,12978300.0,8814500.0,4201600.0,3272800.0,1888900.0,941100.0,1380600.0,993600.0,807500.0
20231026101120000,SSE,SSE.ETF.588080,0.863,0.864,0.869,0.861,0.0,1.043,0.695,228542437.0,78016.0,228542437.0,78016.0,0.0,0.0,20231026,20231026,101120000,0.869,0.0,0.0,0.863,0.862,0.861,0.86,0.859,0.858,0.857,0.856,0.855,0.854,0.864,0.865,0.866,0.867,0.868,0.869,0.87,0.871,0.872,0.873,7492730.0,19027700.0,15282200.0,9282500.0,5729300.0,4764700.0,3522200.0,4496600.0,2624100.0,193800.0,4017087.0,15977300.0,5814500.0,4201600.0,3272800.0,1888900.0,941100.0,1380600.0,993600.0,807500.0
20231026101123000,SSE,SSE.ETF.588080,0.864,0.864,0.869,0.861,0.0,1.043,0.695,228570430.0,27993.0,228570430.0,27993.0,0.0,0.0,20231026,20231026,101123000,0.869,0.0,0.0,0.863,0.862,0.861,0.86,0.859,0.858,0.857,0.856,0.855,0.854,0.864,0.865,0.866,0.867,0.868,0.869,0.87,0.871,0.872,0.873,4553430.0,21007700.0,16514500.0,9309900.0,5729300.0,4764700.0,3522200.0,4496600.0,2624100.0,193800.0,1991187.0,15977300.0,5593500.0,4192300.0,3012800.0,1888900.0,941100.0,1380600.0,993600.0,807500.0
20231026101126000,SSE,SSE.ETF.588080,0.864,0.864,0.869,0.861,0.0,1.043,0.695,228574837.0,4407.0,228574837.0,4407.0,0.0,0.0,20231026,20231026,101126000,0.869,0.0,0.0,0.863,0.862,0.861,0.86,0.859,0.858,0.857,0.856,0.855,0.854,0.864,0.865,0.866,0.867,0.868,0.869,0.87,0.871,0.872,0.873,4713430.0,22368000.0,15022200.0,9038900.0,5729300.0,4764700.0,3522200.0,4496600.0,2624100.0,193800.0,1986087.0,15977300.0,5333500.0,3961600.0,3012800.0,1888900.0,941100.0,1380600.0,993600.0,807500.0
20231026101129000,SSE,SSE.ETF.588080,0.864,0.864,0.869,0.861,0.0,1.043,0.695,228618555.0,43718.0,228618555.0,43718.0,0.0,0.0,20231026,20231026,101129000,0.869,0.0,0.0,0.863,0.862,0.861,0.86,0.859,0.858,0.857,0.856,0.855,0.854,0.864,0.865,0.866,0.867,0.868,0.869,0.87,0.871,0.872,0.873,7757430.0,19368000.0,15022200.0,9281500.0,5729300.0,4764700.0,3522200.0,4496600.0,2624100.0,193800.0,1735487.0,15877300.0,5324500.0,4117000.0,3272800.0,1888900.0,941100.0,1380600.0,993600.0,807500.0
20231026101132000,SSE,SSE.ETF.588080,0.864,0.864,0.869,0.861,0.0,1.043,0.695,228761806.0,143251.0,228761806.0,143251.0,0.0,0.0,20231026,20231026,101132000,0.869,0.0,0.0,0.863,0.862,0.861,0.86,0.859,0.858,0.857,0.856,0.855,0.854,0.864,0.865,0.866,0.867,0.868,0.869,0.87,0.871,0.872,0.873,13805130.0,19958000.0,9022200.0,9281500.0,5729300.0,4819600.0,3522200.0,4496600.0,2624100.0,193800.0,1079787.0,11637300.0,10055500.0,4117000.0,3074600.0,1888900.0,941100.0,1380600.0,993600.0,807500.0
20231026101135000,SSE,SSE.ETF.588080,0.864,0.864,0.869,0.861,0.0,1.043,0.695,228986446.0,224640.0,228986446.0,224640.0,0.0,0.0,20231026,20231026,101135000,0.869,0.0,0.0,0.863,0.862,0.861,0.86,0.859,0.858,0.857,0.856,0.855,0.854,0.864,0.865,0.866,0.867,0.868,0.869,0.87,0.871,0.872,0.873,13575930.0,19708100.0,9282200.0,9541500.0,5729300.0,4819600.0,3522200.0,4496600.0,2624100.0,193800.0,1079787.0,8897300.0,10155500.0,3857000.0,2814600.0,1888900.0,932100.0,1380600.0,993600.0,807500.0
20231026101138000,SSE,SSE.ETF.588080,0.864,0.864,0.869,0.861,0.0,1.043,0.695,229850446.0,864000.0,229850446.0,864000.0,0.0,0.0,20231026,20231026,101138000,0.869,0.0,0.0,0.864,0.863,0.862,0.861,0.86,0.859,0.858,0.857,0.856,0.855,0.865,0.866,0.867,0.868,0.869,0.87,0.871,0.872,0.873,0.874,1392400.0,14025930.0,18368100.0,8032200.0,9281500.0,5729300.0,4819600.0,3522200.0,4496600.0,2624100.0,8465400.0,16415500.0,3848000.0,2814600.0,1888900.0,932100.0,1380600.0,993600.0,807500.0,458500.0
20231026101141000,SSE,SSE.ETF.588080,0.864,0.864,0.869,0.861,0.0,1.043,0.695,230021691.0,171245.0,230021691.0,171245.0,0.0,0.0,20231026,20231026,101141000,0.869,0.0,0.0,0.864,0.863,0.862,0.861,0.86,0.859,0.858,0.857,0.856,0.855,0.865,0.866,0.867,0.868,0.869,0.87,0.871,0.872,0.873,0.874,1343800.0,14325930.0,20681900.0,5081700.0,9048900.0,5729300.0,4519600.0,3522200.0,4496600.0,2624100.0,10165900.0,14041000.0,4091200.0,3595100.0,2188900.0,932100.0,1380600.0,993600.0,807500.0,458500.0
20231026101144000,SSE,SSE.ETF.588080,0.864,0.864,0.869,0.861,0.0,1.043,0.695,230021691.0,0.0,230021691.0,0.0,0.0,0.0,20231026,20231026,101144000,0.869,0.0,0.0,0.864,0.863,0.862,0.861,0.86,0.859,0.858,0.857,0.856,0.855,0.865,0.866,0.867,0.868,0.869,0.87,0.871,0.872,0.873,0.874,1343800.0,14575930.0,20719400.0,5081700.0,9048900.0,5732300.0,4519600.0,3522200.0,4496600.0,2624100.0,10195900.0,14551100.0,4341200.0,3595100.0,2188900.0,932100.0,1380600.0,993600.0,807500.0,458500.0
20231026101147000,SSE,SSE.ETF.588080,0.865,0.864,0.869,0.861,0.0,1.043,0.695,230108191.0,86500.0,230108191.0,86500.0,0.0,0.0,20231026,20231026,101147000,0.869,0.0,0.0,0.864,0.863,0.862,0.861,0.86,0.859,0.858,0.857,0.856,0.855,0.865,0.866,0.867,0.868,0.869,0.87,0.871,0.872,0.873,0.874,1355800.0,14561930.0,20719400.0,5033100.0,9048900.0,5732300.0,4519600.0,3522200.0,4496600.0,2624100.0,10105900.0,14551100.0,4581200.0,3595100.0,2188900.0,932100.0,1380600.0,993600.0,807500.0,458500.0
20231026101150000,SSE,SSE.ETF.588080,0.865,0.864,0.869,0.861,0.0,1.043,0.695,230108191.0,0.0,230108191.0,0.0,0.0,0.0,20231026,20231026,101150000,0.869,0.0,0.0,0.864,0.863,0.862,0.861,0.86,0.859,0.858,0.857,0.856,0.855,0.865,0.866,0.867,0.868,0.869,0.87,0.871,0.872,0.873,0.874,1241300.0,14321430.0,20498500.0,5285400.0,9048900.0,5732300.0,4519600.0,3522200.0,4496600.0,2624100.0,9595900.0,14041100.0,4831900.0,3624600.0,2188900.0,932100.0,1380600.0,993600.0,807500.0,458500.0
20231026101153000,SSE,SSE.ETF.588080,0.865,0.864,0.869,0.861,0.0,1.043,0.695,230108624.0,433.0,230108624.0,433.0,0.0,0.0,20231026,20231026,101153000,0.869,0.0,0.0,0.864,0.863,0.862,0.861,0.86,0.859,0.858,0.857,0.856,0.855,0.865,0.866,0.867,0.868,0.869,0.87,0.871,0.872,0.873,0.874,1341300.0,14821430.0,20268500.0,5285400.0,9048900.0,5732300.0,4506600.0,3522200.0,4496600.0,2624100.0,13845400.0,10291100.0,4831900.0,3624600.0,2188900.0,932100.0,1380600.0,993600.0,807500.0,458500.0
20231026101156000,SSE,SSE.ETF.588080,0.865,0.864,0.869,0.861,0.0,1.043,0.695,230110786.0,2162.0,230110786.0,2162.0,0.0,0.0,20231026,20231026,101156000,0.869,0.0,0.0,0.864,0.863,0.862,0.861,0.86,0.859,0.858,0.857,0.856,0.855,0.865,0.866,0.867,0.868,0.869,0.87,0.871,0.872,0.873,0.874,1376300.0,14821430.0,20268500.0,5285400.0,9048900.0,5616300.0,4506600.0,3522200.0,4496600.0,2624100.0,13758300.0,7291100.0,5071900.0,3624600.0,2188900.0,932100.0,1380600.0,993600.0,807500.0,458500.0
20231026101159000,SSE,SSE.ETF.588080,0.864,0.864,0.869,0.861,0.0,1.043,0.695,230842509.0,731723.0,230842509.0,731723.0,0.0,0.0,20231026,20231026,101159000,0.869,0.0,0.0,0.863,0.862,0.861,0.86,0.859,0.858,0.857,0.856,0.855,0.854,0.864,0.865,0.866,0.867,0.868,0.869,0.87,0.871,0.872,0.873,14721430.0,20248500.0,6285400.0,9308900.0,5616300.0,4506600.0,3522200.0,4496600.0,2624100.0,193800.0,794000.0,13757300.0,6551100.0,3831900.0,3364600.0,2188900.0,932100.0,1380600.0,993600.0,807500.0
20231026101202000,SSE,SSE.ETF.588080,0.864,0.864,0.869,0.861,0.0,1.043,0.695,230848557.0,6048.0,230848557.0,6048.0,0.0,0.0,20231026,20231026,101202000,0.869,0.0,0.0,0.863,0.862,0.861,0.86,0.859,0.858,0.857,0.856,0.855,0.854,0.864,0.865,0.866,0.867,0.868,0.869,0.87,0.871,0.872,0.873,14020830.0,19358300.0,7049500.0,9556500.0,5616300.0,4506600.0,3522200.0,4496600.0,2624100.0,193800.0,1036800.0,15554000.0,7248600.0,2628000.0,3364600.0,2188900.0,932100.0,1380600.0,993600.0,807500.0
20231026101205000,SSE,SSE.ETF.588080,0.864,0.864,0.869,0.861,0.0,1.043,0.695,230848557.0,0.0,230848557.0,0.0,0.0,0.0,20231026,20231026,101205000,0.869,0.0,0.0,0.863,0.862,0.861,0.86,0.859,0.858,0.857,0.856,0.855,0.854,0.864,0.865,0.866,0.867,0.868,0.869,0.87,0.871,0.872,0.873,8280830.0,19356400.0,13316500.0,9297700.0,5616300.0,4506600.0,3522200.0,4496600.0,2624100.0,193800.0,1046800.0,15831000.0,7521000.0,2878000.0,3214600.0,2188900.0,932100.0,1380600.0,993600.0,807500.0
20231026101208000,SSE,SSE.ETF.588080,0.864,0.864,0.869,0.861,0.0,1.043,0.695,230944201.0,95644.0,230944201.0,95644.0,0.0,0.0,20231026,20231026,101208000,0.869,0.0,0.0,0.863,0.862,0.861,0.86,0.859,0.858,0.857,0.856,0.855,0.854,0.864,0.865,0.866,0.867,0.868,0.869,0.87,0.871,0.872,0.873,8376430.0,19386400.0,13321500.0,9303400.0,5616300.0,4506600.0,3522200.0,4496600.0,2624100.0,193800.0,3419600.0,15831000.0,7511000.0,3118000.0,3299200.0,2188900.0,932100.0,1380600.0,993600.0,807500.0
20231026101211000,SSE,SSE.ETF.588080,0.864,0.864,0.869,0.861,0.0,1.043,0.695,230962345.0,18144.0,230962345.0,18144.0,0.0,0.0,20231026,20231026,101211000,0.869,0.0,0.0,0.863,0.862,0.861,0.86,0.859,0.858,0.857,0.856,0.855,0.854,0.864,0.865,0.866,0.867,0.868,0.869,0.87,0.871,0.872,0.873,8332430.0,19474800.0,13323500.0,9303400.0,5616300.0,4506600.0,3522200.0,4486600.0,2624100.0,193800.0,3398600.0,15831000.0,7511000.0,2859000.0,3299200.0,2188900.0,932100.0,1430600.0,993600.0,807500.0
20231026101214000,SSE,SSE.ETF.588080,0.864,0.864,0.869,0.861,0.0,1.043,0.695,230975823.0,13478.0,230975823.0,13478.0,0.0,0.0,20231026,20231026,101214000,0.869,0.0,0.0,0.863,0.862,0.861,0.86,0.859,0.858,0.857,0.856,0.855,0.854,0.864,0.865,0.866,0.867,0.868,0.869,0.87,0.871,0.872,0.873,5105130.0,21469000.0,13323500.0,9303400.0,5616300.0,4506600.0,3522200.0,4686600.0,2624100.0,193800.0,3384300.0,15341000.0,7511000.0,2859000.0,3299200.0,2188900.0,932100.0,1430600.0,993600.0,807500.0
20231026101217000,SSE,SSE.ETF.588080,0.864,0.864,0.869,0.861,0.0,1.043,0.695,230979365.0,3542.0,230979365.0,3542.0,0.0,0.0,20231026,20231026,101217000,0.869,0.0,0.0,0.863,0.862,0.861,0.86,0.859,0.858,0.857,0.856,0.855,0.854,0.864,0.865,0.866,0.867,0.868,0.869,0.87,0.871,0.872,0.873,4303730.0,21275100.0,14333500.0,9327000.0,5613400.0,4506600.0,3522200.0,4686600.0,2624100.0,193800.0,896700.0,15831000.0,7511000.0,2859000.0,3299200.0,2188900.0,1032100.0,1430600.0,993600.0,807500.0
20231026101220000,SSE,SSE.ETF.588080,0.864,0.864,0.869,0.861,0.0,1.043,0.695,230998785.0,19420.0,230998785.0,19420.0,0.0,0.0,20231026,20231026,101220000,0.869,0.0,0.0,0.863,0.862,0.861,0.86,0.859,0.858,0.857,0.856,0.855,0.854,0.864,0.865,0.866,0.867,0.868,0.869,0.87,0.871,0.872,0.873,4349530.0,21275100.0,13333500.0,9327000.0,5613400.0,4506600.0,3522200.0,4686600.0,2624100.0,193800.0,3377700.0,15591000.0,7751000.0,2859000.0,3299200.0,2188900.0,1032100.0,1430600.0,993600.0,807500.0
20231026101223000,SSE,SSE.ETF.588080,0.863,0.864,0.869,0.861,0.0,1.043,0.695,231094923.0,96138.0,231094923.0,96138.0,0.0,0.0,20231026,20231026,101223000,0.869,0.0,0.0,0.863,0.862,0.861,0.86,0.859,0.858,0.857,0.856,0.855,0.854,0.864,0.865,0.866,0.867,0.868,0.869,0.87,0.871,0.872,0.873,4247330.0,22025100.0,13341500.0,9327000.0,5613400.0,4506600.0,3522200.0,4686600.0,2624100.0,193800.0,1401100.0,15341000.0,7261000.0,2859000.0,3299200.0,2188900.0,1032100.0,1430600.0,993600.0,807500.0
20231026101226000,SSE,SSE.ETF.588080,0.864,0.864,0.869,0.861,0.0,1.043,0.695,231095096.0,173.0,231095096.0,173.0,0.0,0.0,20231026,20231026,101226000,0.869,0.0,0.0,0.863,0.862,0.861,0.86,0.859,0.858,0.857,0.856,0.855,0.854,0.864,0.865,0.866,0.867,0.868,0.869,0.87,0.871,0.872,0.873,4247330.0,21275100.0,14563800.0,9094400.0,5613400.0,4490400.0,3522200.0,4686600.0,2624100.0,193800.0,910900.0,15591500.0,7520000.0,3089700.0,3299200.0,2188900.0,1032100.0,1430600.0,993600.0,865500.0
20231026101229000,SSE,SSE.ETF.588080,0.864,0.864,0.869,0.861,0.0,1.043,0.695,231095096.0,0.0,231095096.0,0.0,0.0,0.0,20231026,20231026,101229000,0.869,0.0,0.0,0.863,0.862,0.861,0.86,0.859,0.858,0.857,0.856,0.855,0.854,0.864,0.865,0.866,0.867,0.868,0.869,0.87,0.871,0.872,0.873,4250730.0,19675100.0,13341500.0,9327000.0,5626800.0,4490400.0,3522200.0,4686600.0,2624100.0,193800.0,910900.0,15611500.0,7991000.0,2859000.0,3299200.0,2188900.0,1032100.0,1430600.0,993600.0,865500.0
20231026101232000,SSE,SSE.ETF.588080,0.864,0.864,0.869,0.861,0.0,1.043,0.695,231243108.0,148012.0,231243108.0,148012.0,0.0,0.0,20231026,20231026,101232000,0.869,0.0,0.0,0.863,0.862,0.861,0.86,0.859,0.858,0.857,0.856,0.855,0.854,0.864,0.865,0.866,0.867,0.868,0.869,0.87,0.871,0.872,0.873,7081030.0,19635100.0,13341500.0,9327000.0,5626800.0,4490400.0,3522200.0,4686600.0,2624100.0,193800.0,903400.0,15611500.0,7751000.0,2859000.0,3299200.0,2188900.0,1032100.0,1430600.0,993600.0,865500.0
20231026101235000,SSE,SSE.ETF.588080,0.863,0.864,0.869,0.861,0.0,1.043,0.695,231291385.0,48277.0,231291385.0,48277.0,0.0,0.0,20231026,20231026,101235000,0.869,0.0,0.0,0.863,0.862,0.861,0.86,0.859,0.858,0.857,0.856,0.855,0.854,0.864,0.865,0.866,0.867,0.868,0.869,0.87,0.871,0.872,0.873,6823130.0,19385100.0,13341500.0,9337000.0,5626800.0,4489700.0,3522200.0,4686600.0,2624100.0,193800.0,798400.0,15111500.0,7751000.0,2859000.0,3299200.0,2188900.0,1042100.0,1430600.0,993600.0,865500.0
20231026101238000,SSE,SSE.ETF.588080,0.863,0.864,0.869,0.861,0.0,1.043,0.695,231291385.0,0.0,231291385.0,0.0,0.0,0.0,20231026,20231026,101238000,0.869,0.0,0.0,0.863,0.862,0.861,0.86,0.859,0.858,0.857,0.856,0.855,0.854,0.864,0.865,0.866,0.867,0.868,0.869,0.87,0.871,0.872,0.873,6823130.0,20125100.0,13590300.0,9104400.0,5626800.0,4489700.0,3522200.0,4686600.0,2624100.0,193800.0,798400.0,15611500.0,7760000.0,3089700.0,3214600.0,2188900.0,1042100.0,1430600.0,993600.0,865500.0
20231026101241000,SSE,SSE.ETF.588080,0.864,0.864,0.869,0.861,0.0,1.043,0.695,231300025.0,8640.0,231300025.0,8640.0,0.0,0.0,20231026,20231026,101241000,0.869,0.0,0.0,0.863,0.862,0.861,0.86,0.859,0.858,0.857,0.856,0.855,0.854,0.864,0.865,0.866,0.867,0.868,0.869,0.87,0.871,0.872,0.873,7213130.0,19585600.0,13590300.0,9104400.0,5626800.0,4489700.0,3522200.0,4686600.0,2624100.0,193800.0,788400.0,15671500.0,7520000.0,2829700.0,3214600.0,2188900.0,1042100.0,1430600.0,993600.0,865500.0
20231026101244000,SSE,SSE.ETF.588080,0.864,0.864,0.869,0.861,0.0,1.043,0.695,231300025.0,0.0,231300025.0,0.0,0.0,0.0,20231026,20231026,101244000,0.869,0.0,0.0,0.863,0.862,0.861,0.86,0.859,0.858,0.857,0.856,0.855,0.854,0.864,0.865,0.866,0.867,0.868,0.869,0.87,0.871,0.872,0.873,7418530.0,18085600.0,14358000.0,9347000.0,5626800.0,4489700.0,3522200.0,4686600.0,2624100.0,193800.0,808400.0,15171500.0,7835600.0,2599000.0,3214600.0,2188900.0,1042100.0,1430600.0,993600.0,865500.0
20231026101247000,SSE,SSE.ETF.588080,0.864,0.864,0.869,0.861,0.0,1.043,0.695,231300025.0,0.0,231300025.0,0.0,0.0,0.0,20231026,20231026,101247000,0.869,0.0,0.0,0.863,0.862,0.861,0.86,0.859,0.858,0.857,0.856,0.855,0.854,0.864,0.865,0.866,0.867,0.868,0.869,0.87,0.871,0.872,0.873,7555530.0,18575500.0,13473000.0,9347000.0,5626800.0,4489700.0,3522200.0,4686600.0,2624100.0,193800.0,808400.0,15411500.0,8075600.0,2859000.0,3214600.0,2188900.0,1042100.0,1430600.0,993600.0,865500.0
20231026101250000,SSE,SSE.ETF.588080,0.864,0.864,0.869,0.861,0.0,1.043,0.695,231300025.0,0.0,231300025.0,0.0,0.0,0.0,20231026,20231026,101250000,0.869,0.0,0.0,0.863,0.862,0.861,0.86,0.859,0.858,0.857,0.856,0.855,0.854,0.864,0.865,0.866,0.867,0.868,0.869,0.87,0.871,0.872,0.873,7655530.0,19235500.0,13473000.0,9321000.0,5626800.0,4489700.0,3522200.0,4686600.0,2620500.0,193800.0,808400.0,15411500.0,7835600.0,2859000.0,3214600.0,2188900.0,1042100.0,1430600.0,993600.0,865500.0
20231026101253000,SSE,SSE.ETF.588080,0.863,0.864,0.869,0.861,0.0,1.043,0.695,231328103.0,28078.0,231328103.0,28078.0,0.0,0.0,20231026,20231026,101253000,0.869,0.0,0.0,0.863,0.862,0.861,0.86,0.859,0.858,0.857,0.856,0.855,0.854,0.864,0.865,0.866,0.867,0.868,0.869,0.87,0.871,0.872,0.873,7430230.0,19485500.0,13473100.0,9321000.0,5626800.0,4489700.0,3522200.0,4686600.0,2618100.0,193800.0,3520900.0,15671500.0,7575600.0,2599000.0,3214600.0,2188900.0,1042100.0,1430600.0,993600.0,865500.0
20231026101256000,SSE,SSE.ETF.588080,0.864,0.864,0.869,0.861,0.0,1.043,0.695,231336743.0,8640.0,231336743.0,8640.0,0.0,0.0,20231026,20231026,101256000,0.869,0.0,0.0,0.863,0.862,0.861,0.86,0.859,0.858,0.857,0.856,0.855,0.854,0.864,0.865,0.866,0.867,0.868,0.869,0.87,0.871,0.872,0.873,7430230.0,19725500.0,13904200.0,9089500.0,5626800.0,4489700.0,3522200.0,4686600.0,2618100.0,193800.0,3615900.0,15671500.0,7584600.0,2829700.0,3214600.0,2188900.0,1042100.0,1430600.0,993600.0,865500.0
20231026101259000,SSE,SSE.ETF.588080,0.864,0.864,0.869,0.861,0.0,1.043,0.695,231336743.0,0.0,231336743.0,0.0,0.0,0.0,20231026,20231026,101259000,0.869,0.0,0.0,0.863,0.862,0.861,0.86,0.859,0.858,0.857,0.856,0.855,0.854,0.864,0.865,0.866,0.867,0.868,0.869,0.87,0.871,0.872,0.873,7430230.0,19235500.0,13675900.0,9322000.0,5626800.0,4489700.0,3522200.0,4686600.0,2618100.0,193800.0,878200.0,15971500.0,7835600.0,2599000.0,3214600.0,2188900.0,1042100.0,1430600.0,993600.0,865500.0
20231026101302000,SSE,SSE.ETF.588080,0.864,0.864,0.869,0.861,0.0,1.043,0.695,231345383.0,8640.0,231345383.0,8640.0,0.0,0.0,20231026,20231026,101302000,0.869,0.0,0.0,0.863,0.862,0.861,0.86,0.859,0.858,0.857,0.856,0.855,0.854,0.864,0.865,0.866,0.867,0.868,0.869,0.87,0.871,0.872,0.873,7430230.0,19297500.0,13675900.0,9322000.0,5626800.0,4500700.0,3522200.0,4686500.0,2618100.0,193800.0,868200.0,15611500.0,7835600.0,2859000.0,3214600.0,2188900.0,1042100.0,1430600.0,993600.0,865500.0
20231026101305000,SSE,SSE.ETF.588080,0.864,0.864,0.869,0.861,0.0,1.043,0.695,231447156.0,101773.0,231447156.0,101773.0,0.0,0.0,20231026,20231026,101305000,0.869,0.0,0.0,0.863,0.862,0.861,0.86,0.859,0.858,0.857,0.856,0.855,0.854,0.864,0.865,0.866,0.867,0.868,0.869,0.87,0.871,0.872,0.873,7697800.0,19537500.0,13675900.0,9322000.0,5626800.0,4500600.0,3522200.0,4686500.0,2618100.0,193800.0,3386700.0,15611500.0,8075600.0,2859000.0,3214600.0,2188900.0,1042100.0,1430600.0,993600.0,865500.0
20231026101308000,SSE,SSE.ETF.588080,0.864,0.864,0.869,0.861,0.0,1.043,0.695,231494157.0,47001.0,231494157.0,47001.0,0.0,0.0,20231026,20231026,101308000,0.869,0.0,0.0,0.863,0.862,0.861,0.86,0.859,0.858,0.857,0.856,0.855,0.854,0.864,0.865,0.866,0.867,0.868,0.869,0.87,0.871,0.872,0.873,7359000.0,19047500.0,13699100.0,9322000.0,5626800.0,4500600.0,3522200.0,4686500.0,2618100.0,193800.0,843000.0,15111500.0,7835600.0,2859000.0,3214600.0,2188900.0,1042100.0,1430600.0,993600.0,865500.0
20231026101311000,SSE,SSE.ETF.588080,0.864,0.864,0.869,0.861,0.0,1.043,0.695,231511763.0,17606.0,231511763.0,17606.0,0.0,0.0,20231026,20231026,101311000,0.869,0.0,0.0,0.863,0.862,0.861,0.86,0.859,0.858,0.857,0.856,0.855,0.854,0.864,0.865,0.866,0.867,0.868,0.869,0.87,0.871,0.872,0.873,7589000.0,19297500.0,13699100.0,9322000.0,5626900.0,4495600.0,3522200.0,4686500.0,2618100.0,193800.0,842600.0,15871500.0,7835600.0,2599000.0,3214600.0,2188900.0,1042100.0,1430600.0,993600.0,865500.0
20231026101314000,SSE,SSE.ETF.588080,0.864,0.864,0.869,0.861,0.0,1.043,0.695,231523427.0,11664.0,231523427.0,11664.0,0.0,0.0,20231026,20231026,101314000,0.869,0.0,0.0,0.863,0.862,0.861,0.86,0.859,0.858,0.857,0.856,0.855,0.854,0.864,0.865,0.866,0.867,0.868,0.869,0.87,0.871,0.872,0.873,7939000.0,19537500.0,13699100.0,9322000.0,5626900.0,4484600.0,3522200.0,4688500.0,2618100.0,193800.0,829100.0,15871500.0,7605600.0,2839000.0,3214600.0,2188900.0,1042100.0,1430600.0,993600.0,865500.0
20231026101317000,SSE,SSE.ETF.588080,0.864,0.864,0.869,0.861,0.0,1.043,0.695,231523427.0,0.0,231523427.0,0.0,0.0,0.0,20231026,20231026,101317000,0.869,0.0,0.0,0.863,0.862,0.861,0.86,0.859,0.858,0.857,0.856,0.855,0.854,0.864,0.865,0.866,0.867,0.868,0.869,0.87,0.871,0.872,0.873,8239000.0,19299000.0,13717900.0,9322000.0,5613900.0,4484600.0,3522200.0,4688500.0,2618100.0,193800.0,829100.0,15611500.0,7605600.0,3099000.0,3214600.0,2188900.0,1042100.0,1430600.0,993600.0,865500.0
20231026101320000,SSE,SSE.ETF.588080,0.864,0.864,0.869,0.861,0.0,1.043,0.695,231532067.0,8640.0,231532067.0,8640.0,0.0,0.0,20231026,20231026,101320000,0.869,0.0,0.0,0.863,0.862,0.861,0.86,0.859,0.858,0.857,0.856,0.855,0.854,0.864,0.865,0.866,0.867,0.868,0.869,0.87,0.871,0.872,0.873,8239000.0,19329000.0,13727900.0,9322000.0,5613900.0,4484600.0,3522300.0,4688500.0,2618100.0,193800.0,819100.0,15611500.0,7605600.0,3099000.0,3214600.0,2188900.0,1042100.0,1430600.0,993600.0,865500.0
20231026101323000,SSE,SSE.ETF.588080,0.864,0.864,0.869,0.861,0.0,1.043,0.695,231538979.0,6912.0,231538979.0,6912.0,0.0,0.0,20231026,20231026,101323000,0.869,0.0,0.0,0.863,0.862,0.861,0.86,0.859,0.858,0.857,0.856,0.855,0.854,0.864,0.865,0.866,0.867,0.868,0.869,0.87,0.871,0.872,0.873,8519000.0,19569000.0,13727900.0,9322000.0,5613900.0,4484600.0,3522300.0,4686200.0,2618100.0,193800.0,811100.0,15611500.0,7605600.0,3289000.0,3214600.0,2188900.0,1042100.0,1430600.0,993600.0,865500.0
20231026101326000,SSE,SSE.ETF.588080,0.864,0.864,0.869,0.861,0.0,1.043,0.695,231623997.0,85018.0,231623997.0,85018.0,0.0,0.0,20231026,20231026,101326000,0.869,0.0,0.0,0.863,0.862,0.861,0.86,0.859,0.858,0.857,0.856,0.855,0.854,0.864,0.865,0.866,0.867,0.868,0.869,0.87,0.871,0.872,0.873,8540900.0,19329000.0,13727900.0,9322000.0,5613900.0,4484600.0,3522300.0,4686200.0,2618100.0,193800.0,528100.0,15871500.0,7605600.0,3789000.0,3214600.0,2188900.0,1042100.0,1430600.0,993600.0,865500.0
20231026101329000,SSE,SSE.ETF.588080,0.864,0.864,0.869,0.861,0.0,1.043,0.695,231671776.0,47779.0,231671776.0,47779.0,0.0,0.0,20231026,20231026,101329000,0.869,0.0,0.0,0.863,0.862,0.861,0.86,0.859,0.858,0.857,0.856,0.855,0.854,0.864,0.865,0.866,0.867,0.868,0.869,0.87,0.871,0.872,0.873,8541500.0,19329000.0,13727900.0,9322000.0,5613900.0,4484600.0,3522300.0,4686200.0,2618100.0,193800.0,323000.0,15890500.0,7605600.0,3789000.0,3214600.0,2188900.0,1042100.0,1430600.0,993600.0,865500.0
20231026101332000,SSE,SSE.ETF.588080,0.864,0.864,0.869,0.861,0.0,1.043,0.695,231724724.0,52948.0,231724724.0,52948.0,0.0,0.0,20231026,20231026,101332000,0.869,0.0,0.0,0.863,0.862,0.861,0.86,0.859,0.858,0.857,0.856,0.855,0.854,0.864,0.865,0.866,0.867,0.868,0.869,0.87,0.871,0.872,0.873,5279400.0,22319000.0,13729900.0,9322000.0,5613900.0,4484600.0,3522300.0,4686200.0,2618100.0,193800.0,322500.0,15130500.0,7605600.0,4289000.0,3214600.0,2188900.0,1042100.0,1430600.0,993600.0,865500.0
20231026101335000,SSE,SSE.ETF.588080,0.864,0.864,0.869,0.861,0.0,1.043,0.695,231856138.0,131414.0,231856138.0,131414.0,0.0,0.0,20231026,20231026,101335000,0.869,0.0,0.0,0.863,0.862,0.861,0.86,0.859,0.858,0.857,0.856,0.855,0.854,0.864,0.865,0.866,0.867,0.868,0.869,0.87,0.871,0.872,0.873,5281100.0,22581400.0,13742900.0,9322000.0,5613900.0,4484600.0,3522300.0,4686200.0,2618100.0,193800.0,200400.0,15630500.0,7845600.0,3809000.0,3214600.0,2188900.0,1042100.0,1430600.0,993600.0,865500.0
20231026101338000,SSE,SSE.ETF.588080,0.864,0.864,0.869,0.861,0.0,1.043,0.695,231884650.0,28512.0,231884650.0,28512.0,0.0,0.0,20231026,20231026,101338000,0.869,0.0,0.0,0.863,0.862,0.861,0.86,0.859,0.858,0.857,0.856,0.855,0.854,0.864,0.865,0.866,0.867,0.868,0.869,0.87,0.871,0.872,0.873,5293100.0,21581700.0,13742900.0,9322000.0,5613900.0,4484600.0,3522300.0,4686200.0,2618100.0,193800.0,167400.0,15636500.0,7845600.0,3809000.0,3214600.0,2188900.0,1042100.0,1430600.0,993600.0,865500.0
20231026101341000,SSE,SSE.ETF.588080,0.863,0.864,0.869,0.861,0.0,1.043,0.695,231920206.0,35556.0,231920206.0,35556.0,0.0,0.0,20231026,20231026,101341000,0.869,0.0,0.0,0.863,0.862,0.861,0.86,0.859,0.858,0.857,0.856,0.855,0.854,0.864,0.865,0.866,0.867,0.868,0.869,0.87,0.871,0.872,0.873,5251900.0,21821700.0,14742900.0,9333300.0,5613900.0,4484600.0,3522300.0,4686200.0,2618100.0,193800.0,2806800.0,15896500.0,7585600.0,3549000.0,3214600.0,2188900.0,1042100.0,1430600.0,993600.0,865500.0
20231026101344000,SSE,SSE.ETF.588080,0.863,0.864,0.869,0.861,0.0,1.043,0.695,232077790.0,157584.0,232077790.0,157584.0,0.0,0.0,20231026,20231026,101344000,0.869,0.0,0.0,0.863,0.862,0.861,0.86,0.859,0.858,0.857,0.856,0.855,0.854,0.864,0.865,0.866,0.867,0.868,0.869,0.87,0.871,0.872,0.873,4819600.0,21341700.0,15215200.0,9105700.0,5613900.0,4484600.0,3522300.0,4686200.0,2618100.0,193800.0,922700.0,15896500.0,6864600.0,3779700.0,3214600.0,2188900.0,1042100.0,1430600.0,993600.0,865500.0
20231026101347000,SSE,SSE.ETF.588080,0.863,0.864,0.869,0.861,0.0,1.043,0.695,232077790.0,0.0,232077790.0,0.0,0.0,0.0,20231026,20231026,101347000,0.869,0.0,0.0,0.863,0.862,0.861,0.86,0.859,0.858,0.857,0.856,0.855,0.854,0.864,0.865,0.866,0.867,0.868,0.869,0.87,0.871,0.872,0.873,4569600.0,18341700.0,15215200.0,9355700.0,5613900.0,4484600.0,3522300.0,4686200.0,2618100.0,193800.0,2784000.0,15896500.0,7594600.0,3529700.0,3214600.0,2188900.0,1042100.0,1430600.0,993600.0,865500.0
20231026101350000,SSE,SSE.ETF.588080,0.863,0.864,0.869,0.861,0.0,1.043,0.695,232077790.0,0.0,232077790.0,0.0,0.0,0.0,20231026,20231026,101350000,0.869,0.0,0.0,0.863,0.862,0.861,0.86,0.859,0.858,0.857,0.856,0.855,0.854,0.864,0.865,0.866,0.867,0.868,0.869,0.87,0.871,0.872,0.873,4270400.0,18641700.0,15215200.0,9105700.0,5613900.0,4484600.0,3522300.0,4686200.0,2618100.0,193800.0,3024000.0,16196500.0,6564600.0,3779700.0,3214600.0,2188900.0,1042100.0,1430600.0,993600.0,865500.0
20231026101426000,SSE,SSE.ETF.588080,0.862,0.864,0.869,0.861,0.0,1.043,0.695,234630352.0,8620.0,234630352.0,8620.0,0.0,0.0,20231026,20231026,101426000,0.869,0.0,0.0,0.862,0.861,0.86,0.859,0.858,0.857,0.856,0.855,0.854,0.853,0.863,0.864,0.865,0.866,0.867,0.868,0.869,0.87,0.871,0.872,5308600.0,18174900.0,19460600.0,6666800.0,4744600.0,3522300.0,4686200.0,2618100.0,193800.0,300900.0,14929400.0,5783200.0,5241100.0,2866500.0,1899900.0,3114600.0,1888900.0,1042100.0,1430600.0,993600.0
20231026101429000,SSE,SSE.ETF.588080,0.862,0.864,0.869,0.861,0.0,1.043,0.695,234635869.0,5517.0,234635869.0,5517.0,0.0,0.0,20231026,20231026,101429000,0.869,0.0,0.0,0.862,0.861,0.86,0.859,0.858,0.857,0.856,0.855,0.854,0.853,0.863,0.864,0.865,0.866,0.867,0.868,0.869,0.87,0.871,0.872,4845200.0,11838000.0,19933200.0,12433900.0,4744600.0,3522300.0,4686200.0,2618100.0,193800.0,300900.0,14099300.0,6533200.0,5334400.0,2847500.0,1899900.0,3114600.0,1888900.0,1042100.0,1430600.0,993600.0
20231026101432000,SSE,SSE.ETF.588080,0.863,0.864,0.869,0.861,0.0,1.043,0.695,234722169.0,86300.0,234722169.0,86300.0,0.0,0.0,20231026,20231026,101432000,0.869,0.0,0.0,0.862,0.861,0.86,0.859,0.858,0.857,0.856,0.855,0.854,0.853,0.863,0.864,0.865,0.866,0.867,0.868,0.869,0.87,0.871,0.872,4871700.0,11945000.0,20173700.0,12673900.0,4664600.0,3522300.0,4686200.0,2618100.0,193800.0,300900.0,14399300.0,6783200.0,5344400.0,2847500.0,1899900.0,3114600.0,1888900.0,1042100.0,1430600.0,993600.0
20231026101435000,SSE,SSE.ETF.588080,0.862,0.864,0.869,0.861,0.0,1.043,0.695,234756649.0,34480.0,234756649.0,34480.0,0.0,0.0,20231026,20231026,101435000,0.869,0.0,0.0,0.862,0.861,0.86,0.859,0.858,0.857,0.856,0.855,0.854,0.853,0.863,0.864,0.865,0.866,0.867,0.868,0.869,0.87,0.871,0.872,4831900.0,12233400.0,19961100.0,12906800.0,4664600.0,3522300.0,4686200.0,2618600.0,193800.0,300900.0,14399300.0,6777900.0,5575700.0,2616500.0,1899900.0,3114600.0,1888900.0,1042100.0,1430600.0,993600.0
20231026101438000,SSE,SSE.ETF.588080,0.862,0.864,0.869,0.861,0.0,1.043,0.695,234763804.0,7155.0,234763804.0,7155.0,0.0,0.0,20231026,20231026,101438000,0.869,0.0,0.0,0.862,0.861,0.86,0.859,0.858,0.857,0.856,0.855,0.854,0.853,0.863,0.864,0.865,0.866,0.867,0.868,0.869,0.87,0.871,0.872,4793600.0,12491200.0,20204100.0,12423900.0,4667000.0,3522300.0,4882700.0,2618600.0,192200.0,300900.0,14399300.0,6777900.0,5584400.0,2847500.0,1899900.0,3114600.0,1888900.0,1042100.0,1430600.0,993600.0
20231026101441000,SSE,SSE.ETF.588080,0.862,0.864,0.869,0.861,0.0,1.043,0.695,234802680.0,38876.0,234802680.0,38876.0,0.0,0.0,20231026,20231026,101441000,0.869,0.0,0.0,0.862,0.861,0.86,0.859,0.858,0.857,0.856,0.855,0.854,0.853,0.863,0.864,0.865,0.866,0.867,0.868,0.869,0.87,0.871,0.872,5238500.0,12272200.0,19954100.0,6673900.0,4667000.0,3522300.0,4882700.0,2618600.0,192200.0,300900.0,14399300.0,6777900.0,5344400.0,2847500.0,1899900.0,3114600.0,1888900.0,1042100.0,1430600.0,993600.0
20231026101444000,SSE,SSE.ETF.588080,0.862,0.864,0.869,0.861,0.0,1.043,0.695,234809835.0,7155.0,234809835.0,7155.0,0.0,0.0,20231026,20231026,101444000,0.869,0.0,0.0,0.862,0.861,0.86,0.859,0.858,0.857,0.856,0.855,0.854,0.853,0.863,0.864,0.865,0.866,0.867,0.868,0.869,0.87,0.871,0.872,4761800.0,18020200.0,20062800.0,6683900.0,4937300.0,3522300.0,4907700.0,2618600.0,192200.0,300900.0,14749300.0,5777900.0,5354400.0,2847500.0,1899900.0,3114600.0,1888900.0,1042100.0,1430600.0,993600.0
20231026101447000,SSE,SSE.ETF.588080,0.863,0.864,0.869,0.861,0.0,1.043,0.695,234814318.0,4483.0,234814318.0,4483.0,0.0,0.0,20231026,20231026,101447000,0.869,0.0,0.0,0.862,0.861,0.86,0.859,0.858,0.857,0.856,0.855,0.854,0.853,0.863,0.864,0.865,0.866,0.867,0.868,0.869,0.87,0.871,0.872,4813400.0,12270200.0,20062600.0,12683900.0,4947300.0,3522300.0,4907700.0,2618600.0,192200.0,300900.0,13998600.0,6819800.0,5594400.0,2847500.0,1899900.0,3117200.0,1888900.0,1042100.0,1430600.0,993600.0
20231026101450000,SSE,SSE.ETF.588080,0.862,0.864,0.869,0.861,0.0,1.043,0.695,234819059.0,4741.0,234819059.0,4741.0,0.0,0.0,20231026,20231026,101450000,0.869,0.0,0.0,0.862,0.861,0.86,0.859,0.858,0.857,0.856,0.855,0.854,0.853,0.863,0.864,0.865,0.866,0.867,0.868,0.869,0.87,0.871,0.872,4904900.0,12280700.0,20335500.0,12906800.0,4687300.0,3522300.0,4907700.0,2618600.0,192200.0,300900.0,14198100.0,6819800.0,5585700.0,2616500.0,1899900.0,3117200.0,1888900.0,1042100.0,1430600.0,993600.0
20231026101453000,SSE,SSE.ETF.588080,0.862,0.864,0.869,0.861,0.0,1.043,0.695,234819059.0,0.0,234819059.0,0.0,0.0,0.0,20231026,20231026,101453000,0.869,0.0,0.0,0.862,0.861,0.86,0.859,0.858,0.857,0.856,0.855,0.854,0.853,0.863,0.864,0.865,0.866,0.867,0.868,0.869,0.87,0.871,0.872,4821900.0,12530700.0,20333100.0,12423900.0,4687300.0,3522300.0,4907700.0,2618600.0,192200.0,300900.0,14198100.0,6819800.0,5354400.0,2847500.0,1899900.0,3117200.0,1888900.0,1042100.0,1430600.0,993600.0
20231026101456000,SSE,SSE.ETF.588080,0.862,0.864,0.869,0.861,0.0,1.043,0.695,235099382.0,280323.0,235099382.0,280323.0,0.0,0.0,20231026,20231026,101456000,0.869,0.0,0.0,0.862,0.861,0.86,0.859,0.858,0.857,0.856,0.855,0.854,0.853,0.863,0.864,0.865,0.866,0.867,0.868,0.869,0.87,0.871,0.872,5016700.0,18525700.0,19959100.0,6423900.0,4687300.0,3522300.0,4907700.0,2618600.0,192200.0,300900.0,11198100.0,9559800.0,5354400.0,2847500.0,1899900.0,3117200.0,1888900.0,1042100.0,1430600.0,993600.0
20231026101459000,SSE,SSE.ETF.588080,0.863,0.864,0.869,0.861,0.0,1.043,0.695,235099986.0,604.0,235099986.0,604.0,0.0,0.0,20231026,20231026,101459000,0.869,0.0,0.0,0.862,0.861,0.86,0.859,0.858,0.857,0.856,0.855,0.854,0.853,0.863,0.864,0.865,0.866,0.867,0.868,0.869,0.87,0.871,0.872,5947000.0,19378500.0,19699100.0,5623900.0,4687300.0,3522300.0,4907700.0,2618600.0,192200.0,498100.0,1863900.0,15259800.0,5944400.0,3357500.0,1899900.0,3117200.0,1888900.0,1042100.0,1430600.0,993600.0
20231026101502000,SSE,SSE.ETF.588080,0.863,0.864,0.869,0.861,0.0,1.043,0.695,235100676.0,690.0,235100676.0,690.0,0.0,0.0,20231026,20231026,101502000,0.869,0.0,0.0,0.862,0.861,0.86,0.859,0.858,0.857,0.856,0.855,0.854,0.853,0.863,0.864,0.865,0.866,0.867,0.868,0.869,0.87,0.871,0.872,6456200.0,18290500.0,19716500.0,6106800.0,4682300.0,3522300.0,4907700.0,2618600.0,192200.0,498100.0,1373100.0,14769800.0,6665700.0,3126500.0,1899900.0,3117200.0,1888900.0,1042100.0,1430600.0,993600.0
20231026101505000,SSE,SSE.ETF.588080,0.863,0.864,0.869,0.861,0.0,1.043,0.695,235100676.0,0.0,235100676.0,0.0,0.0,0.0,20231026,20231026,101505000,0.869,0.0,0.0,0.862,0.861,0.86,0.859,0.858,0.857,0.856,0.855,0.854,0.853,0.863,0.864,0.865,0.866,0.867,0.868,0.869,0.87,0.871,0.872,5962300.0,18790500.0,19716500.0,6106800.0,4702300.0,3522300.0,4907700.0,2618600.0,192200.0,498100.0,4106600.0,15279800.0,6405700.0,2866500.0,1899900.0,3117200.0,1893100.0,1042100.0,1430600.0,993600.0
20231026101508000,SSE,SSE.ETF.588080,0.863,0.864,0.869,0.861,0.0,1.043,0.695,235109306.0,8630.0,235109306.0,8630.0,0.0,0.0,20231026,20231026,101508000,0.869,0.0,0.0,0.862,0.861,0.86,0.859,0.858,0.857,0.856,0.855,0.854,0.853,0.863,0.864,0.865,0.866,0.867,0.868,0.869,0.87,0.871,0.872,9552900.0,17330500.0,18716600.0,5856800.0,4702300.0,3522300.0,4907700.0,2618600.0,192200.0,498100.0,2334300.0,15019800.0,6415700.0,3116500.0,1899900.0,3117200.0,1893100.0,1042100.0,1430600.0,993600.0
20231026101511000,SSE,SSE.ETF.588080,0.863,0.864,0.869,0.861,0.0,1.043,0.695,235145293.0,35987.0,235145293.0,35987.0,0.0,0.0,20231026,20231026,101511000,0.869,0.0,0.0,0.862,0.861,0.86,0.859,0.858,0.857,0.856,0.855,0.854,0.853,0.863,0.864,0.865,0.866,0.867,0.868,0.869,0.87,0.871,0.872,10131900.0,16352500.0,19376600.0,5856800.0,4702300.0,3522300.0,4907700.0,2618600.0,192200.0,498100.0,1802600.0,15019800.0,6665700.0,3376500.0,1899900.0,3117200.0,1893100.0,1042100.0,1430600.0,993600.0
20231026101514000,SSE,SSE.ETF.588080,0.863,0.864,0.869,0.861,0.0,1.043,0.695,235145293.0,0.0,235145293.0,0.0,0.0,0.0,20231026,20231026,101514000,0.869,0.0,0.0,0.862,0.861,0.86,0.859,0.858,0.857,0.856,0.855,0.854,0.853,0.863,0.864,0.865,0.866,0.867,0.868,0.869,0.87,0.871,0.872,10063400.0,15862500.0,19616600.0,5856800.0,4702300.0,3522300.0,4907700.0,2618600.0,192200.0,498100.0,1802600.0,14819800.0,6665700.0,3376500.0,1899900.0,3117200.0,1893100.0,1042100.0,1430600.0,993600.0
20231026101517000,SSE,SSE.ETF.588080,0.863,0.864,0.869,0.861,0.0,1.043,0.695,235187321.0,42028.0,235187321.0,42028.0,0.0,0.0,20231026,20231026,101517000,0.869,0.0,0.0,0.862,0.861,0.86,0.859,0.858,0.857,0.856,0.855,0.854,0.853,0.863,0.864,0.865,0.866,0.867,0.868,0.869,0.87,0.871,0.872,10281200.0,17102500.0,18376600.0,5856800.0,4692300.0,3522300.0,4897700.0,2618600.0,192200.0,498100.0,1760400.0,14719800.0,6425700.0,3616500.0,1899900.0,3117200.0,1893100.0,1042100.0,1430600.0,993600.0
20231026101520000,SSE,SSE.ETF.588080,0.863,0.864,0.869,0.861,0.0,1.043,0.695,235187321.0,0.0,235187321.0,0.0,0.0,0.0,20231026,20231026,101520000,0.869,0.0,0.0,0.862,0.861,0.86,0.859,0.858,0.857,0.856,0.855,0.854,0.853,0.863,0.864,0.865,0.866,0.867,0.868,0.869,0.87,0.871,0.872,10293200.0,17113600.0,18376600.0,5856800.0,4692300.0,3522300.0,4897700.0,2618600.0,192200.0,498100.0,4243900.0,14719800.0,6677700.0,3376500.0,1899900.0,3117200.0,1893100.0,1042100.0,1430600.0,993600.0
20231026101523000,SSE,SSE.ETF.588080,0.862,0.864,0.869,0.861,0.0,1.043,0.695,235250097.0,62776.0,235250097.0,62776.0,0.0,0.0,20231026,20231026,101523000,0.869,0.0,0.0,0.862,0.861,0.86,0.859,0.858,0.857,0.856,0.855,0.854,0.853,0.863,0.864,0.865,0.866,0.867,0.868,0.869,0.87,0.871,0.872,10233200.0,20113600.0,18376600.0,5856800.0,4692300.0,3522300.0,4897700.0,2618600.0,192200.0,498100.0,1738400.0,14719800.0,6677700.0,3376500.0,1899900.0,3117200.0,1893100.0,1042100.0,1430600.0,993600.0
20231026101526000,SSE,SSE.ETF.588080,0.863,0.864,0.869,0.861,0.0,1.043,0.695,235275721.0,25624.0,235275721.0,25624.0,0.0,0.0,20231026,20231026,101526000,0.869,0.0,0.0,0.862,0.861,0.86,0.859,0.858,0.857,0.856,0.855,0.854,0.853,0.863,0.864,0.865,0.866,0.867,0.868,0.869,0.87,0.871,0.872,10213900.0,20357900.0,18609200.0,5623900.0,4692300.0,3522300.0,4896700.0,2618600.0,192200.0,498100.0,1976000.0,14979800.0,6186400.0,3347500.0,1899900.0,3117200.0,1893100.0,1042100.0,1430600.0,993600.0
20231026101529000,SSE,SSE.ETF.588080,0.863,0.864,0.869,0.861,0.0,1.043,0.695,235275721.0,0.0,235275721.0,0.0,0.0,0.0,20231026,20231026,101529000,0.869,0.0,0.0,0.862,0.861,0.86,0.859,0.858,0.857,0.856,0.855,0.854,0.853,0.863,0.864,0.865,0.866,0.867,0.868,0.869,0.87,0.871,0.872,10435500.0,20117900.0,18376600.0,5856800.0,4693300.0,3522300.0,4896700.0,2618600.0,192200.0,498100.0,1716000.0,14719800.0,6917700.0,3376500.0,1899900.0,3117200.0,1893100.0,1042100.0,1430600.0,993600.0
20231026101532000,SSE,SSE.ETF.588080,0.863,0.864,0.869,0.861,0.0,1.043,0.695,235962675.0,686954.0,235962675.0,686954.0,0.0,0.0,20231026,20231026,101532000,0.869,0.0,0.0,0.863,0.862,0.861,0.86,0.859,0.858,0.857,0.856,0.855,0.854,0.864,0.865,0.866,0.867,0.868,0.869,0.87,0.871,0.872,0.873,387300.0,10721200.0,19867900.0,17396600.0,5856800.0,4693300.0,3522300.0,4896700.0,2618600.0,192200.0,17203300.0,6677700.0,3376500.0,1899900.0,3101200.0,1893100.0,1042100.0,1430600.0,993600.0,1105500.0
20231026101535000,SSE,SSE.ETF.588080,0.863,0.864,0.869,0.861,0.0,1.043,0.695,236096354.0,133679.0,236096354.0,133679.0,0.0,0.0,20231026,20231026,101535000,0.869,0.0,0.0,0.862,0.861,0.86,0.859,0.858,0.857,0.856,0.855,0.854,0.853,0.863,0.864,0.865,0.866,0.867,0.868,0.869,0.87,0.871,0.872,11172200.0,20813700.0,17144600.0,5599800.0,4693300.0,3522300.0,4896700.0,2638600.0,192200.0,498100.0,1070000.0,13452800.0,6202600.0,4110000.0,2130600.0,3101200.0,1893100.0,1042100.0,1430600.0,993600.0
20231026101538000,SSE,SSE.ETF.588080,0.863,0.864,0.869,0.861,0.0,1.043,0.695,236119569.0,23215.0,236119569.0,23215.0,0.0,0.0,20231026,20231026,101538000,0.869,0.0,0.0,0.862,0.861,0.86,0.859,0.858,0.857,0.856,0.855,0.854,0.853,0.863,0.864,0.865,0.866,0.867,0.868,0.869,0.87,0.871,0.872,10922200.0,19868600.0,18396400.0,5832700.0,4693300.0,3522300.0,4896700.0,2638600.0,192200.0,498100.0,1192800.0,14769800.0,6667700.0,3376500.0,1899900.0,3101200.0,1893100.0,1042100.0,1430600.0,993600.0
20231026101541000,SSE,SSE.ETF.588080,0.863,0.864,0.869,0.861,0.0,1.043,0.695,236123452.0,3883.0,236123452.0,3883.0,0.0,0.0,20231026,20231026,101541000,0.869,0.0,0.0,0.862,0.861,0.86,0.859,0.858,0.857,0.856,0.855,0.854,0.853,0.863,0.864,0.865,0.866,0.867,0.868,0.869,0.87,0.871,0.872,10954000.0,19883600.0,18398400.0,5832700.0,4693300.0,3522300.0,4896700.0,2638600.0,192200.0,498100.0,1188300.0,14769800.0,6665700.0,3376500.0,1899900.0,3101200.0,1893100.0,1042100.0,1430600.0,993600.0
20231026101544000,SSE,SSE.ETF.588080,0.863,0.864,0.869,0.861,0.0,1.043,0.695,236209752.0,86300.0,236209752.0,86300.0,0.0,0.0,20231026,20231026,101544000,0.869,0.0,0.0,0.862,0.861,0.86,0.859,0.858,0.857,0.856,0.855,0.854,0.853,0.863,0.864,0.865,0.866,0.867,0.868,0.869,0.87,0.871,0.872,10990000.0,20123600.0,18408400.0,5832700.0,4693300.0,3524300.0,4896700.0,2638600.0,192200.0,498100.0,1088300.0,14636700.0,6425700.0,3616500.0,1899900.0,3101200.0,1893100.0,1042100.0,1430600.0,993600.0
20231026101547000,SSE,SSE.ETF.588080,0.863,0.864,0.869,0.861,0.0,1.043,0.695,236632622.0,422870.0,236632622.0,422870.0,0.0,0.0,20231026,20231026,101547000,0.869,0.0,0.0,0.862,0.861,0.86,0.859,0.858,0.857,0.856,0.855,0.854,0.853,0.863,0.864,0.865,0.866,0.867,0.868,0.869,0.87,0.871,0.872,10043400.0,18908000.0,11408400.0,5832700.0,4693300.0,3624300.0,4896700.0,2638600.0,192200.0,498100.0,374600.0,13636700.0,5574800.0,3616500.0,1899900.0,3101200.0,1893100.0,1042100.0,1430600.0,993600.0
20231026101550000,SSE,SSE.ETF.588080,0.863,0.864,0.869,0.861,0.0,1.043,0.695,236955902.0,323280.0,236955902.0,323280.0,0.0,0.0,20231026,20231026,101550000,0.869,0.0,0.0,0.863,0.862,0.861,0.86,0.859,0.858,0.857,0.856,0.855,0.854,0.864,0.865,0.866,0.867,0.868,0.869,0.87,0.871,0.872,0.873,547500.0,16761200.0,19652000.0,12688400.0,6092700.0,4693300.0,3624300.0,4896700.0,2638600.0,192200.0,17120200.0,6574800.0,4616500.0,1899900.0,3101200.0,1893100.0,1042100.0,1430600.0,993600.0,1105500.0
20231026101553000,SSE,SSE.ETF.588080,0.863,0.864,0.869,0.861,0.0,1.043,0.695,237007164.0,51262.0,237007164.0,51262.0,0.0,0.0,20231026,20231026,101553000,0.869,0.0,0.0,0.863,0.862,0.861,0.86,0.859,0.858,0.857,0.856,0.855,0.854,0.864,0.865,0.866,0.867,0.868,0.869,0.87,0.871,0.872,0.873,488100.0,17319600.0,20597800.0,11137600.0,5859800.0,4693300.0,3624300.0,4896700.0,2638600.0,192200.0,15803200.0,6089700.0,5890000.0,2130600.0,3101200.0,1893100.0,1042100.0,1430600.0,993600.0,1105500.0
20231026101556000,SSE,SSE.ETF.588080,0.863,0.864,0.869,0.861,0.0,1.043,0.695,237018297.0,11133.0,237018297.0,11133.0,0.0,0.0,20231026,20231026,101556000,0.869,0.0,0.0,0.863,0.862,0.861,0.86,0.859,0.858,0.857,0.856,0.855,0.854,0.864,0.865,0.866,0.867,0.868,0.869,0.87,0.871,0.872,0.873,522800.0,17319600.0,20635800.0,11137600.0,5859800.0,4693300.0,3624300.0,4896700.0,2638600.0,192200.0,15553200.0,6356700.0,5650000.0,2390600.0,3101200.0,1897100.0,1042100.0,1430600.0,993600.0,1105500.0
20231026101559000,SSE,SSE.ETF.588080,0.863,0.864,0.869,0.861,0.0,1.043,0.695,237032596.0,14299.0,237032596.0,14299.0,0.0,0.0,20231026,20231026,101559000,0.869,0.0,0.0,0.863,0.862,0.861,0.86,0.859,0.858,0.857,0.856,0.855,0.854,0.864,0.865,0.866,0.867,0.868,0.869,0.87,0.871,0.872,0.873,558231.0,17572000.0,20632400.0,10887600.0,5859800.0,4690900.0,3624300.0,4896700.0,2638600.0,192200.0,15803200.0,6356700.0,5400000.0,2390600.0,3101200.0,1897100.0,1042100.0,1430600.0,993600.0,1105500.0
20231026101602000,SSE,SSE.ETF.588080,0.864,0.864,0.869,0.861,0.0,1.043,0.695,237056780.0,24184.0,237056780.0,24184.0,0.0,0.0,20231026,20231026,101602000,0.869,0.0,0.0,0.863,0.862,0.861,0.86,0.859,0.858,0.857,0.856,0.855,0.854,0.864,0.865,0.866,0.867,0.868,0.869,0.87,0.871,0.872,0.873,607631.0,18123600.0,21142400.0,10892600.0,5599800.0,4690900.0,3624300.0,4896700.0,2638600.0,192200.0,9299700.0,10356700.0,5640000.0,2640600.0,3101200.0,1897100.0,1042100.0,1430600.0,993600.0,1105500.0
20231026101605000,SSE,SSE.ETF.588080,0.864,0.864,0.869,0.861,0.0,1.043,0.695,237063001.0,6221.0,237063001.0,6221.0,0.0,0.0,20231026,20231026,101605000,0.869,0.0,0.0,0.863,0.862,0.861,0.86,0.859,0.858,0.857,0.856,0.855,0.854,0.864,0.865,0.866,0.867,0.868,0.869,0.87,0.871,0.872,0.873,619931.0,17440800.0,19842200.0,9892600.0,5599800.0,4690900.0,3624300.0,4896700.0,2638600.0,192200.0,5276100.0,16356700.0,5400000.0,2409900.0,3101200.0,1897100.0,1042100.0,1430600.0,993600.0,1105500.0
20231026101608000,SSE,SSE.ETF.588080,0.863,0.864,0.869,0.861,0.0,1.043,0.695,237330531.0,267530.0,237330531.0,267530.0,0.0,0.0,20231026,20231026,101608000,0.869,0.0,0.0,0.863,0.862,0.861,0.86,0.859,0.858,0.857,0.856,0.855,0.854,0.864,0.865,0.866,0.867,0.868,0.869,0.87,0.871,0.872,0.873,1330831.0,18490800.0,20849200.0,10125200.0,5599800.0,4690900.0,3624300.0,4896700.0,2638600.0,192200.0,5276100.0,16356700.0,5631000.0,2409900.0,3101200.0,1897100.0,1042100.0,1430600.0,993600.0,1105500.0
20231026101611000,SSE,SSE.ETF.588080,0.863,0.864,0.869,0.861,0.0,1.043,0.695,237330531.0,0.0,237330531.0,0.0,0.0,0.0,20231026,20231026,101611000,0.869,0.0,0.0,0.863,0.862,0.861,0.86,0.859,0.858,0.857,0.856,0.855,0.854,0.864,0.865,0.866,0.867,0.868,0.869,0.87,0.871,0.872,0.873,1924931.0,18490800.0,21081500.0,9892600.0,5599800.0,4690900.0,3624300.0,4906700.0,2638600.0,192200.0,5536100.0,16616700.0,5380000.0,2380600.0,3101200.0,1897100.0,1042100.0,1430600.0,993600.0,1105500.0
20231026101614000,SSE,SSE.ETF.588080,0.863,0.864,0.869,0.861,0.0,1.043,0.695,237330531.0,0.0,237330531.0,0.0,0.0,0.0,20231026,20231026,101614000,0.869,0.0,0.0,0.863,0.862,0.861,0.86,0.859,0.858,0.857,0.856,0.855,0.854,0.864,0.865,0.866,0.867,0.868,0.869,0.87,0.871,0.872,0.873,1940331.0,18413100.0,21321500.0,9882600.0,5599800.0,4690900.0,3624300.0,4906700.0,2638600.0,192200.0,5536100.0,16616700.0,5140000.0,2380600.0,3101200.0,1897100.0,1042100.0,1430600.0,993600.0,1105500.0
20231026101617000,SSE,SSE.ETF.588080,0.864,0.864,0.869,0.861,0.0,1.043,0.695,237335801.0,5270.0,237335801.0,5270.0,0.0,0.0,20231026,20231026,101617000,0.869,0.0,0.0,0.863,0.862,0.861,0.86,0.859,0.858,0.857,0.856,0.855,0.854,0.864,0.865,0.866,0.867,0.868,0.869,0.87,0.871,0.872,0.873,2780631.0,17805400.0,20591500.0,9912600.0,5599800.0,4700900.0,3624300.0,4906700.0,2638600.0,192200.0,3046500.0,16066700.0,5440000.0,2380600.0,3101200.0,1897100.0,1042100.0,1430600.0,993600.0,1105500.0
20231026101620000,SSE,SSE.ETF.588080,0.864,0.864,0.869,0.861,0.0,1.043,0.695,237347292.0,11491.0,237347292.0,11491.0,0.0,0.0,20231026,20231026,101620000,0.869,0.0,0.0,0.863,0.862,0.861,0.86,0.859,0.858,0.857,0.856,0.855,0.854,0.864,0.865,0.866,0.867,0.868,0.869,0.87,0.871,0.872,0.873,2813631.0,17590400.0,20359200.0,10145200.0,5599800.0,4620900.0,3624300.0,4906700.0,2638600.0,192200.0,2783200.0,16066700.0,5911000.0,2149900.0,3101200.0,1897100.0,1042100.0,1430600.0,993600.0,1105500.0
20231026101623000,SSE,SSE.ETF.588080,0.863,0.864,0.869,0.861,0.0,1.043,0.695,237392112.0,44820.0,237392112.0,44820.0,0.0,0.0,20231026,20231026,101623000,0.869,0.0,0.0,0.863,0.862,0.861,0.86,0.859,0.858,0.857,0.856,0.855,0.854,0.864,0.865,0.866,0.867,0.868,0.869,0.87,0.871,0.872,0.873,2803931.0,18090400.0,20599200.0,10145200.0,5599800.0,4620900.0,3624300.0,4906700.0,2638600.0,192200.0,3040200.0,16316700.0,5671000.0,2149900.0,3101200.0,1897100.0,1042100.0,1430600.0,993600.0,1105500.0
20231026101626000,SSE,SSE.ETF.588080,0.864,0.864,0.869,0.861,0.0,1.043,0.695,237407318.0,15206.0,237407318.0,15206.0,0.0,0.0,20231026,20231026,101626000,0.869,0.0,0.0,0.863,0.862,0.861,0.86,0.859,0.858,0.857,0.856,0.855,0.854,0.864,0.865,0.866,0.867,0.868,0.869,0.87,0.871,0.872,0.873,3072031.0,18350400.0,20387500.0,9402600.0,5599800.0,4620900.0,3624300.0,4906700.0,2638600.0,192200.0,5256100.0,16320800.0,5440000.0,2380600.0,3101200.0,1897100.0,1042100.0,1430600.0,993600.0,1105500.0
20231026101629000,SSE,SSE.ETF.588080,0.864,0.864,0.869,0.861,0.0,1.043,0.695,237407318.0,0.0,237407318.0,0.0,0.0,0.0,20231026,20231026,101629000,0.869,0.0,0.0,0.863,0.862,0.861,0.86,0.859,0.858,0.857,0.856,0.855,0.854,0.864,0.865,0.866,0.867,0.868,0.869,0.87,0.871,0.872,0.873,3072031.0,18350400.0,20155200.0,9885200.0,5599800.0,4620900.0,3624300.0,4906700.0,2638600.0,192200.0,5506100.0,16320800.0,5911000.0,2149900.0,3101200.0,1897100.0,1042100.0,1430600.0,993600.0,1105500.0
20231026101632000,SSE,SSE.ETF.588080,0.864,0.864,0.869,0.861,0.0,1.043,0.695,237460022.0,52704.0,237460022.0,52704.0,0.0,0.0,20231026,20231026,101632000,0.869,0.0,0.0,0.863,0.862,0.861,0.86,0.859,0.858,0.857,0.856,0.855,0.854,0.864,0.865,0.866,0.867,0.868,0.869,0.87,0.871,0.872,0.873,3395331.0,22894900.0,15915200.0,9640200.0,5599800.0,4620900.0,3624300.0,4906700.0,2638600.0,192200.0,2711600.0,16320800.0,5671000.0,2399900.0,3101200.0,1897100.0,1042100.0,1430600.0,993600.0,1105500.0
20231026101635000,SSE,SSE.ETF.588080,0.864,0.864,0.869,0.861,0.0,1.043,0.695,237505123.0,45101.0,237505123.0,45101.0,0.0,0.0,20231026,20231026,101635000,0.869,0.0,0.0,0.863,0.862,0.861,0.86,0.859,0.858,0.857,0.856,0.855,0.854,0.864,0.865,0.866,0.867,0.868,0.869,0.87,0.871,0.872,0.873,6623131.0,19894900.0,15916200.0,9628600.0,5599800.0,4620900.0,3624300.0,4906700.0,2638600.0,192200.0,2399400.0,16320800.0,5931000.0,2399900.0,3101200.0,1897100.0,1042100.0,1430600.0,993600.0,1105500.0
20231026101638000,SSE,SSE.ETF.588080,0.864,0.864,0.869,0.861,0.0,1.043,0.695,237522403.0,17280.0,237522403.0,17280.0,0.0,0.0,20231026,20231026,101638000,0.869,0.0,0.0,0.863,0.862,0.861,0.86,0.859,0.858,0.857,0.856,0.855,0.854,0.864,0.865,0.866,0.867,0.868,0.869,0.87,0.871,0.872,0.873,7033131.0,19888200.0,15926200.0,9628600.0,5599800.0,4620900.0,3624300.0,4906700.0,2638600.0,192200.0,2529200.0,16060800.0,6171000.0,2659900.0,3101200.0,1897100.0,1042100.0,1430600.0,993600.0,1105500.0
20231026101641000,SSE,SSE.ETF.588080,0.864,0.864,0.869,0.861,0.0,1.043,0.695,237534141.0,11738.0,237534141.0,11738.0,0.0,0.0,20231026,20231026,101641000,0.869,0.0,0.0,0.863,0.862,0.861,0.86,0.859,0.858,0.857,0.856,0.855,0.854,0.864,0.865,0.866,0.867,0.868,0.869,0.87,0.871,0.872,0.873,7021931.0,19888200.0,15926200.0,9628600.0,5599800.0,4620900.0,3624300.0,4916700.0,2638600.0,192200.0,2528200.0,16060800.0,5931000.0,2659900.0,3101200.0,1897100.0,1042100.0,1430600.0,993600.0,1105500.0
20231026101644000,SSE,SSE.ETF.588080,0.864,0.864,0.869,0.861,0.0,1.043,0.695,237534141.0,0.0,237534141.0,0.0,0.0,0.0,20231026,20231026,101644000,0.869,0.0,0.0,0.863,0.862,0.861,0.86,0.859,0.858,0.857,0.856,0.855,0.854,0.864,0.865,0.866,0.867,0.868,0.869,0.87,0.871,0.872,0.873,7028631.0,19621300.0,15926200.0,9608600.0,5599800.0,4620900.0,3624300.0,4916700.0,2638600.0,192200.0,1788200.0,16060800.0,6421000.0,2659900.0,3101200.0,1897100.0,1042100.0,1430600.0,993600.0,1105500.0
20231026101647000,SSE,SSE.ETF.588080,0.864,0.864,0.869,0.861,0.0,1.043,0.695,237536214.0,2073.0,237536214.0,2073.0,0.0,0.0,20231026,20231026,101647000,0.869,0.0,0.0,0.863,0.862,0.861,0.86,0.859,0.858,0.857,0.856,0.855,0.854,0.864,0.865,0.866,0.867,0.868,0.869,0.87,0.871,0.872,0.873,7200431.0,19618300.0,15926200.0,9608600.0,5599800.0,4620900.0,3624300.0,4916700.0,2638600.0,192200.0,2791800.0,16310800.0,6181000.0,2899900.0,3101200.0,1897100.0,1042100.0,1430600.0,993600.0,1105500.0
20231026101650000,SSE,SSE.ETF.588080,0.864,0.864,0.869,0.861,0.0,1.043,0.695,237546323.0,10109.0,237546323.0,10109.0,0.0,0.0,20231026,20231026,101650000,0.869,0.0,0.0,0.863,0.862,0.861,0.86,0.859,0.858,0.857,0.856,0.855,0.854,0.864,0.865,0.866,0.867,0.868,0.869,0.87,0.871,0.872,0.873,7217831.0,19394700.0,15926200.0,9608600.0,6041900.0,4620900.0,3624300.0,4916700.0,2638600.0,192200.0,2780100.0,16210800.0,6181000.0,2899900.0,3101200.0,1897100.0,1042200.0,1430600.0,993600.0,1105500.0
20231026101653000,SSE,SSE.ETF.588080,0.864,0.864,0.869,0.861,0.0,1.043,0.695,237558419.0,12096.0,237558419.0,12096.0,0.0,0.0,20231026,20231026,101653000,0.869,0.0,0.0,0.863,0.862,0.861,0.86,0.859,0.858,0.857,0.856,0.855,0.854,0.864,0.865,0.866,0.867,0.868,0.869,0.87,0.871,0.872,0.873,4237431.0,19407700.0,15926200.0,9608600.0,6041900.0,4620800.0,3624300.0,4916700.0,2638600.0,192200.0,3276100.0,16210800.0,5931000.0,2659900.0,3101200.0,1897100.0,1042200.0,1430600.0,993600.0,1105500.0
20231026101656000,SSE,SSE.ETF.588080,0.864,0.864,0.869,0.861,0.0,1.043,0.695,237563603.0,5184.0,237563603.0,5184.0,0.0,0.0,20231026,20231026,101656000,0.869,0.0,0.0,0.863,0.862,0.861,0.86,0.859,0.858,0.857,0.856,0.855,0.854,0.864,0.865,0.866,0.867,0.868,0.869,0.87,0.871,0.872,0.873,4248231.0,22408300.0,15896800.0,9608600.0,6041900.0,4620800.0,3624300.0,4916700.0,2641600.0,192200.0,5753800.0,15970800.0,6171000.0,2659900.0,3101200.0,1897100.0,1042200.0,1430600.0,993600.0,1105500.0
20231026101659000,SSE,SSE.ETF.588080,0.864,0.864,0.869,0.861,0.0,1.043,0.695,237593757.0,30154.0,237593757.0,30154.0,0.0,0.0,20231026,20231026,101659000,0.869,0.0,0.0,0.863,0.862,0.861,0.86,0.859,0.858,0.857,0.856,0.855,0.854,0.864,0.865,0.866,0.867,0.868,0.869,0.87,0.871,0.872,0.873,4265731.0,22645200.0,15916800.0,9608600.0,6061900.0,4620800.0,3624300.0,4916700.0,2641600.0,192200.0,3535400.0,16234300.0,5911000.0,2399900.0,3101200.0,1897100.0,1042200.0,1430600.0,993600.0,1105500.0
20231026101702000,SSE,SSE.ETF.588080,0.864,0.864,0.869,0.861,0.0,1.043,0.695,237593757.0,0.0,237593757.0,0.0,0.0,0.0,20231026,20231026,101702000,0.869,0.0,0.0,0.863,0.862,0.861,0.86,0.859,0.858,0.857,0.856,0.855,0.854,0.864,0.865,0.866,0.867,0.868,0.869,0.87,0.871,0.872,0.873,4655731.0,22616700.0,15916800.0,9608600.0,6061900.0,4610800.0,3624300.0,4916700.0,2641600.0,192200.0,3275400.0,16234300.0,6171000.0,2399900.0,3101200.0,1897100.0,1042200.0,1430600.0,993600.0,1105500.0
20231026101705000,SSE,SSE.ETF.588080,0.864,0.864,0.869,0.861,0.0,1.043,0.695,237593757.0,0.0,237593757.0,0.0,0.0,0.0,20231026,20231026,101705000,0.869,0.0,0.0,0.863,0.862,0.861,0.86,0.859,0.858,0.857,0.856,0.855,0.854,0.864,0.865,0.866,0.867,0.868,0.869,0.87,0.871,0.872,0.873,7711031.0,19491300.0,15916800.0,9608600.0,6061900.0,4610800.0,3624300.0,4916700.0,2641600.0,192200.0,5758900.0,16234300.0,6171000.0,2399900.0,3101200.0,1897100.0,1042200.0,1430600.0,993600.0,1105500.0
20231026101708000,SSE,SSE.ETF.588080,0.864,0.864,0.869,0.861,0.0,1.043,0.695,238034397.0,440640.0,238034397.0,440640.0,0.0,0.0,20231026,20231026,101708000,0.869,0.0,0.0,0.863,0.862,0.861,0.86,0.859,0.858,0.857,0.856,0.855,0.854,0.864,0.865,0.866,0.867,0.868,0.869,0.87,0.871,0.872,0.873,4187431.0,22791300.0,15916800.0,9608600.0,6061900.0,4610800.0,3624300.0,4916700.0,2641600.0,192200.0,5248900.0,16124300.0,5631000.0,2659900.0,3101200.0,1897100.0,1042200.0,1430600.0,993600.0,1105500.0
20231026101711000,SSE,SSE.ETF.588080,0.864,0.864,0.869,0.861,0.0,1.043,0.695,238034397.0,0.0,238034397.0,0.0,0.0,0.0,20231026,20231026,101711000,0.869,0.0,0.0,0.863,0.862,0.861,0.86,0.859,0.858,0.857,0.856,0.855,0.854,0.864,0.865,0.866,0.867,0.868,0.869,0.87,0.871,0.872,0.873,3697831.0,19181300.0,16916800.0,9608600.0,6066900.0,4610800.0,3624300.0,4917700.0,2641600.0,192200.0,5348900.0,16614300.0,5631000.0,2659900.0,3101200.0,1897100.0,1042200.0,1430600.0,993600.0,1105500.0
20231026101714000,SSE,SSE.ETF.588080,0.864,0.864,0.869,0.861,0.0,1.043,0.695,238043037.0,8640.0,238043037.0,8640.0,0.0,0.0,20231026,20231026,101714000,0.869,0.0,0.0,0.863,0.862,0.861,0.86,0.859,0.858,0.857,0.856,0.855,0.854,0.864,0.865,0.866,0.867,0.868,0.869,0.87,0.871,0.872,0.873,3516531.0,18097500.0,17165600.0,9858600.0,6066900.0,4610800.0,3624300.0,4917700.0,2641600.0,192200.0,6248900.0,16874300.0,5611000.0,2149900.0,3101200.0,1897100.0,1042200.0,1430600.0,994600.0,1105500.0
20231026101717000,SSE,SSE.ETF.588080,0.863,0.864,0.869,0.861,0.0,1.043,0.695,238897243.0,854206.0,238897243.0,854206.0,0.0,0.0,20231026,20231026,101717000,0.869,0.0,0.0,0.863,0.862,0.861,0.86,0.859,0.858,0.857,0.856,0.855,0.854,0.864,0.865,0.866,0.867,0.868,0.869,0.87,0.871,0.872,0.873,1815331.0,17843300.0,17915600.0,10118600.0,6066900.0,4610800.0,3624300.0,4917700.0,2641600.0,192200.0,13340300.0,9874300.0,5371000.0,2149900.0,3101200.0,1897100.0,1042200.0,1430600.0,994600.0,1105500.0
20231026101720000,SSE,SSE.ETF.588080,0.863,0.864,0.869,0.861,0.0,1.043,0.695,239760243.0,863000.0,239760243.0,863000.0,0.0,0.0,20231026,20231026,101720000,0.869,0.0,0.0,0.863,0.862,0.861,0.86,0.859,0.858,0.857,0.856,0.855,0.854,0.864,0.865,0.866,0.867,0.868,0.869,0.87,0.871,0.872,0.873,1530700.0,17493300.0,18165600.0,9876000.0,6066900.0,4610800.0,3624300.0,4917700.0,2641600.0,192200.0,15357800.0,7874300.0,5140000.0,2149900.0,3101200.0,1897100.0,1042200.0,1430600.0,994600.0,1105500.0
20231026101723000,SSE,SSE.ETF.588080,0.863,0.864,0.869,0.861,0.0,1.043,0.695,240623156.0,862913.0,240623156.0,862913.0,0.0,0.0,20231026,20231026,101723000,0.869,0.0,0.0,0.863,0.862,0.861,0.86,0.859,0.858,0.857,0.856,0.855,0.854,0.864,0.865,0.866,0.867,0.868,0.869,0.87,0.871,0.872,0.873,42000.0,17498000.0,18387900.0,10876000.0,6066900.0,4610800.0,3624300.0,4917700.0,2641600.0,192200.0,15401300.0,7610800.0,5640000.0,2640600.0,3101200.0,1897100.0,1042200.0,1430600.0,994600.0,1105500.0
20231026101726000,SSE,SSE.ETF.588080,0.863,0.864,0.869,0.861,0.0,1.043,0.695,240623156.0,0.0,240623156.0,0.0,0.0,0.0,20231026,20231026,101726000,0.869,0.0,0.0,0.863,0.862,0.861,0.86,0.859,0.858,0.857,0.856,0.855,0.854,0.864,0.865,0.866,0.867,0.868,0.869,0.87,0.871,0.872,0.873,118500.0,18509500.0,18147900.0,10876000.0,6066900.0,4610800.0,3624300.0,4917700.0,2641600.0,192200.0,9403300.0,13610800.0,5400000.0,2640600.0,3101200.0,1897100.0,1042200.0,1430600.0,994600.0,1105500.0
20231026101729000,SSE,SSE.ETF.588080,0.863,0.864,0.869,0.861,0.0,1.043,0.695,240726199.0,103043.0,240726199.0,103043.0,0.0,0.0,20231026,20231026,101729000,0.869,0.0,0.0,0.862,0.861,0.86,0.859,0.858,0.857,0.856,0.855,0.854,0.853,0.863,0.864,0.865,0.866,0.867,0.868,0.869,0.87,0.871,0.872,18759500.0,21148100.0,10876000.0,6066900.0,4610800.0,3624300.0,4917700.0,2641600.0,192200.0,498100.0,55600.0,7467000.0,13870800.0,5140000.0,2380600.0,3101200.0,1892900.0,1042200.0,1430600.0,994600.0
20231026101732000,SSE,SSE.ETF.588080,0.863,0.864,0.869,0.861,0.0,1.043,0.695,240812585.0,86386.0,240812585.0,86386.0,0.0,0.0,20231026,20231026,101732000,0.869,0.0,0.0,0.863,0.862,0.861,0.86,0.859,0.858,0.857,0.856,0.855,0.854,0.864,0.865,0.866,0.867,0.868,0.869,0.87,0.871,0.872,0.873,603900.0,17699500.0,20019500.0,11819800.0,6299800.0,4610800.0,3624300.0,4917700.0,2641600.0,192200.0,10990500.0,13318900.0,4646500.0,2149900.0,3098600.0,1892900.0,1042200.0,1430600.0,994600.0,1105500.0
20231026101735000,SSE,SSE.ETF.588080,0.863,0.864,0.869,0.861,0.0,1.043,0.695,240812585.0,0.0,240812585.0,0.0,0.0,0.0,20231026,20231026,101735000,0.869,0.0,0.0,0.863,0.862,0.861,0.86,0.859,0.858,0.857,0.856,0.855,0.854,0.864,0.865,0.866,0.867,0.868,0.869,0.87,0.871,0.872,0.873,253900.0,18499500.0,21285500.0,10846000.0,6066900.0,4610800.0,3624300.0,4917700.0,2641600.0,192200.0,10025600.0,13370800.0,5140000.0,2380600.0,3102800.0,1892900.0,1042200.0,1430600.0,994600.0,1105500.0
20231026101738000,SSE,SSE.ETF.588080,0.864,0.864,0.869,0.861,0.0,1.043,0.695,240816041.0,3456.0,240816041.0,3456.0,0.0,0.0,20231026,20231026,101738000,0.869,0.0,0.0,0.863,0.862,0.861,0.86,0.859,0.858,0.857,0.856,0.855,0.854,0.864,0.865,0.866,0.867,0.868,0.869,0.87,0.871,0.872,0.873,253900.0,18750500.0,21285500.0,10846000.0,6054900.0,4610800.0,3624300.0,4917700.0,2641600.0,192200.0,10302000.0,13620800.0,5140000.0,2380600.0,3102800.0,1892900.0,1042200.0,1430600.0,994600.0,1105500.0
20231026101741000,SSE,SSE.ETF.588080,0.864,0.864,0.869,0.861,0.0,1.043,0.695,240824681.0,8640.0,240824681.0,8640.0,0.0,0.0,20231026,20231026,101741000,0.869,0.0,0.0,0.863,0.862,0.861,0.86,0.859,0.858,0.857,0.856,0.855,0.854,0.864,0.865,0.866,0.867,0.868,0.869,0.87,0.871,0.872,0.873,254400.0,18750500.0,21284200.0,11083400.0,6054900.0,4610800.0,3624300.0,4917700.0,2641600.0,192200.0,10292000.0,13620800.0,5611000.0,2149900.0,3102800.0,1892900.0,1042200.0,1430600.0,994600.0,1105500.0
20231026101744000,SSE,SSE.ETF.588080,0.864,0.864,0.869,0.861,0.0,1.043,0.695,240834962.0,10281.0,240834962.0,10281.0,0.0,0.0,20231026,20231026,101744000,0.869,0.0,0.0,0.863,0.862,0.861,0.86,0.859,0.858,0.857,0.856,0.855,0.854,0.864,0.865,0.866,0.867,0.868,0.869,0.87,0.871,0.872,0.873,134900.0,18750500.0,21044200.0,11083400.0,6054900.0,4610800.0,3624300.0,4922700.0,2641600.0,192200.0,10280100.0,13620800.0,5371000.0,2149900.0,3102800.0,1892900.0,1042200.0,1430600.0,994600.0,1105500.0
20231026101747000,SSE,SSE.ETF.588080,0.863,0.864,0.869,0.861,0.0,1.043,0.695,240855502.0,20540.0,240855502.0,20540.0,0.0,0.0,20231026,20231026,101747000,0.869,0.0,0.0,0.862,0.861,0.86,0.859,0.858,0.857,0.856,0.855,0.854,0.853,0.863,0.864,0.865,0.866,0.867,0.868,0.869,0.87,0.871,0.872,18750500.0,21044200.0,11071600.0,6054900.0,4612800.0,3624300.0,4922700.0,2641600.0,192200.0,498100.0,61000.0,10757100.0,10620800.0,5371000.0,2152500.0,3102800.0,1892900.0,1042200.0,1430600.0,994600.0
20231026101750000,SSE,SSE.ETF.588080,0.863,0.864,0.869,0.861,0.0,1.043,0.695,240925405.0,69903.0,240925405.0,69903.0,0.0,0.0,20231026,20231026,101750000,0.869,0.0,0.0,0.862,0.861,0.86,0.859,0.858,0.857,0.856,0.855,0.854,0.853,0.863,0.864,0.865,0.866,0.867,0.868,0.869,0.87,0.871,0.872,17670500.0,20273700.0,11812800.0,6287800.0,4612800.0,3624300.0,4922700.0,2641600.0,192200.0,498100.0,15400.0,11561500.0,7308900.0,4906500.0,2412500.0,3102800.0,1892900.0,1042200.0,1430600.0,994600.0
20231026101753000,SSE,SSE.ETF.588080,0.863,0.864,0.869,0.861,0.0,1.043,0.695,241043722.0,118317.0,241043722.0,118317.0,0.0,0.0,20231026,20231026,101753000,0.869,0.0,0.0,0.862,0.861,0.86,0.859,0.858,0.857,0.856,0.855,0.854,0.853,0.863,0.864,0.865,0.866,0.867,0.868,0.869,0.87,0.871,0.872,11110500.0,19783700.0,18389800.0,6547800.0,4612800.0,3624300.0,4922700.0,2656600.0,192200.0,498100.0,110800.0,16138500.0,6568900.0,4116500.0,1902500.0,3102800.0,1893900.0,1042200.0,1430600.0,994600.0
20231026101756000,SSE,SSE.ETF.588080,0.863,0.864,0.869,0.861,0.0,1.043,0.695,241130885.0,87163.0,241130885.0,87163.0,0.0,0.0,20231026,20231026,101756000,0.869,0.0,0.0,0.862,0.861,0.86,0.859,0.858,0.857,0.856,0.855,0.854,0.853,0.863,0.864,0.865,0.866,0.867,0.868,0.869,0.87,0.871,0.872,10845600.0,20053700.0,18639800.0,5547800.0,4612800.0,3624300.0,4922700.0,2656600.0,192200.0,498100.0,1009800.0,15888500.0,6568900.0,3366500.0,1902500.0,3102800.0,1893900.0,1072200.0,1430600.0,994600.0
20231026101759000,SSE,SSE.ETF.588080,0.863,0.864,0.869,0.861,0.0,1.043,0.695,241242212.0,111327.0,241242212.0,111327.0,0.0,0.0,20231026,20231026,101759000,0.869,0.0,0.0,0.862,0.861,0.86,0.859,0.858,0.857,0.856,0.855,0.854,0.853,0.863,0.864,0.865,0.866,0.867,0.868,0.869,0.87,0.871,0.872,8275800.0,20803700.0,18379800.0,4845700.0,4612800.0,3624300.0,4922700.0,2656600.0,192200.0,498100.0,880900.0,16398500.0,6568900.0,3356500.0,1902500.0,3102800.0,1893900.0,1072200.0,1430600.0,994600.0
20231026101802000,SSE,SSE.ETF.588080,0.863,0.864,0.869,0.861,0.0,1.043,0.695,241245146.0,2934.0,241245146.0,2934.0,0.0,0.0,20231026,20231026,101802000,0.869,0.0,0.0,0.862,0.861,0.86,0.859,0.858,0.857,0.856,0.855,0.854,0.853,0.863,0.864,0.865,0.866,0.867,0.868,0.869,0.87,0.871,0.872,8050800.0,23573700.0,18379800.0,4845700.0,4612800.0,3624300.0,4922700.0,2656600.0,192200.0,498100.0,1066700.0,16598500.0,6808900.0,3137300.0,1902500.0,3102800.0,1893900.0,1072200.0,1430600.0,994600.0
20231026101805000,SSE,SSE.ETF.588080,0.863,0.864,0.869,0.861,0.0,1.043,0.695,241256969.0,11823.0,241256969.0,11823.0,0.0,0.0,20231026,20231026,101805000,0.869,0.0,0.0,0.862,0.861,0.86,0.859,0.858,0.857,0.856,0.855,0.854,0.853,0.863,0.864,0.865,0.866,0.867,0.868,0.869,0.87,0.871,0.872,8090800.0,23573700.0,18379800.0,4845700.0,4612800.0,3624300.0,4922700.0,2656600.0,192200.0,498100.0,1053000.0,16438500.0,6808900.0,3397300.0,1903100.0,3102800.0,1893900.0,1072200.0,1430600.0,994600.0
20231026101808000,SSE,SSE.ETF.588080,0.863,0.864,0.869,0.861,0.0,1.043,0.695,241256969.0,0.0,241256969.0,0.0,0.0,0.0,20231026,20231026,101808000,0.869,0.0,0.0,0.862,0.861,0.86,0.859,0.858,0.857,0.856,0.855,0.854,0.853,0.863,0.864,0.865,0.866,0.867,0.868,0.869,0.87,0.871,0.872,8690800.0,23563700.0,18379800.0,4845700.0,4612800.0,3624300.0,4922700.0,2656600.0,192200.0,498100.0,1053000.0,16338500.0,6808900.0,3397300.0,1903100.0,3102800.0,1893900.0,1072200.0,1430600.0,994600.0
20231026101811000,SSE,SSE.ETF.588080,0.863,0.864,0.869,0.861,0.0,1.043,0.695,241256969.0,0.0,241256969.0,0.0,0.0,0.0,20231026,20231026,101811000,0.869,0.0,0.0,0.862,0.861,0.86,0.859,0.858,0.857,0.856,0.855,0.854,0.853,0.863,0.864,0.865,0.866,0.867,0.868,0.869,0.87,0.871,0.872,11690800.0,20333700.0,18379800.0,4845700.0,4612800.0,3624300.0,4922700.0,2656600.0,192200.0,498100.0,1053000.0,16338500.0,7048900.0,3397300.0,1903100.0,3102800.0,1893900.0,1072200.0,1430600.0,994600.0
20231026101814000,SSE,SSE.ETF.588080,0.863,0.864,0.869,0.861,0.0,1.043,0.695,241280012.0,23043.0,241280012.0,23043.0,0.0,0.0,20231026,20231026,101814000,0.869,0.0,0.0,0.862,0.861,0.86,0.859,0.858,0.857,0.856,0.855,0.854,0.853,0.863,0.864,0.865,0.866,0.867,0.868,0.869,0.87,0.871,0.872,17785800.0,20333700.0,12379800.0,4845700.0,4612800.0,3624300.0,4922700.0,2656600.0,192200.0,498100.0,1043300.0,12338500.0,7308900.0,3637300.0,1903100.0,3102800.0,1893900.0,1072200.0,1430600.0,994600.0
20231026101817000,SSE,SSE.ETF.588080,0.863,0.864,0.869,0.861,0.0,1.043,0.695,241845018.0,565006.0,241845018.0,565006.0,0.0,0.0,20231026,20231026,101817000,0.869,0.0,0.0,0.863,0.862,0.861,0.86,0.859,0.858,0.857,0.856,0.855,0.854,0.864,0.865,0.866,0.867,0.868,0.869,0.87,0.871,0.872,0.873,1103800.0,18095400.0,20573700.0,11379800.0,4845700.0,4612800.0,3624300.0,4922700.0,2656600.0,192200.0,14622000.0,10568900.0,4637300.0,1903100.0,3102800.0,1893900.0,1072200.0,1430600.0,994600.0,1105500.0
20231026101820000,SSE,SSE.ETF.588080,0.863,0.864,0.869,0.861,0.0,1.043,0.695,241939948.0,94930.0,241939948.0,94930.0,0.0,0.0,20231026,20231026,101820000,0.869,0.0,0.0,0.863,0.862,0.861,0.86,0.859,0.858,0.857,0.856,0.855,0.854,0.864,0.865,0.866,0.867,0.868,0.869,0.87,0.871,0.872,0.873,1025800.0,18433300.0,21069000.0,10389000.0,4612800.0,4612800.0,3624300.0,4922700.0,2656600.0,192200.0,13355000.0,10360800.0,5120800.0,2393800.0,3102800.0,1893900.0,1072200.0,1430600.0,994600.0,1105500.0
20231026101823000,SSE,SSE.ETF.588080,0.863,0.864,0.869,0.861,0.0,1.043,0.695,241949786.0,9838.0,241949786.0,9838.0,0.0,0.0,20231026,20231026,101823000,0.869,0.0,0.0,0.863,0.862,0.861,0.86,0.859,0.858,0.857,0.856,0.855,0.854,0.864,0.865,0.866,0.867,0.868,0.869,0.87,0.871,0.872,0.873,1019400.0,18683300.0,21069000.0,10139000.0,4612800.0,4622800.0,3624300.0,4922700.0,2656600.0,192200.0,13605000.0,10360800.0,5360800.0,2393800.0,3102800.0,1893900.0,1072200.0,1430600.0,994600.0,1105500.0
20231026101826000,SSE,SSE.ETF.588080,0.863,0.864,0.869,0.861,0.0,1.043,0.695,242246054.0,296268.0,242246054.0,296268.0,0.0,0.0,20231026,20231026,101826000,0.869,0.0,0.0,0.863,0.862,0.861,0.86,0.859,0.858,0.857,0.856,0.855,0.854,0.864,0.865,0.866,0.867,0.868,0.869,0.87,0.871,0.872,0.873,278300.0,18683300.0,21559000.0,11139000.0,4612800.0,4622800.0,3624300.0,4922700.0,2656600.0,192200.0,14604700.0,9360800.0,5120800.0,2643800.0,3102800.0,1893900.0,1072200.0,1430600.0,994600.0,1105500.0
20231026101829000,SSE,SSE.ETF.588080,0.863,0.864,0.869,0.861,0.0,1.043,0.695,242307845.0,61791.0,242307845.0,61791.0,0.0,0.0,20231026,20231026,101829000,0.869,0.0,0.0,0.862,0.861,0.86,0.859,0.858,0.857,0.856,0.855,0.854,0.853,0.863,0.864,0.865,0.866,0.867,0.868,0.869,0.87,0.871,0.872,18733300.0,21319000.0,11151000.0,4612800.0,4622800.0,3624300.0,4922700.0,2656600.0,192200.0,498100.0,28400.0,12221200.0,9360800.0,5120800.0,2643800.0,3102800.0,1893900.0,1072200.0,1430600.0,994600.0
20231026101832000,SSE,SSE.ETF.588080,0.863,0.864,0.869,0.861,0.0,1.043,0.695,242310434.0,2589.0,242310434.0,2589.0,0.0,0.0,20231026,20231026,101832000,0.869,0.0,0.0,0.862,0.861,0.86,0.859,0.858,0.857,0.856,0.855,0.854,0.853,0.863,0.864,0.865,0.866,0.867,0.868,0.869,0.87,0.871,0.872,18253100.0,20336200.0,12401800.0,4602800.0,4642800.0,3624300.0,4922700.0,2656600.0,192200.0,498100.0,25400.0,12238200.0,9827600.0,4627300.0,2413100.0,3102800.0,1927900.0,1072200.0,1430600.0,994600.0
20231026101835000,SSE,SSE.ETF.588080,0.864,0.864,0.869,0.861,0.0,1.043,0.695,242345400.0,34966.0,242345400.0,34966.0,0.0,0.0,20231026,20231026,101835000,0.869,0.0,0.0,0.863,0.862,0.861,0.86,0.859,0.858,0.857,0.856,0.855,0.854,0.864,0.865,0.866,0.867,0.868,0.869,0.87,0.871,0.872,0.873,221300.0,18284600.0,20476200.0,12421900.0,4835700.0,4642800.0,3624300.0,4922700.0,2656600.0,192200.0,14706700.0,10308900.0,4387300.0,2413100.0,3141100.0,1927900.0,1072200.0,1430600.0,994600.0,1116800.0
20231026101838000,SSE,SSE.ETF.588080,0.864,0.864,0.869,0.861,0.0,1.043,0.695,242345400.0,0.0,242345400.0,0.0,0.0,0.0,20231026,20231026,101838000,0.869,0.0,0.0,0.863,0.862,0.861,0.86,0.859,0.858,0.857,0.856,0.855,0.854,0.864,0.865,0.866,0.867,0.868,0.869,0.87,0.871,0.872,0.873,235700.0,18634600.0,20986700.0,11405700.0,4602800.0,4642800.0,3624300.0,4922700.0,2656600.0,192200.0,14439700.0,9360800.0,5351800.0,2413100.0,3141100.0,1927900.0,1072200.0,1430600.0,994600.0,1116800.0
20231026101841000,SSE,SSE.ETF.588080,0.864,0.864,0.869,0.861,0.0,1.043,0.695,242389464.0,44064.0,242389464.0,44064.0,0.0,0.0,20231026,20231026,101841000,0.869,0.0,0.0,0.863,0.862,0.861,0.86,0.859,0.858,0.857,0.856,0.855,0.854,0.864,0.865,0.866,0.867,0.868,0.869,0.87,0.871,0.872,0.873,247200.0,18884600.0,20723600.0,11406200.0,4602800.0,4642800.0,3624300.0,4922700.0,2656600.0,192200.0,17643700.0,6360800.0,5591800.0,2163100.0,3141100.0,1927900.0,1072200.0,1430600.0,994600.0,1116800.0
20231026101844000,SSE,SSE.ETF.588080,0.863,0.864,0.869,0.861,0.0,1.043,0.695,242472744.0,83280.0,242472744.0,83280.0,0.0,0.0,20231026,20231026,101844000,0.869,0.0,0.0,0.863,0.862,0.861,0.86,0.859,0.858,0.857,0.856,0.855,0.854,0.864,0.865,0.866,0.867,0.868,0.869,0.87,0.871,0.872,0.873,180700.0,18906900.0,20963600.0,11406200.0,4602800.0,4642800.0,3624300.0,4922700.0,2656600.0,192200.0,16643700.0,7360800.0,5351800.0,2163100.0,3141100.0,1927900.0,1072200.0,1430600.0,994600.0,1116800.0
20231026101847000,SSE,SSE.ETF.588080,0.863,0.864,0.869,0.861,0.0,1.043,0.695,242472744.0,0.0,242472744.0,0.0,0.0,0.0,20231026,20231026,101847000,0.869,0.0,0.0,0.863,0.862,0.861,0.86,0.859,0.858,0.857,0.856,0.855,0.854,0.864,0.865,0.866,0.867,0.868,0.869,0.87,0.871,0.872,0.873,180700.0,18928100.0,21205900.0,11173600.0,4602800.0,4642800.0,3624300.0,4922700.0,2656600.0,192200.0,13063300.0,10360800.0,5120800.0,2643800.0,3141100.0,1927900.0,1072200.0,1430600.0,994600.0,1116800.0
20231026101850000,SSE,SSE.ETF.588080,0.864,0.864,0.869,0.861,0.0,1.043,0.695,242481384.0,8640.0,242481384.0,8640.0,0.0,0.0,20231026,20231026,101850000,0.869,0.0,0.0,0.863,0.862,0.861,0.86,0.859,0.858,0.857,0.856,0.855,0.854,0.864,0.865,0.866,0.867,0.868,0.869,0.87,0.871,0.872,0.873,197300.0,19028100.0,21216900.0,11174100.0,4602800.0,4642800.0,3629300.0,4922700.0,2656600.0,192200.0,13228500.0,10360800.0,5360800.0,2643800.0,3141100.0,1927900.0,1072200.0,1430600.0,994600.0,1116800.0
20231026101853000,SSE,SSE.ETF.588080,0.863,0.864,0.869,0.861,0.0,1.043,0.695,242496918.0,15534.0,242496918.0,15534.0,0.0,0.0,20231026,20231026,101853000,0.869,0.0,0.0,0.863,0.862,0.861,0.86,0.859,0.858,0.857,0.856,0.855,0.854,0.864,0.865,0.866,0.867,0.868,0.869,0.87,0.871,0.872,0.873,185300.0,19038100.0,20974600.0,11406600.0,4602800.0,4642800.0,3629300.0,4922700.0,2656600.0,192200.0,13228500.0,10360800.0,5351800.0,2163100.0,3141100.0,1927900.0,1072200.0,1430600.0,994600.0,1116800.0
20231026101856000,SSE,SSE.ETF.588080,0.863,0.864,0.869,0.861,0.0,1.043,0.695,242505030.0,8112.0,242505030.0,8112.0,0.0,0.0,20231026,20231026,101856000,0.869,0.0,0.0,0.863,0.862,0.861,0.86,0.859,0.858,0.857,0.856,0.855,0.854,0.864,0.865,0.866,0.867,0.868,0.869,0.87,0.871,0.872,0.873,175900.0,19138100.0,21216900.0,11177000.0,4602800.0,4636000.0,3629300.0,4922700.0,2656600.0,192200.0,13229500.0,10360800.0,5120800.0,2643800.0,3141100.0,1927900.0,1072200.0,1430600.0,994600.0,1116800.0
20231026101859000,SSE,SSE.ETF.588080,0.863,0.864,0.869,0.861,0.0,1.043,0.695,242505030.0,0.0,242505030.0,0.0,0.0,0.0,20231026,20231026,101859000,0.869,0.0,0.0,0.863,0.862,0.861,0.86,0.859,0.858,0.857,0.856,0.855,0.854,0.864,0.865,0.866,0.867,0.868,0.869,0.87,0.871,0.872,0.873,263300.0,19138100.0,21218900.0,11177300.0,4627800.0,4636000.0,3629300.0,4922700.0,2656600.0,192200.0,10029500.0,13360800.0,5360800.0,2643800.0,3141100.0,1927900.0,1072200.0,1430600.0,994600.0,1116800.0
20231026101902000,SSE,SSE.ETF.588080,0.863,0.864,0.869,0.861,0.0,1.043,0.695,242698428.0,193398.0,242698428.0,193398.0,0.0,0.0,20231026,20231026,101902000,0.869,0.0,0.0,0.863,0.862,0.861,0.86,0.859,0.858,0.857,0.856,0.855,0.854,0.864,0.865,0.866,0.867,0.868,0.869,0.87,0.871,0.872,0.873,39300.0,19138100.0,21198900.0,11177300.0,4627800.0,4636000.0,3629300.0,4922700.0,2656600.0,192200.0,13290500.0,10620800.0,4860800.0,2383800.0,3141100.0,1927900.0,1072200.0,1430600.0,994600.0,1116800.0
20231026101905000,SSE,SSE.ETF.588080,0.864,0.864,0.869,0.861,0.0,1.043,0.695,242714412.0,15984.0,242714412.0,15984.0,0.0,0.0,20231026,20231026,101905000,0.869,0.0,0.0,0.863,0.862,0.861,0.86,0.859,0.858,0.857,0.856,0.855,0.854,0.864,0.865,0.866,0.867,0.868,0.869,0.87,0.871,0.872,0.873,49300.0,19040600.0,20958900.0,11177300.0,4887800.0,4636000.0,3629300.0,4922700.0,2656600.0,192200.0,13136700.0,10360800.0,4860800.0,2383800.0,3141100.0,1927900.0,1072200.0,1430600.0,994600.0,1116800.0
20231026101908000,SSE,SSE.ETF.588080,0.864,0.864,0.869,0.861,0.0,1.043,0.695,242714412.0,0.0,242714412.0,0.0,0.0,0.0,20231026,20231026,101908000,0.869,0.0,0.0,0.863,0.862,0.861,0.86,0.859,0.858,0.857,0.856,0.855,0.854,0.864,0.865,0.866,0.867,0.868,0.869,0.87,0.871,0.872,0.873,112900.0,18905800.0,20471600.0,11409900.0,4887800.0,4636000.0,3629300.0,4922700.0,2656600.0,192200.0,14136700.0,9620800.0,5591800.0,1903100.0,3141100.0,1927900.0,1072200.0,1430600.0,994600.0,1116800.0
