minute,TradeDate,OrigTime,OfferPx1,BidPx1,OfferSize1,BidSize1,OfferPx2,BidPx2,OfferSize2,BidSize2,OfferPx3,BidPx3,OfferSize3,BidSize3,OfferPx4,BidPx4,OfferSize4,BidSize4,OfferPx5,BidPx5,OfferSize5,BidSize5,DownLimitPx,HighPx,LastPx,LowPx,OpenPx,PreClosePx,TotalValueTrade,TotalVolumeTrade,UpLimitPx,ticker,datetime,wap1,price_spread,price_spread2,bid_spread,ask_spread,bid_ask_spread,total_bid_qty,total_ask_qty,total_qty_diff,weighted_bid_prc,weighted_ask_prc,total_volume,volume_imbalance,log_return,PxChange1,PxChange2,mid,open,high,low,close,volume,amount,vwap,tendency,f_max,f_min,df_max,df_min,abs_diff,energy,iqr_p,abs_diff_v,energy_v,iqr_p_v,bOF1,aOF1,OFI1,bOF2,aOF2,OFI2,bOF3,aOF3,OFI3,bOF4,aOF4,OFI4,bOF5,aOF5,OFI5,volatility_QMLE,volatility
0.0,0.0,0.0,0.0,0.0,0.0,0.0,0.0,0.0,0.0,0.0,0.0,0.0,0.0,0.0,0.0,0.0,0.0,0.0,0.0,0.0,0.0,0.0,0.0,0.0,0.0,0.0,0.0,0.0,0.0,0.0,0.0,0.0,0.0,0.0,0.0,0.0,0.0,0.0,0.0,0.0,0.0,0.0,0.0,0.0,0.0,0.0,0.0,0.0,0.0,0.0,0.0,0.0,0.0,0.0,0.0,0.0,0.0,0.0,0.0,0.0,0.0,0.0,0.0,0.0,0.0,0.0,0.0,0.0,0.0,0.0,0.0,0.0,0.0,0.0,0.0,0.0,0.0,0.0,0.0,0.0,0.0,0.0,0.0,0.0,0.0
0.0,0.0,0.0,0.0,0.0,0.0,0.0,0.0,0.0,0.0,0.0,0.0,0.0,0.0,0.0,0.0,0.0,0.0,0.0,0.0,0.0,0.0,0.0,0.0,0.0,0.0,0.0,0.0,0.0,0.0,0.0,0.0,0.0,0.0,0.0,0.0,0.0,0.0,0.0,0.0,0.0,0.0,0.0,0.0,0.0,0.0,0.0,0.0,0.0,0.0,0.0,0.0,0.0,0.0,0.0,0.0,0.0,0.0,0.0,0.0,0.0,0.0,0.0,0.0,0.0,0.0,0.0,0.0,0.0,0.0,0.0,0.0,0.0,0.0,0.0,0.0,0.0,0.0,0.0,0.0,0.0,0.0,0.0,0.0,0.0,0.0
0.0,0.0,0.0,0.0,0.0,0.0,0.0,0.0,0.0,0.0,0.0,0.0,0.0,0.0,0.0,0.0,0.0,0.0,0.0,0.0,0.0,0.0,0.0,0.0,0.0,0.0,0.0,0.0,0.0,0.0,0.0,0.0,0.0,0.0,0.0,0.0,0.0,0.0,0.0,0.0,0.0,0.0,0.0,0.0,0.0,0.0,0.0,0.0,0.0,0.0,0.0,0.0,0.0,0.0,0.0,0.0,0.0,0.0,0.0,0.0,0.0,0.0,0.0,0.0,0.0,0.0,0.0,0.0,0.0,0.0,0.0,0.0,0.0,0.0,0.0,0.0,0.0,0.0,0.0,0.0,0.0,0.0,0.0,0.0,0.0,0.0
0.0,0.0,0.0,0.0,0.0,0.0,0.0,0.0,0.0,0.0,0.0,0.0,0.0,0.0,0.0,0.0,0.0,0.0,0.0,0.0,0.0,0.0,0.0,0.0,0.0,0.0,0.0,0.0,0.0,0.0,0.0,0.0,0.0,0.0,0.0,0.0,0.0,0.0,0.0,0.0,0.0,0.0,0.0,0.0,0.0,0.0,0.0,0.0,0.0,0.0,0.0,0.0,0.0,0.0,0.0,0.0,0.0,0.0,0.0,0.0,0.0,0.0,0.0,0.0,0.0,0.0,0.0,0.0,0.0,0.0,0.0,0.0,0.0,0.0,0.0,0.0,0.0,0.0,0.0,0.0,0.0,0.0,0.0,0.0,0.0,0.0
0.0,0.0,0.0,0.0,0.0,0.0,0.0,0.0,0.0,0.0,0.0,0.0,0.0,0.0,0.0,0.0,0.0,0.0,0.0,0.0,0.0,0.0,0.0,0.0,0.0,0.0,0.0,0.0,0.0,0.0,0.0,0.0,0.0,0.0,0.0,0.0,0.0,0.0,0.0,0.0,0.0,0.0,0.0,0.0,0.0,0.0,0.0,0.0,0.0,0.0,0.0,0.0,0.0,0.0,0.0,0.0,0.0,0.0,0.0,0.0,0.0,0.0,0.0,0.0,0.0,0.0,0.0,0.0,0.0,0.0,0.0,0.0,0.0,0.0,0.0,0.0,0.0,0.0,0.0,0.0,0.0,0.0,0.0,0.0,0.0,0.0
0.0,0.0,0.0,0.0,0.0,0.0,0.0,0.0,0.0,0.0,0.0,0.0,0.0,0.0,0.0,0.0,0.0,0.0,0.0,0.0,0.0,0.0,0.0,0.0,0.0,0.0,0.0,0.0,0.0,0.0,0.0,0.0,0.0,0.0,0.0,0.0,0.0,0.0,0.0,0.0,0.0,0.0,0.0,0.0,0.0,0.0,0.0,0.0,0.0,0.0,0.0,0.0,0.0,0.0,0.0,0.0,0.0,0.0,0.0,0.0,0.0,0.0,0.0,0.0,0.0,0.0,0.0,0.0,0.0,0.0,0.0,0.0,0.0,0.0,0.0,0.0,0.0,0.0,0.0,0.0,0.0,0.0,0.0,0.0,0.0,0.0
0.0,0.0,0.0,0.0,0.0,0.0,0.0,0.0,0.0,0.0,0.0,0.0,0.0,0.0,0.0,0.0,0.0,0.0,0.0,0.0,0.0,0.0,0.0,0.0,0.0,0.0,0.0,0.0,0.0,0.0,0.0,0.0,0.0,0.0,0.0,0.0,0.0,0.0,0.0,0.0,0.0,0.0,0.0,0.0,0.0,0.0,0.0,0.0,0.0,0.0,0.0,0.0,0.0,0.0,0.0,0.0,0.0,0.0,0.0,0.0,0.0,0.0,0.0,0.0,0.0,0.0,0.0,0.0,0.0,0.0,0.0,0.0,0.0,0.0,0.0,0.0,0.0,0.0,0.0,0.0,0.0,0.0,0.0,0.0,0.0,0.0
0.0,0.0,0.0,0.0,0.0,0.0,0.0,0.0,0.0,0.0,0.0,0.0,0.0,0.0,0.0,0.0,0.0,0.0,0.0,0.0,0.0,0.0,0.0,0.0,0.0,0.0,0.0,0.0,0.0,0.0,0.0,0.0,0.0,0.0,0.0,0.0,0.0,0.0,0.0,0.0,0.0,0.0,0.0,0.0,0.0,0.0,0.0,0.0,0.0,0.0,0.0,0.0,0.0,0.0,0.0,0.0,0.0,0.0,0.0,0.0,0.0,0.0,0.0,0.0,0.0,0.0,0.0,0.0,0.0,0.0,0.0,0.0,0.0,0.0,0.0,0.0,0.0,0.0,0.0,0.0,0.0,0.0,0.0,0.0,0.0,0.0
0.0,0.0,0.0,0.0,0.0,0.0,0.0,0.0,0.0,0.0,0.0,0.0,0.0,0.0,0.0,0.0,0.0,0.0,0.0,0.0,0.0,0.0,0.0,0.0,0.0,0.0,0.0,0.0,0.0,0.0,0.0,0.0,0.0,0.0,0.0,0.0,0.0,0.0,0.0,0.0,0.0,0.0,0.0,0.0,0.0,0.0,0.0,0.0,0.0,0.0,0.0,0.0,0.0,0.0,0.0,0.0,0.0,0.0,0.0,0.0,0.0,0.0,0.0,0.0,0.0,0.0,0.0,0.0,0.0,0.0,0.0,0.0,0.0,0.0,0.0,0.0,0.0,0.0,0.0,0.0,0.0,0.0,0.0,0.0,0.0,0.0
0.0,0.0,0.0,0.0,0.0,0.0,0.0,0.0,0.0,0.0,0.0,0.0,0.0,0.0,0.0,0.0,0.0,0.0,0.0,0.0,0.0,0.0,0.0,0.0,0.0,0.0,0.0,0.0,0.0,0.0,0.0,0.0,0.0,0.0,0.0,0.0,0.0,0.0,0.0,0.0,0.0,0.0,0.0,0.0,0.0,0.0,0.0,0.0,0.0,0.0,0.0,0.0,0.0,0.0,0.0,0.0,0.0,0.0,0.0,0.0,0.0,0.0,0.0,0.0,0.0,0.0,0.0,0.0,0.0,0.0,0.0,0.0,0.0,0.0,0.0,0.0,0.0,0.0,0.0,0.0,0.0,0.0,0.0,0.0,0.0,0.0
0.0,0.0,0.0,0.0,0.0,0.0,0.0,0.0,0.0,0.0,0.0,0.0,0.0,0.0,0.0,0.0,0.0,0.0,0.0,0.0,0.0,0.0,0.0,0.0,0.0,0.0,0.0,0.0,0.0,0.0,0.0,0.0,0.0,0.0,0.0,0.0,0.0,0.0,0.0,0.0,0.0,0.0,0.0,0.0,0.0,0.0,0.0,0.0,0.0,0.0,0.0,0.0,0.0,0.0,0.0,0.0,0.0,0.0,0.0,0.0,0.0,0.0,0.0,0.0,0.0,0.0,0.0,0.0,0.0,0.0,0.0,0.0,0.0,0.0,0.0,0.0,0.0,0.0,0.0,0.0,0.0,0.0,0.0,0.0,0.0,0.0
0.0,0.0,0.0,0.0,0.0,0.0,0.0,0.0,0.0,0.0,0.0,0.0,0.0,0.0,0.0,0.0,0.0,0.0,0.0,0.0,0.0,0.0,0.0,0.0,0.0,0.0,0.0,0.0,0.0,0.0,0.0,0.0,0.0,0.0,0.0,0.0,0.0,0.0,0.0,0.0,0.0,0.0,0.0,0.0,0.0,0.0,0.0,0.0,0.0,0.0,0.0,0.0,0.0,0.0,0.0,0.0,0.0,0.0,0.0,0.0,0.0,0.0,0.0,0.0,0.0,0.0,0.0,0.0,0.0,0.0,0.0,0.0,0.0,0.0,0.0,0.0,0.0,0.0,0.0,0.0,0.0,0.0,0.0,0.0,0.0,0.0
0.0,0.0,0.0,0.0,0.0,0.0,0.0,0.0,0.0,0.0,0.0,0.0,0.0,0.0,0.0,0.0,0.0,0.0,0.0,0.0,0.0,0.0,0.0,0.0,0.0,0.0,0.0,0.0,0.0,0.0,0.0,0.0,0.0,0.0,0.0,0.0,0.0,0.0,0.0,0.0,0.0,0.0,0.0,0.0,0.0,0.0,0.0,0.0,0.0,0.0,0.0,0.0,0.0,0.0,0.0,0.0,0.0,0.0,0.0,0.0,0.0,0.0,0.0,0.0,0.0,0.0,0.0,0.0,0.0,0.0,0.0,0.0,0.0,0.0,0.0,0.0,0.0,0.0,0.0,0.0,0.0,0.0,0.0,0.0,0.0,0.0
0.0,0.0,0.0,0.0,0.0,0.0,0.0,0.0,0.0,0.0,0.0,0.0,0.0,0.0,0.0,0.0,0.0,0.0,0.0,0.0,0.0,0.0,0.0,0.0,0.0,0.0,0.0,0.0,0.0,0.0,0.0,0.0,0.0,0.0,0.0,0.0,0.0,0.0,0.0,0.0,0.0,0.0,0.0,0.0,0.0,0.0,0.0,0.0,0.0,0.0,0.0,0.0,0.0,0.0,0.0,0.0,0.0,0.0,0.0,0.0,0.0,0.0,0.0,0.0,0.0,0.0,0.0,0.0,0.0,0.0,0.0,0.0,0.0,0.0,0.0,0.0,0.0,0.0,0.0,0.0,0.0,0.0,0.0,0.0,0.0,0.0
0.0,0.0,0.0,0.0,0.0,0.0,0.0,0.0,0.0,0.0,0.0,0.0,0.0,0.0,0.0,0.0,0.0,0.0,0.0,0.0,0.0,0.0,0.0,0.0,0.0,0.0,0.0,0.0,0.0,0.0,0.0,0.0,0.0,0.0,0.0,0.0,0.0,0.0,0.0,0.0,0.0,0.0,0.0,0.0,0.0,0.0,0.0,0.0,0.0,0.0,0.0,0.0,0.0,0.0,0.0,0.0,0.0,0.0,0.0,0.0,0.0,0.0,0.0,0.0,0.0,0.0,0.0,0.0,0.0,0.0,0.0,0.0,0.0,0.0,0.0,0.0,0.0,0.0,0.0,0.0,0.0,0.0,0.0,0.0,0.0,0.0
0.0,0.0,0.0,0.0,0.0,0.0,0.0,0.0,0.0,0.0,0.0,0.0,0.0,0.0,0.0,0.0,0.0,0.0,0.0,0.0,0.0,0.0,0.0,0.0,0.0,0.0,0.0,0.0,0.0,0.0,0.0,0.0,0.0,0.0,0.0,0.0,0.0,0.0,0.0,0.0,0.0,0.0,0.0,0.0,0.0,0.0,0.0,0.0,0.0,0.0,0.0,0.0,0.0,0.0,0.0,0.0,0.0,0.0,0.0,0.0,0.0,0.0,0.0,0.0,0.0,0.0,0.0,0.0,0.0,0.0,0.0,0.0,0.0,0.0,0.0,0.0,0.0,0.0,0.0,0.0,0.0,0.0,0.0,0.0,0.0,0.0
0.0,0.0,0.0,0.0,0.0,0.0,0.0,0.0,0.0,0.0,0.0,0.0,0.0,0.0,0.0,0.0,0.0,0.0,0.0,0.0,0.0,0.0,0.0,0.0,0.0,0.0,0.0,0.0,0.0,0.0,0.0,0.0,0.0,0.0,0.0,0.0,0.0,0.0,0.0,0.0,0.0,0.0,0.0,0.0,0.0,0.0,0.0,0.0,0.0,0.0,0.0,0.0,0.0,0.0,0.0,0.0,0.0,0.0,0.0,0.0,0.0,0.0,0.0,0.0,0.0,0.0,0.0,0.0,0.0,0.0,0.0,0.0,0.0,0.0,0.0,0.0,0.0,0.0,0.0,0.0,0.0,0.0,0.0,0.0,0.0,0.0
0.0,0.0,0.0,0.0,0.0,0.0,0.0,0.0,0.0,0.0,0.0,0.0,0.0,0.0,0.0,0.0,0.0,0.0,0.0,0.0,0.0,0.0,0.0,0.0,0.0,0.0,0.0,0.0,0.0,0.0,0.0,0.0,0.0,0.0,0.0,0.0,0.0,0.0,0.0,0.0,0.0,0.0,0.0,0.0,0.0,0.0,0.0,0.0,0.0,0.0,0.0,0.0,0.0,0.0,0.0,0.0,0.0,0.0,0.0,0.0,0.0,0.0,0.0,0.0,0.0,0.0,0.0,0.0,0.0,0.0,0.0,0.0,0.0,0.0,0.0,0.0,0.0,0.0,0.0,0.0,0.0,0.0,0.0,0.0,0.0,0.0
0.0,0.0,0.0,0.0,0.0,0.0,0.0,0.0,0.0,0.0,0.0,0.0,0.0,0.0,0.0,0.0,0.0,0.0,0.0,0.0,0.0,0.0,0.0,0.0,0.0,0.0,0.0,0.0,0.0,0.0,0.0,0.0,0.0,0.0,0.0,0.0,0.0,0.0,0.0,0.0,0.0,0.0,0.0,0.0,0.0,0.0,0.0,0.0,0.0,0.0,0.0,0.0,0.0,0.0,0.0,0.0,0.0,0.0,0.0,0.0,0.0,0.0,0.0,0.0,0.0,0.0,0.0,0.0,0.0,0.0,0.0,0.0,0.0,0.0,0.0,0.0,0.0,0.0,0.0,0.0,0.0,0.0,0.0,0.0,0.0,0.0
0.0,0.0,0.0,0.0,0.0,0.0,0.0,0.0,0.0,0.0,0.0,0.0,0.0,0.0,0.0,0.0,0.0,0.0,0.0,0.0,0.0,0.0,0.0,0.0,0.0,0.0,0.0,0.0,0.0,0.0,0.0,0.0,0.0,0.0,0.0,0.0,0.0,0.0,0.0,0.0,0.0,0.0,0.0,0.0,0.0,0.0,0.0,0.0,0.0,0.0,0.0,0.0,0.0,0.0,0.0,0.0,0.0,0.0,0.0,0.0,0.0,0.0,0.0,0.0,0.0,0.0,0.0,0.0,0.0,0.0,0.0,0.0,0.0,0.0,0.0,0.0,0.0,0.0,0.0,0.0,0.0,0.0,0.0,0.0,0.0,0.0
0.0,0.0,0.0,0.0,0.0,0.0,0.0,0.0,0.0,0.0,0.0,0.0,0.0,0.0,0.0,0.0,0.0,0.0,0.0,0.0,0.0,0.0,0.0,0.0,0.0,0.0,0.0,0.0,0.0,0.0,0.0,0.0,0.0,0.0,0.0,0.0,0.0,0.0,0.0,0.0,0.0,0.0,0.0,0.0,0.0,0.0,0.0,0.0,0.0,0.0,0.0,0.0,0.0,0.0,0.0,0.0,0.0,0.0,0.0,0.0,0.0,0.0,0.0,0.0,0.0,0.0,0.0,0.0,0.0,0.0,0.0,0.0,0.0,0.0,0.0,0.0,0.0,0.0,0.0,0.0,0.0,0.0,0.0,0.0,0.0,0.0
0.0,0.0,0.0,0.0,0.0,0.0,0.0,0.0,0.0,0.0,0.0,0.0,0.0,0.0,0.0,0.0,0.0,0.0,0.0,0.0,0.0,0.0,0.0,0.0,0.0,0.0,0.0,0.0,0.0,0.0,0.0,0.0,0.0,0.0,0.0,0.0,0.0,0.0,0.0,0.0,0.0,0.0,0.0,0.0,0.0,0.0,0.0,0.0,0.0,0.0,0.0,0.0,0.0,0.0,0.0,0.0,0.0,0.0,0.0,0.0,0.0,0.0,0.0,0.0,0.0,0.0,0.0,0.0,0.0,0.0,0.0,0.0,0.0,0.0,0.0,0.0,0.0,0.0,0.0,0.0,0.0,0.0,0.0,0.0,0.0,0.0
0.0,0.0,0.0,0.0,0.0,0.0,0.0,0.0,0.0,0.0,0.0,0.0,0.0,0.0,0.0,0.0,0.0,0.0,0.0,0.0,0.0,0.0,0.0,0.0,0.0,0.0,0.0,0.0,0.0,0.0,0.0,0.0,0.0,0.0,0.0,0.0,0.0,0.0,0.0,0.0,0.0,0.0,0.0,0.0,0.0,0.0,0.0,0.0,0.0,0.0,0.0,0.0,0.0,0.0,0.0,0.0,0.0,0.0,0.0,0.0,0.0,0.0,0.0,0.0,0.0,0.0,0.0,0.0,0.0,0.0,0.0,0.0,0.0,0.0,0.0,0.0,0.0,0.0,0.0,0.0,0.0,0.0,0.0,0.0,0.0,0.0
0.0,0.0,0.0,0.0,0.0,0.0,0.0,0.0,0.0,0.0,0.0,0.0,0.0,0.0,0.0,0.0,0.0,0.0,0.0,0.0,0.0,0.0,0.0,0.0,0.0,0.0,0.0,0.0,0.0,0.0,0.0,0.0,0.0,0.0,0.0,0.0,0.0,0.0,0.0,0.0,0.0,0.0,0.0,0.0,0.0,0.0,0.0,0.0,0.0,0.0,0.0,0.0,0.0,0.0,0.0,0.0,0.0,0.0,0.0,0.0,0.0,0.0,0.0,0.0,0.0,0.0,0.0,0.0,0.0,0.0,0.0,0.0,0.0,0.0,0.0,0.0,0.0,0.0,0.0,0.0,0.0,0.0,0.0,0.0,0.0,0.0
0.0,0.0,0.0,0.0,0.0,0.0,0.0,0.0,0.0,0.0,0.0,0.0,0.0,0.0,0.0,0.0,0.0,0.0,0.0,0.0,0.0,0.0,0.0,0.0,0.0,0.0,0.0,0.0,0.0,0.0,0.0,0.0,0.0,0.0,0.0,0.0,0.0,0.0,0.0,0.0,0.0,0.0,0.0,0.0,0.0,0.0,0.0,0.0,0.0,0.0,0.0,0.0,0.0,0.0,0.0,0.0,0.0,0.0,0.0,0.0,0.0,0.0,0.0,0.0,0.0,0.0,0.0,0.0,0.0,0.0,0.0,0.0,0.0,0.0,0.0,0.0,0.0,0.0,0.0,0.0,0.0,0.0,0.0,0.0,0.0,0.0
0.0,0.0,0.0,0.0,0.0,0.0,0.0,0.0,0.0,0.0,0.0,0.0,0.0,0.0,0.0,0.0,0.0,0.0,0.0,0.0,0.0,0.0,0.0,0.0,0.0,0.0,0.0,0.0,0.0,0.0,0.0,0.0,0.0,0.0,0.0,0.0,0.0,0.0,0.0,0.0,0.0,0.0,0.0,0.0,0.0,0.0,0.0,0.0,0.0,0.0,0.0,0.0,0.0,0.0,0.0,0.0,0.0,0.0,0.0,0.0,0.0,0.0,0.0,0.0,0.0,0.0,0.0,0.0,0.0,0.0,0.0,0.0,0.0,0.0,0.0,0.0,0.0,0.0,0.0,0.0,0.0,0.0,0.0,0.0,0.0,0.0
0.0,0.0,0.0,0.0,0.0,0.0,0.0,0.0,0.0,0.0,0.0,0.0,0.0,0.0,0.0,0.0,0.0,0.0,0.0,0.0,0.0,0.0,0.0,0.0,0.0,0.0,0.0,0.0,0.0,0.0,0.0,0.0,0.0,0.0,0.0,0.0,0.0,0.0,0.0,0.0,0.0,0.0,0.0,0.0,0.0,0.0,0.0,0.0,0.0,0.0,0.0,0.0,0.0,0.0,0.0,0.0,0.0,0.0,0.0,0.0,0.0,0.0,0.0,0.0,0.0,0.0,0.0,0.0,0.0,0.0,0.0,0.0,0.0,0.0,0.0,0.0,0.0,0.0,0.0,0.0,0.0,0.0,0.0,0.0,0.0,0.0
0.0,0.0,0.0,0.0,0.0,0.0,0.0,0.0,0.0,0.0,0.0,0.0,0.0,0.0,0.0,0.0,0.0,0.0,0.0,0.0,0.0,0.0,0.0,0.0,0.0,0.0,0.0,0.0,0.0,0.0,0.0,0.0,0.0,0.0,0.0,0.0,0.0,0.0,0.0,0.0,0.0,0.0,0.0,0.0,0.0,0.0,0.0,0.0,0.0,0.0,0.0,0.0,0.0,0.0,0.0,0.0,0.0,0.0,0.0,0.0,0.0,0.0,0.0,0.0,0.0,0.0,0.0,0.0,0.0,0.0,0.0,0.0,0.0,0.0,0.0,0.0,0.0,0.0,0.0,0.0,0.0,0.0,0.0,0.0,0.0,0.0
0.0,0.0,0.0,0.0,0.0,0.0,0.0,0.0,0.0,0.0,0.0,0.0,0.0,0.0,0.0,0.0,0.0,0.0,0.0,0.0,0.0,0.0,0.0,0.0,0.0,0.0,0.0,0.0,0.0,0.0,0.0,0.0,0.0,0.0,0.0,0.0,0.0,0.0,0.0,0.0,0.0,0.0,0.0,0.0,0.0,0.0,0.0,0.0,0.0,0.0,0.0,0.0,0.0,0.0,0.0,0.0,0.0,0.0,0.0,0.0,0.0,0.0,0.0,0.0,0.0,0.0,0.0,0.0,0.0,0.0,0.0,0.0,0.0,0.0,0.0,0.0,0.0,0.0,0.0,0.0,0.0,0.0,0.0,0.0,0.0,0.0
0.0,0.0,0.0,0.0,0.0,0.0,0.0,0.0,0.0,0.0,0.0,0.0,0.0,0.0,0.0,0.0,0.0,0.0,0.0,0.0,0.0,0.0,0.0,0.0,0.0,0.0,0.0,0.0,0.0,0.0,0.0,0.0,0.0,0.0,0.0,0.0,0.0,0.0,0.0,0.0,0.0,0.0,0.0,0.0,0.0,0.0,0.0,0.0,0.0,0.0,0.0,0.0,0.0,0.0,0.0,0.0,0.0,0.0,0.0,0.0,0.0,0.0,0.0,0.0,0.0,0.0,0.0,0.0,0.0,0.0,0.0,0.0,0.0,0.0,0.0,0.0,0.0,0.0,0.0,0.0,0.0,0.0,0.0,0.0,0.0,0.0
0.0,0.0,0.0,0.0,0.0,0.0,0.0,0.0,0.0,0.0,0.0,0.0,0.0,0.0,0.0,0.0,0.0,0.0,0.0,0.0,0.0,0.0,0.0,0.0,0.0,0.0,0.0,0.0,0.0,0.0,0.0,0.0,0.0,0.0,0.0,0.0,0.0,0.0,0.0,0.0,0.0,0.0,0.0,0.0,0.0,0.0,0.0,0.0,0.0,0.0,0.0,0.0,0.0,0.0,0.0,0.0,0.0,0.0,0.0,0.0,0.0,0.0,0.0,0.0,0.0,0.0,0.0,0.0,0.0,0.0,0.0,0.0,0.0,0.0,0.0,0.0,0.0,0.0,0.0,0.0,0.0,0.0,0.0,0.0,0.0,0.0
0.0,0.0,0.0,0.0,0.0,0.0,0.0,0.0,0.0,0.0,0.0,0.0,0.0,0.0,0.0,0.0,0.0,0.0,0.0,0.0,0.0,0.0,0.0,0.0,0.0,0.0,0.0,0.0,0.0,0.0,0.0,0.0,0.0,0.0,0.0,0.0,0.0,0.0,0.0,0.0,0.0,0.0,0.0,0.0,0.0,0.0,0.0,0.0,0.0,0.0,0.0,0.0,0.0,0.0,0.0,0.0,0.0,0.0,0.0,0.0,0.0,0.0,0.0,0.0,0.0,0.0,0.0,0.0,0.0,0.0,0.0,0.0,0.0,0.0,0.0,0.0,0.0,0.0,0.0,0.0,0.0,0.0,0.0,0.0,0.0,0.0
0.0,0.0,0.0,0.0,0.0,0.0,0.0,0.0,0.0,0.0,0.0,0.0,0.0,0.0,0.0,0.0,0.0,0.0,0.0,0.0,0.0,0.0,0.0,0.0,0.0,0.0,0.0,0.0,0.0,0.0,0.0,0.0,0.0,0.0,0.0,0.0,0.0,0.0,0.0,0.0,0.0,0.0,0.0,0.0,0.0,0.0,0.0,0.0,0.0,0.0,0.0,0.0,0.0,0.0,0.0,0.0,0.0,0.0,0.0,0.0,0.0,0.0,0.0,0.0,0.0,0.0,0.0,0.0,0.0,0.0,0.0,0.0,0.0,0.0,0.0,0.0,0.0,0.0,0.0,0.0,0.0,0.0,0.0,0.0,0.0,0.0
0.0,0.0,0.0,0.0,0.0,0.0,0.0,0.0,0.0,0.0,0.0,0.0,0.0,0.0,0.0,0.0,0.0,0.0,0.0,0.0,0.0,0.0,0.0,0.0,0.0,0.0,0.0,0.0,0.0,0.0,0.0,0.0,0.0,0.0,0.0,0.0,0.0,0.0,0.0,0.0,0.0,0.0,0.0,0.0,0.0,0.0,0.0,0.0,0.0,0.0,0.0,0.0,0.0,0.0,0.0,0.0,0.0,0.0,0.0,0.0,0.0,0.0,0.0,0.0,0.0,0.0,0.0,0.0,0.0,0.0,0.0,0.0,0.0,0.0,0.0,0.0,0.0,0.0,0.0,0.0,0.0,0.0,0.0,0.0,0.0,0.0
0.0,0.0,0.0,0.0,0.0,0.0,0.0,0.0,0.0,0.0,0.0,0.0,0.0,0.0,0.0,0.0,0.0,0.0,0.0,0.0,0.0,0.0,0.0,0.0,0.0,0.0,0.0,0.0,0.0,0.0,0.0,0.0,0.0,0.0,0.0,0.0,0.0,0.0,0.0,0.0,0.0,0.0,0.0,0.0,0.0,0.0,0.0,0.0,0.0,0.0,0.0,0.0,0.0,0.0,0.0,0.0,0.0,0.0,0.0,0.0,0.0,0.0,0.0,0.0,0.0,0.0,0.0,0.0,0.0,0.0,0.0,0.0,0.0,0.0,0.0,0.0,0.0,0.0,0.0,0.0,0.0,0.0,0.0,0.0,0.0,0.0
0.0,0.0,0.0,0.0,0.0,0.0,0.0,0.0,0.0,0.0,0.0,0.0,0.0,0.0,0.0,0.0,0.0,0.0,0.0,0.0,0.0,0.0,0.0,0.0,0.0,0.0,0.0,0.0,0.0,0.0,0.0,0.0,0.0,0.0,0.0,0.0,0.0,0.0,0.0,0.0,0.0,0.0,0.0,0.0,0.0,0.0,0.0,0.0,0.0,0.0,0.0,0.0,0.0,0.0,0.0,0.0,0.0,0.0,0.0,0.0,0.0,0.0,0.0,0.0,0.0,0.0,0.0,0.0,0.0,0.0,0.0,0.0,0.0,0.0,0.0,0.0,0.0,0.0,0.0,0.0,0.0,0.0,0.0,0.0,0.0,0.0
0.0,0.0,0.0,0.0,0.0,0.0,0.0,0.0,0.0,0.0,0.0,0.0,0.0,0.0,0.0,0.0,0.0,0.0,0.0,0.0,0.0,0.0,0.0,0.0,0.0,0.0,0.0,0.0,0.0,0.0,0.0,0.0,0.0,0.0,0.0,0.0,0.0,0.0,0.0,0.0,0.0,0.0,0.0,0.0,0.0,0.0,0.0,0.0,0.0,0.0,0.0,0.0,0.0,0.0,0.0,0.0,0.0,0.0,0.0,0.0,0.0,0.0,0.0,0.0,0.0,0.0,0.0,0.0,0.0,0.0,0.0,0.0,0.0,0.0,0.0,0.0,0.0,0.0,0.0,0.0,0.0,0.0,0.0,0.0,0.0,0.0
0.0,0.0,0.0,0.0,0.0,0.0,0.0,0.0,0.0,0.0,0.0,0.0,0.0,0.0,0.0,0.0,0.0,0.0,0.0,0.0,0.0,0.0,0.0,0.0,0.0,0.0,0.0,0.0,0.0,0.0,0.0,0.0,0.0,0.0,0.0,0.0,0.0,0.0,0.0,0.0,0.0,0.0,0.0,0.0,0.0,0.0,0.0,0.0,0.0,0.0,0.0,0.0,0.0,0.0,0.0,0.0,0.0,0.0,0.0,0.0,0.0,0.0,0.0,0.0,0.0,0.0,0.0,0.0,0.0,0.0,0.0,0.0,0.0,0.0,0.0,0.0,0.0,0.0,0.0,0.0,0.0,0.0,0.0,0.0,0.0,0.0
0.0,0.0,0.0,0.0,0.0,0.0,0.0,0.0,0.0,0.0,0.0,0.0,0.0,0.0,0.0,0.0,0.0,0.0,0.0,0.0,0.0,0.0,0.0,0.0,0.0,0.0,0.0,0.0,0.0,0.0,0.0,0.0,0.0,0.0,0.0,0.0,0.0,0.0,0.0,0.0,0.0,0.0,0.0,0.0,0.0,0.0,0.0,0.0,0.0,0.0,0.0,0.0,0.0,0.0,0.0,0.0,0.0,0.0,0.0,0.0,0.0,0.0,0.0,0.0,0.0,0.0,0.0,0.0,0.0,0.0,0.0,0.0,0.0,0.0,0.0,0.0,0.0,0.0,0.0,0.0,0.0,0.0,0.0,0.0,0.0,0.0
1010.0,20231026.0,2.0231026100959e+16,3.557,3.556,2660200.0,126600.0,3.558,3.555,3005200.0,2643700.0,3.559,3.554,3699500.0,4581800.0,3.56,3.553,1677000.0,2960000.0,3.561,3.552,1332700.0,2211300.0,3.212,3.575,3.556,3.551,3.555,3.569,1130197287.0,1130197287.0,3.926,510300.0,2023-10-26 10:09:59,3.556045428448399,0.0002811753128075,0.0008435259384225,0.0009999999999998,-0.0009999999999998,0.0019999999999997,12523400.0,12374600.0,-148800.0,3.5536418145232123,3.5586781148481568,24898000.0,148800.0,0.0001362180060191,-0.0129999999999999,0.0,3.5565,3.555,3.556,3.555,3.556,1130197287.0,1130197287.0,1.0,31779895.838016745,4.0,2.0,1.0,0.0,0.0003333333333328,12.642765666666667,0.00075,386887.8333333333,4187729680442.0,277625.0,-126600.0,2660200.0,-2786800.0,-2643700.0,3005200.0,-5648900.0,-4581800.0,3699500.0,-8281300.0,-2960000.0,1677000.0,-4637000.0,-2211300.0,1332700.0,-3544000.0,0.0628336706435521,0.0420650190866749
1011.0,20231026.0,2.0231026101059e+16,3.56,3.559,3317500.0,2416300.0,3.561,3.558,3832700.0,2629200.0,3.562,3.557,2919200.0,2109200.0,3.563,3.556,1808000.0,2202300.0,3.564,3.555,1029900.0,1753700.0,3.212,3.575,3.559,3.551,3.555,3.569,1139981728.0,1139981728.0,3.926,510300.0,2023-10-26 10:10:59,3.55942141337333,0.0002809383340356,0.000842815002107,0.0010000000000003,-0.0009999999999998,0.0020000000000002,11110700.0,12907300.0,1796600.0,3.557157694834709,3.5614886692027,24018000.0,1796600.0,0.0009489145978196,-0.0099999999999997,0.0030000000000001,3.5595,3.556,3.559,3.556,3.559,9784441.0,9784441.0,1.0,95584160.5498478,11.0,9.0,6.0,3.0,0.0008500000000011,12.660432650000002,0.0012500000000001,412527.55,18508974258637.0,443452.0,2416300.0,-3317500.0,5733800.0,2629200.0,-3832700.0,6461900.0,2109200.0,-2919200.0,5028400.0,2202300.0,-1808000.0,4010300.0,1753700.0,-1029900.0,2783600.0,0.1054001526220167,0.0760488600798927
1012.0,20231026.0,2.0231026101159e+16,3.561,3.56,3082800.0,442200.0,3.562,3.559,3532000.0,1596300.0,3.563,3.558,2787900.0,3642700.0,3.564,3.557,991000.0,2027700.0,3.565,3.556,367200.0,1230900.0,3.212,3.575,3.56,3.551,3.555,3.569,1165111251.0,1165111251.0,3.926,510300.0,2023-10-26 10:11:59,3.5601254468085104,0.0002808594298553,0.0008425782895659,0.0009999999999998,-0.0009999999999998,0.0019999999999997,8939800.0,10760900.0,1821100.0,3.557775296986509,3.562259151186239,19700700.0,1821100.0,0.0001977747885648,-0.0089999999999998,0.0009999999999998,3.5605,3.56,3.561,3.558,3.56,25129523.0,25129523.0,1.0,367220.7131579928,13.0,7.0,5.0,5.0,0.0004999999999999,12.67182065,0.0009999999999998,1117303.15,130457427887889.0,883596.75,442200.0,-3082800.0,3525000.0,1596300.0,-3532000.0,5128300.0,3642700.0,-2787900.0,6430600.0,2027700.0,-991000.0,3018700.0,1230900.0,-367200.0,1598100.0,0.1372453456259013,0.1002961080908005
0.0,0.0,0.0,0.0,0.0,0.0,0.0,0.0,0.0,0.0,0.0,0.0,0.0,0.0,0.0,0.0,0.0,0.0,0.0,0.0,0.0,0.0,0.0,0.0,0.0,0.0,0.0,0.0,0.0,0.0,0.0,0.0,0.0,0.0,0.0,0.0,0.0,0.0,0.0,0.0,0.0,0.0,0.0,0.0,0.0,0.0,0.0,0.0,0.0,0.0,0.0,0.0,0.0,0.0,0.0,0.0,0.0,0.0,0.0,0.0,0.0,0.0,0.0,0.0,0.0,0.0,0.0,0.0,0.0,0.0,0.0,0.0,0.0,0.0,0.0,0.0,0.0,0.0,0.0,0.0,0.0,0.0,0.0,0.0,0.0,0.0
1014.0,20231026.0,2.0231026101353e+16,3.561,3.56,1440700.0,721900.0,3.562,3.559,3126400.0,3110700.0,3.563,3.558,3447300.0,2207600.0,3.564,3.557,1826600.0,2094800.0,3.565,3.556,435500.0,973200.0,3.212,3.575,3.56,3.551,3.555,3.569,1184346468.0,1184346468.0,3.926,510300.0,2023-10-26 10:13:53,3.560333811153241,0.0002808594298553,0.0008425782895659,0.0009999999999998,-0.0009999999999998,0.0019999999999997,9108200.0,10276500.0,1168300.0,3.5580563558112472,3.5626778864399355,19384700.0,1168300.0,-0.0001065822711456,-0.0089999999999998,0.0,3.5605,3.561,3.561,3.56,3.56,12191967.0,12191967.0,1.0,-33243037.02092216,14.0,4.0,2.0,3.0,0.0002222222222219,12.679138555555555,0.0,638160.5,23188683907771.0,1019987.0,-3154100.0,-117200.0,-3036900.0,-160200.0,1066200.0,-1226400.0,-412700.0,348500.0,-761200.0,809500.0,-653900.0,1463400.0,-67400.0,3200.0,-70600.0,0.1137370800722918,0.0885658861075808
0.0,0.0,0.0,0.0,0.0,0.0,0.0,0.0,0.0,0.0,0.0,0.0,0.0,0.0,0.0,0.0,0.0,0.0,0.0,0.0,0.0,0.0,0.0,0.0,0.0,0.0,0.0,0.0,0.0,0.0,0.0,0.0,0.0,0.0,0.0,0.0,0.0,0.0,0.0,0.0,0.0,0.0,0.0,0.0,0.0,0.0,0.0,0.0,0.0,0.0,0.0,0.0,0.0,0.0,0.0,0.0,0.0,0.0,0.0,0.0,0.0,0.0,0.0,0.0,0.0,0.0,0.0,0.0,0.0,0.0,0.0,0.0,0.0,0.0,0.0,0.0,0.0,0.0,0.0,0.0,0.0,0.0,0.0,0.0,0.0,0.0
1016.0,20231026.0,2.0231026101559e+16,3.561,3.56,597600.0,2029000.0,3.562,3.559,3414700.0,3143100.0,3.563,3.558,3295500.0,2084400.0,3.564,3.557,2595600.0,2023200.0,3.565,3.556,531800.0,1017700.0,3.212,3.575,3.56,3.551,3.555,3.569,1200161293.0,1200161293.0,3.926,510300.0,2023-10-26 10:15:59,3.5607724815350643,0.0002808594298553,0.0008425782895659,0.0009999999999998,-0.0009999999999998,0.0019999999999997,10297400.0,10435200.0,137800.0,3.5583051741216223,3.5629088948942043,20732600.0,137800.0,0.0003169175179438,-0.0089999999999998,0.0009999999999998,3.5605,3.56,3.561,3.56,3.56,4699848.0,4699848.0,1.0,-86748.31956052035,8.0,12.0,5.0,5.0,0.0004000000000004,12.6764484,0.0009999999999998,176269.5,2968509880120.0,229736.25,2029000.0,-597600.0,2626600.0,3143100.0,-3414700.0,6557800.0,2084400.0,-3295500.0,5379900.0,2023200.0,-2595600.0,4618800.0,1017700.0,-531800.0,1549500.0,0.1319393911907133,0.1104973320555398
1017.0,20231026.0,2.0231026101659e+16,3.563,3.562,2564500.0,570500.0,3.564,3.561,3606200.0,918700.0,3.565,3.56,2370800.0,3563900.0,3.566,3.559,518100.0,1605700.0,3.567,3.558,325900.0,2098400.0,3.212,3.575,3.563,3.551,3.555,3.569,1221763392.0,1221763392.0,3.926,510300.0,2023-10-26 10:16:59,3.562181977671451,0.000280701754386,0.0008421052631579,0.0009999999999998,-0.0009999999999998,0.0019999999999997,8757200.0,9385500.0,628300.0,3.559572603115151,3.5641939374567158,18142700.0,628300.0,0.0003957616640275,-0.0059999999999997,0.0030000000000001,3.5625,3.561,3.563,3.561,3.563,21602099.0,21602099.0,1.0,67655230.45897329,11.0,9.0,4.0,2.0,0.0005499999999996,12.69105045,0.0010000000000003,791707.45,52313090106695.0,1065853.5,570500.0,-2564500.0,3135000.0,918700.0,-3606200.0,4524900.0,3563900.0,-2370800.0,5934700.0,1605700.0,-518100.0,2123800.0,2098400.0,-325900.0,2424300.0,0.1201769318141125,0.1048045010939425
1018.0,20231026.0,2.0231026101759e+16,3.559,3.558,688100.0,992200.0,3.56,3.557,2434100.0,2727700.0,3.561,3.556,2211200.0,2368700.0,3.562,3.555,1735700.0,3874200.0,3.563,3.554,321500.0,2531900.0,3.212,3.575,3.559,3.551,3.555,3.569,1235587635.0,1235587635.0,3.926,510300.0,2023-10-26 10:17:59,3.558590489793489,0.0002810172825629,0.0008430518476886,0.0009999999999998,-0.0009999999999998,0.0019999999999997,12494700.0,7390600.0,-5104100.0,3.5556617845966687,3.56080629448218,19885300.0,5104100.0,-0.0010087355547208,-0.0099999999999997,-0.004,3.5585,3.562,3.562,3.558,3.559,13824243.0,13824243.0,1.0,-103591175.10416268,11.0,9.0,2.0,5.0,0.0008999999999987,12.672889200000002,0.0019999999999997,626620.15,44389989993193.0,333657.5,-992200.0,688100.0,-1680300.0,-2727700.0,2434100.0,-5161800.0,-2368700.0,2211200.0,-4579900.0,-3874200.0,1735700.0,-5609900.0,-2531900.0,321500.0,-2853400.0,0.1257806081354791,0.1121952737282389
1019.0,20231026.0,2.0231026101859e+16,3.558,3.557,186100.0,426900.0,3.559,3.556,2148700.0,3353100.0,3.56,3.555,2470900.0,4271900.0,3.561,3.554,1153200.0,3641500.0,3.562,3.553,483000.0,1790100.0,3.212,3.575,3.558,3.551,3.555,3.569,1253914932.0,1253914932.0,3.926,510300.0,2023-10-26 10:18:59,3.557696411092985,0.0002810962754743,0.000843288826423,0.0009999999999998,-0.0010000000000003,0.0020000000000002,13483500.0,6441900.0,-7041600.0,3.554776408202618,3.559937642620966,19925400.0,7041600.0,-0.0002512767452074,-0.0110000000000001,-0.0010000000000003,3.5575,3.558,3.559,3.557,3.558,18327297.0,18327297.0,1.0,186902.04559741917,15.0,5.0,4.0,4.0,0.0001999999999995,12.6579411,0.0002499999999998,851447.35,60461405321501.0,1099400.75,-426900.0,186100.0,-613000.0,-3353100.0,2148700.0,-5501800.0,-4271900.0,2470900.0,-6742800.0,-3641500.0,1153200.0,-4794700.0,-1790100.0,483000.0,-2273100.0,0.112352019519826,0.0915006093761211
1020.0,20231026.0,2.0231026101959e+16,3.556,3.555,193000.0,3786200.0,3.557,3.554,2413500.0,4453100.0,3.558,3.553,2164600.0,3123800.0,3.559,3.552,1584500.0,2974000.0,3.56,3.551,396500.0,2289800.0,3.212,3.575,3.556,3.551,3.555,3.569,1265574377.0,1265574377.0,3.926,510300.0,2023-10-26 10:19:59,3.5559514977885005,0.0002812543945998,0.0008437631837997,0.0010000000000003,-0.0009999999999998,0.0020000000000002,16626900.0,6752100.0,-9874800.0,3.553268955728368,3.557937500925638,23379000.0,9874800.0,-0.0004905818679334,-0.0129999999999999,-0.0019999999999997,3.5555000000000003,3.558,3.558,3.555,3.556,11659445.0,11659445.0,1.0,-70834460.25539832,8.0,12.0,3.0,5.0,0.0004999999999999,12.64833735,0.0009999999999998,528913.75,18920102695535.0,741459.0,-3786200.0,193000.0,-3979200.0,-4453100.0,2413500.0,-6866600.0,-3123800.0,2164600.0,-5288400.0,-2974000.0,1584500.0,-4558500.0,-2289800.0,396500.0,-2686300.0,0.0994390340545516,0.0869552762507664
1021.0,20231026.0,2.0231026102059e+16,3.556,3.555,25500.0,4106600.0,3.557,3.554,1174800.0,4835500.0,3.558,3.553,2194600.0,2837700.0,3.559,3.552,2410300.0,2047500.0,3.56,3.551,268500.0,2226000.0,3.212,3.575,3.556,3.551,3.555,3.569,1277566994.0,1277566994.0,3.926,510300.0,2023-10-26 10:20:59,3.555993828803756,0.0002812543945998,0.0008437631837997,0.0010000000000003,-0.0009999999999998,0.0020000000000002,16053300.0,6073700.0,-9979600.0,3.5534079659633844,3.558283435138384,22127000.0,9979600.0,1.190420154029148e-05,-0.0129999999999999,0.0,3.5555000000000003,3.556,3.557,3.555,3.556,11992617.0,11992617.0,1.0,-56106.98670439422,4.0,16.0,3.0,3.0,0.00015,12.646203050000006,0.0,541495.35,18279537513705.0,1089576.5,320400.0,-167500.0,487900.0,382400.0,-1238700.0,1621100.0,-286100.0,30000.0,-316100.0,-926500.0,825800.0,-1752300.0,-63800.0,-128000.0,64200.0,0.0939613313918282,0.0899082256153181
1022.0,20231026.0,2.0231026102159e+16,3.556,3.555,1725600.0,5881800.0,3.557,3.554,1588900.0,4477000.0,3.558,3.553,2320300.0,3151700.0,3.559,3.552,2471700.0,2120300.0,3.56,3.551,1015800.0,2285400.0,3.212,3.575,3.556,3.551,3.555,3.569,1285491415.0,1285491415.0,3.926,510300.0,2023-10-26 10:21:59,3.555773168230933,0.0002812543945998,0.0008437631837997,0.0010000000000003,-0.0009999999999998,0.0020000000000002,17916200.0,9122300.0,-8793900.0,3.5535330092318684,3.557941155191125,27038500.0,8793900.0,-6.205506254230997e-05,-0.0129999999999999,0.0,3.5555000000000003,3.556,3.557,3.556,3.556,7924421.0,7924421.0,1.0,-122485.63261717558,4.0,16.0,3.0,3.0,0.0001999999999995,12.646558600000006,0.0,361193.05,10908027716945.0,366031.5,1775200.0,1700100.0,75100.0,-358500.0,414100.0,-772600.0,314000.0,125700.0,188300.0,72800.0,61400.0,11400.0,59400.0,747300.0,-687900.0,0.0774130203263632,0.0823326557042247
1023.0,20231026.0,2.0231026102259e+16,3.557,3.556,1974100.0,985000.0,3.558,3.555,2164800.0,6263200.0,3.559,3.554,3034700.0,4571900.0,3.56,3.553,988000.0,1911800.0,3.561,3.552,1319100.0,2240800.0,3.212,3.575,3.557,3.551,3.555,3.569,1287810656.0,1287810656.0,3.926,510300.0,2023-10-26 10:22:59,3.556332871481194,0.0002811753128075,0.0008435259384225,0.0009999999999998,-0.0009999999999998,0.0019999999999997,15972700.0,9480700.0,-6492000.0,3.554115184032756,3.5587376986931343,25453400.0,6492000.0,0.0001573945181052,-0.012,0.0009999999999998,3.5565,3.556,3.557,3.556,3.557,2319241.0,2319241.0,1.0,36183068.83968316,5.0,15.0,2.0,1.0,0.0002499999999998,12.646914250000004,0.0002499999999998,82531.55,835389521773.0,115481.0,985000.0,-1974100.0,2959100.0,6263200.0,-2164800.0,8428000.0,4571900.0,-3034700.0,7606600.0,1911800.0,-988000.0,2899800.0,2240800.0,-1319100.0,3559900.0,0.0634830083857214,0.0663289214889134
1024.0,20231026.0,2.0231026102359e+16,3.558,3.557,455300.0,2419900.0,3.559,3.556,2314700.0,3841900.0,3.56,3.555,2795000.0,5611500.0,3.561,3.554,3568600.0,2834300.0,3.562,3.553,453200.0,1824100.0,3.212,3.575,3.557,3.551,3.555,3.569,1297135013.0,1297135013.0,3.926,510300.0,2023-10-26 10:23:59,3.5578416457985527,0.0002810962754743,0.000843288826423,0.0009999999999998,-0.0010000000000003,0.0020000000000002,16531700.0,9586800.0,-6944900.0,3.555133029271037,3.560130356323278,26118500.0,6944900.0,0.0004241600585743,-0.012,0.0,3.5575,3.557,3.558,3.556,3.557,9324357.0,9324357.0,1.0,-96823.96349172294,6.0,14.0,6.0,6.0,0.0002499999999998,12.65402785,0.0009999999999998,344133.0,23347744744799.0,366736.25,2419900.0,-455300.0,2875200.0,3841900.0,-2314700.0,6156600.0,5611500.0,-2795000.0,8406500.0,2834300.0,-3568600.0,6402900.0,1824100.0,-453200.0,2277300.0,0.0614509481038254,0.0676263591052481
1025.0,20231026.0,2.0231026102459e+16,3.556,3.555,1540000.0,3706800.0,3.557,3.554,2945600.0,4850100.0,3.558,3.553,3187500.0,3442300.0,3.559,3.552,1183600.0,3053400.0,3.56,3.551,1043100.0,2315000.0,3.212,3.575,3.556,3.551,3.555,3.569,1309817841.0,1309817841.0,3.926,510300.0,2023-10-26 10:24:59,3.5557064877639704,0.0002812543945998,0.0008437631837997,0.0010000000000003,-0.0009999999999998,0.0020000000000002,17367600.0,9899800.0,-7467800.0,3.5532637267095053,3.5577216307400144,27267400.0,7467800.0,-0.0006003074861133,-0.0129999999999999,-0.0009999999999998,3.5555000000000003,3.558,3.558,3.556,3.556,12682828.0,12682828.0,1.0,-73398043.98224588,12.0,8.0,3.0,5.0,0.0007499999999995,12.650471049999998,0.0009999999999998,593416.4,27846024935468.0,612777.0,-3706800.0,1540000.0,-5246800.0,-4850100.0,2945600.0,-7795700.0,-3442300.0,3187500.0,-6629800.0,-3053400.0,1183600.0,-4237000.0,-2315000.0,1043100.0,-3358100.0,0.0589956180915134,0.0642623122454781
1026.0,20231026.0,2.0231026102559e+16,3.554,3.553,5200.0,2130900.0,3.555,3.552,1641200.0,4741100.0,3.556,3.551,3185800.0,2065300.0,3.557,3.55,3481200.0,5168300.0,3.558,3.549,303700.0,1124000.0,3.212,3.575,3.554,3.551,3.555,3.569,1342129244.0,1342129244.0,3.926,510300.0,2023-10-26 10:25:59,3.5539975656570384,0.0002814126917123,0.0008442380751372,0.0009999999999998,-0.0010000000000003,0.0020000000000002,15229600.0,8617100.0,-6612500.0,3.551104178704628,3.556282809761985,23846700.0,6612500.0,-0.0004807294725637,-0.0150000000000001,-0.0020000000000002,3.5535,3.556,3.556,3.554,3.554,32311403.0,32311403.0,1.0,-74509763.98778185,15.0,5.0,2.0,4.0,9.999999999932284e-05,12.6373144,0.0002499999999998,1597793.65,132503832690201.0,3563275.5,-2130900.0,5200.0,-2136100.0,-4741100.0,1641200.0,-6382300.0,-2065300.0,3185800.0,-5251100.0,-5168300.0,3481200.0,-8649500.0,-1124000.0,303700.0,-1427700.0,0.0676942935940689,0.0631730779783117
1027.0,20231026.0,2.0231026102659e+16,3.555,3.554,2212800.0,1716500.0,3.556,3.553,1819700.0,2404000.0,3.557,3.552,3306200.0,5408000.0,3.558,3.551,2474300.0,1995600.0,3.559,3.55,928200.0,5200800.0,3.212,3.575,3.554,3.551,3.555,3.569,1354749209.0,1354749209.0,3.926,510300.0,2023-10-26 10:26:59,3.554436846257603,0.0002813335208891,0.000844000562667,0.0009999999999998,-0.0009999999999998,0.0019999999999997,16724900.0,10741200.0,-5983700.0,3.551607758491829,3.55682175175958,27466100.0,5983700.0,0.0001235941912574,-0.0150000000000001,0.0,3.5545,3.553,3.555,3.553,3.554,12619965.0,12619965.0,1.0,37865153.129854016,8.0,12.0,3.0,2.0,0.00095,12.631272149999996,0.0020000000000002,530610.5,27038453921683.0,378316.5,1716500.0,-2212800.0,3929300.0,2404000.0,-1819700.0,4223700.0,5408000.0,-3306200.0,8714200.0,1995600.0,-2474300.0,4469900.0,5200800.0,-928200.0,6129000.0,0.073302417989685,0.0676782476019758
1028.0,20231026.0,2.0231026102759e+16,3.555,3.554,1966900.0,1611900.0,3.556,3.553,1904300.0,3438300.0,3.557,3.552,3159000.0,3971100.0,3.558,3.551,2458300.0,2260100.0,3.559,3.55,930200.0,5344300.0,3.212,3.575,3.555,3.551,3.555,3.569,1359944641.0,1359944641.0,3.926,510300.0,2023-10-26 10:27:59,3.5544504023695094,0.0002813335208891,0.000844000562667,0.0009999999999998,-0.0009999999999998,0.0019999999999997,16625700.0,10418700.0,-6207000.0,3.551621874567687,3.556854166066784,27044400.0,6207000.0,3.813849181355522e-06,-0.0139999999999997,0.0010000000000003,3.5545,3.555,3.555,3.554,3.555,5195432.0,5195432.0,1.0,12664.422504469752,17.0,3.0,2.0,2.0,0.0001500000000005,12.63695865,0.0,218358.1,4450166232116.0,225651.0,-104600.0,-245900.0,141300.0,1034300.0,84600.0,949700.0,-1436900.0,-147200.0,-1289700.0,264500.0,-16000.0,280500.0,143500.0,2000.0,141500.0,0.0700047410846707,0.0645247643432451
1029.0,20231026.0,2.0231026102859e+16,3.553,3.552,1737800.0,1012600.0,3.554,3.551,1740500.0,3735800.0,3.555,3.55,4145200.0,7830700.0,3.556,3.549,1502400.0,1007300.0,3.557,3.548,320000.0,1321800.0,3.212,3.575,3.553,3.551,3.555,3.569,1372069732.0,1372069732.0,3.926,510300.0,2023-10-26 10:28:59,3.5523681646305985,0.0002814919071076,0.0008444757213229,0.0009999999999998,-0.0009999999999998,0.0019999999999997,14908200.0,9445900.0,-5462300.0,3.5501415395554123,3.5546745995617144,24354100.0,5462300.0,-0.0005859831030898,-0.016,-0.0020000000000002,3.5525,3.554,3.554,3.552,3.553,12125091.0,12125091.0,1.0,-38401080.37082185,13.0,7.0,1.0,2.0,0.00095,12.623454349999998,0.0019999999999997,465056.0500000001,34436344204273.0,434412.0,-1012600.0,1737800.0,-2750400.0,-3735800.0,1740500.0,-5476300.0,-7830700.0,4145200.0,-11975900.0,-1007300.0,1502400.0,-2509700.0,-1321800.0,320000.0,-1641800.0,0.0723154035539123,0.0646452089223681
1030.0,20231026.0,2.0231026102959e+16,3.552,3.551,2659600.0,2303200.0,3.553,3.55,3101100.0,5834100.0,3.554,3.549,2704300.0,3199500.0,3.555,3.548,748200.0,2336700.0,3.556,3.547,733700.0,1122700.0,3.212,3.575,3.551,3.551,3.555,3.569,1380039479.0,1380039479.0,3.926,510300.0,2023-10-26 10:29:59,3.55146409285081,0.0002815711671124,0.0008447135013374,0.0010000000000003,-0.0009999999999998,0.0020000000000002,14796200.0,9946900.0,-4849300.0,3.5493959394979795,3.5533762177160724,24743100.0,4849300.0,-0.0002545307242347,-0.0179999999999997,-0.0019999999999997,3.5515,3.552,3.553,3.551,3.551,7969747.0,7969747.0,1.0,-38978531.78046493,13.0,7.0,4.0,5.0,0.0003000000000006,12.6145732,0.0009999999999998,261909.85,15546474503251.0,172060.5,-2303200.0,2659600.0,-4962800.0,-5834100.0,3101100.0,-8935200.0,-3199500.0,2704300.0,-5903800.0,-2336700.0,748200.0,-3084900.0,-1122700.0,733700.0,-1856400.0,0.0640795981201531,0.0592724262073063
1031.0,20231026.0,2.0231026103059e+16,3.552,3.551,237700.0,2615800.0,3.553,3.55,1631500.0,8549800.0,3.554,3.549,2559400.0,1457600.0,3.555,3.548,3004100.0,1087200.0,3.556,3.547,811400.0,1172100.0,3.212,3.575,3.551,3.55,3.555,3.569,1398123179.0,1398123179.0,3.926,510300.0,2023-10-26 10:30:59,3.5519166987909583,0.0002815711671124,0.0008447135013374,0.0010000000000003,-0.0009999999999998,0.0020000000000002,14882500.0,8244100.0,-6638400.0,3.549695447673442,3.5543056731480696,23126600.0,6638400.0,0.0001274339512513,-0.0179999999999997,0.0,3.5515,3.551,3.552,3.55,3.551,18083700.0,18083700.0,1.0,-59096.411166243255,10.0,10.0,2.0,3.0,0.0005499999999996,12.61279745,0.0009999999999998,787326.5,71118985537444.0,373283.5,312600.0,-2421900.0,2734500.0,2715700.0,-1469600.0,4185300.0,-1741900.0,-144900.0,-1597000.0,-1249500.0,2255900.0,-3505400.0,49400.0,77700.0,-28300.0,0.0601418460747048,0.0618508852892116
1032.0,20231026.0,2.0231026103159e+16,3.553,3.552,2716600.0,826700.0,3.554,3.551,1927600.0,2226700.0,3.555,3.55,2950100.0,8216300.0,3.556,3.549,731400.0,2777600.0,3.557,3.548,220000.0,1385300.0,3.212,3.575,3.552,3.55,3.555,3.569,1405488520.0,1405488520.0,3.926,510300.0,2023-10-26 10:31:59,3.5522333135777377,0.0002814919071076,0.0008444757213229,0.0009999999999998,-0.0009999999999998,0.0019999999999997,15432600.0,8545700.0,-6886900.0,3.5498919106307425,3.554275729314158,23978300.0,6886900.0,8.913516365449681e-05,-0.0169999999999999,0.0009999999999998,3.5525,3.552,3.553,3.551,3.552,7365341.0,7365341.0,1.0,-26062.02137953043,2.0,18.0,3.0,3.0,5.000000000032756e-05,12.61705935,0.0,333453.05,6010621371889.0,695833.75,826700.0,-2716600.0,3543300.0,2226700.0,-1927600.0,4154300.0,8216300.0,-2950100.0,11166400.0,2777600.0,-731400.0,3509000.0,1385300.0,-220000.0,1605300.0,0.0569708367744116,0.0562444601832633
1033.0,20231026.0,2.0231026103259e+16,3.555,3.554,2736900.0,112800.0,3.556,3.553,3445400.0,1185700.0,3.557,3.552,2499000.0,4426900.0,3.558,3.551,434800.0,2479200.0,3.559,3.55,191800.0,6126800.0,3.212,3.575,3.554,3.55,3.555,3.569,1414059463.0,1414059463.0,3.926,510300.0,2023-10-26 10:32:59,3.554039583114012,0.0002813335208891,0.000844000562667,0.0009999999999998,-0.0009999999999998,0.0019999999999997,14331400.0,9307900.0,-5023500.0,3.5510704676444727,3.5561296855359426,23639300.0,5023500.0,0.0005083591923451,-0.0150000000000001,0.0019999999999997,3.5545,3.553,3.554,3.552,3.554,8570943.0,8570943.0,1.0,39751046.102703616,4.0,16.0,3.0,2.0,9.999999999976694e-05,12.6245199,0.0,389292.65,9518229120405.0,491026.0,112800.0,-2736900.0,2849700.0,1185700.0,-3445400.0,4631100.0,4426900.0,-2499000.0,6925900.0,2479200.0,-434800.0,2914000.0,6126800.0,-191800.0,6318600.0,0.0659978051722757,0.0606350684546127
0.0,0.0,0.0,0.0,0.0,0.0,0.0,0.0,0.0,0.0,0.0,0.0,0.0,0.0,0.0,0.0,0.0,0.0,0.0,0.0,0.0,0.0,0.0,0.0,0.0,0.0,0.0,0.0,0.0,0.0,0.0,0.0,0.0,0.0,0.0,0.0,0.0,0.0,0.0,0.0,0.0,0.0,0.0,0.0,0.0,0.0,0.0,0.0,0.0,0.0,0.0,0.0,0.0,0.0,0.0,0.0,0.0,0.0,0.0,0.0,0.0,0.0,0.0,0.0,0.0,0.0,0.0,0.0,0.0,0.0,0.0,0.0,0.0,0.0,0.0,0.0,0.0,0.0,0.0,0.0,0.0,0.0,0.0,0.0,0.0,0.0
1035.0,20231026.0,2.0231026103459e+16,3.555,3.554,395000.0,506200.0,3.556,3.553,3960900.0,5338700.0,3.557,3.552,2766900.0,2350900.0,3.558,3.551,4403500.0,2161600.0,3.559,3.55,318200.0,6144800.0,3.212,3.575,3.555,3.55,3.555,3.569,1433988404.0,1433988404.0,3.926,510300.0,2023-10-26 10:34:59,3.5545616955170884,0.0002813335208891,0.000844000562667,0.0009999999999998,-0.0009999999999998,0.0019999999999997,16502200.0,11844500.0,-4657700.0,3.551509150295112,3.557024399510321,28346700.0,4657700.0,0.0001391708528319,-0.0139999999999997,0.0010000000000003,3.5545,3.554,3.556,3.554,3.555,12709539.0,12709539.0,1.0,39909565.360885605,16.0,4.0,4.0,3.0,0.0001499999999996,12.63695875,0.0,558343.45,24208363996031.0,754388.25,301900.0,-2448200.0,2750100.0,659800.0,820100.0,-160300.0,-1073200.0,-424600.0,-648600.0,-122100.0,2398100.0,-2520200.0,64200.0,121300.0,-57100.0,0.0871962898038974,0.0806490101619708
1036.0,20231026.0,2.0231026103559e+16,3.555,3.554,653900.0,2549300.0,3.556,3.553,2696400.0,4477200.0,3.557,3.552,2479300.0,2160900.0,3.558,3.551,4403500.0,2082100.0,3.559,3.55,1255300.0,6282200.0,3.212,3.575,3.554,3.55,3.555,3.569,1442774342.0,1442774342.0,3.926,510300.0,2023-10-26 10:35:59,3.55479586038961,0.0002813335208891,0.000844000562667,0.0009999999999998,-0.0009999999999998,0.0019999999999997,17551700.0,11488400.0,-6063300.0,3.5517110992097627,3.557253290275408,29040100.0,6063300.0,6.587511480904418e-05,-0.0150000000000001,-0.0010000000000003,3.5545,3.555,3.555,3.554,3.554,8785938.0,8785938.0,1.0,-40514978.500006005,9.0,11.0,1.0,2.0,0.0004500000000007,12.63411505,0.0010000000000003,328282.5,12860234347200.0,390039.5,2043100.0,258900.0,1784200.0,-861500.0,-1264500.0,403000.0,-190000.0,-287600.0,97600.0,-79500.0,0.0,-79500.0,137400.0,937100.0,-799700.0,0.0923169067725837,0.0882597804527648
1037.0,20231026.0,2.0231026103659e+16,3.554,3.553,958100.0,3607600.0,3.555,3.552,2919900.0,2900800.0,3.556,3.551,3266500.0,4461000.0,3.557,3.55,3246000.0,6113400.0,3.558,3.549,1614400.0,1359900.0,3.212,3.575,3.554,3.55,3.555,3.569,1451890566.0,1451890566.0,3.926,510300.0,2023-10-26 10:36:59,3.553790152660052,0.0002814126917123,0.0008442380751372,0.0009999999999998,-0.0010000000000003,0.0020000000000002,18442700.0,12004900.0,-6437800.0,3.551069555976077,3.5561365025947738,30447600.0,6437800.0,-0.0002829557761339,-0.0150000000000001,0.0,3.5535,3.555,3.555,3.554,3.554,9116224.0,9116224.0,1.0,-40867557.210359626,14.0,6.0,2.0,3.0,0.0002999999999997,12.6358923,0.0010000000000003,450301.2,21482439767894.0,103976.0,-3607600.0,958100.0,-4565700.0,-2900800.0,2919900.0,-5820700.0,-4461000.0,3266500.0,-7727500.0,-6113400.0,3246000.0,-9359400.0,-1359900.0,1614400.0,-2974300.0,0.0944387034914476,0.0926214225922868
1038.0,20231026.0,2.0231026103759e+16,3.555,3.554,222900.0,89800.0,3.556,3.553,4326500.0,3298400.0,3.557,3.552,3631000.0,3232400.0,3.558,3.551,3992900.0,3291300.0,3.559,3.55,317700.0,6371500.0,3.212,3.575,3.554,3.55,3.555,3.569,1478134959.0,1478134959.0,3.926,510300.0,2023-10-26 10:37:59,3.554287176207228,0.0002813335208891,0.000844000562667,0.0009999999999998,-0.0009999999999998,0.0019999999999997,16283400.0,12491000.0,-3792400.0,3.5512288895439523,3.556988471699624,28774400.0,3792400.0,0.0001398475354137,-0.0150000000000001,0.0,3.5545,3.554,3.555,3.553,3.554,26244393.0,26244393.0,1.0,-13723.653394505382,14.0,6.0,4.0,4.0,0.0002499999999998,12.62913935,0.0009999999999998,1289295.65,201773967857675.0,1004982.5,89800.0,-222900.0,312700.0,3298400.0,-4326500.0,7624900.0,3232400.0,-3631000.0,6863400.0,3291300.0,-3992900.0,7284200.0,6371500.0,-317700.0,6689200.0,0.0900173496084715,0.0911070253196086
1039.0,20231026.0,2.0231026103859e+16,3.555,3.554,3682100.0,228700.0,3.556,3.553,3782300.0,1235600.0,3.557,3.552,3708600.0,3693000.0,3.558,3.551,1643000.0,3286400.0,3.559,3.55,303000.0,6334300.0,3.212,3.575,3.555,3.55,3.555,3.569,1484459521.0,1484459521.0,3.926,510300.0,2023-10-26 10:38:59,3.554058479083563,0.0002813335208891,0.000844000562667,0.0009999999999998,-0.0009999999999998,0.0019999999999997,14778000.0,13119000.0,-1659000.0,3.551034916768169,3.5563217851970426,27897000.0,1659000.0,-6.434608974692502e-05,-0.0139999999999997,0.0010000000000003,3.5545,3.554,3.556,3.554,3.555,6324562.0,6324562.0,1.0,41483288.90850478,3.0,17.0,2.0,1.0,0.0001000000000002,12.6387362,0.0,268769.1,7659452075612.0,349572.75,138900.0,3459200.0,-3320300.0,-2062800.0,-544200.0,-1518600.0,460600.0,77600.0,383000.0,-4900.0,-2349900.0,2345000.0,-37200.0,-14700.0,-22500.0,0.0824639561235399,0.0856610414559072
1040.0,20231026.0,2.0231026103959e+16,3.552,3.551,10900.0,2782400.0,3.553,3.55,3475200.0,8797700.0,3.554,3.549,2599800.0,2896500.0,3.555,3.548,2174900.0,1731900.0,3.556,3.547,437400.0,1036100.0,3.212,3.575,3.552,3.55,3.555,3.569,1491674925.0,1491674925.0,3.926,510300.0,2023-10-26 10:39:59,3.551996097805464,0.0002815711671124,0.0008447135013374,0.0010000000000003,-0.0009999999999998,0.0020000000000002,17244600.0,8698200.0,-8546400.0,3.5496122728274355,3.5539485755673588,25942800.0,8546400.0,-0.0005804574996408,-0.0169999999999999,-0.0030000000000001,3.5515,3.554,3.554,3.552,3.552,7215404.0,7215404.0,1.0,-83812912.90040262,11.0,9.0,2.0,4.0,0.0006499999999998,12.621322449999996,0.0009999999999998,329688.7,11542755572606.0,306358.75,-2782400.0,10900.0,-2793300.0,-8797700.0,3475200.0,-12272900.0,-2896500.0,2599800.0,-5496300.0,-1731900.0,2174900.0,-3906800.0,-1036100.0,437400.0,-1473500.0,0.0862901924328872,0.084996329945084
1041.0,20231026.0,2.0231026104059e+16,3.552,3.551,1530300.0,320600.0,3.553,3.55,3744000.0,7037400.0,3.554,3.549,2674800.0,3800600.0,3.555,3.548,432200.0,1721700.0,3.556,3.547,265000.0,1129300.0,3.212,3.575,3.551,3.55,3.555,3.569,1502580039.0,1502580039.0,3.926,510300.0,2023-10-26 10:40:59,3.551173213031498,0.0002815711671124,0.0008447135013374,0.0010000000000003,-0.0009999999999998,0.0020000000000002,14009600.0,8646300.0,-5363300.0,3.549263983268616,3.5533242890022323,22655900.0,5363300.0,-0.0002316951044349,-0.0179999999999997,-0.0009999999999998,3.5515,3.552,3.552,3.55,3.551,10905114.0,10905114.0,1.0,-42197435.40848733,6.0,14.0,4.0,5.0,0.0002500000000007,12.61137685,0.0009999999999998,491990.2,24432888363096.0,462242.0,-2461800.0,1519400.0,-3981200.0,-1760300.0,268800.0,-2029100.0,904100.0,75000.0,829100.0,-10200.0,-1742700.0,1732500.0,93200.0,-172400.0,265600.0,0.0822089755480109,0.0786890004894514
1042.0,20231026.0,2.0231026104159e+16,3.552,3.551,1955000.0,1331200.0,3.553,3.55,1520500.0,8260700.0,3.554,3.549,2678200.0,3558900.0,3.555,3.548,1434200.0,1779400.0,3.556,3.547,293200.0,1276500.0,3.212,3.575,3.552,3.55,3.555,3.569,1507451201.0,1507451201.0,3.926,510300.0,2023-10-26 10:41:59,3.5514050879435217,0.0002815711671124,0.0008447135013374,0.0010000000000003,-0.0009999999999998,0.0020000000000002,16206700.0,7881100.0,-8325600.0,3.5494066651446623,3.553567331971425,24087800.0,8325600.0,6.52931660252154e-05,-0.0169999999999999,0.0009999999999998,3.5515,3.551,3.552,3.551,3.552,4871162.0,4871162.0,1.0,42331604.42272805,12.0,8.0,4.0,3.0,0.0003999999999995,12.6138628,0.0009999999999998,234010.5,6088774383472.0,253651.5,1010600.0,424700.0,585900.0,1223300.0,-2223500.0,3446800.0,-241700.0,3400.0,-245100.0,57700.0,1002000.0,-944300.0,147200.0,28200.0,119000.0,0.0763653294224795,0.0751979902970624
1043.0,20231026.0,2.0231026104259e+16,3.552,3.551,2603800.0,1501500.0,3.553,3.55,2631500.0,7135200.0,3.554,3.549,2548600.0,3664900.0,3.555,3.548,304200.0,2129800.0,3.556,3.547,314200.0,1148900.0,3.212,3.575,3.551,3.55,3.555,3.569,1509612847.0,1509612847.0,3.926,510300.0,2023-10-26 10:42:59,3.551365746717658,0.0002815711671124,0.0008447135013374,0.0010000000000003,-0.0009999999999998,0.0020000000000002,15580300.0,8402300.0,-7178000.0,3.549366526960328,3.553178022684265,23982600.0,7178000.0,-1.1077712284368602e-05,-0.0179999999999997,-0.0009999999999998,3.5515,3.552,3.552,3.551,3.551,2161646.0,2161646.0,1.0,-42545318.15541752,14.0,6.0,3.0,4.0,0.0002999999999997,12.6145731,0.0009999999999998,73276.8,1285228977664.0,82225.25,170300.0,648800.0,-478500.0,-1125500.0,1111000.0,-2236500.0,106000.0,-129600.0,235600.0,350400.0,-1130000.0,1480400.0,-127600.0,21000.0,-148600.0,0.0691801801077313,0.0706468526816734
1044.0,20231026.0,2.0231026104359e+16,3.553,3.552,1118300.0,1130600.0,3.554,3.551,3464600.0,3411900.0,3.555,3.55,1796200.0,8708600.0,3.556,3.549,1426200.0,2863300.0,3.557,3.548,1118200.0,1739600.0,3.212,3.575,3.553,3.55,3.555,3.569,1515017575.0,1515017575.0,3.926,510300.0,2023-10-26 10:43:59,3.5525027346702838,0.0002814919071076,0.0008444757213229,0.0009999999999998,-0.0009999999999998,0.0019999999999997,17854000.0,8923500.0,-8930500.0,3.5499625070012324,3.554771547038718,26777500.0,8930500.0,0.0003201038885538,-0.016,0.0019999999999997,3.5525,3.552,3.553,3.551,3.553,5404728.0,5404728.0,1.0,42690268.20753106,16.0,4.0,4.0,3.0,4.999999999988347e-05,12.61634915,0.0,238628.9,11071331089234.0,158042.0,1130600.0,-1118300.0,2248900.0,3411900.0,-3464600.0,6876500.0,8708600.0,-1796200.0,10504800.0,2863300.0,-1426200.0,4289500.0,1739600.0,-1118200.0,2857800.0,0.0609409895531218,0.0645634965804165
1045.0,20231026.0,2.0231026104459e+16,3.554,3.553,4093800.0,131500.0,3.555,3.552,2459500.0,1440300.0,3.556,3.551,2503600.0,4190000.0,3.557,3.55,1146700.0,7919000.0,3.558,3.549,1471200.0,1727600.0,3.212,3.575,3.553,3.55,3.555,3.569,1518826135.0,1518826135.0,3.926,510300.0,2023-10-26 10:44:59,3.553031122050505,0.0002814126917123,0.0008442380751372,0.0009999999999998,-0.0010000000000003,0.0020000000000002,15408400.0,11674800.0,-3733600.0,3.550372361828613,3.555438277315243,27083200.0,3733600.0,0.0001487255966547,-0.016,0.0,3.5535,3.552,3.554,3.552,3.553,3808560.0,3808560.0,1.0,42666810.08274212,18.0,2.0,4.0,3.0,4.440892098500626e-16,12.623809199999997,0.0,174617.0,5860247075586.0,80386.5,131500.0,-4093800.0,4225300.0,1440300.0,-2459500.0,3899800.0,4190000.0,-2503600.0,6693600.0,7919000.0,-1146700.0,9065700.0,1727600.0,-1471200.0,3198800.0,0.0524007300784291,0.071273935005177
1046.0,20231026.0,2.0231026104559e+16,3.555,3.554,4098600.0,131200.0,3.556,3.553,2802200.0,1106100.0,3.557,3.552,3116700.0,2756900.0,3.558,3.551,1791200.0,3119400.0,3.559,3.55,296700.0,7087900.0,3.212,3.575,3.555,3.55,3.555,3.569,1528488722.0,1528488722.0,3.926,510300.0,2023-10-26 10:45:59,3.554031018015036,0.0002813335208891,0.000844000562667,0.0009999999999998,-0.0009999999999998,0.0019999999999997,14201500.0,12105400.0,-2096100.0,3.550878519874661,3.5562883506534275,26306900.0,2096100.0,0.0002813809564126,-0.0139999999999997,0.0020000000000002,3.5545,3.553,3.555,3.552,3.555,9662587.0,9662587.0,1.0,85846524.81939054,9.0,11.0,4.0,2.0,0.000599999999999,12.626652100000005,0.0009999999999998,425224.35,20204513469643.0,350942.25,131200.0,-4098600.0,4229800.0,1106100.0,-2802200.0,3908300.0,2756900.0,-3116700.0,5873600.0,3119400.0,-1791200.0,4910600.0,7087900.0,-296700.0,7384600.0,0.0591167354388563,0.0701795835536005
1047.0,20231026.0,2.0231026104659e+16,3.555,3.554,1665000.0,1108400.0,3.556,3.553,2899100.0,2448200.0,3.557,3.552,3099300.0,2954700.0,3.558,3.551,2801200.0,2407400.0,3.559,3.55,328300.0,6916700.0,3.212,3.575,3.555,3.55,3.555,3.569,1537848835.0,1537848835.0,3.926,510300.0,2023-10-26 10:46:59,3.554399653854474,0.0002813335208891,0.000844000562667,0.0009999999999998,-0.0009999999999998,0.0019999999999997,15835400.0,10792900.0,-5042500.0,3.5512689922578526,3.556743229345217,26628300.0,5042500.0,0.0001037179250347,-0.0139999999999997,0.0,3.5545,3.554,3.555,3.553,3.555,9360113.0,9360113.0,1.0,43090809.3096167,4.0,16.0,4.0,3.0,0.0001500000000009,12.63198245,0.0,463206.65,17753389501719.0,491251.0,977200.0,-2433600.0,3410800.0,1342100.0,96900.0,1245200.0,197800.0,-17400.0,215200.0,-712000.0,1010000.0,-1722000.0,-171200.0,31600.0,-202800.0,0.0640797727061229,0.0721416310724179
1048.0,20231026.0,2.0231026104759e+16,3.555,3.554,541200.0,2211600.0,3.556,3.553,2651500.0,2530400.0,3.557,3.552,3065300.0,2823200.0,3.558,3.551,3550600.0,2463100.0,3.559,3.55,549500.0,6927500.0,3.212,3.575,3.555,3.55,3.555,3.569,1538630158.0,1538630158.0,3.926,510300.0,2023-10-26 10:47:59,3.554803400174368,0.0002813335208891,0.000844000562667,0.0009999999999998,-0.0009999999999998,0.0019999999999997,16955800.0,10358100.0,-6597700.0,3.5514477111077034,3.5570884042440216,27313900.0,6597700.0,0.0001135841295454,-0.0139999999999997,0.0,3.5545,3.555,3.555,3.554,3.555,781323.0,781323.0,1.0,-50933.798798047006,12.0,8.0,5.0,5.0,0.0004000000000004,12.635181399999995,0.0010000000000003,32350.5,78736730193.0,39816.25,1103200.0,-1123800.0,2227000.0,82200.0,-247600.0,329800.0,-131500.0,-34000.0,-97500.0,55700.0,749400.0,-693700.0,10800.0,221200.0,-210400.0,0.0659551340900257,0.0717192217555268
1049.0,20231026.0,2.0231026104859e+16,3.554,3.553,454900.0,1948300.0,3.555,3.552,2707900.0,2046000.0,3.556,3.551,4738600.0,3909200.0,3.557,3.55,2303300.0,7013200.0,3.558,3.549,1710600.0,1872000.0,3.212,3.575,3.554,3.55,3.555,3.569,1542702700.0,1542702700.0,3.926,510300.0,2023-10-26 10:48:59,3.553810710719041,0.0002814126917123,0.0008442380751372,0.0009999999999998,-0.0010000000000003,0.0020000000000002,16788700.0,11915300.0,-4873400.0,3.550713223775516,3.556176814683642,28704000.0,4873400.0,-0.0002792919818952,-0.0150000000000001,-0.0010000000000003,3.5535,3.555,3.555,3.553,3.554,4072542.0,4072542.0,1.0,-43399931.43035153,5.0,15.0,2.0,3.0,0.0002000000000004,12.6323379,0.0002499999999998,190654.1,6784290189948.0,73746.0,-1948300.0,454900.0,-2403200.0,-2046000.0,2707900.0,-4753900.0,-3909200.0,4738600.0,-8647800.0,-7013200.0,2303300.0,-9316500.0,-1872000.0,1710600.0,-3582600.0,0.07404785592002,0.0739756294675071
1050.0,20231026.0,2.0231026104959e+16,3.555,3.554,881800.0,2741600.0,3.556,3.553,2666000.0,3422400.0,3.557,3.552,3095200.0,2588800.0,3.558,3.551,3800500.0,2576800.0,3.559,3.55,363900.0,6651800.0,3.212,3.575,3.554,3.55,3.555,3.569,1545575890.0,1545575890.0,3.926,510300.0,2023-10-26 10:49:59,3.554756637412375,0.0002813335208891,0.000844000562667,0.0009999999999998,-0.0009999999999998,0.0019999999999997,17981400.0,10807400.0,-7174000.0,3.551612110291746,3.5570091326313453,28788800.0,7174000.0,0.0002661370857424,-0.0150000000000001,0.0,3.5545,3.553,3.555,3.553,3.554,2873190.0,2873190.0,1.0,43370458.6795866,17.0,3.0,4.0,3.0,4.999999999943938e-05,12.63056085,0.0,140106.5,1843326246392.0,131488.0,2741600.0,-881800.0,3623400.0,3422400.0,-2666000.0,6088400.0,2588800.0,-3095200.0,5684000.0,2576800.0,-3800500.0,6377300.0,6651800.0,-363900.0,7015700.0,0.0644701015385449,0.0619201237104573
1051.0,20231026.0,2.0231026105059e+16,3.557,3.556,1038700.0,1850500.0,3.558,3.555,3271900.0,2758200.0,3.559,3.554,2002900.0,2855800.0,3.56,3.553,3524500.0,2793700.0,3.561,3.552,709100.0,666100.0,3.212,3.575,3.557,3.55,3.555,3.569,1555826561.0,1555826561.0,3.926,510300.0,2023-10-26 10:50:59,3.5566404887165994,0.0002811753128075,0.0008435259384225,0.0009999999999998,-0.0009999999999998,0.0019999999999997,10924300.0,10547100.0,-377200.0,3.554213588055985,3.5589614491187147,21471400.0,377200.0,0.0005298118822163,-0.012,0.0030000000000001,3.5565,3.555,3.557,3.554,3.557,10250671.0,10250671.0,1.0,87281439.05949855,11.0,9.0,5.0,3.0,0.0005499999999991,12.641936450000005,0.0009999999999998,487472.55,17250452835893.0,522228.0,1850500.0,-1038700.0,2889200.0,2758200.0,-3271900.0,6030100.0,2855800.0,-2002900.0,4858700.0,2793700.0,-3524500.0,6318200.0,666100.0,-709100.0,1375200.0,0.0721276163538431,0.0616691849384895
1052.0,20231026.0,2.0231026105159e+16,3.558,3.557,825000.0,1648400.0,3.559,3.556,1729100.0,2480500.0,3.56,3.555,3025600.0,2178200.0,3.561,3.554,2676300.0,873400.0,3.562,3.553,743400.0,2946100.0,3.212,3.575,3.558,3.55,3.555,3.569,1572288333.0,1572288333.0,3.926,510300.0,2023-10-26 10:51:59,3.557666451039055,0.0002810962754743,0.000843288826423,0.0009999999999998,-0.0010000000000003,0.0020000000000002,10126600.0,8999400.0,-1127200.0,3.5549024055457905,3.560087116918906,19126000.0,1127200.0,0.0002884222843506,-0.0110000000000001,0.0009999999999998,3.5575,3.557,3.559,3.557,3.558,16461772.0,16461772.0,1.0,43763117.32456129,16.0,4.0,3.0,2.0,5.000000000032756e-05,12.659008550000005,0.0,557486.1,30399903337218.0,881357.75,1648400.0,-825000.0,2473400.0,2480500.0,-1729100.0,4209600.0,2178200.0,-3025600.0,5203800.0,873400.0,-2676300.0,3549700.0,2946100.0,-743400.0,3689500.0,0.0806452369422826,0.0695576981586
1053.0,20231026.0,2.0231026105259e+16,3.556,3.555,1290400.0,33600.0,3.557,3.554,2773100.0,1507200.0,3.558,3.553,3153300.0,4642300.0,3.559,3.552,777500.0,2445900.0,3.56,3.551,1440200.0,2739100.0,3.212,3.575,3.556,3.55,3.555,3.569,1579725736.0,1579725736.0,3.926,510300.0,2023-10-26 10:52:59,3.555025377643504,0.0002812543945998,0.0008437631837997,0.0010000000000003,-0.0009999999999998,0.0020000000000002,11368100.0,9434500.0,-1933600.0,3.552441445800089,3.557820234246648,20802600.0,1933600.0,-0.0007426368470744,-0.0129999999999999,-0.0019999999999997,3.5555000000000003,3.558,3.558,3.554,3.556,7437403.0,7437403.0,1.0,-88592008.12247641,5.0,15.0,3.0,5.0,0.00015,12.646203650000002,0.0002499999999998,365113.15,7294446759989.0,647480.75,-33600.0,1290400.0,-1324000.0,-1507200.0,2773100.0,-4280300.0,-4642300.0,3153300.0,-7795600.0,-2445900.0,777500.0,-3223400.0,-2739100.0,1440200.0,-4179300.0,0.0911285972190813,0.0832037824652306
1054.0,20231026.0,2.0231026105359e+16,3.557,3.556,1167200.0,390900.0,3.558,3.555,3411400.0,2256500.0,3.559,3.554,1952200.0,4094500.0,3.56,3.553,2524000.0,4017800.0,3.561,3.552,777600.0,924700.0,3.212,3.575,3.556,3.55,3.555,3.569,1583405864.0,1583405864.0,3.926,510300.0,2023-10-26 10:53:59,3.556250882485078,0.0002811753128075,0.0008435259384225,0.0009999999999998,-0.0009999999999998,0.0019999999999997,11684400.0,9832400.0,-1852000.0,3.5537578908630314,3.5588304991660227,21516800.0,1852000.0,0.0003446652355714,-0.0129999999999999,0.0,3.5565,3.555,3.557,3.555,3.556,3680128.0,3680128.0,1.0,44447745.56084044,11.0,9.0,2.0,1.0,0.0006999999999992,12.643003000000002,0.0009999999999998,180627.9,5464246050510.0,86850.25,390900.0,-1167200.0,1558100.0,2256500.0,-3411400.0,5667900.0,4094500.0,-1952200.0,6046700.0,4017800.0,-2524000.0,6541800.0,924700.0,-777600.0,1702300.0,0.0893975566627985,0.0910008232714203
0.0,0.0,0.0,0.0,0.0,0.0,0.0,0.0,0.0,0.0,0.0,0.0,0.0,0.0,0.0,0.0,0.0,0.0,0.0,0.0,0.0,0.0,0.0,0.0,0.0,0.0,0.0,0.0,0.0,0.0,0.0,0.0,0.0,0.0,0.0,0.0,0.0,0.0,0.0,0.0,0.0,0.0,0.0,0.0,0.0,0.0,0.0,0.0,0.0,0.0,0.0,0.0,0.0,0.0,0.0,0.0,0.0,0.0,0.0,0.0,0.0,0.0,0.0,0.0,0.0,0.0,0.0,0.0,0.0,0.0,0.0,0.0,0.0,0.0,0.0,0.0,0.0,0.0,0.0,0.0,0.0,0.0,0.0,0.0,0.0,0.0
1056.0,20231026.0,2.0231026105559e+16,3.557,3.556,485700.0,1349800.0,3.558,3.555,1990800.0,3366300.0,3.559,3.554,2736500.0,3313100.0,3.56,3.553,1516000.0,3253900.0,3.561,3.552,779500.0,968300.0,3.212,3.575,3.557,3.55,3.555,3.569,1594930581.0,1594930581.0,3.926,510300.0,2023-10-26 10:55:59,3.5567353854535546,0.0002811753128075,0.0008435259384225,0.0009999999999998,-0.0009999999999998,0.0019999999999997,12251400.0,7508500.0,-4742900.0,3.554071453058426,3.5590150229739623,19759900.0,4742900.0,-0.000161170510694,-0.012,-0.0009999999999998,3.5565,3.558,3.558,3.555,3.557,6583249.0,6583249.0,1.0,-44589109.07771817,14.0,6.0,1.0,3.0,0.0009999999999994,12.652249799999998,0.0019999999999997,316715.95,15647820968149.0,181739.25,-1349800.0,485700.0,-1835500.0,-3366300.0,1990800.0,-5357100.0,-3313100.0,2736500.0,-6049600.0,-3253900.0,1516000.0,-4769900.0,-968300.0,779500.0,-1747800.0,0.0935319440449185,0.0918824705056986
1057.0,20231026.0,2.0231026105659e+16,3.556,3.555,2772900.0,219000.0,3.557,3.554,2592500.0,2184800.0,3.558,3.553,3334100.0,4683000.0,3.559,3.552,408900.0,2815100.0,3.56,3.551,1447900.0,3026600.0,3.212,3.575,3.555,3.55,3.555,3.569,1600739086.0,1600739086.0,3.926,510300.0,2023-10-26 10:56:59,3.555073197633611,0.0002812543945998,0.0008437631837997,0.0010000000000003,-0.0009999999999998,0.0020000000000002,12928500.0,10556300.0,-2372200.0,3.552516919982984,3.5575421122931328,23484800.0,2372200.0,-0.000467444484983,-0.0139999999999997,-0.0019999999999997,3.5555000000000003,3.557,3.557,3.555,3.555,5808505.0,5808505.0,1.0,-89850407.67759843,7.0,13.0,0.0,2.0,0.0003999999999999,12.6408695,0.0009999999999998,267137.25,7825548472483.0,223970.75,-219000.0,2772900.0,-2991900.0,-2184800.0,2592500.0,-4777300.0,-4683000.0,3334100.0,-8017100.0,-2815100.0,408900.0,-3224000.0,-3026600.0,1447900.0,-4474500.0,0.094044936603398,0.0868230355533196
1058.0,20231026.0,2.0231026105759e+16,3.555,3.554,1340000.0,806100.0,3.556,3.553,3127700.0,3370000.0,3.557,3.552,2741600.0,4033900.0,3.558,3.551,840400.0,3219400.0,3.559,3.55,382400.0,8064300.0,3.212,3.575,3.554,3.55,3.555,3.569,1606196295.0,1606196295.0,3.926,510300.0,2023-10-26 10:57:59,3.554375611574484,0.0002813335208891,0.000844000562667,0.0009999999999998,-0.0009999999999998,0.0019999999999997,19493700.0,8432100.0,-11061600.0,3.5512630542175168,3.5565016069543764,27925800.0,11061600.0,-0.0001962419535146,-0.0150000000000001,-0.0010000000000003,3.5545,3.555,3.555,3.553,3.554,5457209.0,5457209.0,1.0,-45094889.50356298,5.0,15.0,1.0,2.0,9.999999999976694e-05,12.631627200000002,0.0002499999999998,253670.45,3160732447409.0,486994.0,-806100.0,1340000.0,-2146100.0,-3370000.0,3127700.0,-6497700.0,-4033900.0,2741600.0,-6775500.0,-3219400.0,840400.0,-4059800.0,-8064300.0,382400.0,-8446700.0,0.084881649645408,0.0772349732651816
1059.0,20231026.0,2.0231026105859e+16,3.555,3.553,1094000.0,3471600.0,3.556,3.552,2364200.0,3872500.0,3.557,3.551,2873000.0,4216100.0,3.558,3.55,1860400.0,8124000.0,3.559,3.549,431000.0,1638100.0,3.212,3.575,3.555,3.55,3.555,3.569,1607886612.0,1607886612.0,3.926,510300.0,2023-10-26 10:58:59,3.554520763974067,0.0005627462014632,0.0011254924029262,0.0009999999999998,-0.0009999999999998,0.0019999999999997,21322300.0,8622600.0,-12699700.0,3.550972587385038,3.5567877902256857,29944900.0,12699700.0,4.083683090461143e-05,-0.0139999999999997,0.0010000000000003,3.5540000000000003,3.554,3.555,3.554,3.555,1690317.0,1690317.0,1.0,45180503.29926706,6.0,14.0,4.0,3.0,0.0003000000000001,12.633048700000002,0.0010000000000003,68522.35,324410453237.0,116660.5,-3471600.0,-246000.0,-3225600.0,-3872500.0,-763500.0,-3109000.0,-4216100.0,131400.0,-4347500.0,-8124000.0,1020000.0,-9144000.0,-1638100.0,48600.0,-1686700.0,0.0798872505091364,0.0683278551854389
1100.0,20231026.0,2.0231026105959e+16,3.554,3.553,1769900.0,1455500.0,3.555,3.552,3873000.0,2356000.0,3.556,3.551,3162200.0,5083900.0,3.557,3.55,345200.0,9837700.0,3.558,3.549,761800.0,1744700.0,3.212,3.575,3.554,3.55,3.555,3.569,1609325825.0,1609325825.0,3.926,510300.0,2023-10-26 10:59:59,3.553451261858994,0.0002814126917123,0.0008442380751372,0.0009999999999998,-0.0010000000000003,0.0020000000000002,20477800.0,9912100.0,-10565700.0,3.5506063981482385,3.5554406836089227,30389900.0,10565700.0,-0.0003009303129661,-0.0150000000000001,-0.0010000000000003,3.5535,3.554,3.554,3.553,3.554,1439213.0,1439213.0,1.0,-23530.573535472155,17.0,3.0,2.0,2.0,0.0001500000000005,12.629849950000002,0.0,68052.15,314145374023.0,105531.5,-2016100.0,1769900.0,-3786000.0,-1516500.0,3873000.0,-5389500.0,867800.0,3162200.0,-2294400.0,1713700.0,345200.0,1368500.0,106600.0,761800.0,-655200.0,0.0740921962524756,0.0676718372472191
1101.0,20231026.0,2.0231026110059e+16,3.553,3.552,2309900.0,946600.0,3.554,3.551,4669400.0,4460200.0,3.555,3.55,2089200.0,9890800.0,3.556,3.549,702400.0,3225600.0,3.557,3.548,407200.0,1902500.0,3.212,3.575,3.553,3.55,3.555,3.569,1615472995.0,1615472995.0,3.926,510300.0,2023-10-26 11:00:59,3.552290680178105,0.0002814919071076,0.0008444757213229,0.0009999999999998,-0.0009999999999998,0.0019999999999997,20425700.0,10178100.0,-10247600.0,3.549966845689499,3.554236360420904,30603800.0,10247600.0,-0.000326660242006,-0.016,-0.0009999999999998,3.5525,3.554,3.554,3.553,3.553,6147170.0,6147170.0,1.0,-45447402.60475916,8.0,12.0,3.0,4.0,0.000399999999999,12.6266518,0.0009999999999998,296874.5,10233968793754.0,167794.25,-946600.0,2309900.0,-3256500.0,-4460200.0,4669400.0,-9129600.0,-9890800.0,2089200.0,-11980000.0,-3225600.0,702400.0,-3928000.0,-1902500.0,407200.0,-2309700.0,0.0572158449533073,0.0574424890491963
1102.0,20231026.0,2.0231026110159e+16,3.553,3.552,2053300.0,611800.0,3.554,3.551,4005900.0,4595200.0,3.555,3.55,2030200.0,10045400.0,3.556,3.549,446500.0,3156800.0,3.557,3.548,349200.0,1875900.0,3.212,3.575,3.552,3.55,3.555,3.569,1617590824.0,1617590824.0,3.926,510300.0,2023-10-26 11:01:59,3.5522295598664213,0.0002814919071076,0.0008444757213229,0.0009999999999998,-0.0009999999999998,0.0019999999999997,20285100.0,8885100.0,-11400000.0,3.5499462758379305,3.554215810739328,29170200.0,11400000.0,-1.7206034924166502e-05,-0.0169999999999999,-0.0009999999999998,3.5525,3.553,3.553,3.552,3.552,2117829.0,2117829.0,1.0,-45596616.087758966,11.0,9.0,5.0,6.0,0.0004499999999998,12.620611749999998,0.0009999999999998,99674.45,2079812681353.0,39169.0,-334800.0,-256600.0,-78200.0,135000.0,-663500.0,798500.0,154600.0,-59000.0,213600.0,-68800.0,-255900.0,187100.0,-26600.0,-58000.0,31400.0,0.0546328377363056,0.0549125962824501
0.0,0.0,0.0,0.0,0.0,0.0,0.0,0.0,0.0,0.0,0.0,0.0,0.0,0.0,0.0,0.0,0.0,0.0,0.0,0.0,0.0,0.0,0.0,0.0,0.0,0.0,0.0,0.0,0.0,0.0,0.0,0.0,0.0,0.0,0.0,0.0,0.0,0.0,0.0,0.0,0.0,0.0,0.0,0.0,0.0,0.0,0.0,0.0,0.0,0.0,0.0,0.0,0.0,0.0,0.0,0.0,0.0,0.0,0.0,0.0,0.0,0.0,0.0,0.0,0.0,0.0,0.0,0.0,0.0,0.0,0.0,0.0,0.0,0.0,0.0,0.0,0.0,0.0,0.0,0.0,0.0,0.0,0.0,0.0,0.0,0.0
1104.0,20231026.0,2.0231026110359e+16,3.551,3.55,2961800.0,7682000.0,3.552,3.549,3871200.0,2960900.0,3.553,3.548,1953800.0,4040200.0,3.554,3.547,379600.0,2475100.0,3.555,3.546,800700.0,1243200.0,3.212,3.575,3.551,3.55,3.555,3.569,1634929144.0,1634929144.0,3.926,510300.0,2023-10-26 11:03:59,3.550721734718804,0.0002816504717646,0.0008449514152936,0.0009999999999998,-0.0009999999999998,0.0019999999999997,18401400.0,9967100.0,-8434300.0,3.5487262164835287,3.5522160407741468,28368500.0,8434300.0,-0.0003399072270717,-0.0179999999999997,-0.0009999999999998,3.5505,3.552,3.552,3.551,3.551,10317066.0,10317066.0,1.0,-45828929.70286382,5.0,15.0,2.0,3.0,0.0002500000000007,12.61137675,0.0002499999999998,450337.3,22879387069774.0,362626.5,-7682000.0,2961800.0,-10643800.0,-2960900.0,3871200.0,-6832100.0,-4040200.0,1953800.0,-5994000.0,-2475100.0,379600.0,-2854700.0,-1243200.0,800700.0,-2043900.0,0.0450730223951908,0.0386015302504341
1105.0,20231026.0,2.0231026110459e+16,3.55,3.549,1003000.0,1065900.0,3.551,3.548,5471400.0,3050300.0,3.552,3.547,1736300.0,2324500.0,3.553,3.546,276000.0,2623700.0,3.554,3.545,579000.0,1920800.0,3.212,3.575,3.55,3.55,3.555,3.569,1663984498.0,1663984498.0,3.926,510300.0,2023-10-26 11:04:59,3.5495152013147084,0.0002817298211015,0.0008451894633047,0.0009999999999998,-0.0010000000000003,0.0020000000000002,10985200.0,9065700.0,-1919500.0,3.546883188289699,3.551333377455685,20050900.0,1919500.0,-0.0003398572263368,-0.0190000000000001,-0.0010000000000003,3.5495,3.551,3.551,3.55,3.55,29055354.0,29055354.0,1.0,-46890630.10773378,13.0,7.0,2.0,3.0,0.0003500000000005,12.60711565,0.0010000000000003,1412998.2,366483832661816.0,68074.5,-1065900.0,1003000.0,-2068900.0,-3050300.0,5471400.0,-8521700.0,-2324500.0,1736300.0,-4060800.0,-2623700.0,276000.0,-2899700.0,-1920800.0,579000.0,-2499800.0,0.0558621487615634,0.0488991053818773
1106.0,20231026.0,2.0231026110559e+16,3.55,3.549,3040700.0,91400.0,3.551,3.548,4495300.0,2726900.0,3.552,3.547,530000.0,3245800.0,3.553,3.546,217600.0,3116100.0,3.554,3.545,563100.0,1942000.0,3.212,3.575,3.549,3.548,3.555,3.569,1675329314.0,1675329314.0,3.926,510300.0,2023-10-26 11:05:59,3.5490291816991792,0.0002817298211015,0.0008451894633047,0.0009999999999998,-0.0010000000000003,0.0020000000000002,11122200.0,8846700.0,-2275500.0,3.5466322310334286,3.5509563453038986,19968900.0,2275500.0,-0.0001369350080988,-0.02,-0.0009999999999998,3.5495,3.55,3.55,3.548,3.549,11344816.0,11344816.0,1.0,-47101817.89811659,7.0,13.0,5.0,6.0,0.0002499999999998,12.597175950000002,0.0009999999999998,287785.30000000005,15964187791520.0,505619.75,-974500.0,2037700.0,-3012200.0,-323400.0,-976100.0,652700.0,921300.0,-1206300.0,2127600.0,492400.0,-58400.0,550800.0,21200.0,-15900.0,37100.0,0.0702304210279348,0.0609831556494141
1107.0,20231026.0,2.0231026110659e+16,3.55,3.549,965800.0,97700.0,3.551,3.548,3969000.0,2563900.0,3.552,3.547,2303500.0,3651400.0,3.553,3.546,406000.0,2479100.0,3.554,3.545,364100.0,1941100.0,3.212,3.575,3.549,3.548,3.555,3.569,1685459046.0,1685459046.0,3.926,510300.0,2023-10-26 11:06:59,3.549091866478608,0.0002817298211015,0.0008451894633047,0.0009999999999998,-0.0010000000000003,0.0020000000000002,10733200.0,8008400.0,-2724800.0,3.5466644057690155,3.5514048249338197,18741600.0,2724800.0,1.766235853262188e-05,-0.02,0.0,3.5495,3.549,3.549,3.548,3.549,10129732.0,10129732.0,1.0,46187.88100431114,14.0,6.0,5.0,5.0,0.0002999999999997,12.5932719,0.0009999999999998,426652.6,20760755893888.0,285063.75,6300.0,-2074900.0,2081200.0,-163000.0,-526300.0,363300.0,405600.0,1773500.0,-1367900.0,-637000.0,188400.0,-825400.0,-900.0,-199000.0,198100.0,0.0734749583224041,0.0674252141027782
1108.0,20231026.0,2.0231026110759e+16,3.55,3.549,255600.0,1656900.0,3.551,3.548,2487500.0,4003800.0,3.552,3.547,3012700.0,1779800.0,3.553,3.546,451000.0,1324700.0,3.554,3.545,552700.0,2157700.0,3.212,3.575,3.55,3.548,3.555,3.569,1693107732.0,1693107732.0,3.926,510300.0,2023-10-26 11:07:59,3.5498663529411765,0.0002817298211015,0.0008451894633047,0.0009999999999998,-0.0010000000000003,0.0020000000000002,10922900.0,6759500.0,-4163400.0,3.5471535764311675,3.5517866262297506,17682400.0,4163400.0,0.0002181972175925,-0.0190000000000001,0.0009999999999998,3.5495,3.55,3.55,3.549,3.55,7648686.0,7648686.0,1.0,13773.016973644497,14.0,6.0,1.0,1.0,0.0002999999999993,12.6003703,0.0009999999999998,328304.3,17167174274832.0,178460.25,1559200.0,-710200.0,2269400.0,1439900.0,-1481500.0,2921400.0,-1871600.0,709200.0,-2580800.0,-1154400.0,45000.0,-1199400.0,216600.0,188600.0,28000.0,0.0809371183131398,0.0721193475884504
1109.0,20231026.0,2.0231026110859e+16,3.55,3.549,3737600.0,1294300.0,3.551,3.548,4840700.0,2037800.0,3.552,3.547,259900.0,1692400.0,3.553,3.546,173000.0,3494500.0,3.554,3.545,661800.0,1864800.0,3.212,3.575,3.55,3.548,3.555,3.569,1696076067.0,1696076067.0,3.926,510300.0,2023-10-26 11:08:59,3.5492572189431426,0.0002817298211015,0.0008451894633047,0.0009999999999998,-0.0010000000000003,0.0020000000000002,10383800.0,9673000.0,-710800.0,3.546749831468249,3.5508814948826632,20056800.0,710800.0,-0.0001716082255396,-0.0190000000000001,0.0,3.5495,3.55,3.55,3.549,3.55,2968335.0,2968335.0,1.0,-22325.72322294861,18.0,2.0,2.0,2.0,9.999999999976694e-05,12.601790099999995,0.0,87890.25,972967598809.0,92475.5,-362600.0,3482000.0,-3844600.0,-1966000.0,2353200.0,-4319200.0,-87400.0,-2752800.0,2665400.0,2169800.0,-278000.0,2447800.0,-292900.0,109100.0,-402000.0,0.0807805808403993,0.0750666257022834
1110.0,20231026.0,2.0231026110959e+16,3.552,3.55,1690600.0,2586600.0,3.553,3.549,3220800.0,3423800.0,3.554,3.548,1589800.0,4535200.0,3.555,3.547,897300.0,2407000.0,3.556,3.546,761800.0,2413700.0,3.212,3.575,3.55,3.548,3.555,3.569,1712918143.0,1712918143.0,3.926,510300.0,2023-10-26 11:09:59,3.5512094828392406,0.0005632216277105,0.001126443255421,0.0009999999999998,-0.0009999999999998,0.0019999999999997,15366300.0,8160300.0,-7206000.0,3.548088674567072,3.5534876291312822,23526600.0,7206000.0,0.0005498973595081,-0.0190000000000001,0.0,3.551,3.55,3.551,3.549,3.55,16842076.0,16842076.0,1.0,-296001.0768385529,7.0,13.0,4.0,4.0,0.0002499999999998,12.604275449999996,0.0010000000000003,720000.8,54422391013386.0,546690.0,2586600.0,-1690600.0,4277200.0,3423800.0,-3220800.0,6644600.0,4535200.0,-1589800.0,6125000.0,2407000.0,-897300.0,3304300.0,2413700.0,-761800.0,3175500.0,0.0732974845725629,0.0715708130341324
1111.0,20231026.0,2.0231026111059e+16,3.553,3.552,1840800.0,1306200.0,3.554,3.551,4108300.0,2060100.0,3.555,3.55,2274900.0,2809600.0,3.556,3.549,1279800.0,2730400.0,3.557,3.548,503700.0,2459800.0,3.212,3.575,3.553,3.548,3.555,3.569,1729822251.0,1729822251.0,3.926,510300.0,2023-10-26 11:10:59,3.552415061963775,0.0002814919071076,0.0008444757213229,0.0009999999999998,-0.0009999999999998,0.0019999999999997,11366100.0,10007500.0,-1358600.0,3.5497380367936238,3.554450142393205,21373600.0,1358600.0,0.0003394264796809,-0.016,0.0030000000000001,3.5525,3.551,3.553,3.551,3.553,16904108.0,16904108.0,1.0,97074730.02158804,15.0,5.0,3.0,1.0,0.0001999999999999,12.6152835,0.0002499999999998,824608.9,32119501536988.0,1780925.25,1306200.0,-1840800.0,3147000.0,2060100.0,-4108300.0,6168400.0,2809600.0,-2274900.0,5084500.0,2730400.0,-1279800.0,4010200.0,2459800.0,-503700.0,2963500.0,0.0594724042076314,0.0567598244112713
0.0,0.0,0.0,0.0,0.0,0.0,0.0,0.0,0.0,0.0,0.0,0.0,0.0,0.0,0.0,0.0,0.0,0.0,0.0,0.0,0.0,0.0,0.0,0.0,0.0,0.0,0.0,0.0,0.0,0.0,0.0,0.0,0.0,0.0,0.0,0.0,0.0,0.0,0.0,0.0,0.0,0.0,0.0,0.0,0.0,0.0,0.0,0.0,0.0,0.0,0.0,0.0,0.0,0.0,0.0,0.0,0.0,0.0,0.0,0.0,0.0,0.0,0.0,0.0,0.0,0.0,0.0,0.0,0.0,0.0,0.0,0.0,0.0,0.0,0.0,0.0,0.0,0.0,0.0,0.0,0.0,0.0,0.0,0.0,0.0,0.0
1113.0,20231026.0,2.0231026111259e+16,3.553,3.552,4438800.0,47700.0,3.554,3.551,3150700.0,1629200.0,3.555,3.55,1877400.0,2685200.0,3.556,3.549,1384700.0,3194300.0,3.557,3.548,498500.0,3061300.0,3.212,3.575,3.552,3.548,3.555,3.569,1770244878.0,1770244878.0,3.926,510300.0,2023-10-26 11:12:59,3.552010631895687,0.0002814919071076,0.0008444757213229,0.0009999999999998,-0.0009999999999998,0.0019999999999997,10617700.0,11350100.0,732400.0,3.549284939299472,3.5541500867833764,21967800.0,732400.0,-0.0002906492659202,-0.0169999999999999,-0.0009999999999998,3.5525,3.553,3.553,3.551,3.552,20789975.0,20789975.0,1.0,-49365424.62171171,16.0,4.0,3.0,4.0,4.999999999988347e-05,12.61634915,0.0,875745.5,42581810203073.0,1640391.5,-47700.0,4438800.0,-4486500.0,-1629200.0,3150700.0,-4779900.0,-2685200.0,1877400.0,-4562600.0,-3194300.0,1384700.0,-4579000.0,-3061300.0,498500.0,-3559800.0,0.0693263920461576,0.0644774243605969
1114.0,20231026.0,2.0231026111359e+16,3.552,3.551,99000.0,1609300.0,3.553,3.55,5191000.0,3043700.0,3.554,3.549,3133500.0,3251600.0,3.555,3.548,2219400.0,2973700.0,3.556,3.547,1414700.0,3390700.0,3.212,3.575,3.552,3.548,3.555,3.569,1791249218.0,1791249218.0,3.926,510300.0,2023-10-26 11:13:59,3.55194204764971,0.0002815711671124,0.0008447135013374,0.0010000000000003,-0.0009999999999998,0.0020000000000002,14269000.0,12057600.0,-2211400.0,3.548755217604598,3.5539717854299364,26326600.0,2211400.0,-1.930875642686125e-05,-0.0169999999999999,0.0,3.5515,3.551,3.553,3.551,3.552,21004340.0,21004340.0,1.0,49794660.1004258,17.0,3.0,4.0,3.0,4.999999999988347e-05,12.61634905,0.0,1043113.5,49306925711176.0,2205520.5,-1609300.0,99000.0,-1708300.0,-3043700.0,5191000.0,-8234700.0,-3251600.0,3133500.0,-6385100.0,-2973700.0,2219400.0,-5193100.0,-3390700.0,1414700.0,-4805400.0,0.0665272957379731,0.0662963646798934
1115.0,20231026.0,2.0231026111459e+16,3.553,3.552,4857400.0,102500.0,3.554,3.551,3442700.0,1606700.0,3.555,3.55,1945500.0,3059100.0,3.556,3.549,1452700.0,3946700.0,3.557,3.548,495900.0,2163300.0,3.212,3.575,3.552,3.548,3.555,3.569,1808200689.0,1808200689.0,3.926,510300.0,2023-10-26 11:14:59,3.552020665739229,0.0002814919071076,0.0008444757213229,0.0009999999999998,-0.0009999999999998,0.0019999999999997,10878300.0,12194200.0,1315900.0,3.549406010130259,3.554121467582949,23072500.0,1315900.0,2.2133587321171436e-05,-0.0169999999999999,0.0,3.5525,3.552,3.552,3.551,3.552,16951471.0,16951471.0,1.0,36922.317300222814,18.0,2.0,1.0,1.0,9.999999999932284e-05,12.6159937,0.0,844909.55,34233481914057.0,1860183.75,102500.0,-4857400.0,4959900.0,1606700.0,-3442700.0,5049400.0,3059100.0,-1945500.0,5004600.0,3946700.0,-1452700.0,5399400.0,2163300.0,-495900.0,2659200.0,0.0650476269184805,0.0693956120250084
1116.0,20231026.0,2.0231026111559e+16,3.556,3.555,1782500.0,1556800.0,3.557,3.554,5519300.0,3486100.0,3.558,3.553,2696200.0,2758000.0,3.559,3.552,1982200.0,612800.0,3.56,3.551,1615400.0,475000.0,3.212,3.575,3.555,3.548,3.555,3.569,1844431125.0,1844431125.0,3.926,510300.0,2023-10-26 11:15:59,3.555466205492169,0.0002812543945998,0.0008437631837997,0.0010000000000003,-0.0009999999999998,0.0020000000000002,8888700.0,13595600.0,4706900.0,3.553566663291595,3.557715253464356,22484300.0,4706900.0,0.0009695522722092,-0.0139999999999997,0.0030000000000001,3.5555000000000003,3.552,3.556,3.552,3.555,36230436.0,36230436.0,1.0,153551568.02693594,12.0,8.0,7.0,4.0,0.0005000000000001,12.6344716,0.0012500000000001,1526082.8,128992917849886.0,2086263.25,1556800.0,-1782500.0,3339300.0,3486100.0,-5519300.0,9005400.0,2758000.0,-2696200.0,5454200.0,612800.0,-1982200.0,2595000.0,475000.0,-1615400.0,2090400.0,0.0781347010833585,0.0769764412791752
1117.0,20231026.0,2.0231026111659e+16,3.556,3.555,850900.0,2411000.0,3.557,3.554,5846100.0,3682100.0,3.558,3.553,2246300.0,2217600.0,3.559,3.552,1967000.0,907400.0,3.56,3.551,1672600.0,1050900.0,3.212,3.575,3.555,3.548,3.555,3.569,1870957668.0,1870957668.0,3.926,510300.0,2023-10-26 11:16:59,3.5557391397651674,0.0002812543945998,0.0008437631837997,0.0010000000000003,-0.0009999999999998,0.0020000000000002,10269000.0,12582900.0,2313900.0,3.5535350959197585,3.557822322358121,22851900.0,2313900.0,7.676174709669858e-05,-0.0139999999999997,0.0,3.5555000000000003,3.556,3.556,3.555,3.555,26526543.0,26526543.0,1.0,-52462295.62071567,11.0,9.0,4.0,5.0,0.0004499999999998,12.641936050000002,0.0009999999999998,1038399.0,63779502021663.0,2082963.5,854200.0,-931600.0,1785800.0,196000.0,326800.0,-130800.0,-540400.0,-449900.0,-90500.0,294600.0,-15200.0,309800.0,575900.0,57200.0,518700.0,0.0704201696418476,0.0710795338974532
1118.0,20231026.0,2.0231026111759e+16,3.556,3.555,4819300.0,905000.0,3.557,3.554,7809600.0,3504900.0,3.558,3.553,2784600.0,2817400.0,3.559,3.552,881900.0,1997000.0,3.56,3.551,1718700.0,1100000.0,3.212,3.575,3.555,3.548,3.555,3.569,1899071869.0,1899071869.0,3.926,510300.0,2023-10-26 11:17:59,3.555158097933372,0.0002812543945998,0.0008437631837997,0.0010000000000003,-0.0009999999999998,0.0020000000000002,10324300.0,18014100.0,7689800.0,3.5531082785273576,3.557271187569737,28338400.0,7689800.0,-0.0001634229306559,-0.0139999999999997,0.0,3.5555000000000003,3.556,3.556,3.555,3.555,28114201.0,28114201.0,1.0,-53302995.12085718,14.0,6.0,2.0,3.0,0.0002999999999997,12.643002700000002,0.0009999999999998,1341353.55,84036122410827.0,2058300.25,-1506000.0,3968400.0,-5474400.0,-177200.0,1963500.0,-2140700.0,599800.0,538300.0,61500.0,1089600.0,-1085100.0,2174700.0,49100.0,46100.0,3000.0,0.0716734616656122,0.073306125206016
1119.0,20231026.0,2.0231026111859e+16,3.553,3.552,2262900.0,405500.0,3.554,3.551,4379900.0,2704000.0,3.555,3.55,5028200.0,2812900.0,3.556,3.549,1685900.0,3703500.0,3.557,3.548,1343800.0,2183800.0,3.212,3.575,3.553,3.548,3.555,3.569,1933691419.0,1933691419.0,3.926,510300.0,2023-10-26 11:18:59,3.55215196372358,0.0002814919071076,0.0008444757213229,0.0009999999999998,-0.0009999999999998,0.0019999999999997,11809700.0,14700700.0,2891000.0,3.5496142069654604,3.5546917017556985,26510400.0,2891000.0,-0.0008459274642522,-0.016,-0.0020000000000002,3.5525,3.555,3.555,3.553,3.553,34619550.0,34619550.0,1.0,-107827605.604667,10.0,10.0,3.0,5.0,0.0005999999999994,12.628073399999996,0.0009999999999998,1358242.5,129176104075112.0,2201326.0,-405500.0,2262900.0,-2668400.0,-2704000.0,4379900.0,-7083900.0,-2812900.0,5028200.0,-7841100.0,-3703500.0,1685900.0,-5389400.0,-2183800.0,1343800.0,-3527600.0,0.0892218068869599,0.084415677838789
1120.0,20231026.0,2.0231026111959e+16,3.554,3.553,333200.0,1148400.0,3.555,3.552,7220200.0,2442300.0,3.556,3.551,4014900.0,3386900.0,3.557,3.55,2371100.0,2896500.0,3.558,3.549,1672700.0,1029900.0,3.212,3.575,3.554,3.548,3.555,3.569,1959716799.0,1959716799.0,3.926,510300.0,2023-10-26 11:19:59,3.55377510799136,0.0002814126917123,0.0008442380751372,0.0009999999999998,-0.0010000000000003,0.0020000000000002,10904000.0,15612100.0,4708100.0,3.5509800807043286,3.5558609988406427,26516100.0,4708100.0,0.0004568423738744,-0.0150000000000001,0.0009999999999998,3.5535,3.552,3.554,3.552,3.554,26025380.0,26025380.0,1.0,109538220.95621774,6.0,14.0,3.0,1.0,0.0002000000000004,12.6252306,0.0009999999999998,1086778.5,75251607312138.0,2050140.25,1148400.0,-333200.0,1481600.0,2442300.0,-7220200.0,9662500.0,3386900.0,-4014900.0,7401800.0,2896500.0,-2371100.0,5267600.0,1029900.0,-1672700.0,2702600.0,0.0904529501090351,0.0864971602904398
1121.0,20231026.0,2.0231026112059e+16,3.554,3.553,591500.0,3099100.0,3.555,3.552,8058300.0,3392000.0,3.556,3.551,3956000.0,3454000.0,3.557,3.55,1725600.0,2117400.0,3.558,3.549,1506000.0,1046500.0,3.212,3.575,3.553,3.548,3.555,3.569,1982824483.0,1982824483.0,3.926,510300.0,2023-10-26 11:20:59,3.553839727957514,0.0002814126917123,0.0008442380751372,0.0009999999999998,-0.0010000000000003,0.0020000000000002,13109000.0,15837400.0,2728400.0,3.5514103898085283,3.5557156288279645,28946400.0,2728400.0,1.8183305552366136e-05,-0.016,-0.0009999999999998,3.5535,3.554,3.555,3.553,3.553,23107684.0,23107684.0,1.0,-55737169.42227576,13.0,7.0,4.0,5.0,0.0004999999999999,12.6294949,0.0009999999999998,1117534.2,53410183125390.0,2238252.0,1950700.0,258300.0,1692400.0,949700.0,838100.0,111600.0,67100.0,-58900.0,126000.0,-779100.0,-645500.0,-133600.0,16600.0,-166700.0,183300.0,0.0804310897724292,0.0813330309385737
1122.0,20231026.0,2.0231026112159e+16,3.555,3.554,5947200.0,49000.0,3.556,3.553,7453100.0,2861500.0,3.557,3.552,1702500.0,2682200.0,3.558,3.551,1391000.0,2570000.0,3.559,3.55,999700.0,2713000.0,3.212,3.575,3.555,3.548,3.555,3.569,1999424395.0,1999424395.0,3.926,510300.0,2023-10-26 11:21:59,3.5540081718421668,0.0002813335208891,0.000844000562667,0.0009999999999998,-0.0009999999999998,0.0019999999999997,10875700.0,17493500.0,6617800.0,3.551536903371737,3.556087826907137,28369200.0,6617800.0,4.739659234664906e-05,-0.0139999999999997,0.0020000000000002,3.5545,3.554,3.555,3.554,3.555,16599912.0,16599912.0,1.0,56043796.94291383,14.0,6.0,3.0,2.0,0.0002999999999997,12.635892299999998,0.0010000000000003,827329.6,41679473392730.0,1744287.75,49000.0,-5947200.0,5996200.0,2861500.0,-7453100.0,10314600.0,2682200.0,-1702500.0,4384700.0,2570000.0,-1391000.0,3961000.0,2713000.0,-999700.0,3712700.0,0.0784149214833149,0.0783109828541364
1123.0,20231026.0,2.0231026112259e+16,3.554,3.553,369800.0,2418300.0,3.555,3.552,7868100.0,2416200.0,3.556,3.551,4968500.0,2821000.0,3.557,3.55,1748000.0,2731500.0,3.558,3.549,1505100.0,777800.0,3.212,3.575,3.554,3.548,3.555,3.569,2002162649.0,2002162649.0,3.926,510300.0,2023-10-26 11:22:59,3.553867364872135,0.0002814126917123,0.0008442380751372,0.0009999999999998,-0.0010000000000003,0.0020000000000002,11164800.0,16459500.0,5294700.0,3.5512656294783604,3.5557661229077437,27624300.0,5294700.0,-3.9619987525885136e-05,-0.0150000000000001,-0.0010000000000003,3.5535,3.554,3.555,3.553,3.554,2738254.0,2738254.0,1.0,-46480.79380848259,14.0,6.0,5.0,5.0,0.0001999999999999,12.6294948,0.0009999999999998,125895.7,1398777005214.0,159560.25,-2418300.0,369800.0,-2788100.0,-2416200.0,7868100.0,-10284300.0,-2821000.0,4968500.0,-7789500.0,-2731500.0,1748000.0,-4479500.0,-777800.0,1505100.0,-2282900.0,0.0767260667991433,0.0743101912933716
1124.0,20231026.0,2.0231026112359e+16,3.553,3.552,1420400.0,1577300.0,3.554,3.551,9378700.0,1731400.0,3.555,3.55,4323100.0,4339200.0,3.556,3.549,3421500.0,2319600.0,3.557,3.548,505500.0,2637000.0,3.212,3.575,3.553,3.548,3.555,3.569,2012626719.0,2012626719.0,3.926,510300.0,2023-10-26 11:23:59,3.5525261700637154,0.0002814919071076,0.0008444757213229,0.0009999999999998,-0.0009999999999998,0.0019999999999997,12604500.0,19049200.0,6444700.0,3.5497851878297437,3.5545912164290363,31653700.0,6444700.0,-0.0003774614557301,-0.016,-0.0009999999999998,3.5525,3.554,3.554,3.552,3.553,10464070.0,10464070.0,1.0,-56633004.79736128,6.0,6.0,5.0,6.0,0.0009999999999998,12.6238096,0.0019999999999997,518204.0,44871837299384.0,71578.5,-1577300.0,1420400.0,-2997700.0,-1731400.0,9378700.0,-11110100.0,-4339200.0,4323100.0,-8662300.0,-2319600.0,3421500.0,-5741100.0,-2637000.0,505500.0,-3142500.0,0.0616012969867926,0.0573303885283335
1125.0,20231026.0,2.0231026112459e+16,3.555,3.554,3427300.0,2566300.0,3.556,3.553,5472800.0,3118800.0,3.557,3.552,3917500.0,3454600.0,3.558,3.551,3413100.0,981800.0,3.559,3.55,1000200.0,2205300.0,3.212,3.575,3.555,3.548,3.555,3.569,2025336479.0,2025336479.0,3.926,510300.0,2023-10-26 11:24:59,3.554428173384944,0.0002813335208891,0.000844000562667,0.0009999999999998,-0.0009999999999998,0.0019999999999997,12326800.0,17230900.0,4904100.0,3.5522319336729726,3.5565987499202016,29557700.0,4904100.0,0.0005352513255953,-0.0139999999999997,0.0020000000000002,3.5545,3.553,3.555,3.553,3.555,12709760.0,12709760.0,1.0,113825527.52830096,10.0,10.0,3.0,1.0,0.0005999999999994,12.628073400000002,0.0009999999999998,634066.0,33785182846216.0,476591.25,2566300.0,-3427300.0,5993600.0,3118800.0,-5472800.0,8591600.0,3454600.0,-3917500.0,7372100.0,981800.0,-3413100.0,4394900.0,2205300.0,-1000200.0,3205500.0,0.0567818705077679,0.0505813413306287
1126.0,20231026.0,2.0231026112559e+16,3.555,3.554,290100.0,1393800.0,3.556,3.553,4939600.0,3618200.0,3.557,3.552,4007600.0,1884600.0,3.558,3.551,3610000.0,1014300.0,3.559,3.55,1342200.0,2155400.0,3.212,3.575,3.555,3.548,3.555,3.569,2038214239.0,2038214239.0,3.926,510300.0,2023-10-26 11:25:59,3.5548277213611263,0.0002813335208891,0.000844000562667,0.0009999999999998,-0.0009999999999998,0.0019999999999997,10066300.0,14189500.0,4123200.0,3.552107358215034,3.557054589661369,24255800.0,4123200.0,0.0001124021930052,-0.0139999999999997,0.0,3.5545,3.555,3.556,3.555,3.555,12877760.0,12877760.0,1.0,-99254.77397602051,3.0,17.0,2.0,2.0,0.0001499999999996,12.63909165,0.0,593941.5,33656653195460.0,352412.0,-1172500.0,-3137200.0,1964700.0,499400.0,-533200.0,1032600.0,-1570000.0,90100.0,-1660100.0,32500.0,196900.0,-164400.0,-49900.0,342000.0,-391900.0,0.0614917636028338,0.0506902657355122
1127.0,20231026.0,2.0231026112659e+16,3.555,3.554,324400.0,2248200.0,3.556,3.553,4787600.0,2698600.0,3.557,3.552,5172600.0,3310400.0,3.558,3.551,4281100.0,1751900.0,3.559,3.55,982700.0,2220500.0,3.212,3.575,3.555,3.548,3.555,3.569,2047384719.0,2047384719.0,3.926,510300.0,2023-10-26 11:26:59,3.554873901889139,0.0002813335208891,0.000844000562667,0.0009999999999998,-0.0009999999999998,0.0019999999999997,12229600.0,15548400.0,3318800.0,3.552081940537712,3.557052101823982,27778000.0,3318800.0,1.29908484098884e-05,-0.0139999999999997,0.0,3.5545,3.555,3.556,3.554,3.555,9170480.0,9170480.0,1.0,-83464.74998354167,17.0,3.0,3.0,3.0,4.999999999988347e-05,12.63766975,0.0,457102.5,25490665945120.0,24530.25,854400.0,34300.0,820100.0,-919600.0,-152000.0,-767600.0,1425800.0,1165000.0,260800.0,737600.0,671100.0,66500.0,65100.0,-359500.0,424600.0,0.0708427899669137,0.0605851417277142
1128.0,20231026.0,2.0231026112759e+16,3.555,3.554,35400.0,2079700.0,3.556,3.553,2891800.0,4077600.0,3.557,3.552,5709500.0,3435600.0,3.558,3.551,3152000.0,1089900.0,3.559,3.55,925600.0,2203300.0,3.212,3.575,3.555,3.548,3.555,3.569,2060654273.0,2060654273.0,3.926,510300.0,2023-10-26 11:27:59,3.554983263202685,0.0002813335208891,0.000844000562667,0.0009999999999998,-0.0009999999999998,0.0019999999999997,12886100.0,12714300.0,-171800.0,3.5522126710176085,3.5571604964488808,25600400.0,171800.0,3.0763294118552054e-05,-0.0139999999999997,0.0,3.5545,3.555,3.555,3.554,3.555,13269554.0,13269554.0,1.0,62215.76448401809,13.0,7.0,5.0,5.0,0.00035,12.63553685,0.0010000000000003,591857.7,28751235485294.0,719195.25,-168500.0,-289000.0,120500.0,1379000.0,-1895800.0,3274800.0,125200.0,536900.0,-411700.0,-662000.0,-1129100.0,467100.0,-17200.0,-57100.0,39900.0,0.0745103442160499,0.066077085111648
0.0,0.0,0.0,0.0,0.0,0.0,0.0,0.0,0.0,0.0,0.0,0.0,0.0,0.0,0.0,0.0,0.0,0.0,0.0,0.0,0.0,0.0,0.0,0.0,0.0,0.0,0.0,0.0,0.0,0.0,0.0,0.0,0.0,0.0,0.0,0.0,0.0,0.0,0.0,0.0,0.0,0.0,0.0,0.0,0.0,0.0,0.0,0.0,0.0,0.0,0.0,0.0,0.0,0.0,0.0,0.0,0.0,0.0,0.0,0.0,0.0,0.0,0.0,0.0,0.0,0.0,0.0,0.0,0.0,0.0,0.0,0.0,0.0,0.0,0.0,0.0,0.0,0.0,0.0,0.0,0.0,0.0,0.0,0.0,0.0,0.0
1130.0,20231026.0,2.0231026112959e+16,3.556,3.555,1439100.0,11300.0,3.557,3.554,528200.0,1718400.0,3.558,3.553,1621700.0,1129400.0,3.559,3.552,807600.0,930000.0,3.56,3.551,1144300.0,625600.0,3.212,3.575,3.555,3.548,3.555,3.569,2079183732.0,2079183732.0,3.926,510300.0,2023-10-26 11:29:59,3.5550077909542197,0.0002812543945998,0.0008437631837997,0.0010000000000003,-0.0009999999999998,0.0020000000000002,4414700.0,5540900.0,1126200.0,3.5529002876752664,3.557944016315039,9955600.0,1126200.0,-0.0002784765207719,-0.0139999999999997,-0.0009999999999998,3.5555000000000003,3.556,3.556,3.555,3.555,8145849.0,8145849.0,1.0,-58384220.78761663,12.0,8.0,0.0,1.0,0.0003999999999995,12.642291600000002,0.0009999999999998,399470.95,22002931989499.0,60347.25,-993800.0,1437000.0,-2430800.0,-862200.0,-2381400.0,1519200.0,-2138700.0,-3806300.0,1667600.0,-573500.0,-378000.0,-195500.0,-481400.0,-412000.0,-69400.0,0.0655145742307598,0.0813000668941694
1301.0,20231026.0,2.0231026130059e+16,3.555,3.554,3800.0,2503000.0,3.556,3.553,2187300.0,2836800.0,3.557,3.552,1944500.0,3790800.0,3.558,3.551,2679500.0,783400.0,3.559,3.55,1807400.0,2385500.0,3.212,3.575,3.555,3.548,3.555,3.569,2104385327.0,2104385327.0,3.926,510300.0,2023-10-26 13:00:59,3.5549984841231845,0.0002813335208891,0.000844000562667,0.0009999999999998,-0.0009999999999998,0.0019999999999997,12299500.0,8622500.0,-3677000.0,3.552186056343753,3.557475430559583,20922000.0,3677000.0,-2.617952973515969e-06,-0.0139999999999997,0.0,3.5545,3.555,3.556,3.554,3.555,25201595.0,25201595.0,1.0,-216004.2008702457,6.0,39.0,3.0,3.0,0.0001111111111105,12.638815155555555,0.0,560035.4444444445,116366080389993.0,213340.0,-2503000.0,3800.0,-2506800.0,-2836800.0,2187300.0,-5024100.0,-3790800.0,1944500.0,-5735300.0,-783400.0,2679500.0,-3462900.0,-2385500.0,1807400.0,-4192900.0,0.048261630643304,0.0876337298705411
1302.0,20231026.0,2.0231026130159e+16,3.556,3.555,255000.0,835800.0,3.557,3.554,1967600.0,3771600.0,3.558,3.553,5470300.0,3461900.0,3.559,3.552,2164500.0,1589500.0,3.56,3.551,1542400.0,1426100.0,3.212,3.575,3.556,3.548,3.555,3.569,2117023926.0,2117023926.0,3.926,510300.0,2023-10-26 13:01:59,3.555766226622662,0.0002812543945998,0.0008437631837997,0.0010000000000003,-0.0009999999999998,0.0020000000000002,11084900.0,11399800.0,314900.0,3.5530903481312417,3.5582431358444886,22484700.0,314900.0,0.0002159380977126,-0.0129999999999999,0.0009999999999998,3.5555000000000003,3.555,3.557,3.555,3.556,12638599.0,12638599.0,1.0,59068069.58479324,7.0,13.0,4.0,3.0,0.0009000000000001,12.645847800000004,0.0012499999999997,622505.95,34664398587675.0,379145.25,835800.0,-255000.0,1090800.0,3771600.0,-1967600.0,5739200.0,3461900.0,-5470300.0,8932200.0,1589500.0,-2164500.0,3754000.0,1426100.0,-1542400.0,2968500.0,0.0708892813699464,0.0940624939409156
1303.0,20231026.0,2.0231026130259e+16,3.555,3.554,320800.0,1525000.0,3.556,3.553,7043800.0,3406000.0,3.557,3.552,4018700.0,3541600.0,3.558,3.551,3501300.0,2239200.0,3.559,3.55,999300.0,2895400.0,3.212,3.575,3.554,3.548,3.555,3.569,2133400087.0,2133400087.0,3.926,510300.0,2023-10-26 13:02:59,3.554826200021671,0.0002813335208891,0.000844000562667,0.0009999999999998,-0.0009999999999998,0.0019999999999997,13607200.0,15883900.0,2276700.0,3.551884325945088,3.556862407846939,29491100.0,2276700.0,-0.0002644017685347,-0.0150000000000001,-0.0020000000000002,3.5545,3.556,3.556,3.554,3.554,16376161.0,16376161.0,1.0,-119677652.4244496,5.0,15.0,3.0,5.0,4.999999999988347e-05,12.638380950000002,0.0002499999999998,747520.55,46168409882231.0,968189.0,-1525000.0,320800.0,-1845800.0,-3406000.0,7043800.0,-10449800.0,-3541600.0,4018700.0,-7560300.0,-2239200.0,3501300.0,-5740500.0,-2895400.0,999300.0,-3894700.0,0.0710191259385345,0.0971032263459712
1304.0,20231026.0,2.0231026130359e+16,3.553,3.552,1876600.0,1308300.0,3.554,3.551,5780200.0,2087000.0,3.555,3.55,2323700.0,4824800.0,3.556,3.549,3441600.0,2462200.0,3.557,3.548,1408900.0,2055000.0,3.212,3.575,3.553,3.548,3.555,3.569,2143625292.0,2143625292.0,3.926,510300.0,2023-10-26 13:03:59,3.552410782128168,0.0002814919071076,0.0008444757213229,0.0009999999999998,-0.0009999999999998,0.0019999999999997,12737300.0,14831000.0,2093700.0,3.5498532970095704,3.5547792461735552,27568300.0,2093700.0,-0.0006797066124468,-0.016,-0.0009999999999998,3.5525,3.555,3.555,3.553,3.553,10225205.0,10225205.0,1.0,-120475647.02601936,11.0,9.0,1.0,3.0,0.0006500000000002,12.62842875,0.0009999999999998,465946.75,23332891312707.0,337178.0,-1308300.0,1876600.0,-3184900.0,-2087000.0,5780200.0,-7867200.0,-4824800.0,2323700.0,-7148500.0,-2462200.0,3441600.0,-5903800.0,-2055000.0,1408900.0,-3463900.0,0.0839400052776297,0.0942987668417192
1305.0,20231026.0,2.0231026130459e+16,3.552,3.551,3110700.0,1339000.0,3.553,3.55,6770200.0,3121600.0,3.554,3.549,1876700.0,3113900.0,3.555,3.548,471700.0,3892900.0,3.556,3.547,1997700.0,1149600.0,3.212,3.575,3.552,3.548,3.555,3.569,2148269131.0,2148269131.0,3.926,510300.0,2023-10-26 13:04:59,3.55130091916309,0.0002815711671124,0.0008447135013374,0.0010000000000003,-0.0009999999999998,0.0020000000000002,12617000.0,14227000.0,1610000.0,3.5489688911785686,3.553400822379982,26844000.0,1610000.0,-0.0003124741038988,-0.0169999999999999,-0.0009999999999998,3.5515,3.553,3.553,3.551,3.552,4643839.0,4643839.0,1.0,-60494314.35487359,13.0,7.0,3.0,4.0,0.0004000000000004,12.620967099999998,0.0009999999999998,222775.95,6891189913165.0,166865.0,-1339000.0,3110700.0,-4449700.0,-3121600.0,6770200.0,-9891800.0,-3113900.0,1876700.0,-4990600.0,-3892900.0,471700.0,-4364600.0,-1149600.0,1997700.0,-3147300.0,0.0846964078077951,0.092659621194499
1306.0,20231026.0,2.0231026130559e+16,3.553,3.552,3539000.0,1151200.0,3.554,3.551,2976100.0,3938700.0,3.555,3.55,1715100.0,5015900.0,3.556,3.549,3345800.0,2173700.0,3.557,3.548,1401900.0,3231100.0,3.212,3.575,3.552,3.548,3.555,3.569,2161788860.0,2161788860.0,3.926,510300.0,2023-10-26 13:05:59,3.552245447955311,0.0002814919071076,0.0008444757213229,0.0009999999999998,-0.0009999999999998,0.0019999999999997,15510600.0,12977900.0,-2532700.0,3.5498456023622555,3.554699142388214,28488500.0,2532700.0,0.000265931620341,-0.0169999999999999,0.0,3.5525,3.551,3.553,3.55,3.552,13519729.0,13519729.0,1.0,60752864.11352502,10.0,10.0,5.0,4.0,0.0005000000000006,12.6131527,0.0009999999999998,639583.45,57735694731315.0,389743.75,1151200.0,-3539000.0,4690200.0,3938700.0,-2976100.0,6914800.0,5015900.0,-1715100.0,6731000.0,2173700.0,-3345800.0,5519500.0,3231100.0,-1401900.0,4633000.0,0.0957016156664091,0.0922485192056509
1307.0,20231026.0,2.0231026130659e+16,3.553,3.552,745500.0,3886300.0,3.554,3.551,1125800.0,5446900.0,3.555,3.55,3434600.0,4197000.0,3.556,3.549,3541600.0,1462800.0,3.557,3.548,2691900.0,2895400.0,3.212,3.575,3.553,3.548,3.555,3.569,2181293244.0,2181293244.0,3.926,510300.0,2023-10-26 13:06:59,3.5528390474545533,0.0002814919071076,0.0008444757213229,0.0009999999999998,-0.0009999999999998,0.0019999999999997,17888400.0,11539400.0,-6349000.0,3.5503335066299946,3.555546700868329,29427800.0,6349000.0,0.0001670914683722,-0.016,0.0009999999999998,3.5525,3.553,3.554,3.552,3.553,19504384.0,19504384.0,1.0,-176459.67138765007,17.0,3.0,4.0,3.0,9.999999999976694e-05,12.6230986,0.0,950525.7,71334997163688.0,813064.25,2735100.0,-2793500.0,5528600.0,1508200.0,-1850300.0,3358500.0,-818900.0,1719500.0,-2538400.0,-710900.0,195800.0,-906700.0,-335700.0,1290000.0,-1625700.0,0.0831288823781525,0.0949726061514011
1308.0,20231026.0,2.0231026130759e+16,3.554,3.553,483900.0,1989200.0,3.555,3.552,1579700.0,4733200.0,3.556,3.551,2884300.0,3599700.0,3.557,3.55,3570100.0,4184800.0,3.558,3.549,2983200.0,1525500.0,3.212,3.575,3.553,3.548,3.555,3.569,2187334465.0,2187334465.0,3.926,510300.0,2023-10-26 13:07:59,3.553804334640734,0.0002814126917123,0.0008442380751372,0.0009999999999998,-0.0010000000000003,0.0020000000000002,16032400.0,11501200.0,-4531200.0,3.55109205109653,3.556607675720794,27533600.0,4531200.0,0.0002716576983583,-0.016,0.0,3.5535,3.553,3.554,3.552,3.553,6041221.0,6041221.0,1.0,-16143.426916606724,3.0,17.0,4.0,4.0,9.999999999976694e-05,12.6245198,0.0,264040.55,6421779543463.0,283024.75,1989200.0,-483900.0,2473100.0,4733200.0,-1579700.0,6312900.0,3599700.0,-2884300.0,6484000.0,4184800.0,-3570100.0,7754900.0,1525500.0,-2983200.0,4508700.0,0.077355233717324,0.0935132480861125
1309.0,20231026.0,2.0231026130859e+16,3.553,3.552,1789500.0,1042600.0,3.554,3.551,2829400.0,4597200.0,3.555,3.55,3074600.0,6034400.0,3.556,3.549,2339800.0,1471000.0,3.557,3.548,1830500.0,3280400.0,3.212,3.575,3.552,3.548,3.555,3.569,2189282727.0,2189282727.0,3.926,510300.0,2023-10-26 13:08:59,3.5523681367183366,0.0002814919071076,0.0008444757213229,0.0009999999999998,-0.0009999999999998,0.0019999999999997,16425600.0,11863800.0,-4561800.0,3.5499178477498545,3.5549656433857617,28289400.0,4561800.0,-0.0004042113944575,-0.0169999999999999,-0.0009999999999998,3.5525,3.554,3.554,3.552,3.552,1948262.0,1948262.0,1.0,-123256452.63217548,11.0,9.0,3.0,5.0,0.0007000000000001,12.621677799999995,0.0009999999999998,91551.6,898292389156.0,75057.0,-1042600.0,1789500.0,-2832100.0,-4597200.0,2829400.0,-7426600.0,-6034400.0,3074600.0,-9109000.0,-1471000.0,2339800.0,-3810800.0,-3280400.0,1830500.0,-5110900.0,0.0733606500990754,0.0863549805595235
1310.0,20231026.0,2.0231026130959e+16,3.554,3.553,1297500.0,182000.0,3.555,3.552,2734600.0,4254400.0,3.556,3.551,3201800.0,4193000.0,3.557,3.55,2617500.0,4059500.0,3.558,3.549,2172900.0,1683800.0,3.212,3.575,3.554,3.548,3.555,3.569,2194245932.0,2194245932.0,3.926,510300.0,2023-10-26 13:09:59,3.5531230145319364,0.0002814126917123,0.0008442380751372,0.0009999999999998,-0.0010000000000003,0.0020000000000002,14372700.0,12024300.0,-2348400.0,3.550804580906858,3.5561358665369296,26397000.0,2348400.0,0.0002124773081468,-0.0150000000000001,0.0019999999999997,3.5535,3.553,3.554,3.552,3.554,4963205.0,4963205.0,1.0,61732755.43140634,4.0,4.0,4.0,3.0,0.0,12.6238094,0.0,230930.75,4131864703133.0,361609.75,182000.0,-1297500.0,1479500.0,4254400.0,-2734600.0,6989000.0,4193000.0,-3201800.0,7394800.0,4059500.0,-2617500.0,6677000.0,1683800.0,-2172900.0,3856700.0,0.0679302579273364,0.0847925808082569
1311.0,20231026.0,2.0231026131059e+16,3.553,3.552,522700.0,160200.0,3.554,3.551,3021700.0,3373000.0,3.555,3.55,3202900.0,6662700.0,3.556,3.549,2159800.0,2741200.0,3.557,3.548,1548000.0,2997900.0,3.212,3.575,3.553,3.548,3.555,3.569,2216079082.0,2216079082.0,3.926,510300.0,2023-10-26 13:10:59,3.5522345877873773,0.0002814919071076,0.0008444757213229,0.0009999999999998,-0.0009999999999998,0.0019999999999997,15935000.0,10455100.0,-5479900.0,3.5496834891747726,3.555113695708315,26390100.0,5479900.0,-0.0002500723535432,-0.016,-0.0009999999999998,3.5525,3.554,3.554,3.552,3.553,21833150.0,21833150.0,1.0,-61675626.00138336,5.0,15.0,1.0,2.0,0.000199999999999,12.625230499999995,0.0002499999999998,1028059.0,156109925143612.0,580599.25,-160200.0,522700.0,-682900.0,-3373000.0,3021700.0,-6394700.0,-6662700.0,3202900.0,-9865600.0,-2741200.0,2159800.0,-4901000.0,-2997900.0,1548000.0,-4545900.0,0.0638251768694301,0.0893564207026514
1312.0,20231026.0,2.0231026131159e+16,3.554,3.553,883600.0,130800.0,3.555,3.552,5177500.0,1137600.0,3.556,3.551,2179800.0,3323900.0,3.557,3.55,1478000.0,6545900.0,3.558,3.549,2114900.0,2482300.0,3.212,3.575,3.554,3.548,3.555,3.569,2229622237.0,2229622237.0,3.926,510300.0,2023-10-26 13:11:59,3.553128943217666,0.0002814126917123,0.0008442380751372,0.0009999999999998,-0.0010000000000003,0.0020000000000002,13620500.0,11833800.0,-1786700.0,3.5502576410557616,3.555895477361456,25454300.0,1786700.0,0.0002517409365783,-0.0150000000000001,0.0009999999999998,3.5535,3.552,3.554,3.552,3.554,13543155.0,13543155.0,1.0,125292054.33548814,12.0,8.0,3.0,1.0,0.0004999999999999,12.6216777,0.0009999999999998,494668.0,31882800300253.0,463163.5,130800.0,-883600.0,1014400.0,1137600.0,-5177500.0,6315100.0,3323900.0,-2179800.0,5503700.0,6545900.0,-1478000.0,8023900.0,2482300.0,-2114900.0,4597200.0,0.0635905042549956,0.0829385277066685
1313.0,20231026.0,2.0231026131259e+16,3.552,3.551,4085800.0,1057600.0,3.553,3.55,4224300.0,5879600.0,3.554,3.549,2236400.0,2828200.0,3.555,3.548,599500.0,4777600.0,3.556,3.547,1199800.0,2720300.0,3.212,3.575,3.551,3.548,3.555,3.569,2243690968.0,2243690968.0,3.926,510300.0,2023-10-26 13:12:59,3.551205622739822,0.0002815711671124,0.0008447135013374,0.0010000000000003,-0.0009999999999998,0.0020000000000002,17263300.0,12345800.0,-4917500.0,3.548871206547995,3.5532388666591066,29609100.0,4917500.0,-0.0005414498731657,-0.0179999999999997,-0.0029999999999996,3.5515,3.553,3.553,3.551,3.551,14068731.0,14068731.0,1.0,-126222067.95971116,10.0,10.0,3.0,5.0,0.0005499999999996,12.61990135,0.0009999999999998,661694.55,30355337509275.0,702593.0,-1057600.0,4085800.0,-5143400.0,-5879600.0,4224300.0,-10103900.0,-2828200.0,2236400.0,-5064600.0,-4777600.0,599500.0,-5377100.0,-2720300.0,1199800.0,-3920100.0,0.066582943608087,0.0769534306457858
1314.0,20231026.0,2.0231026131359e+16,3.552,3.551,2700.0,2883500.0,3.553,3.55,3014500.0,5365000.0,3.554,3.549,3338200.0,4165200.0,3.555,3.548,1729500.0,3494700.0,3.556,3.547,1200600.0,2539200.0,3.212,3.575,3.552,3.548,3.555,3.569,2249973219.0,2249973219.0,3.926,510300.0,2023-10-26 13:13:59,3.551999064513893,0.0002815711671124,0.0008447135013374,0.0010000000000003,-0.0009999999999998,0.0020000000000002,18447600.0,9285500.0,-9162100.0,3.5491387118107505,3.554119627376016,27733100.0,9162100.0,0.000223403889457,-0.0169999999999999,0.0009999999999998,3.5515,3.551,3.552,3.551,3.552,6282251.0,6282251.0,1.0,63242269.89201527,7.0,13.0,5.0,4.0,0.0003500000000005,12.61208705,0.0009999999999998,220889.05,3239791081419.0,430337.0,1825900.0,-4083100.0,5909000.0,-514600.0,-1209800.0,695200.0,1337000.0,1101800.0,235200.0,-1282900.0,1130000.0,-2412900.0,-181100.0,800.0,-181900.0,0.0619170118769501,0.0785671646892537
1315.0,20231026.0,2.0231026131459e+16,3.552,3.551,1990400.0,2287900.0,3.553,3.55,6690300.0,6651000.0,3.554,3.549,2273200.0,3401300.0,3.555,3.548,739100.0,4708400.0,3.556,3.547,1253600.0,2544000.0,3.212,3.575,3.552,3.548,3.555,3.569,2255278062.0,2255278062.0,3.926,510300.0,2023-10-26 13:14:59,3.551534768482808,0.0002815711671124,0.0008447135013374,0.0010000000000003,-0.0009999999999998,0.0020000000000002,19592600.0,12946600.0,-6646000.0,3.5490730071557635,3.55342650580075,32539200.0,6646000.0,-0.0001307225509616,-0.0169999999999999,0.0,3.5515,3.552,3.553,3.551,3.552,5304843.0,5304843.0,1.0,-40666.68007308245,17.0,3.0,3.0,3.0,0.0001000000000002,12.6159938,0.0,259737.15,3152467476949.0,486091.75,-595600.0,1987700.0,-2583300.0,1286000.0,3675800.0,-2389800.0,-763900.0,-1065000.0,301100.0,1213700.0,-990400.0,2204100.0,4800.0,53000.0,-48200.0,0.0626535446923805,0.0793586949239171
1316.0,20231026.0,2.0231026131559e+16,3.553,3.552,553200.0,1284000.0,3.554,3.551,5610500.0,2695300.0,3.555,3.55,1917800.0,5752600.0,3.556,3.549,1296400.0,2717900.0,3.557,3.548,1312900.0,1877400.0,3.212,3.575,3.552,3.548,3.555,3.569,2267375982.0,2267375982.0,3.926,510300.0,2023-10-26 13:15:59,3.552698889614631,0.0002814919071076,0.0008444757213229,0.0009999999999998,-0.0009999999999998,0.0019999999999997,14327200.0,10690800.0,-3636400.0,3.54991558713496,3.554738588318928,25018000.0,3636400.0,0.000327726028807,-0.0169999999999999,0.0,3.5525,3.552,3.553,3.551,3.552,12097920.0,12097920.0,1.0,-46268.35231557488,2.0,18.0,3.0,3.0,4.999999999988347e-05,12.61705935,0.0,418238.0,18098736772304.0,398483.0,1284000.0,-553200.0,1837200.0,2695300.0,-5610500.0,8305800.0,5752600.0,-1917800.0,7670400.0,2717900.0,-1296400.0,4014300.0,1877400.0,-1312900.0,3190300.0,0.0616175672813836,0.0721014266115885
1317.0,20231026.0,2.0231026131659e+16,3.554,3.553,77400.0,3644500.0,3.555,3.552,823100.0,2449600.0,3.556,3.551,5406000.0,4176700.0,3.557,3.55,2581200.0,3845800.0,3.558,3.549,2165800.0,1005100.0,3.212,3.575,3.554,3.548,3.555,3.569,2274054044.0,2274054044.0,3.926,510300.0,2023-10-26 13:16:59,3.553979204169913,0.0002814126917123,0.0008442380751372,0.0009999999999998,-0.0010000000000003,0.0020000000000002,15121700.0,11053500.0,-4068200.0,3.5512567568461217,3.556536924955896,26175200.0,4068200.0,0.0003603130892484,-0.0150000000000001,0.0019999999999997,3.5535,3.552,3.554,3.552,3.554,6678062.0,6678062.0,1.0,127819834.62639722,6.0,14.0,4.0,2.0,0.00095,12.624164850000003,0.0012499999999997,267288.1,4936868352462.0,479729.75,3644500.0,-77400.0,3721900.0,2449600.0,-823100.0,3272700.0,4176700.0,-5406000.0,9582700.0,3845800.0,-2581200.0,6427000.0,1005100.0,-2165800.0,3170900.0,0.0547141621983003,0.0593324658812339
