minute,TradeDate,OrigTime,OfferPx1,BidPx1,OfferSize1,BidSize1,OfferPx2,BidPx2,OfferSize2,BidSize2,OfferPx3,BidPx3,OfferSize3,BidSize3,OfferPx4,BidPx4,OfferSize4,BidSize4,OfferPx5,BidPx5,OfferSize5,BidSize5,DownLimitPx,HighPx,LastPx,LowPx,OpenPx,PreClosePx,TotalValueTrade,TotalVolumeTrade,UpLimitPx,ticker,datetime,wap1,price_spread,price_spread2,bid_spread,ask_spread,bid_ask_spread,total_bid_qty,total_ask_qty,total_qty_diff,weighted_bid_prc,weighted_ask_prc,total_volume,volume_imbalance,log_return,PxChange1,PxChange2,mid,open,high,low,close,volume,amount,vwap,tendency,f_max,f_min,df_max,df_min,abs_diff,energy,iqr_p,abs_diff_v,energy_v,iqr_p_v,bOF1,aOF1,OFI1,bOF2,aOF2,OFI2,bOF3,aOF3,OFI3,bOF4,aOF4,OFI4,bOF5,aOF5,OFI5,volatility_QMLE,volatility
0.0,0.0,0.0,0.0,0.0,0.0,0.0,0.0,0.0,0.0,0.0,0.0,0.0,0.0,0.0,0.0,0.0,0.0,0.0,0.0,0.0,0.0,0.0,0.0,0.0,0.0,0.0,0.0,0.0,0.0,0.0,0.0,0.0,0.0,0.0,0.0,0.0,0.0,0.0,0.0,0.0,0.0,0.0,0.0,0.0,0.0,0.0,0.0,0.0,0.0,0.0,0.0,0.0,0.0,0.0,0.0,0.0,0.0,0.0,0.0,0.0,0.0,0.0,0.0,0.0,0.0,0.0,0.0,0.0,0.0,0.0,0.0,0.0,0.0,0.0,0.0,0.0,0.0,0.0,0.0,0.0,0.0,0.0,0.0,0.0,0.0
0.0,0.0,0.0,0.0,0.0,0.0,0.0,0.0,0.0,0.0,0.0,0.0,0.0,0.0,0.0,0.0,0.0,0.0,0.0,0.0,0.0,0.0,0.0,0.0,0.0,0.0,0.0,0.0,0.0,0.0,0.0,0.0,0.0,0.0,0.0,0.0,0.0,0.0,0.0,0.0,0.0,0.0,0.0,0.0,0.0,0.0,0.0,0.0,0.0,0.0,0.0,0.0,0.0,0.0,0.0,0.0,0.0,0.0,0.0,0.0,0.0,0.0,0.0,0.0,0.0,0.0,0.0,0.0,0.0,0.0,0.0,0.0,0.0,0.0,0.0,0.0,0.0,0.0,0.0,0.0,0.0,0.0,0.0,0.0,0.0,0.0
0.0,0.0,0.0,0.0,0.0,0.0,0.0,0.0,0.0,0.0,0.0,0.0,0.0,0.0,0.0,0.0,0.0,0.0,0.0,0.0,0.0,0.0,0.0,0.0,0.0,0.0,0.0,0.0,0.0,0.0,0.0,0.0,0.0,0.0,0.0,0.0,0.0,0.0,0.0,0.0,0.0,0.0,0.0,0.0,0.0,0.0,0.0,0.0,0.0,0.0,0.0,0.0,0.0,0.0,0.0,0.0,0.0,0.0,0.0,0.0,0.0,0.0,0.0,0.0,0.0,0.0,0.0,0.0,0.0,0.0,0.0,0.0,0.0,0.0,0.0,0.0,0.0,0.0,0.0,0.0,0.0,0.0,0.0,0.0,0.0,0.0
0.0,0.0,0.0,0.0,0.0,0.0,0.0,0.0,0.0,0.0,0.0,0.0,0.0,0.0,0.0,0.0,0.0,0.0,0.0,0.0,0.0,0.0,0.0,0.0,0.0,0.0,0.0,0.0,0.0,0.0,0.0,0.0,0.0,0.0,0.0,0.0,0.0,0.0,0.0,0.0,0.0,0.0,0.0,0.0,0.0,0.0,0.0,0.0,0.0,0.0,0.0,0.0,0.0,0.0,0.0,0.0,0.0,0.0,0.0,0.0,0.0,0.0,0.0,0.0,0.0,0.0,0.0,0.0,0.0,0.0,0.0,0.0,0.0,0.0,0.0,0.0,0.0,0.0,0.0,0.0,0.0,0.0,0.0,0.0,0.0,0.0
0.0,0.0,0.0,0.0,0.0,0.0,0.0,0.0,0.0,0.0,0.0,0.0,0.0,0.0,0.0,0.0,0.0,0.0,0.0,0.0,0.0,0.0,0.0,0.0,0.0,0.0,0.0,0.0,0.0,0.0,0.0,0.0,0.0,0.0,0.0,0.0,0.0,0.0,0.0,0.0,0.0,0.0,0.0,0.0,0.0,0.0,0.0,0.0,0.0,0.0,0.0,0.0,0.0,0.0,0.0,0.0,0.0,0.0,0.0,0.0,0.0,0.0,0.0,0.0,0.0,0.0,0.0,0.0,0.0,0.0,0.0,0.0,0.0,0.0,0.0,0.0,0.0,0.0,0.0,0.0,0.0,0.0,0.0,0.0,0.0,0.0
0.0,0.0,0.0,0.0,0.0,0.0,0.0,0.0,0.0,0.0,0.0,0.0,0.0,0.0,0.0,0.0,0.0,0.0,0.0,0.0,0.0,0.0,0.0,0.0,0.0,0.0,0.0,0.0,0.0,0.0,0.0,0.0,0.0,0.0,0.0,0.0,0.0,0.0,0.0,0.0,0.0,0.0,0.0,0.0,0.0,0.0,0.0,0.0,0.0,0.0,0.0,0.0,0.0,0.0,0.0,0.0,0.0,0.0,0.0,0.0,0.0,0.0,0.0,0.0,0.0,0.0,0.0,0.0,0.0,0.0,0.0,0.0,0.0,0.0,0.0,0.0,0.0,0.0,0.0,0.0,0.0,0.0,0.0,0.0,0.0,0.0
0.0,0.0,0.0,0.0,0.0,0.0,0.0,0.0,0.0,0.0,0.0,0.0,0.0,0.0,0.0,0.0,0.0,0.0,0.0,0.0,0.0,0.0,0.0,0.0,0.0,0.0,0.0,0.0,0.0,0.0,0.0,0.0,0.0,0.0,0.0,0.0,0.0,0.0,0.0,0.0,0.0,0.0,0.0,0.0,0.0,0.0,0.0,0.0,0.0,0.0,0.0,0.0,0.0,0.0,0.0,0.0,0.0,0.0,0.0,0.0,0.0,0.0,0.0,0.0,0.0,0.0,0.0,0.0,0.0,0.0,0.0,0.0,0.0,0.0,0.0,0.0,0.0,0.0,0.0,0.0,0.0,0.0,0.0,0.0,0.0,0.0
0.0,0.0,0.0,0.0,0.0,0.0,0.0,0.0,0.0,0.0,0.0,0.0,0.0,0.0,0.0,0.0,0.0,0.0,0.0,0.0,0.0,0.0,0.0,0.0,0.0,0.0,0.0,0.0,0.0,0.0,0.0,0.0,0.0,0.0,0.0,0.0,0.0,0.0,0.0,0.0,0.0,0.0,0.0,0.0,0.0,0.0,0.0,0.0,0.0,0.0,0.0,0.0,0.0,0.0,0.0,0.0,0.0,0.0,0.0,0.0,0.0,0.0,0.0,0.0,0.0,0.0,0.0,0.0,0.0,0.0,0.0,0.0,0.0,0.0,0.0,0.0,0.0,0.0,0.0,0.0,0.0,0.0,0.0,0.0,0.0,0.0
0.0,0.0,0.0,0.0,0.0,0.0,0.0,0.0,0.0,0.0,0.0,0.0,0.0,0.0,0.0,0.0,0.0,0.0,0.0,0.0,0.0,0.0,0.0,0.0,0.0,0.0,0.0,0.0,0.0,0.0,0.0,0.0,0.0,0.0,0.0,0.0,0.0,0.0,0.0,0.0,0.0,0.0,0.0,0.0,0.0,0.0,0.0,0.0,0.0,0.0,0.0,0.0,0.0,0.0,0.0,0.0,0.0,0.0,0.0,0.0,0.0,0.0,0.0,0.0,0.0,0.0,0.0,0.0,0.0,0.0,0.0,0.0,0.0,0.0,0.0,0.0,0.0,0.0,0.0,0.0,0.0,0.0,0.0,0.0,0.0,0.0
0.0,0.0,0.0,0.0,0.0,0.0,0.0,0.0,0.0,0.0,0.0,0.0,0.0,0.0,0.0,0.0,0.0,0.0,0.0,0.0,0.0,0.0,0.0,0.0,0.0,0.0,0.0,0.0,0.0,0.0,0.0,0.0,0.0,0.0,0.0,0.0,0.0,0.0,0.0,0.0,0.0,0.0,0.0,0.0,0.0,0.0,0.0,0.0,0.0,0.0,0.0,0.0,0.0,0.0,0.0,0.0,0.0,0.0,0.0,0.0,0.0,0.0,0.0,0.0,0.0,0.0,0.0,0.0,0.0,0.0,0.0,0.0,0.0,0.0,0.0,0.0,0.0,0.0,0.0,0.0,0.0,0.0,0.0,0.0,0.0,0.0
0.0,0.0,0.0,0.0,0.0,0.0,0.0,0.0,0.0,0.0,0.0,0.0,0.0,0.0,0.0,0.0,0.0,0.0,0.0,0.0,0.0,0.0,0.0,0.0,0.0,0.0,0.0,0.0,0.0,0.0,0.0,0.0,0.0,0.0,0.0,0.0,0.0,0.0,0.0,0.0,0.0,0.0,0.0,0.0,0.0,0.0,0.0,0.0,0.0,0.0,0.0,0.0,0.0,0.0,0.0,0.0,0.0,0.0,0.0,0.0,0.0,0.0,0.0,0.0,0.0,0.0,0.0,0.0,0.0,0.0,0.0,0.0,0.0,0.0,0.0,0.0,0.0,0.0,0.0,0.0,0.0,0.0,0.0,0.0,0.0,0.0
0.0,0.0,0.0,0.0,0.0,0.0,0.0,0.0,0.0,0.0,0.0,0.0,0.0,0.0,0.0,0.0,0.0,0.0,0.0,0.0,0.0,0.0,0.0,0.0,0.0,0.0,0.0,0.0,0.0,0.0,0.0,0.0,0.0,0.0,0.0,0.0,0.0,0.0,0.0,0.0,0.0,0.0,0.0,0.0,0.0,0.0,0.0,0.0,0.0,0.0,0.0,0.0,0.0,0.0,0.0,0.0,0.0,0.0,0.0,0.0,0.0,0.0,0.0,0.0,0.0,0.0,0.0,0.0,0.0,0.0,0.0,0.0,0.0,0.0,0.0,0.0,0.0,0.0,0.0,0.0,0.0,0.0,0.0,0.0,0.0,0.0
0.0,0.0,0.0,0.0,0.0,0.0,0.0,0.0,0.0,0.0,0.0,0.0,0.0,0.0,0.0,0.0,0.0,0.0,0.0,0.0,0.0,0.0,0.0,0.0,0.0,0.0,0.0,0.0,0.0,0.0,0.0,0.0,0.0,0.0,0.0,0.0,0.0,0.0,0.0,0.0,0.0,0.0,0.0,0.0,0.0,0.0,0.0,0.0,0.0,0.0,0.0,0.0,0.0,0.0,0.0,0.0,0.0,0.0,0.0,0.0,0.0,0.0,0.0,0.0,0.0,0.0,0.0,0.0,0.0,0.0,0.0,0.0,0.0,0.0,0.0,0.0,0.0,0.0,0.0,0.0,0.0,0.0,0.0,0.0,0.0,0.0
0.0,0.0,0.0,0.0,0.0,0.0,0.0,0.0,0.0,0.0,0.0,0.0,0.0,0.0,0.0,0.0,0.0,0.0,0.0,0.0,0.0,0.0,0.0,0.0,0.0,0.0,0.0,0.0,0.0,0.0,0.0,0.0,0.0,0.0,0.0,0.0,0.0,0.0,0.0,0.0,0.0,0.0,0.0,0.0,0.0,0.0,0.0,0.0,0.0,0.0,0.0,0.0,0.0,0.0,0.0,0.0,0.0,0.0,0.0,0.0,0.0,0.0,0.0,0.0,0.0,0.0,0.0,0.0,0.0,0.0,0.0,0.0,0.0,0.0,0.0,0.0,0.0,0.0,0.0,0.0,0.0,0.0,0.0,0.0,0.0,0.0
0.0,0.0,0.0,0.0,0.0,0.0,0.0,0.0,0.0,0.0,0.0,0.0,0.0,0.0,0.0,0.0,0.0,0.0,0.0,0.0,0.0,0.0,0.0,0.0,0.0,0.0,0.0,0.0,0.0,0.0,0.0,0.0,0.0,0.0,0.0,0.0,0.0,0.0,0.0,0.0,0.0,0.0,0.0,0.0,0.0,0.0,0.0,0.0,0.0,0.0,0.0,0.0,0.0,0.0,0.0,0.0,0.0,0.0,0.0,0.0,0.0,0.0,0.0,0.0,0.0,0.0,0.0,0.0,0.0,0.0,0.0,0.0,0.0,0.0,0.0,0.0,0.0,0.0,0.0,0.0,0.0,0.0,0.0,0.0,0.0,0.0
0.0,0.0,0.0,0.0,0.0,0.0,0.0,0.0,0.0,0.0,0.0,0.0,0.0,0.0,0.0,0.0,0.0,0.0,0.0,0.0,0.0,0.0,0.0,0.0,0.0,0.0,0.0,0.0,0.0,0.0,0.0,0.0,0.0,0.0,0.0,0.0,0.0,0.0,0.0,0.0,0.0,0.0,0.0,0.0,0.0,0.0,0.0,0.0,0.0,0.0,0.0,0.0,0.0,0.0,0.0,0.0,0.0,0.0,0.0,0.0,0.0,0.0,0.0,0.0,0.0,0.0,0.0,0.0,0.0,0.0,0.0,0.0,0.0,0.0,0.0,0.0,0.0,0.0,0.0,0.0,0.0,0.0,0.0,0.0,0.0,0.0
0.0,0.0,0.0,0.0,0.0,0.0,0.0,0.0,0.0,0.0,0.0,0.0,0.0,0.0,0.0,0.0,0.0,0.0,0.0,0.0,0.0,0.0,0.0,0.0,0.0,0.0,0.0,0.0,0.0,0.0,0.0,0.0,0.0,0.0,0.0,0.0,0.0,0.0,0.0,0.0,0.0,0.0,0.0,0.0,0.0,0.0,0.0,0.0,0.0,0.0,0.0,0.0,0.0,0.0,0.0,0.0,0.0,0.0,0.0,0.0,0.0,0.0,0.0,0.0,0.0,0.0,0.0,0.0,0.0,0.0,0.0,0.0,0.0,0.0,0.0,0.0,0.0,0.0,0.0,0.0,0.0,0.0,0.0,0.0,0.0,0.0
0.0,0.0,0.0,0.0,0.0,0.0,0.0,0.0,0.0,0.0,0.0,0.0,0.0,0.0,0.0,0.0,0.0,0.0,0.0,0.0,0.0,0.0,0.0,0.0,0.0,0.0,0.0,0.0,0.0,0.0,0.0,0.0,0.0,0.0,0.0,0.0,0.0,0.0,0.0,0.0,0.0,0.0,0.0,0.0,0.0,0.0,0.0,0.0,0.0,0.0,0.0,0.0,0.0,0.0,0.0,0.0,0.0,0.0,0.0,0.0,0.0,0.0,0.0,0.0,0.0,0.0,0.0,0.0,0.0,0.0,0.0,0.0,0.0,0.0,0.0,0.0,0.0,0.0,0.0,0.0,0.0,0.0,0.0,0.0,0.0,0.0
0.0,0.0,0.0,0.0,0.0,0.0,0.0,0.0,0.0,0.0,0.0,0.0,0.0,0.0,0.0,0.0,0.0,0.0,0.0,0.0,0.0,0.0,0.0,0.0,0.0,0.0,0.0,0.0,0.0,0.0,0.0,0.0,0.0,0.0,0.0,0.0,0.0,0.0,0.0,0.0,0.0,0.0,0.0,0.0,0.0,0.0,0.0,0.0,0.0,0.0,0.0,0.0,0.0,0.0,0.0,0.0,0.0,0.0,0.0,0.0,0.0,0.0,0.0,0.0,0.0,0.0,0.0,0.0,0.0,0.0,0.0,0.0,0.0,0.0,0.0,0.0,0.0,0.0,0.0,0.0,0.0,0.0,0.0,0.0,0.0,0.0
0.0,0.0,0.0,0.0,0.0,0.0,0.0,0.0,0.0,0.0,0.0,0.0,0.0,0.0,0.0,0.0,0.0,0.0,0.0,0.0,0.0,0.0,0.0,0.0,0.0,0.0,0.0,0.0,0.0,0.0,0.0,0.0,0.0,0.0,0.0,0.0,0.0,0.0,0.0,0.0,0.0,0.0,0.0,0.0,0.0,0.0,0.0,0.0,0.0,0.0,0.0,0.0,0.0,0.0,0.0,0.0,0.0,0.0,0.0,0.0,0.0,0.0,0.0,0.0,0.0,0.0,0.0,0.0,0.0,0.0,0.0,0.0,0.0,0.0,0.0,0.0,0.0,0.0,0.0,0.0,0.0,0.0,0.0,0.0,0.0,0.0
0.0,0.0,0.0,0.0,0.0,0.0,0.0,0.0,0.0,0.0,0.0,0.0,0.0,0.0,0.0,0.0,0.0,0.0,0.0,0.0,0.0,0.0,0.0,0.0,0.0,0.0,0.0,0.0,0.0,0.0,0.0,0.0,0.0,0.0,0.0,0.0,0.0,0.0,0.0,0.0,0.0,0.0,0.0,0.0,0.0,0.0,0.0,0.0,0.0,0.0,0.0,0.0,0.0,0.0,0.0,0.0,0.0,0.0,0.0,0.0,0.0,0.0,0.0,0.0,0.0,0.0,0.0,0.0,0.0,0.0,0.0,0.0,0.0,0.0,0.0,0.0,0.0,0.0,0.0,0.0,0.0,0.0,0.0,0.0,0.0,0.0
0.0,0.0,0.0,0.0,0.0,0.0,0.0,0.0,0.0,0.0,0.0,0.0,0.0,0.0,0.0,0.0,0.0,0.0,0.0,0.0,0.0,0.0,0.0,0.0,0.0,0.0,0.0,0.0,0.0,0.0,0.0,0.0,0.0,0.0,0.0,0.0,0.0,0.0,0.0,0.0,0.0,0.0,0.0,0.0,0.0,0.0,0.0,0.0,0.0,0.0,0.0,0.0,0.0,0.0,0.0,0.0,0.0,0.0,0.0,0.0,0.0,0.0,0.0,0.0,0.0,0.0,0.0,0.0,0.0,0.0,0.0,0.0,0.0,0.0,0.0,0.0,0.0,0.0,0.0,0.0,0.0,0.0,0.0,0.0,0.0,0.0
0.0,0.0,0.0,0.0,0.0,0.0,0.0,0.0,0.0,0.0,0.0,0.0,0.0,0.0,0.0,0.0,0.0,0.0,0.0,0.0,0.0,0.0,0.0,0.0,0.0,0.0,0.0,0.0,0.0,0.0,0.0,0.0,0.0,0.0,0.0,0.0,0.0,0.0,0.0,0.0,0.0,0.0,0.0,0.0,0.0,0.0,0.0,0.0,0.0,0.0,0.0,0.0,0.0,0.0,0.0,0.0,0.0,0.0,0.0,0.0,0.0,0.0,0.0,0.0,0.0,0.0,0.0,0.0,0.0,0.0,0.0,0.0,0.0,0.0,0.0,0.0,0.0,0.0,0.0,0.0,0.0,0.0,0.0,0.0,0.0,0.0
0.0,0.0,0.0,0.0,0.0,0.0,0.0,0.0,0.0,0.0,0.0,0.0,0.0,0.0,0.0,0.0,0.0,0.0,0.0,0.0,0.0,0.0,0.0,0.0,0.0,0.0,0.0,0.0,0.0,0.0,0.0,0.0,0.0,0.0,0.0,0.0,0.0,0.0,0.0,0.0,0.0,0.0,0.0,0.0,0.0,0.0,0.0,0.0,0.0,0.0,0.0,0.0,0.0,0.0,0.0,0.0,0.0,0.0,0.0,0.0,0.0,0.0,0.0,0.0,0.0,0.0,0.0,0.0,0.0,0.0,0.0,0.0,0.0,0.0,0.0,0.0,0.0,0.0,0.0,0.0,0.0,0.0,0.0,0.0,0.0,0.0
0.0,0.0,0.0,0.0,0.0,0.0,0.0,0.0,0.0,0.0,0.0,0.0,0.0,0.0,0.0,0.0,0.0,0.0,0.0,0.0,0.0,0.0,0.0,0.0,0.0,0.0,0.0,0.0,0.0,0.0,0.0,0.0,0.0,0.0,0.0,0.0,0.0,0.0,0.0,0.0,0.0,0.0,0.0,0.0,0.0,0.0,0.0,0.0,0.0,0.0,0.0,0.0,0.0,0.0,0.0,0.0,0.0,0.0,0.0,0.0,0.0,0.0,0.0,0.0,0.0,0.0,0.0,0.0,0.0,0.0,0.0,0.0,0.0,0.0,0.0,0.0,0.0,0.0,0.0,0.0,0.0,0.0,0.0,0.0,0.0,0.0
0.0,0.0,0.0,0.0,0.0,0.0,0.0,0.0,0.0,0.0,0.0,0.0,0.0,0.0,0.0,0.0,0.0,0.0,0.0,0.0,0.0,0.0,0.0,0.0,0.0,0.0,0.0,0.0,0.0,0.0,0.0,0.0,0.0,0.0,0.0,0.0,0.0,0.0,0.0,0.0,0.0,0.0,0.0,0.0,0.0,0.0,0.0,0.0,0.0,0.0,0.0,0.0,0.0,0.0,0.0,0.0,0.0,0.0,0.0,0.0,0.0,0.0,0.0,0.0,0.0,0.0,0.0,0.0,0.0,0.0,0.0,0.0,0.0,0.0,0.0,0.0,0.0,0.0,0.0,0.0,0.0,0.0,0.0,0.0,0.0,0.0
0.0,0.0,0.0,0.0,0.0,0.0,0.0,0.0,0.0,0.0,0.0,0.0,0.0,0.0,0.0,0.0,0.0,0.0,0.0,0.0,0.0,0.0,0.0,0.0,0.0,0.0,0.0,0.0,0.0,0.0,0.0,0.0,0.0,0.0,0.0,0.0,0.0,0.0,0.0,0.0,0.0,0.0,0.0,0.0,0.0,0.0,0.0,0.0,0.0,0.0,0.0,0.0,0.0,0.0,0.0,0.0,0.0,0.0,0.0,0.0,0.0,0.0,0.0,0.0,0.0,0.0,0.0,0.0,0.0,0.0,0.0,0.0,0.0,0.0,0.0,0.0,0.0,0.0,0.0,0.0,0.0,0.0,0.0,0.0,0.0,0.0
0.0,0.0,0.0,0.0,0.0,0.0,0.0,0.0,0.0,0.0,0.0,0.0,0.0,0.0,0.0,0.0,0.0,0.0,0.0,0.0,0.0,0.0,0.0,0.0,0.0,0.0,0.0,0.0,0.0,0.0,0.0,0.0,0.0,0.0,0.0,0.0,0.0,0.0,0.0,0.0,0.0,0.0,0.0,0.0,0.0,0.0,0.0,0.0,0.0,0.0,0.0,0.0,0.0,0.0,0.0,0.0,0.0,0.0,0.0,0.0,0.0,0.0,0.0,0.0,0.0,0.0,0.0,0.0,0.0,0.0,0.0,0.0,0.0,0.0,0.0,0.0,0.0,0.0,0.0,0.0,0.0,0.0,0.0,0.0,0.0,0.0
0.0,0.0,0.0,0.0,0.0,0.0,0.0,0.0,0.0,0.0,0.0,0.0,0.0,0.0,0.0,0.0,0.0,0.0,0.0,0.0,0.0,0.0,0.0,0.0,0.0,0.0,0.0,0.0,0.0,0.0,0.0,0.0,0.0,0.0,0.0,0.0,0.0,0.0,0.0,0.0,0.0,0.0,0.0,0.0,0.0,0.0,0.0,0.0,0.0,0.0,0.0,0.0,0.0,0.0,0.0,0.0,0.0,0.0,0.0,0.0,0.0,0.0,0.0,0.0,0.0,0.0,0.0,0.0,0.0,0.0,0.0,0.0,0.0,0.0,0.0,0.0,0.0,0.0,0.0,0.0,0.0,0.0,0.0,0.0,0.0,0.0
0.0,0.0,0.0,0.0,0.0,0.0,0.0,0.0,0.0,0.0,0.0,0.0,0.0,0.0,0.0,0.0,0.0,0.0,0.0,0.0,0.0,0.0,0.0,0.0,0.0,0.0,0.0,0.0,0.0,0.0,0.0,0.0,0.0,0.0,0.0,0.0,0.0,0.0,0.0,0.0,0.0,0.0,0.0,0.0,0.0,0.0,0.0,0.0,0.0,0.0,0.0,0.0,0.0,0.0,0.0,0.0,0.0,0.0,0.0,0.0,0.0,0.0,0.0,0.0,0.0,0.0,0.0,0.0,0.0,0.0,0.0,0.0,0.0,0.0,0.0,0.0,0.0,0.0,0.0,0.0,0.0,0.0,0.0,0.0,0.0,0.0
0.0,0.0,0.0,0.0,0.0,0.0,0.0,0.0,0.0,0.0,0.0,0.0,0.0,0.0,0.0,0.0,0.0,0.0,0.0,0.0,0.0,0.0,0.0,0.0,0.0,0.0,0.0,0.0,0.0,0.0,0.0,0.0,0.0,0.0,0.0,0.0,0.0,0.0,0.0,0.0,0.0,0.0,0.0,0.0,0.0,0.0,0.0,0.0,0.0,0.0,0.0,0.0,0.0,0.0,0.0,0.0,0.0,0.0,0.0,0.0,0.0,0.0,0.0,0.0,0.0,0.0,0.0,0.0,0.0,0.0,0.0,0.0,0.0,0.0,0.0,0.0,0.0,0.0,0.0,0.0,0.0,0.0,0.0,0.0,0.0,0.0
0.0,0.0,0.0,0.0,0.0,0.0,0.0,0.0,0.0,0.0,0.0,0.0,0.0,0.0,0.0,0.0,0.0,0.0,0.0,0.0,0.0,0.0,0.0,0.0,0.0,0.0,0.0,0.0,0.0,0.0,0.0,0.0,0.0,0.0,0.0,0.0,0.0,0.0,0.0,0.0,0.0,0.0,0.0,0.0,0.0,0.0,0.0,0.0,0.0,0.0,0.0,0.0,0.0,0.0,0.0,0.0,0.0,0.0,0.0,0.0,0.0,0.0,0.0,0.0,0.0,0.0,0.0,0.0,0.0,0.0,0.0,0.0,0.0,0.0,0.0,0.0,0.0,0.0,0.0,0.0,0.0,0.0,0.0,0.0,0.0,0.0
0.0,0.0,0.0,0.0,0.0,0.0,0.0,0.0,0.0,0.0,0.0,0.0,0.0,0.0,0.0,0.0,0.0,0.0,0.0,0.0,0.0,0.0,0.0,0.0,0.0,0.0,0.0,0.0,0.0,0.0,0.0,0.0,0.0,0.0,0.0,0.0,0.0,0.0,0.0,0.0,0.0,0.0,0.0,0.0,0.0,0.0,0.0,0.0,0.0,0.0,0.0,0.0,0.0,0.0,0.0,0.0,0.0,0.0,0.0,0.0,0.0,0.0,0.0,0.0,0.0,0.0,0.0,0.0,0.0,0.0,0.0,0.0,0.0,0.0,0.0,0.0,0.0,0.0,0.0,0.0,0.0,0.0,0.0,0.0,0.0,0.0
0.0,0.0,0.0,0.0,0.0,0.0,0.0,0.0,0.0,0.0,0.0,0.0,0.0,0.0,0.0,0.0,0.0,0.0,0.0,0.0,0.0,0.0,0.0,0.0,0.0,0.0,0.0,0.0,0.0,0.0,0.0,0.0,0.0,0.0,0.0,0.0,0.0,0.0,0.0,0.0,0.0,0.0,0.0,0.0,0.0,0.0,0.0,0.0,0.0,0.0,0.0,0.0,0.0,0.0,0.0,0.0,0.0,0.0,0.0,0.0,0.0,0.0,0.0,0.0,0.0,0.0,0.0,0.0,0.0,0.0,0.0,0.0,0.0,0.0,0.0,0.0,0.0,0.0,0.0,0.0,0.0,0.0,0.0,0.0,0.0,0.0
0.0,0.0,0.0,0.0,0.0,0.0,0.0,0.0,0.0,0.0,0.0,0.0,0.0,0.0,0.0,0.0,0.0,0.0,0.0,0.0,0.0,0.0,0.0,0.0,0.0,0.0,0.0,0.0,0.0,0.0,0.0,0.0,0.0,0.0,0.0,0.0,0.0,0.0,0.0,0.0,0.0,0.0,0.0,0.0,0.0,0.0,0.0,0.0,0.0,0.0,0.0,0.0,0.0,0.0,0.0,0.0,0.0,0.0,0.0,0.0,0.0,0.0,0.0,0.0,0.0,0.0,0.0,0.0,0.0,0.0,0.0,0.0,0.0,0.0,0.0,0.0,0.0,0.0,0.0,0.0,0.0,0.0,0.0,0.0,0.0,0.0
0.0,0.0,0.0,0.0,0.0,0.0,0.0,0.0,0.0,0.0,0.0,0.0,0.0,0.0,0.0,0.0,0.0,0.0,0.0,0.0,0.0,0.0,0.0,0.0,0.0,0.0,0.0,0.0,0.0,0.0,0.0,0.0,0.0,0.0,0.0,0.0,0.0,0.0,0.0,0.0,0.0,0.0,0.0,0.0,0.0,0.0,0.0,0.0,0.0,0.0,0.0,0.0,0.0,0.0,0.0,0.0,0.0,0.0,0.0,0.0,0.0,0.0,0.0,0.0,0.0,0.0,0.0,0.0,0.0,0.0,0.0,0.0,0.0,0.0,0.0,0.0,0.0,0.0,0.0,0.0,0.0,0.0,0.0,0.0,0.0,0.0
0.0,0.0,0.0,0.0,0.0,0.0,0.0,0.0,0.0,0.0,0.0,0.0,0.0,0.0,0.0,0.0,0.0,0.0,0.0,0.0,0.0,0.0,0.0,0.0,0.0,0.0,0.0,0.0,0.0,0.0,0.0,0.0,0.0,0.0,0.0,0.0,0.0,0.0,0.0,0.0,0.0,0.0,0.0,0.0,0.0,0.0,0.0,0.0,0.0,0.0,0.0,0.0,0.0,0.0,0.0,0.0,0.0,0.0,0.0,0.0,0.0,0.0,0.0,0.0,0.0,0.0,0.0,0.0,0.0,0.0,0.0,0.0,0.0,0.0,0.0,0.0,0.0,0.0,0.0,0.0,0.0,0.0,0.0,0.0,0.0,0.0
0.0,0.0,0.0,0.0,0.0,0.0,0.0,0.0,0.0,0.0,0.0,0.0,0.0,0.0,0.0,0.0,0.0,0.0,0.0,0.0,0.0,0.0,0.0,0.0,0.0,0.0,0.0,0.0,0.0,0.0,0.0,0.0,0.0,0.0,0.0,0.0,0.0,0.0,0.0,0.0,0.0,0.0,0.0,0.0,0.0,0.0,0.0,0.0,0.0,0.0,0.0,0.0,0.0,0.0,0.0,0.0,0.0,0.0,0.0,0.0,0.0,0.0,0.0,0.0,0.0,0.0,0.0,0.0,0.0,0.0,0.0,0.0,0.0,0.0,0.0,0.0,0.0,0.0,0.0,0.0,0.0,0.0,0.0,0.0,0.0,0.0
0.0,0.0,0.0,0.0,0.0,0.0,0.0,0.0,0.0,0.0,0.0,0.0,0.0,0.0,0.0,0.0,0.0,0.0,0.0,0.0,0.0,0.0,0.0,0.0,0.0,0.0,0.0,0.0,0.0,0.0,0.0,0.0,0.0,0.0,0.0,0.0,0.0,0.0,0.0,0.0,0.0,0.0,0.0,0.0,0.0,0.0,0.0,0.0,0.0,0.0,0.0,0.0,0.0,0.0,0.0,0.0,0.0,0.0,0.0,0.0,0.0,0.0,0.0,0.0,0.0,0.0,0.0,0.0,0.0,0.0,0.0,0.0,0.0,0.0,0.0,0.0,0.0,0.0,0.0,0.0,0.0,0.0,0.0,0.0,0.0,0.0
1010.0,20231026.0,2.0231026100959e+16,0.864,0.863,18267754.0,173800.0,0.865,0.862,6995400.0,10312800.0,0.866,0.861,5223500.0,17378100.0,0.867,0.86,2456600.0,16800300.0,0.868,0.859,3042800.0,5507600.0,0.695,0.869,0.864,0.861,0.864,0.869,225982807.0,225982807.0,1.043,588080.0,2023-10-26 10:09:59,0.863009424368467,0.0011580775911986,0.0034742327735958,0.001,-0.001,0.002,50172600.0,35986054.0,-14186546.0,0.8606580783136613,0.8650277147919581,86158654.0,14186546.0,-2.4948167474392324e-06,-0.005,0.0,0.8634999999999999,0.864,0.864,0.864,0.864,225982807.0,225982807.0,1.0,0.0,0.0,0.0,0.0,0.0,0.0,0.7464959999999999,0.0,4329.333333333333,634780180.0,1122.75,-173800.0,18267754.0,-18441554.0,-10312800.0,6995400.0,-17308200.0,-17378100.0,5223500.0,-22601600.0,-16800300.0,2456600.0,-19256900.0,-5507600.0,3042800.0,-8550400.0,0.0020013902115847,0.0022644825815053
1011.0,20231026.0,2.0231026101059e+16,0.864,0.863,638387.0,7669130.0,0.865,0.862,12999700.0,19251800.0,0.866,0.861,8814500.0,15022200.0,0.867,0.86,3851600.0,9246300.0,0.868,0.859,3557800.0,5732300.0,0.695,0.869,0.864,0.861,0.864,0.869,228402651.0,228402651.0,1.043,588080.0,2023-10-26 10:10:59,0.863923155498809,0.0011580775911986,0.0034742327735958,0.001,-0.001,0.002,56921730.0,29861987.0,-27059743.0,0.8612438288505988,0.865889181051482,86783717.0,27059743.0,0.0010582129566167,-0.005,0.0,0.8634999999999999,0.864,0.864,0.863,0.864,2419844.0,2419844.0,1.0,-60080.67545384914,17.0,3.0,2.0,2.0,0.0001499999999999,0.7462369499999999,0.0,116672.2,2004827553364.0,29829.75,7495330.0,-17629367.0,25124697.0,8939000.0,6004300.0,2934700.0,-2355900.0,3591000.0,-5946900.0,-7554000.0,1395000.0,-8949000.0,224700.0,515000.0,-290300.0,0.1007020722646336,0.0763212841188871
1012.0,20231026.0,2.0231026101159e+16,0.864,0.863,794000.0,14721430.0,0.865,0.862,13757300.0,20248500.0,0.866,0.861,6551100.0,6285400.0,0.867,0.86,3831900.0,9308900.0,0.868,0.859,3364600.0,5616300.0,0.695,0.869,0.864,0.861,0.864,0.869,230842509.0,230842509.0,1.043,588080.0,2023-10-26 10:11:59,0.8639488251372988,0.0011580775911986,0.0034742327735958,0.001,-0.001,0.002,56180530.0,28298900.0,-27881630.0,0.8615188605376275,0.8658309404252462,84479430.0,27881630.0,2.971243098939813e-05,-0.005,0.0,0.8634999999999999,0.864,0.865,0.863,0.864,2439858.0,2439858.0,1.0,-143190.88517390192,4.0,16.0,2.0,2.0,0.00015,0.74675545,0.0,113571.4,1399569723040.0,96842.0,7052300.0,155613.0,6896687.0,996700.0,757600.0,239100.0,-8736800.0,-2263400.0,-6473400.0,62600.0,-19700.0,82300.0,-116000.0,-193200.0,77200.0,0.105482184035396,0.093623056188808
0.0,0.0,0.0,0.0,0.0,0.0,0.0,0.0,0.0,0.0,0.0,0.0,0.0,0.0,0.0,0.0,0.0,0.0,0.0,0.0,0.0,0.0,0.0,0.0,0.0,0.0,0.0,0.0,0.0,0.0,0.0,0.0,0.0,0.0,0.0,0.0,0.0,0.0,0.0,0.0,0.0,0.0,0.0,0.0,0.0,0.0,0.0,0.0,0.0,0.0,0.0,0.0,0.0,0.0,0.0,0.0,0.0,0.0,0.0,0.0,0.0,0.0,0.0,0.0,0.0,0.0,0.0,0.0,0.0,0.0,0.0,0.0,0.0,0.0,0.0,0.0,0.0,0.0,0.0,0.0,0.0,0.0,0.0,0.0,0.0,0.0
1014.0,20231026.0,2.023102610135e+16,0.864,0.863,3024000.0,4270400.0,0.865,0.862,16196500.0,18641700.0,0.866,0.861,6564600.0,15215200.0,0.867,0.86,3779700.0,9105700.0,0.868,0.859,3214600.0,5613900.0,0.695,0.869,0.863,0.861,0.864,0.869,232077790.0,232077790.0,1.043,588080.0,2023-10-26 10:13:50,0.8635854354025005,0.0011580775911986,0.0034742327735958,0.001,-0.001,0.002,52846900.0,32779400.0,-20067500.0,0.8611296007902072,0.8656328303751746,85626300.0,20067500.0,-0.0003575899860776,-0.006,-0.001,0.8634999999999999,0.864,0.864,0.863,0.863,741047.0,741047.0,1.0,-26873720.278099675,13.0,4.0,0.0,1.0,0.000235294117647,0.7460896470588235,0.0,34951.0,69703836207.0,44308.0,-3159830.0,2145800.0,-5305630.0,-593800.0,225000.0,-818800.0,1539300.0,-1271000.0,2810300.0,-216300.0,1180700.0,-1397000.0,-12900.0,0.0,-12900.0,0.1010137511565707,0.1269288676191392
1015.0,20231026.0,2.0231026101459e+16,0.863,0.862,1863900.0,5947000.0,0.864,0.861,15259800.0,19378500.0,0.865,0.86,5944400.0,19699100.0,0.866,0.859,3357500.0,5623900.0,0.867,0.858,1899900.0,4687300.0,0.695,0.869,0.863,0.861,0.864,0.869,235099986.0,235099986.0,1.043,588080.0,2023-10-26 10:14:59,0.8627613719289711,0.001159420289855,0.0034782608695652,0.001,-0.001,0.002,55335800.0,28325500.0,-27010300.0,0.8602940953234615,0.8645823445305466,83661300.0,27010300.0,-0.0009546906017027,-0.006,0.0,0.8625,0.862,0.863,0.862,0.863,3022196.0,3022196.0,1.0,27174509.107602324,3.0,9.0,3.0,2.0,0.0002499999999999,0.7434752499999999,0.0002499999999999,34725.5,88978957030.0,30902.5,-5947000.0,1863900.0,-7810900.0,-19378500.0,15259800.0,-34638300.0,-19699100.0,5944400.0,-25643500.0,-5623900.0,3357500.0,-8981400.0,-4687300.0,1899900.0,-6587200.0,0.2166094554865396,0.2247243585705303
1016.0,20231026.0,2.0231026101559e+16,0.864,0.863,15803200.0,558231.0,0.865,0.862,6356700.0,17572000.0,0.866,0.861,5400000.0,20632400.0,0.867,0.86,2390600.0,10887600.0,0.868,0.859,3101200.0,5859800.0,0.695,0.869,0.863,0.861,0.864,0.869,237032596.0,237032596.0,1.043,588080.0,2023-10-26 10:15:59,0.8630341187149217,0.0011580775911986,0.0034742327735958,0.001,-0.001,0.002,55510031.0,33051700.0,-22458331.0,0.8609294048673832,0.8651113891267318,88561731.0,22458331.0,0.0003160823975959,-0.006,0.0,0.8634999999999999,0.863,0.863,0.862,0.863,1932610.0,1932610.0,1.0,-28654.454863920808,19.0,1.0,1.0,1.0,5.000000000032756e-05,0.74468275,0.0,86749.0,791796555610.0,65572.25,558231.0,-15803200.0,16361431.0,17572000.0,-6356700.0,23928700.0,20632400.0,-5400000.0,26032400.0,10887600.0,-2390600.0,13278200.0,5859800.0,-3101200.0,8961000.0,0.2132098139156358,0.2286976948513315
1017.0,20231026.0,2.0231026101659e+16,0.864,0.863,3535400.0,4265731.0,0.865,0.862,16234300.0,22645200.0,0.866,0.861,5911000.0,15916800.0,0.867,0.86,2399900.0,9608600.0,0.868,0.859,3101200.0,6061900.0,0.695,0.869,0.864,0.861,0.864,0.869,237593757.0,237593757.0,1.043,588080.0,2023-10-26 10:16:59,0.8635468093023947,0.0011580775911986,0.0034742327735958,0.001,-0.001,0.002,58498231.0,31181800.0,-27316431.0,0.8611614452580625,0.8655284813577151,89680031.0,27316431.0,0.0005938796082153,-0.005,0.001,0.8634999999999999,0.864,0.864,0.863,0.864,561161.0,561161.0,1.0,-61297.24247350171,16.0,4.0,2.0,2.0,0.0001999999999999,0.7461506000000001,0.0,19893.05,81032869273.0,21270.25,3707500.0,-12267800.0,15975300.0,5073200.0,9877600.0,-4804400.0,-4715600.0,511000.0,-5226600.0,-1279000.0,9300.0,-1288300.0,202100.0,0.0,202100.0,0.2186798497306321,0.231071377752239
1018.0,20231026.0,2.0231026101759e+16,0.863,0.862,880900.0,8275800.0,0.864,0.861,16398500.0,20803700.0,0.865,0.86,6568900.0,18379800.0,0.866,0.859,3356500.0,4845700.0,0.867,0.858,1902500.0,4612800.0,0.695,0.869,0.863,0.861,0.864,0.869,241242212.0,241242212.0,1.043,588080.0,2023-10-26 10:17:59,0.8629037972195224,0.001159420289855,0.0034782608695652,0.001,-0.001,0.002,56917800.0,29107300.0,-27810500.0,0.860409081166173,0.8646221291566033,86025100.0,27810500.0,-0.0007448948845399,-0.006,-0.001,0.8625,0.864,0.864,0.863,0.863,3648455.0,3648455.0,1.0,-27719052.87018264,8.0,12.0,1.0,2.0,0.0003999999999998,0.7454597999999999,0.001,176374.75,2470865011543.0,110482.5,-8275800.0,880900.0,-9156700.0,-20803700.0,16398500.0,-37202200.0,-18379800.0,6568900.0,-24948700.0,-4845700.0,3356500.0,-8202200.0,-4612800.0,1902500.0,-6515300.0,0.2205953087764446,0.2225875905377736
1019.0,20231026.0,2.0231026101859e+16,0.864,0.863,10029500.0,263300.0,0.865,0.862,13360800.0,19138100.0,0.866,0.861,5360800.0,21218900.0,0.867,0.86,2643800.0,11177300.0,0.868,0.859,3141100.0,4627800.0,0.695,0.869,0.863,0.861,0.864,0.869,242505030.0,242505030.0,1.043,588080.0,2023-10-26 10:18:59,0.8630255809886522,0.0011580775911986,0.0034742327735958,0.001,-0.001,0.002,56425400.0,34536000.0,-21889400.0,0.860986385563948,0.8652907748436414,90961400.0,21889400.0,0.0001411225405507,-0.006,0.0,0.8634999999999999,0.863,0.864,0.863,0.863,1262818.0,1262818.0,1.0,-81578.22840221971,4.0,16.0,2.0,2.0,0.0001999999999999,0.7451144000000001,0.0,54764.9,431100776092.0,46554.0,263300.0,-10029500.0,10292800.0,19138100.0,-13360800.0,32498900.0,21218900.0,-5360800.0,26579700.0,11177300.0,-2643800.0,13821100.0,4627800.0,-3141100.0,7768900.0,0.1246048959666275,0.1137438898999534
1020.0,20231026.0,2.0231026101959e+16,0.863,0.862,16447900.0,4442000.0,0.864,0.861,6764000.0,12615500.0,0.865,0.86,4997600.0,20908400.0,0.866,0.859,2867300.0,11427800.0,0.867,0.858,1903100.0,4616000.0,0.695,0.869,0.862,0.861,0.864,0.869,244716759.0,244716759.0,1.043,588080.0,2023-10-26 10:19:59,0.8622126386435549,0.001159420289855,0.0034782608695652,0.001,-0.001,0.002,54009700.0,32979900.0,-21029800.0,0.8600155472072609,0.8639998059424073,86989600.0,21029800.0,-0.000942411773648,-0.007,-0.001,0.8625,0.863,0.864,0.862,0.862,2211729.0,2211729.0,1.0,-28254409.94320297,11.0,9.0,2.0,3.0,0.00065,0.7441654499999999,0.001,110154.95,1087827336255.0,119105.75,-4442000.0,16447900.0,-20889900.0,-12615500.0,6764000.0,-19379500.0,-20908400.0,4997600.0,-25906000.0,-11427800.0,2867300.0,-14295100.0,-4616000.0,1903100.0,-6519100.0,0.1080597819906592,0.0991464800310279
1021.0,20231026.0,2.0231026102059e+16,0.863,0.862,15328000.0,4618800.0,0.864,0.861,6867700.0,19454200.0,0.865,0.86,4758600.0,20726300.0,0.866,0.859,3867300.0,5453100.0,0.867,0.858,1883100.0,4934700.0,0.695,0.869,0.863,0.861,0.864,0.869,245018149.0,245018149.0,1.043,588080.0,2023-10-26 10:20:59,0.8622315559387971,0.001159420289855,0.0034782608695652,0.001,-0.001,0.002,55187100.0,32704700.0,-22482400.0,0.8602422540774927,0.8640860579672035,87891800.0,22482400.0,2.194016518755615e-05,-0.006,0.001,0.8625,0.862,0.863,0.862,0.863,301390.0,301390.0,1.0,28275397.840990685,10.0,10.0,4.0,3.0,0.0005,0.7439064999999998,0.001,15069.5,17901425344.0,8630.0,176800.0,-1119900.0,1296700.0,6838700.0,103700.0,6735000.0,-182100.0,-239000.0,56900.0,-5974700.0,1000000.0,-6974700.0,318700.0,-20000.0,338700.0,0.1026764079697533,0.085680366404281
1022.0,20231026.0,2.0231026102159e+16,0.862,0.861,666500.0,9019200.0,0.863,0.86,15840700.0,25619600.0,0.864,0.859,6454700.0,15045500.0,0.865,0.858,3442900.0,5227100.0,0.866,0.857,2636300.0,3824600.0,0.695,0.869,0.862,0.861,0.864,0.869,251357615.0,251357615.0,1.043,588080.0,2023-10-26 10:21:59,0.8619311872141404,0.0011607661056297,0.0034822983168891,0.001,-0.001,0.002,58736000.0,29041100.0,-29694900.0,0.8595240687142468,0.8637087507015918,87777100.0,29694900.0,-0.0003484227099654,-0.007,-0.001,0.8614999999999999,0.862,0.863,0.861,0.862,6339466.0,6339466.0,1.0,-98464.59827891736,3.0,17.0,3.0,3.0,4.999999999999449e-05,0.7431304499999997,0.0,300815.8,5932170171968.0,537701.75,-9019200.0,666500.0,-9685700.0,-25619600.0,15840700.0,-41460300.0,-15045500.0,6454700.0,-21500200.0,-5227100.0,3442900.0,-8670000.0,-3824600.0,2636300.0,-6460900.0,0.1098428902314203,0.0907404575845275
1023.0,20231026.0,2.0231026102259e+16,0.862,0.861,10029300.0,9757400.0,0.863,0.86,13030700.0,24580500.0,0.864,0.859,5684700.0,15293000.0,0.865,0.858,2581900.0,5546800.0,0.866,0.857,2636300.0,3780600.0,0.695,0.869,0.861,0.861,0.864,0.869,251825868.0,251825868.0,1.043,588080.0,2023-10-26 10:22:59,0.8614931292231651,0.0011607661056297,0.0034822983168891,0.001,-0.001,0.002,58958300.0,33962900.0,-24995400.0,0.8595255799437908,0.8632569892441457,92921200.0,24995400.0,-0.0005083576879252,-0.008,-0.001,0.8614999999999999,0.862,0.862,0.861,0.861,468253.0,468253.0,1.0,-29335662.76465884,14.0,6.0,3.0,4.0,0.0002999999999998,0.7425271,0.001,23068.15,84303742103.0,11710.0,738200.0,9362800.0,-8624600.0,-1039100.0,-2810000.0,1770900.0,247500.0,-770000.0,1017500.0,319700.0,-861000.0,1180700.0,-44000.0,0.0,-44000.0,0.1291706416299137,0.1027954968632125
1024.0,20231026.0,2.0231026102359e+16,0.863,0.862,18836800.0,2834100.0,0.864,0.861,6845200.0,10919200.0,0.865,0.86,4927200.0,30029300.0,0.866,0.859,2658300.0,12089000.0,0.867,0.858,1917900.0,5157600.0,0.695,0.869,0.863,0.861,0.864,0.869,252442827.0,252442827.0,1.043,588080.0,2023-10-26 10:23:59,0.8621307790631676,0.001159420289855,0.0034782608695652,0.001,-0.001,0.002,61029200.0,35185400.0,-25843800.0,0.8599046882475929,0.8639193045979298,96214600.0,25843800.0,0.0007398944352381,-0.006,0.002,0.8625,0.861,0.863,0.861,0.863,616959.0,616959.0,1.0,58421293.18623595,6.0,14.0,3.0,1.0,0.0001999999999999,0.7433891999999999,0.001,30847.95,242437262261.0,9277.0,2834100.0,-18836800.0,21670900.0,10919200.0,-6845200.0,17764400.0,30029300.0,-4927200.0,34956500.0,12089000.0,-2658300.0,14747300.0,5157600.0,-1917900.0,7075500.0,0.1345986402490795,0.1111989119030904
1025.0,20231026.0,2.0231026102459e+16,0.862,0.861,5811900.0,9580600.0,0.863,0.86,16365600.0,24047600.0,0.864,0.859,6182800.0,15120500.0,0.865,0.858,3262000.0,5425800.0,0.866,0.857,2635300.0,3970400.0,0.695,0.869,0.862,0.861,0.864,0.869,254265660.0,254265660.0,1.043,588080.0,2023-10-26 10:24:59,0.8616224200097451,0.0011607661056297,0.0034822983168891,0.001,-0.001,0.002,58144900.0,34257600.0,-23887300.0,0.8595132384783531,0.8634320442763066,92402500.0,23887300.0,-0.0005898281359929,-0.007,-0.001,0.8614999999999999,0.863,0.863,0.861,0.862,1822833.0,1822833.0,1.0,-29443739.05356593,4.0,16.0,2.0,3.0,0.00015,0.74330285,0.0,90624.15,1313770948765.0,19804.75,-9580600.0,5811900.0,-15392500.0,-24047600.0,16365600.0,-40413200.0,-15120500.0,6182800.0,-21303300.0,-5425800.0,3262000.0,-8687800.0,-3970400.0,2635300.0,-6605700.0,0.1356002582966893,0.113878186324098
1026.0,20231026.0,2.0231026102559e+16,0.862,0.861,17749300.0,6570100.0,0.863,0.86,5999300.0,13146400.0,0.864,0.859,5212800.0,19367700.0,0.865,0.858,2082800.0,12317300.0,0.866,0.857,2635300.0,4004300.0,0.695,0.869,0.861,0.861,0.864,0.869,257067192.0,257067192.0,1.043,588080.0,2023-10-26 10:25:59,0.86127015880326,0.0011607661056297,0.0034822983168891,0.001,-0.001,0.002,55405800.0,33679500.0,-21726300.0,0.8591075825996556,0.8629861933817308,89085300.0,21726300.0,-0.000408918368708,-0.008,-0.001,0.8614999999999999,0.862,0.862,0.861,0.861,2801532.0,2801532.0,1.0,-29673530.836236965,14.0,6.0,2.0,3.0,0.0002999999999998,0.7425271,0.001,138912.6,2578812530296.0,173256.0,-3010500.0,11937400.0,-14947900.0,-10901200.0,-10366300.0,-534900.0,4247200.0,-970000.0,5217200.0,6891500.0,-1179200.0,8070700.0,33900.0,0.0,33900.0,0.1411428252465351,0.1141481808425368
1027.0,20231026.0,2.0231026102659e+16,0.862,0.861,11724286.0,7476200.0,0.863,0.86,6847900.0,22565400.0,0.864,0.859,5485200.0,15670000.0,0.865,0.858,3582800.0,5506900.0,0.866,0.857,2744600.0,4038500.0,0.695,0.869,0.862,0.861,0.864,0.869,258034728.0,258034728.0,1.043,588080.0,2023-10-26 10:26:59,0.8613893755605978,0.0011607661056297,0.0034822983168891,0.001,-0.001,0.002,55257000.0,30384786.0,-24872214.0,0.8594331378829831,0.863301476995757,85641786.0,24872214.0,0.0001384101212689,-0.007,0.001,0.8614999999999999,0.861,0.862,0.861,0.862,967536.0,967536.0,1.0,29801984.871500537,12.0,8.0,4.0,3.0,0.0004,0.7423548,0.001,38636.8,144637074022.0,52537.0,906100.0,-6025014.0,6931114.0,9419000.0,848600.0,8570400.0,-3697700.0,272400.0,-3970100.0,-6810400.0,1500000.0,-8310400.0,34200.0,109300.0,-75100.0,0.1135851355036879,0.0942264775374508
1028.0,20231026.0,2.0231026102759e+16,0.862,0.861,5348886.0,6838300.0,0.863,0.86,15607700.0,22786300.0,0.864,0.859,5273700.0,15901600.0,0.865,0.858,4076600.0,5359900.0,0.866,0.857,2752600.0,4056000.0,0.695,0.869,0.862,0.861,0.864,0.869,258940411.0,258940411.0,1.043,588080.0,2023-10-26 10:27:59,0.8615611057384369,0.0011607661056297,0.0034822983168891,0.001,-0.001,0.002,54942100.0,33059486.0,-21882614.0,0.8594184587047092,0.8634941339378355,88001586.0,21882614.0,0.0001993442995277,-0.007,0.0,0.8614999999999999,0.862,0.862,0.861,0.862,905683.0,905683.0,1.0,-85577.06303845719,9.0,11.0,3.0,3.0,0.0004500000000001,0.7420963500000001,0.001,42267.15,482342553935.0,20440.5,-637900.0,-6375400.0,5737500.0,220900.0,8759800.0,-8538900.0,231600.0,-211500.0,443100.0,-147000.0,493800.0,-640800.0,17500.0,8000.0,9500.0,0.0902248217049316,0.0742314943553328
1029.0,20231026.0,2.0231026102859e+16,0.862,0.861,13223686.0,6543800.0,0.863,0.86,9707800.0,21656500.0,0.864,0.859,5546800.0,15920200.0,0.865,0.858,2805300.0,6307900.0,0.866,0.857,2752600.0,4063100.0,0.695,0.869,0.862,0.861,0.864,0.869,259173723.0,259173723.0,1.043,588080.0,2023-10-26 10:28:59,0.861331038554928,0.0011607661056297,0.0034822983168891,0.001,-0.001,0.002,54491500.0,34036186.0,-20455314.0,0.8593727186808952,0.863181909747467,88527686.0,20455314.0,-0.0002670709082265,-0.007,0.0,0.8614999999999999,0.861,0.862,0.861,0.862,233312.0,233312.0,1.0,30020629.27233484,11.0,9.0,2.0,1.0,0.00045,0.74226865,0.001,11665.6,7178717468.0,19803.0,-294500.0,7874800.0,-8169300.0,-1129800.0,-5899900.0,4770100.0,18600.0,273100.0,-254500.0,948000.0,-1271300.0,2219300.0,7100.0,0.0,7100.0,0.0797823339782207,0.0671258541529083
1030.0,20231026.0,2.0231026102959e+16,0.862,0.861,17148186.0,6522000.0,0.863,0.86,5421300.0,15215100.0,0.864,0.859,5495000.0,16409100.0,0.865,0.858,2556600.0,12545200.0,0.866,0.857,2752600.0,4056100.0,0.695,0.869,0.861,0.861,0.864,0.869,259624433.0,259624433.0,1.043,588080.0,2023-10-26 10:29:59,0.8612755364913481,0.0011607661056297,0.0034822983168891,0.001,-0.001,0.002,54747500.0,33373686.0,-21373814.0,0.8591388501758072,0.8630514721088944,88121186.0,21373814.0,-6.443962818100668e-05,-0.008,-0.001,0.8614999999999999,0.862,0.862,0.861,0.861,450710.0,450710.0,1.0,-30156558.76402287,13.0,7.0,1.0,2.0,0.0003500000000001,0.7424409499999997,0.001,22535.5,50310326304.0,10253.25,-21800.0,3924500.0,-3946300.0,-6441400.0,-4286500.0,-2154900.0,488900.0,-51800.0,540700.0,6237300.0,-248700.0,6486000.0,-7000.0,0.0,-7000.0,0.0596644009012677,0.051064701369696
1031.0,20231026.0,2.0231026103059e+16,0.862,0.861,12777986.0,5189000.0,0.863,0.86,9792700.0,22184400.0,0.864,0.859,5449600.0,16199900.0,0.865,0.858,3121100.0,6094900.0,0.866,0.857,2623500.0,4058100.0,0.695,0.869,0.861,0.861,0.864,0.869,262174147.0,262174147.0,1.043,588080.0,2023-10-26 10:30:59,0.8612888074827909,0.0011607661056297,0.0034822983168891,0.001,-0.001,0.002,53726300.0,33764886.0,-19961414.0,0.8593415701434866,0.8632009280884289,87491186.0,19961414.0,1.5408413031964274e-05,-0.008,0.0,0.8614999999999999,0.862,0.862,0.861,0.861,2549714.0,2549714.0,1.0,-30435062.20118519,9.0,11.0,2.0,3.0,0.0004500000000001,0.7420963499999996,0.001,119561.7,2526809741950.0,74109.25,-1333000.0,-4370200.0,3037200.0,6969300.0,4371400.0,2597900.0,-209200.0,-45400.0,-163800.0,-6450300.0,564500.0,-7014800.0,2000.0,-129100.0,131100.0,0.0572958797601282,0.0560463783177961
1032.0,20231026.0,2.0231026103159e+16,0.862,0.861,16511486.0,6611500.0,0.863,0.86,5343600.0,23333800.0,0.864,0.859,5602200.0,15980200.0,0.865,0.858,3289800.0,5844300.0,0.866,0.857,2683000.0,3993900.0,0.695,0.869,0.862,0.861,0.864,0.869,262278966.0,262278966.0,1.043,588080.0,2023-10-26 10:31:59,0.8612859276046788,0.0011607661056297,0.0034822983168891,0.001,-0.001,0.002,55763700.0,33430086.0,-22333614.0,0.8594075177938336,0.8631112564891398,89193786.0,22333614.0,-3.3436901789307694e-06,-0.007,0.001,0.8614999999999999,0.862,0.862,0.862,0.862,104819.0,104819.0,1.0,0.0,20.0,0.0,0.0,0.0,1.1102230246251563e-16,0.743044,0.0,5240.95,2586412485.0,5452.0,1422500.0,3733500.0,-2311000.0,1149400.0,-4449100.0,5598500.0,-219700.0,152600.0,-372300.0,-250600.0,168700.0,-419300.0,-64200.0,59500.0,-123700.0,0.0664892155788844,0.0627769483978462
1033.0,20231026.0,2.0231026103259e+16,0.862,0.861,3098186.0,7636300.0,0.863,0.86,15173600.0,25361200.0,0.864,0.859,6662200.0,14015400.0,0.865,0.858,3289800.0,6446800.0,0.866,0.857,2683000.0,4000900.0,0.695,0.869,0.862,0.861,0.864,0.869,263231302.0,263231302.0,1.043,588080.0,2023-10-26 10:32:59,0.8617113801256995,0.0011607661056297,0.0034822983168891,0.001,-0.001,0.002,57460600.0,30906786.0,-26553814.0,0.8594557070409984,0.8635886284649592,88367386.0,26553814.0,0.0004938516476593,-0.007,0.0,0.8614999999999999,0.862,0.862,0.861,0.862,952336.0,952336.0,1.0,-63364.40630465746,17.0,3.0,2.0,2.0,0.00015,0.74278555,0.0,44039.3,343779722804.0,43967.0,1024800.0,-13413300.0,14438100.0,2027400.0,9830000.0,-7802600.0,-1964800.0,1060000.0,-3024800.0,602500.0,0.0,602500.0,7000.0,0.0,7000.0,0.0673675546999625,0.0622815524368503
1034.0,20231026.0,2.0231026103359e+16,0.862,0.861,6301886.0,8457800.0,0.863,0.86,15328700.0,24426200.0,0.864,0.859,6422200.0,15056800.0,0.865,0.858,3289800.0,6481100.0,0.866,0.857,2573800.0,3909900.0,0.695,0.869,0.862,0.861,0.864,0.869,263758936.0,263758936.0,1.043,588080.0,2023-10-26 10:33:59,0.8615730338707747,0.0011607661056297,0.0034822983168891,0.001,-0.001,0.002,58331800.0,33916386.0,-24415414.0,0.8594635704709951,0.863425201965799,92248186.0,24415414.0,-0.0001605611402254,-0.007,0.0,0.8614999999999999,0.862,0.862,0.861,0.862,527634.0,527634.0,1.0,-70178.62060788646,18.0,2.0,2.0,2.0,9.9999999999989e-05,0.7428717,0.0,26381.7,44814257228.0,29686.75,821500.0,3203700.0,-2382200.0,-935000.0,155100.0,-1090100.0,1041400.0,-240000.0,1281400.0,34300.0,0.0,34300.0,-91000.0,-109200.0,18200.0,0.0592177052832094,0.0797325483399779
1035.0,20231026.0,2.0231026103459e+16,0.862,0.861,1951086.0,9243500.0,0.863,0.86,15328700.0,28469100.0,0.864,0.859,6402200.0,13952400.0,0.865,0.858,3289800.0,6575800.0,0.866,0.857,2833800.0,3908900.0,0.695,0.869,0.862,0.861,0.864,0.869,264446270.0,264446270.0,1.043,588080.0,2023-10-26 10:34:59,0.8618257116431104,0.0011607661056297,0.0034822983168891,0.001,-0.001,0.002,62149700.0,29805586.0,-32344114.0,0.8595239365596293,0.8636553172281195,91955286.0,32344114.0,0.0002932319346338,-0.007,0.0,0.8614999999999999,0.862,0.862,0.861,0.862,687334.0,687334.0,1.0,-21701.570369534194,19.0,1.0,1.0,1.0,5.000000000010552e-05,0.74295785,0.0,34280.7,142107327590.0,17175.5,785700.0,-4350800.0,5136500.0,4042900.0,0.0,4042900.0,-1104400.0,-20000.0,-1084400.0,94700.0,0.0,94700.0,-1000.0,260000.0,-261000.0,0.0603526879719079,0.0825046927152481
1036.0,20231026.0,2.0231026103559e+16,0.863,0.862,18305300.0,1017700.0,0.864,0.861,6883700.0,9897300.0,0.865,0.86,5039800.0,29435200.0,0.866,0.859,2713800.0,13468000.0,0.867,0.858,2023900.0,6332600.0,0.695,0.869,0.863,0.861,0.864,0.869,266951626.0,266951626.0,1.043,588080.0,2023-10-26 10:35:59,0.8620526678052062,0.001159420289855,0.0034782608695652,0.001,-0.001,0.002,60150800.0,34966500.0,-25184300.0,0.8597639183518756,0.8639494887964193,95117300.0,25184300.0,0.000263308788036,-0.006,0.001,0.8625,0.862,0.863,0.862,0.863,2505356.0,2505356.0,1.0,30896989.58752856,3.0,17.0,2.0,1.0,0.0001499999999999,0.74330275,0.0,125267.8,3005457868494.0,23204.5,1017700.0,-18305300.0,19323000.0,9897300.0,-6883700.0,16781000.0,29435200.0,-5039800.0,34475000.0,13468000.0,-2713800.0,16181800.0,6332600.0,-2023900.0,8356500.0,0.061673289757507,0.077466947011716
1037.0,20231026.0,2.0231026103659e+16,0.862,0.861,16248200.0,9484500.0,0.863,0.86,5654000.0,24081600.0,0.864,0.859,6772200.0,15462000.0,0.865,0.858,3056000.0,7132500.0,0.866,0.857,2482800.0,3908900.0,0.695,0.869,0.862,0.861,0.864,0.869,268691056.0,268691056.0,1.043,588080.0,2023-10-26 10:36:59,0.8613685777240632,0.0011607661056297,0.0034822983168891,0.001,-0.001,0.002,60069500.0,34213200.0,-25856300.0,0.8594677964690899,0.8631193808237756,94282700.0,25856300.0,-0.0007938745316571,-0.007,-0.001,0.8614999999999999,0.863,0.863,0.861,0.862,1739430.0,1739430.0,1.0,-31070250.82432614,15.0,5.0,1.0,2.0,0.0001999999999999,0.7426995,0.0002499999999999,83521.0,732472299240.0,61669.75,-9484500.0,16248200.0,-25732700.0,-24081600.0,5654000.0,-29735600.0,-15462000.0,6772200.0,-22234200.0,-7132500.0,3056000.0,-10188500.0,-3908900.0,2482800.0,-6391700.0,0.0755805527034636,0.0817130419794544
1038.0,20231026.0,2.0231026103759e+16,0.862,0.861,10251000.0,9369000.0,0.863,0.86,12527900.0,24938500.0,0.864,0.859,6532200.0,16135900.0,0.865,0.858,3058000.0,6907200.0,0.866,0.857,2482800.0,3928900.0,0.695,0.869,0.862,0.861,0.864,0.869,268984183.0,268984183.0,1.043,588080.0,2023-10-26 10:37:59,0.8614775229357798,0.0011607661056297,0.0034822983168891,0.001,-0.001,0.002,61279500.0,34851900.0,-26427600.0,0.8594717972568314,0.863282498228217,96131400.0,26427600.0,0.0001264712057799,-0.007,0.0,0.8614999999999999,0.861,0.862,0.861,0.862,293127.0,293127.0,1.0,31161017.97901326,8.0,12.0,2.0,1.0,0.0003999999999999,0.7420102,0.001,14656.35,20683857599.0,15727.75,-115500.0,-5997200.0,5881700.0,856900.0,6873900.0,-6017000.0,673900.0,-240000.0,913900.0,-225300.0,2000.0,-227300.0,20000.0,0.0,20000.0,0.071041602621231,0.0782471132383774
1039.0,20231026.0,2.0231026103859e+16,0.862,0.861,16124800.0,9594500.0,0.863,0.86,6427900.0,25859400.0,0.864,0.859,6300700.0,15898700.0,0.865,0.858,3289300.0,6724000.0,0.866,0.857,2482800.0,3929000.0,0.695,0.869,0.862,0.861,0.864,0.869,269194789.0,269194789.0,1.043,588080.0,2023-10-26 10:38:59,0.8613730467003378,0.0011607661056297,0.0034822983168891,0.001,-0.001,0.002,62005600.0,34625500.0,-27380100.0,0.8594913491684621,0.8631213816406983,96631100.0,27380100.0,-0.0001212829915855,-0.007,0.0,0.8614999999999999,0.861,0.862,0.861,0.862,210606.0,210606.0,1.0,31174779.069015443,13.0,7.0,2.0,1.0,0.0003499999999999,0.7424409499999998,0.001,10530.3,13980530088.0,9495.5,225500.0,5873800.0,-5648300.0,920900.0,-6100000.0,7020900.0,-237200.0,-231500.0,-5700.0,-183200.0,231300.0,-414500.0,100.0,0.0,100.0,0.0651220281967546,0.0526667888844659
1040.0,20231026.0,2.0231026103959e+16,0.862,0.861,17322000.0,9429300.0,0.863,0.86,5259900.0,19911900.0,0.864,0.859,6569800.0,16395800.0,0.865,0.858,3068000.0,13006500.0,0.866,0.857,2482800.0,3931700.0,0.695,0.869,0.862,0.861,0.864,0.869,269253635.0,269253635.0,1.043,588080.0,2023-10-26 10:39:59,0.8613524800663893,0.0011607661056297,0.0034822983168891,0.001,-0.001,0.002,62675200.0,34702500.0,-27972700.0,0.8592856089809048,0.863081613716591,97377700.0,27972700.0,-2.387685516919147e-05,-0.007,0.0,0.8614999999999999,0.862,0.862,0.861,0.862,58846.0,58846.0,1.0,-107209.8327633962,8.0,12.0,3.0,3.0,0.0004,0.7420101999999996,0.001,2942.3,568278528.0,4350.75,-165200.0,1197200.0,-1362400.0,-5947500.0,-1168000.0,-4779500.0,497100.0,269100.0,228000.0,6282500.0,-221300.0,6503800.0,2700.0,0.0,2700.0,0.064970761231801,0.0557794252854199
1041.0,20231026.0,2.0231026104059e+16,0.862,0.861,17469800.0,8864600.0,0.863,0.86,6159900.0,19437600.0,0.864,0.859,6348300.0,15602700.0,0.865,0.858,2489300.0,13349000.0,0.866,0.857,2482800.0,3931700.0,0.695,0.869,0.861,0.861,0.864,0.869,270355875.0,270355875.0,1.043,588080.0,2023-10-26 10:40:59,0.8613366167446382,0.0011607661056297,0.0034822983168891,0.001,-0.001,0.002,61185600.0,34950100.0,-26235500.0,0.8592607541643785,0.8630373532550694,96135700.0,26235500.0,-1.8416929416786854e-05,-0.008,-0.001,0.8614999999999999,0.862,0.862,0.861,0.861,1102240.0,1102240.0,1.0,-31407155.64524608,6.0,14.0,2.0,3.0,0.0003000000000003,0.7418379,0.001,55112.0,297854142984.0,40498.5,-564700.0,147800.0,-712500.0,-474300.0,900000.0,-1374300.0,-793100.0,-221500.0,-571600.0,342500.0,-578700.0,921200.0,0.0,0.0,0.0,0.0596606949948084,0.0525652180498452
1042.0,20231026.0,2.0231026104159e+16,0.862,0.861,17303400.0,9324100.0,0.863,0.86,5909900.0,18903500.0,0.864,0.859,6579800.0,15859800.0,0.865,0.858,2218000.0,13573700.0,0.866,0.857,2652900.0,3932700.0,0.695,0.869,0.862,0.861,0.864,0.869,270863105.0,270863105.0,1.043,588080.0,2023-10-26 10:41:59,0.8613501680593372,0.0011607661056297,0.0034822983168891,0.001,-0.001,0.002,61593800.0,34664000.0,-26929800.0,0.8592615945111358,0.8630482085160397,96257800.0,26929800.0,1.573276676730684e-05,-0.007,0.001,0.8614999999999999,0.861,0.862,0.861,0.862,507230.0,507230.0,1.0,31338352.901040472,16.0,4.0,2.0,1.0,0.0001999999999999,0.7426994,0.0,25361.5,43294034360.0,38402.25,459500.0,-166400.0,625900.0,-534100.0,-250000.0,-284100.0,257100.0,231500.0,25600.0,224700.0,-271300.0,496000.0,1000.0,170100.0,-169100.0,0.0215937780689922,0.0320381608638104
1043.0,20231026.0,2.0231026104259e+16,0.862,0.861,17042600.0,9865200.0,0.863,0.86,5369900.0,25872000.0,0.864,0.859,6809800.0,15619800.0,0.865,0.858,2758000.0,7383800.0,0.866,0.857,2652900.0,3932700.0,0.695,0.869,0.862,0.861,0.864,0.869,271662856.0,271662856.0,1.043,588080.0,2023-10-26 10:42:59,0.8613666297504813,0.0011607661056297,0.0034822983168891,0.001,-0.001,0.002,62673500.0,34633200.0,-28040300.0,0.859484306764422,0.8630936067126341,97306700.0,28040300.0,1.9111314367548093e-05,-0.007,0.0,0.8614999999999999,0.862,0.862,0.861,0.862,799751.0,799751.0,1.0,-29092.58133449778,16.0,4.0,1.0,1.0,0.0001999999999999,0.7426993999999997,0.0,39987.55,228763155965.0,26131.25,541100.0,-260800.0,801900.0,6968500.0,-540000.0,7508500.0,-240000.0,230000.0,-470000.0,-6189900.0,540000.0,-6729900.0,0.0,0.0,0.0,0.0209808436681114,0.0308140827233177
1044.0,20231026.0,2.0231026104359e+16,0.862,0.861,19992100.0,9401658.0,0.863,0.86,5369900.0,19253300.0,0.864,0.859,6098300.0,16109800.0,0.865,0.858,2989300.0,12648400.0,0.866,0.857,2652900.0,3935100.0,0.695,0.869,0.861,0.861,0.864,0.869,271774905.0,271774905.0,1.043,588080.0,2023-10-26 10:43:59,0.8613198521944693,0.0011607661056297,0.0034822983168891,0.001,-0.001,0.002,61348258.0,37102500.0,-24245758.0,0.8592858763487627,0.863001172427734,98450758.0,24245758.0,-5.43076833930678e-05,-0.008,-0.001,0.8614999999999999,0.862,0.862,0.861,0.861,112049.0,112049.0,1.0,-31637507.14016242,13.0,7.0,2.0,3.0,0.0003499999999999,0.74244095,0.001,5602.45,3129064317.0,3902.5,-463542.0,2949500.0,-3413042.0,-6618700.0,0.0,-6618700.0,490000.0,-711500.0,1201500.0,5264600.0,231300.0,5033300.0,2400.0,0.0,2400.0,0.0138741372166691,0.0244671964419538
1045.0,20231026.0,2.0231026104459e+16,0.862,0.861,11926600.0,10713858.0,0.863,0.86,15069900.0,25657200.0,0.864,0.859,7178300.0,15601000.0,0.865,0.858,3239300.0,5944400.0,0.866,0.857,2652900.0,3934100.0,0.695,0.869,0.861,0.861,0.864,0.869,272177941.0,272177941.0,1.043,588080.0,2023-10-26 10:44:59,0.8614732173704259,0.0011607661056297,0.0034822983168891,0.001,-0.001,0.002,61850558.0,40067000.0,-21783558.0,0.8595379469009802,0.8632418199515811,101917558.0,21783558.0,0.0001780424812139,-0.008,0.0,0.8614999999999999,0.861,0.862,0.861,0.861,403036.0,403036.0,1.0,-116904.60156673938,15.0,5.0,2.0,2.0,0.0002499999999999,0.7426132499999997,0.0002499999999999,19160.3,88268932578.0,10321.75,1312200.0,-8065500.0,9377700.0,6403900.0,9700000.0,-3296100.0,-508800.0,1080000.0,-1588800.0,-6704000.0,250000.0,-6954000.0,-1000.0,0.0,-1000.0,0.0275791218027597,0.0251894441456269
1046.0,20231026.0,2.0231026104559e+16,0.862,0.861,15569500.0,10656258.0,0.863,0.86,12369900.0,25648400.0,0.864,0.859,5886300.0,16110000.0,0.865,0.858,2729300.0,6122900.0,0.866,0.857,2474200.0,3994100.0,0.695,0.869,0.861,0.861,0.864,0.869,274046351.0,274046351.0,1.043,588080.0,2023-10-26 10:45:59,0.8614063279314939,0.0011607661056297,0.0034822983168891,0.001,-0.001,0.002,62531658.0,39029200.0,-23502458.0,0.8595253309611589,0.8630819386510613,101560858.0,23502458.0,-7.764842196666955e-05,-0.008,0.0,0.8614999999999999,0.861,0.862,0.861,0.861,1868410.0,1868410.0,1.0,-163912.74875974283,15.0,5.0,3.0,3.0,0.0002499999999999,0.7426132499999997,0.0002499999999999,86955.5,1731233388042.0,31462.25,-57600.0,3642900.0,-3700500.0,-8800.0,-2700000.0,2691200.0,509000.0,-1292000.0,1801000.0,178500.0,-510000.0,688500.0,60000.0,-178700.0,238700.0,0.0269631684997355,0.0295404503725029
1047.0,20231026.0,2.0231026104659e+16,0.862,0.861,19768000.0,9129058.0,0.863,0.86,8297900.0,25191400.0,0.864,0.859,6386300.0,16304500.0,0.865,0.858,3019300.0,7372900.0,0.866,0.857,2474200.0,3995100.0,0.695,0.869,0.862,0.861,0.864,0.869,274315033.0,274315033.0,1.043,588080.0,2023-10-26 10:46:59,0.8613159165199447,0.0011607661056297,0.0034822983168891,0.001,-0.001,0.002,61992958.0,39945700.0,-22047258.0,0.8594530581683165,0.8630019902016989,101938658.0,22047258.0,-0.0001049634227727,-0.007,0.001,0.8614999999999999,0.862,0.862,0.861,0.862,268682.0,268682.0,1.0,-36860.49904201552,18.0,2.0,1.0,1.0,9.9999999999989e-05,0.7428717,0.0,13434.1,17103611008.0,10322.25,-1527200.0,4198500.0,-5725700.0,-457000.0,-4072000.0,3615000.0,194500.0,500000.0,-305500.0,1250000.0,290000.0,960000.0,1000.0,0.0,1000.0,0.0268220374401693,0.0323840275447395
1048.0,20231026.0,2.0231026104759e+16,0.862,0.861,19625100.0,8638758.0,0.863,0.86,5578100.0,18826700.0,0.864,0.859,6626800.0,16479700.0,0.865,0.858,2238000.0,13871900.0,0.866,0.857,2474200.0,3995100.0,0.695,0.869,0.862,0.861,0.864,0.869,275019464.0,275019464.0,1.043,588080.0,2023-10-26 10:47:59,0.8613056468087266,0.0011607661056297,0.0034822983168891,0.001,-0.001,0.002,61812158.0,36542200.0,-25269958.0,0.8592304096226506,0.8629699060264571,98354358.0,25269958.0,-1.1923351520559676e-05,-0.007,0.0,0.8614999999999999,0.862,0.862,0.861,0.862,704431.0,704431.0,1.0,-70356.4831806831,15.0,5.0,3.0,3.0,0.0002499999999999,0.74261325,0.0002499999999999,35092.55,120638854645.0,20553.0,-490300.0,-142900.0,-347400.0,-6364700.0,-2719800.0,-3644900.0,175200.0,240500.0,-65300.0,6499000.0,-781300.0,7280300.0,0.0,0.0,0.0,0.0243104446236644,0.0300183233086632
1049.0,20231026.0,2.0231026104859e+16,0.861,0.86,17872342.0,13707700.0,0.862,0.859,12185800.0,19742800.0,0.863,0.858,4751900.0,16251800.0,0.864,0.857,3734800.0,3995100.0,0.865,0.856,1978000.0,5135700.0,0.695,0.869,0.86,0.86,0.864,0.869,282985398.0,282985398.0,1.043,588080.0,2023-10-26 10:48:59,0.8604340621206267,0.0011621150493898,0.0034863451481696,0.001,-0.001,0.002,58833100.0,40522842.0,-18310258.0,0.8585590679396462,0.8620069876145409,99355942.0,18310258.0,-0.0010124466062216,-0.009,-0.002,0.8605,0.862,0.862,0.86,0.86,7965934.0,7965934.0,1.0,-65705439.31650602,16.0,4.0,1.0,3.0,5.000000000010552e-05,0.74123525,0.0,396875.7,55541321408890.0,13448.0,-13707700.0,17872342.0,-31580042.0,-19742800.0,12185800.0,-31928600.0,-16251800.0,4751900.0,-21003700.0,-3995100.0,3734800.0,-7729900.0,-5135700.0,1978000.0,-7113700.0,0.1013879047165376,0.1000474672976354
1050.0,20231026.0,2.0231026104959e+16,0.861,0.86,25071142.0,12188900.0,0.862,0.859,5040200.0,20352500.0,0.863,0.858,5696500.0,16795100.0,0.864,0.857,3744800.0,5509700.0,0.865,0.856,1981800.0,5596400.0,0.695,0.869,0.861,0.86,0.864,0.869,283729861.0,283729861.0,1.043,588080.0,2023-10-26 10:49:59,0.8603271306028051,0.0011621150493898,0.0034863451481696,0.001,-0.001,0.002,60442600.0,41534442.0,-18908158.0,0.8584637093705433,0.8618569947803801,101977042.0,18908158.0,-0.0001242839720135,-0.008,0.001,0.8605,0.86,0.861,0.86,0.861,744463.0,744463.0,1.0,32763335.63257978,6.0,14.0,5.0,4.0,0.0003000000000001,0.7401162999999997,0.001,37223.15,110510426837.0,46969.25,-1518800.0,7198800.0,-8717600.0,609700.0,-7145600.0,7755300.0,543300.0,944600.0,-401300.0,1514600.0,10000.0,1504600.0,460700.0,3800.0,456900.0,0.0994600766331591,0.0981102815895989
1051.0,20231026.0,2.0231026105059e+16,0.861,0.86,21206342.0,12931000.0,0.862,0.859,8745300.0,19618000.0,0.863,0.858,5987100.0,16398400.0,0.864,0.857,3513300.0,5837100.0,0.865,0.856,1844700.0,5663600.0,0.695,0.869,0.86,0.86,0.864,0.869,284415518.0,284415518.0,1.043,588080.0,2023-10-26 10:50:59,0.8603787934045949,0.0011621150493898,0.0034863451481696,0.001,-0.001,0.002,60448100.0,41296742.0,-19151358.0,0.8584684299423804,0.8619356234445806,101744842.0,19151358.0,6.0048380242705424e-05,-0.009,-0.001,0.8605,0.861,0.861,0.86,0.86,685657.0,685657.0,1.0,-33217081.869783677,11.0,9.0,4.0,5.0,0.00045,0.74054655,0.001,33981.85,337248766045.0,8610.0,742100.0,-3864800.0,4606900.0,-734500.0,3705100.0,-4439600.0,-396700.0,290600.0,-687300.0,327400.0,-231500.0,558900.0,67200.0,-137100.0,204300.0,0.0996647973531318,0.0974965321035912
1052.0,20231026.0,2.0231026105159e+16,0.861,0.86,9743242.0,12703800.0,0.862,0.859,14553700.0,25264000.0,0.863,0.858,5985300.0,14973600.0,0.864,0.857,4234800.0,5105400.0,0.865,0.856,2177700.0,5758600.0,0.695,0.869,0.861,0.86,0.864,0.869,286000237.0,286000237.0,1.043,588080.0,2023-10-26 10:51:59,0.8605659453927159,0.0011621150493898,0.0034863451481696,0.001,-0.001,0.002,63805400.0,36694742.0,-27110658.0,0.8585336382187087,0.8623064405794161,100500142.0,27110658.0,0.0002174991266594,-0.008,0.001,0.8605,0.86,0.861,0.86,0.861,1584719.0,1584719.0,1.0,33053199.57080737,13.0,7.0,4.0,3.0,0.0003499999999997,0.74071865,0.001,75965.95,712066213059.0,67722.5,-227200.0,-11463100.0,11235900.0,5646000.0,5808400.0,-162400.0,-1424800.0,-1800.0,-1423000.0,-731700.0,721500.0,-1453200.0,95000.0,333000.0,-238000.0,0.1006380119898094,0.0976963813211372
1053.0,20231026.0,2.0231026105259e+16,0.861,0.86,9825642.0,13365000.0,0.862,0.859,14961700.0,20474800.0,0.863,0.858,5747100.0,15792600.0,0.864,0.857,4003300.0,5321000.0,0.865,0.856,1942700.0,5768600.0,0.695,0.869,0.861,0.86,0.864,0.869,286892664.0,286892664.0,1.043,588080.0,2023-10-26 10:52:59,0.86057631004782,0.0011621150493898,0.0034863451481696,0.001,-0.001,0.002,60722000.0,36480442.0,-24241558.0,0.8584997628536608,0.8622674353013595,97202442.0,24241558.0,1.2043926144317265e-05,-0.008,0.0,0.8605,0.861,0.861,0.86,0.861,892427.0,892427.0,1.0,-96476.9762039818,17.0,3.0,3.0,3.0,0.00015,0.74106285,0.0,43610.0,148609502757.0,40122.75,661200.0,82400.0,578800.0,-4789200.0,408000.0,-5197200.0,819000.0,-238200.0,1057200.0,215600.0,-231500.0,447100.0,10000.0,-235000.0,245000.0,0.1004364184523687,0.1034694272739789
1054.0,20231026.0,2.0231026105359e+16,0.861,0.86,12903442.0,13927800.0,0.862,0.859,15112100.0,21565800.0,0.863,0.858,5967100.0,15782300.0,0.864,0.857,3418700.0,5400300.0,0.865,0.856,1942700.0,5821300.0,0.695,0.869,0.861,0.86,0.864,0.869,287195994.0,287195994.0,1.043,588080.0,2023-10-26 10:53:59,0.8605190889038979,0.0011621150493898,0.0034863451481696,0.001,-0.001,0.002,62497500.0,39344042.0,-23153458.0,0.8585180767230689,0.8621456169145,101841542.0,23153458.0,-6.649386661305989e-05,-0.008,0.0,0.8605,0.861,0.861,0.861,0.861,303330.0,303330.0,1.0,0.0,0.0,20.0,0.0,0.0,3.3306690738754696e-16,0.7413209999999997,0.0,14822.0,21188072768.0,9578.5,562800.0,3077800.0,-2515000.0,1091000.0,150400.0,940600.0,-10300.0,220000.0,-230300.0,79300.0,-584600.0,663900.0,52700.0,0.0,52700.0,0.0271681132970991,0.0448297762731931
1055.0,20231026.0,2.0231026105459e+16,0.861,0.86,12446742.0,13942300.0,0.862,0.859,14852100.0,21405500.0,0.863,0.858,6037100.0,16265800.0,0.864,0.857,3418700.0,5441900.0,0.865,0.856,1942700.0,5702500.0,0.695,0.869,0.861,0.86,0.864,0.869,287702711.0,287702711.0,1.043,588080.0,2023-10-26 10:54:59,0.8605283367240084,0.0011621150493898,0.0034863451481696,0.001,-0.001,0.002,62758000.0,38697342.0,-24060658.0,0.8585169572006757,0.8621616611807602,101455342.0,24060658.0,1.0746734776578837e-05,-0.008,0.0,0.8605,0.86,0.861,0.86,0.861,506717.0,506717.0,1.0,33285014.553790923,17.0,3.0,3.0,2.0,0.00015,0.7410628499999997,0.0,24905.85,43689885101.0,20512.25,14500.0,-456700.0,471200.0,-160300.0,-260000.0,99700.0,483500.0,70000.0,413500.0,41600.0,0.0,41600.0,-118800.0,0.0,-118800.0,0.0281177997340001,0.0475020778250423
1056.0,20231026.0,2.0231026105559e+16,0.861,0.86,15364242.0,13124800.0,0.862,0.859,12162100.0,22142200.0,0.863,0.858,5745300.0,16917900.0,0.864,0.857,3910200.0,5514500.0,0.865,0.856,1942700.0,5865400.0,0.695,0.869,0.86,0.86,0.864,0.869,288541195.0,288541195.0,1.043,588080.0,2023-10-26 10:55:59,0.8604606964319825,0.0011621150493898,0.0034863451481696,0.001,-0.001,0.002,63564800.0,39124542.0,-24440258.0,0.8584899960355417,0.862102993103408,102689342.0,24440258.0,-7.860630225711707e-05,-0.009,-0.001,0.8605,0.86,0.861,0.86,0.86,838484.0,838484.0,1.0,-171591.87343002856,15.0,5.0,2.0,2.0,0.0002499999999999,0.7408907499999999,0.0002499999999999,40934.7,223218931502.0,17930.25,-817500.0,2917500.0,-3735000.0,736700.0,-2690000.0,3426700.0,652100.0,-291800.0,943900.0,72600.0,491500.0,-418900.0,162900.0,0.0,162900.0,0.031627960575086,0.0496873581976235
1057.0,20231026.0,2.0231026105659e+16,0.861,0.86,14878842.0,13348500.0,0.862,0.859,12422100.0,22054600.0,0.863,0.858,5477100.0,16789700.0,0.864,0.857,3418700.0,5757900.0,0.865,0.856,1942700.0,5865400.0,0.695,0.869,0.861,0.86,0.864,0.869,289511606.0,289511606.0,1.043,588080.0,2023-10-26 10:56:59,0.8604728925592781,0.0011621150493898,0.0034863451481696,0.001,-0.001,0.002,63816100.0,38139442.0,-25676658.0,0.8584898904821823,0.8620855743510878,101955542.0,25676658.0,1.4173850023918575e-05,-0.008,0.001,0.8605,0.86,0.861,0.86,0.861,970411.0,970411.0,1.0,33440712.78543072,14.0,6.0,3.0,2.0,0.0003,0.7408047000000001,0.001,47487.55,307776900111.0,27176.5,223700.0,-485400.0,709100.0,-87600.0,260000.0,-347600.0,-128200.0,-268200.0,140000.0,243400.0,-491500.0,734900.0,0.0,0.0,0.0,0.0276868894558117,0.0487900914856122
1058.0,20231026.0,2.0231026105759e+16,0.861,0.86,17805242.0,8134800.0,0.862,0.859,5263100.0,21338800.0,0.863,0.858,5505300.0,17252800.0,0.864,0.857,3659200.0,6043700.0,0.865,0.856,1928400.0,6016500.0,0.695,0.869,0.86,0.86,0.864,0.869,293273206.0,293273206.0,1.043,588080.0,2023-10-26 10:57:59,0.8603136001090514,0.0011621150493898,0.0034863451481696,0.001,-0.001,0.002,58786600.0,34161242.0,-24625358.0,0.8583322474849711,0.8620235254327111,92947842.0,24625358.0,-0.0001851391225585,-0.009,-0.001,0.8605,0.861,0.861,0.86,0.86,3761600.0,3761600.0,1.0,-33801999.69046271,10.0,10.0,2.0,3.0,0.0005,0.7404605,0.001,187003.5,7169871991686.0,21019.0,-5213700.0,2926400.0,-8140100.0,-715800.0,-7159000.0,6443200.0,463100.0,28200.0,434900.0,285800.0,240500.0,45300.0,151100.0,-14300.0,165400.0,0.0288136268166925,0.0359370235485735
1059.0,20231026.0,2.0231026105859e+16,0.861,0.86,18084142.0,10037100.0,0.862,0.859,5341200.0,21450300.0,0.863,0.858,5505300.0,17290700.0,0.864,0.857,3660200.0,6068600.0,0.865,0.856,1928400.0,6066700.0,0.695,0.869,0.86,0.86,0.864,0.869,293552358.0,293552358.0,1.043,588080.0,2023-10-26 10:58:59,0.8603569223578389,0.0011621150493898,0.0034863451481696,0.001,-0.001,0.002,60913400.0,34519242.0,-26394158.0,0.8583828796291129,0.8620152598368179,95432642.0,26394158.0,5.035507754788671e-05,-0.009,0.0,0.8605,0.86,0.861,0.86,0.86,279152.0,279152.0,1.0,-175868.58993058652,8.0,12.0,4.0,4.0,0.0004,0.7402883999999996,0.001,13957.6,16811626646.0,10755.0,1902300.0,278900.0,1623400.0,111500.0,78100.0,33400.0,37900.0,0.0,37900.0,24900.0,1000.0,23900.0,50200.0,0.0,50200.0,0.0266697682555456,0.032538914727293
1100.0,20231026.0,2.0231026105959e+16,0.861,0.86,18103042.0,7882493.0,0.862,0.859,5913200.0,14999900.0,0.863,0.858,5995300.0,17783300.0,0.864,0.857,2850200.0,13374600.0,0.865,0.856,1924600.0,6101700.0,0.695,0.869,0.86,0.86,0.864,0.869,293636332.0,293636332.0,1.043,588080.0,2023-10-26 10:59:59,0.8603033415706084,0.0011621150493898,0.0034863451481696,0.001,-0.001,0.002,60141993.0,34786342.0,-25355651.0,0.8580862439992635,0.86198178762228,94928335.0,25355651.0,-6.227933354546744e-05,-0.009,0.0,0.8605,0.86,0.861,0.86,0.86,83974.0,83974.0,1.0,-125973.33535910398,12.0,8.0,3.0,3.0,0.0003999999999998,0.7406326,0.001,4198.7,1443208648.0,3550.25,-2154607.0,18900.0,-2173507.0,-6450400.0,572000.0,-7022400.0,492600.0,490000.0,2600.0,7306000.0,-810000.0,8116000.0,35000.0,-3800.0,38800.0,0.0228044787294923,0.0266358753126789
1101.0,20231026.0,2.0231026110059e+16,0.861,0.86,18943942.0,7073593.0,0.862,0.859,5667500.0,14597500.0,0.863,0.858,5570300.0,17662500.0,0.864,0.857,2878700.0,13403400.0,0.865,0.856,1951000.0,6154400.0,0.695,0.869,0.86,0.86,0.864,0.869,294175574.0,294175574.0,1.043,588080.0,2023-10-26 11:00:59,0.8602718779084951,0.0011621150493898,0.0034863451481696,0.001,-0.001,0.002,58891393.0,35011442.0,-23879951.0,0.8580514928556707,0.8619496381211604,93902835.0,23879951.0,-3.657342237706196e-05,-0.009,0.0,0.8605,0.86,0.861,0.86,0.86,539242.0,539242.0,1.0,-123059.00467276572,3.0,17.0,2.0,2.0,0.0001499999999997,0.73985815,0.0,26919.1,76811897500.0,18965.5,-808900.0,840900.0,-1649800.0,-402400.0,-245700.0,-156700.0,-120800.0,-425000.0,304200.0,28800.0,28500.0,300.0,52700.0,26400.0,26300.0,0.0189979124980867,0.0221176631903411
1102.0,20231026.0,2.0231026110159e+16,0.861,0.86,18882342.0,6142193.0,0.862,0.859,5906600.0,11202800.0,0.863,0.858,5570300.0,19941000.0,0.864,0.857,2820200.0,14715400.0,0.865,0.856,1951000.0,6237800.0,0.695,0.869,0.86,0.86,0.864,0.869,295242150.0,295242150.0,1.043,588080.0,2023-10-26 11:01:59,0.8602454468384726,0.0011621150493898,0.0034863451481696,0.001,-0.001,0.002,58239193.0,35130442.0,-23108751.0,0.857936403411359,0.8619482317358831,93369635.0,23108751.0,-3.072456132172108e-05,-0.009,0.0,0.8605,0.86,0.861,0.86,0.86,1066576.0,1066576.0,1.0,-211565.5368284583,11.0,9.0,3.0,3.0,0.00045,0.7405465499999997,0.001,53328.8,329489443550.0,18318.0,-931400.0,-61600.0,-869800.0,-3394700.0,239100.0,-3633800.0,2278500.0,0.0,2278500.0,1312000.0,-58500.0,1370500.0,83400.0,0.0,83400.0,0.0146294026919851,0.0188331344290265
0.0,0.0,0.0,0.0,0.0,0.0,0.0,0.0,0.0,0.0,0.0,0.0,0.0,0.0,0.0,0.0,0.0,0.0,0.0,0.0,0.0,0.0,0.0,0.0,0.0,0.0,0.0,0.0,0.0,0.0,0.0,0.0,0.0,0.0,0.0,0.0,0.0,0.0,0.0,0.0,0.0,0.0,0.0,0.0,0.0,0.0,0.0,0.0,0.0,0.0,0.0,0.0,0.0,0.0,0.0,0.0,0.0,0.0,0.0,0.0,0.0,0.0,0.0,0.0,0.0,0.0,0.0,0.0,0.0,0.0,0.0,0.0,0.0,0.0,0.0,0.0,0.0,0.0,0.0,0.0,0.0,0.0,0.0,0.0,0.0,0.0
1104.0,20231026.0,2.0231026110359e+16,0.86,0.859,6178549.0,11224200.0,0.861,0.858,16015642.0,20330000.0,0.862,0.857,5566300.0,15469500.0,0.863,0.856,3816300.0,6741900.0,0.864,0.855,2548700.0,3690200.0,0.695,0.869,0.86,0.86,0.864,0.869,300716033.0,300716033.0,1.043,588080.0,2023-10-26 11:03:59,0.8596449670681339,0.0011634671320535,0.0034904013961605,0.001,-0.001,0.002,57455800.0,34125491.0,-23330309.0,0.8574987503437426,0.8614297799260969,91581291.0,23330309.0,-0.0006612286987087,-0.009,-0.001,0.8594999999999999,0.86,0.861,0.86,0.86,4361016.0,4361016.0,1.0,-615204.8930394575,11.0,9.0,3.0,3.0,0.00045,0.74054655,0.001,218007.8,17191477279328.0,17501.0,-11224200.0,6178549.0,-17402749.0,-20330000.0,16015642.0,-36345642.0,-15469500.0,5566300.0,-21035800.0,-6741900.0,3816300.0,-10558200.0,-3690200.0,2548700.0,-6238900.0,0.0726953602496675,0.0635112961484061
1105.0,20231026.0,2.0231026110459e+16,0.86,0.859,5031749.0,10641500.0,0.861,0.858,16588042.0,21055700.0,0.862,0.857,5865400.0,15835500.0,0.863,0.856,3648300.0,6773900.0,0.864,0.855,2516000.0,3693200.0,0.695,0.869,0.86,0.859,0.864,0.869,301428783.0,301428783.0,1.043,588080.0,2023-10-26 11:04:59,0.8596789594167743,0.0011634671320535,0.0034904013961605,0.001,-0.001,0.002,57999800.0,33649491.0,-24350309.0,0.8574858361580557,0.8614659283256321,91649291.0,24350309.0,3.954152922697185e-05,-0.009,0.0,0.8594999999999999,0.86,0.86,0.86,0.86,712750.0,712750.0,1.0,0.0,0.0,20.0,0.0,0.0,1.1102230246251563e-16,0.7395999999999997,0.0,32283.5,130885473546.0,26724.5,-582700.0,-1146800.0,564100.0,725700.0,572400.0,153300.0,366000.0,299100.0,66900.0,32000.0,-168000.0,200000.0,3000.0,-32700.0,35700.0,0.083004653519689,0.0753299846944078
1106.0,20231026.0,2.0231026110559e+16,0.86,0.859,13720749.0,7670100.0,0.861,0.858,9544142.0,16471400.0,0.862,0.857,5133300.0,16619500.0,0.863,0.856,2880100.0,7264400.0,0.864,0.855,2516000.0,3748100.0,0.695,0.869,0.859,0.859,0.864,0.869,302969236.0,302969236.0,1.043,588080.0,2023-10-26 11:05:59,0.8593585692180801,0.0011634671320535,0.0034904013961605,0.001,-0.001,0.002,51773500.0,33794291.0,-17979209.0,0.857329338368084,0.8611396907838664,85567791.0,17979209.0,-0.0003727553320589,-0.01,-0.001,0.8594999999999999,0.86,0.86,0.859,0.859,1540453.0,1540453.0,1.0,-35175089.89861119,5.0,15.0,1.0,2.0,0.00025,0.7383107499999999,0.0002499999999999,74059.15,832794877847.0,52099.0,-2971400.0,8689000.0,-11660400.0,-4584300.0,-7043900.0,2459600.0,784000.0,-732100.0,1516100.0,490500.0,-768200.0,1258700.0,54900.0,0.0,54900.0,0.0987995789555972,0.0851478503318527
1107.0,20231026.0,2.0231026110659e+16,0.86,0.859,18216649.0,920200.0,0.861,0.858,7135642.0,10589200.0,0.862,0.857,4453300.0,19279200.0,0.863,0.856,2034600.0,14868900.0,0.864,0.855,2517000.0,3858200.0,0.695,0.869,0.86,0.859,0.864,0.869,308527848.0,308527848.0,1.043,588080.0,2023-10-26 11:06:59,0.8590480852412015,0.0011634671320535,0.0034904013961605,0.001,-0.001,0.002,49515700.0,34357191.0,-15158509.0,0.8567948993955453,0.8609376215302351,83872891.0,15158509.0,-0.0003613626372448,-0.009,0.001,0.8594999999999999,0.86,0.86,0.859,0.86,5558612.0,5558612.0,1.0,494804.5549178347,5.0,15.0,3.0,3.0,0.0002499999999997,0.7383107499999998,0.0002499999999999,269034.6,5498908556842.0,261426.75,-6749900.0,4495900.0,-11245800.0,-5882200.0,-2408500.0,-3473700.0,2659700.0,-680000.0,3339700.0,7604500.0,-845500.0,8450000.0,110100.0,1000.0,109100.0,0.1001826912059383,0.0862483347135111
1108.0,20231026.0,2.0231026110759e+16,0.86,0.859,18399149.0,1816500.0,0.861,0.858,6837742.0,14765700.0,0.862,0.857,4455300.0,17357900.0,0.863,0.856,2556600.0,13630500.0,0.864,0.855,2517000.0,3972100.0,0.695,0.869,0.859,0.859,0.864,0.869,308748319.0,308748319.0,1.043,588080.0,2023-10-26 11:07:59,0.8590898561307628,0.0011634671320535,0.0034904013961605,0.001,-0.001,0.002,51542700.0,34765791.0,-16776909.0,0.8569383811868606,0.8609631922944023,86308491.0,16776909.0,4.862344118450324e-05,-0.01,-0.001,0.8594999999999999,0.86,0.86,0.859,0.859,220471.0,220471.0,1.0,-36009705.65598184,7.0,13.0,2.0,3.0,0.00035,0.7384826499999999,0.001,11023.55,8687990603.0,14095.0,896300.0,182500.0,713800.0,4176500.0,-297900.0,4474400.0,-1921300.0,2000.0,-1923300.0,-1238400.0,522000.0,-1760400.0,113900.0,0.0,113900.0,0.1001487415043792,0.0862129133370082
1109.0,20231026.0,2.0231026110859e+16,0.86,0.859,18567249.0,1809500.0,0.861,0.858,7160742.0,11048200.0,0.862,0.857,4465300.0,20353000.0,0.863,0.856,2046600.0,15074500.0,0.864,0.855,2541500.0,4137100.0,0.695,0.869,0.859,0.859,0.864,0.869,309429976.0,309429976.0,1.043,588080.0,2023-10-26 11:08:59,0.859088802193127,0.0011634671320535,0.0034904013961605,0.001,-0.001,0.002,52422300.0,34781391.0,-17640909.0,0.8568343929968735,0.8609314504414157,87203691.0,17640909.0,-1.2268079698507517e-06,-0.01,0.0,0.8594999999999999,0.859,0.86,0.859,0.859,681657.0,681657.0,1.0,-198872.2635839507,6.0,14.0,4.0,4.0,0.0002999999999998,0.7383966999999999,0.001,33867.85,95186842557.0,42885.5,-7000.0,168100.0,-175100.0,-3717500.0,323000.0,-4040500.0,2995100.0,10000.0,2985100.0,1444000.0,-510000.0,1954000.0,165000.0,24500.0,140500.0,0.0763332480520273,0.0573116824946708
1110.0,20231026.0,2.0231026110959e+16,0.86,0.859,18147749.0,4710500.0,0.861,0.858,6873942.0,15497700.0,0.862,0.857,4692100.0,15595100.0,0.863,0.856,2324800.0,13829500.0,0.864,0.855,2541500.0,4280400.0,0.695,0.869,0.86,0.859,0.864,0.869,310007407.0,310007407.0,1.043,588080.0,2023-10-26 11:09:59,0.8592060744022868,0.0011634671320535,0.0034904013961605,0.001,-0.001,0.002,53913200.0,34580091.0,-19333109.0,0.8570468976057811,0.8609658315242722,88493291.0,19333109.0,0.000136498351871,-0.009,0.001,0.8594999999999999,0.859,0.86,0.859,0.86,577431.0,577431.0,1.0,35881763.09811304,7.0,13.0,4.0,3.0,0.0003499999999998,0.7384826499999997,0.001,28871.55,108601698739.0,33381.25,2901000.0,-419500.0,3320500.0,4449500.0,-286800.0,4736300.0,-4757900.0,226800.0,-4984700.0,-1245000.0,278200.0,-1523200.0,143300.0,0.0,143300.0,0.0566979883083218,0.043839714581029
1111.0,20231026.0,2.0231026111059e+16,0.86,0.859,9902649.0,6366100.0,0.861,0.858,13573942.0,22660200.0,0.862,0.857,5212100.0,15464600.0,0.863,0.856,3447500.0,7471900.0,0.864,0.855,2543500.0,4246800.0,0.695,0.869,0.86,0.859,0.864,0.869,310864561.0,310864561.0,1.043,588080.0,2023-10-26 11:10:59,0.8593913085142564,0.0011634671320535,0.0034904013961605,0.001,-0.001,0.002,56209600.0,34679691.0,-21529909.0,0.8573456153397283,0.8612835939628182,90889291.0,21529909.0,0.0002155642904244,-0.009,0.0,0.8594999999999999,0.859,0.86,0.859,0.86,857154.0,857154.0,1.0,35938706.878739506,12.0,8.0,4.0,3.0,0.0004000000000001,0.7389123999999998,0.001,42857.7,143192657060.0,45813.0,1655600.0,-8245100.0,9900700.0,7162500.0,6700000.0,462500.0,-130500.0,520000.0,-650500.0,-6357600.0,1122700.0,-7480300.0,-33600.0,2000.0,-35600.0,0.0271958502487094,0.0247647963957255
1112.0,20231026.0,2.0231026111159e+16,0.86,0.859,16939800.0,6464100.0,0.861,0.858,6555942.0,22143000.0,0.862,0.857,4962100.0,15547100.0,0.863,0.856,3467500.0,7383600.0,0.864,0.855,2543500.0,4265200.0,0.695,0.869,0.86,0.859,0.864,0.869,311620475.0,311620475.0,1.043,588080.0,2023-10-26 11:11:59,0.8592761975568174,0.0011634671320535,0.0034904013961605,0.001,-0.001,0.002,55803000.0,34468842.0,-21334158.0,0.8573433005393974,0.8610750764995238,90271842.0,21334158.0,-0.0001339537254349,-0.009,0.0,0.8594999999999999,0.86,0.86,0.859,0.86,755914.0,755914.0,1.0,-79488.34799794108,18.0,2.0,2.0,2.0,0.0001000000000001,0.7394280999999999,0.0,28292.7,195536854668.0,21816.25,98000.0,7037151.0,-6939151.0,-517200.0,-7018000.0,6500800.0,82500.0,-250000.0,332500.0,-88300.0,20000.0,-108300.0,18400.0,0.0,18400.0,0.0294845509461,0.0280040878100384
1113.0,20231026.0,2.0231026111259e+16,0.86,0.859,18156300.0,2955600.0,0.861,0.858,6874142.0,11388400.0,0.862,0.857,4972100.0,18322100.0,0.863,0.856,2407500.0,16434100.0,0.864,0.855,2559300.0,4275700.0,0.695,0.869,0.859,0.859,0.864,0.869,311959549.0,311959549.0,1.043,588080.0,2023-10-26 11:12:59,0.859139996873801,0.0011634671320535,0.0034904013961605,0.001,-0.001,0.002,53375900.0,34969342.0,-18406558.0,0.8568560043015668,0.8609802312551377,88345242.0,18406558.0,-0.0001585188544462,-0.01,-0.001,0.8594999999999999,0.86,0.86,0.859,0.859,339074.0,339074.0,1.0,-36373377.04821728,9.0,11.0,2.0,3.0,0.00045,0.7386545499999999,0.001,16953.7,50611329492.0,10117.5,-3508500.0,1216500.0,-4725000.0,-10754600.0,318200.0,-11072800.0,2775000.0,10000.0,2765000.0,9050500.0,-1060000.0,10110500.0,10500.0,15800.0,-5300.0,0.0303949927361266,0.0288450326349114
1114.0,20231026.0,2.0231026111359e+16,0.86,0.859,17722600.0,2260600.0,0.861,0.858,7109142.0,15774900.0,0.862,0.857,4732100.0,15949900.0,0.863,0.856,2149800.0,15254300.0,0.864,0.855,3097000.0,4240300.0,0.695,0.869,0.86,0.859,0.864,0.869,313432617.0,313432617.0,1.043,588080.0,2023-10-26 11:13:59,0.8591131250250209,0.0011634671320535,0.0034904013961605,0.001,-0.001,0.002,53480000.0,34810642.0,-18669358.0,0.8569356993268511,0.8610172389811139,88290642.0,18669358.0,-3.127810267283815e-05,-0.009,0.001,0.8594999999999999,0.859,0.86,0.859,0.86,1473068.0,1473068.0,1.0,36281092.39475327,11.0,9.0,4.0,3.0,0.00045,0.7388264500000001,0.001,73481.4,422652691432.0,104644.0,-695000.0,-433700.0,-261300.0,4386500.0,235000.0,4151500.0,-2372200.0,-240000.0,-2132200.0,-1179800.0,-257700.0,-922100.0,-35400.0,537700.0,-573100.0,0.0306074286049162,0.0288080217156412
1115.0,20231026.0,2.0231026111459e+16,0.86,0.859,18551700.0,3718900.0,0.861,0.858,7369142.0,12186300.0,0.862,0.857,4500000.0,19403400.0,0.863,0.856,2121600.0,15411700.0,0.864,0.855,3097000.0,4250300.0,0.695,0.869,0.859,0.859,0.864,0.869,313686885.0,313686885.0,1.043,588080.0,2023-10-26 11:14:59,0.8591669869693676,0.0011634671320535,0.0034904013961605,0.001,-0.001,0.002,54970600.0,35639442.0,-19331158.0,0.8569219910279313,0.8609854795706399,90610042.0,19331158.0,6.269285663998425e-05,-0.01,-0.001,0.8594999999999999,0.86,0.86,0.859,0.859,254268.0,254268.0,1.0,-36537955.56149664,7.0,13.0,1.0,2.0,0.0003499999999998,0.7384826499999998,0.001,12713.4,24763240792.0,1290.0,1458300.0,829100.0,629200.0,-3588600.0,260000.0,-3848600.0,3453500.0,-232100.0,3685600.0,157400.0,-28200.0,185600.0,10000.0,0.0,10000.0,0.0295578659856231,0.0279730633932483
1116.0,20231026.0,2.0231026111559e+16,0.861,0.86,16604542.0,1399300.0,0.862,0.859,6402400.0,16741100.0,0.863,0.858,4905900.0,21788600.0,0.864,0.857,3657000.0,5682300.0,0.865,0.856,2053900.0,7360000.0,0.695,0.869,0.861,0.859,0.864,0.869,317224471.0,317224471.0,1.043,588080.0,2023-10-26 11:15:59,0.8600777222994959,0.0011621150493898,0.0034863451481696,0.001,-0.001,0.002,52971300.0,33623742.0,-19347558.0,0.8579837157102053,0.8620528512858563,86595042.0,19347558.0,0.0010594599016726,-0.008,0.002,0.8605,0.859,0.861,0.859,0.861,3537586.0,3537586.0,1.0,73286585.9921554,14.0,6.0,4.0,2.0,0.0005,0.7394284999999997,0.001,176879.3,5058398518654.0,21458.5,1399300.0,-16604542.0,18003842.0,16741100.0,-6402400.0,23143500.0,21788600.0,-4905900.0,26694500.0,5682300.0,-3657000.0,9339300.0,7360000.0,-2053900.0,9413900.0,0.0874567861885472,0.0798388278221964
1117.0,20231026.0,2.0231026111659e+16,0.861,0.86,17532442.0,1269800.0,0.862,0.859,5521700.0,16863400.0,0.863,0.858,4674100.0,25480500.0,0.864,0.857,4138500.0,5985900.0,0.865,0.856,2053900.0,7373200.0,0.695,0.869,0.86,0.859,0.864,0.869,319556763.0,319556763.0,1.043,588080.0,2023-10-26 11:16:59,0.8600675344993433,0.0011621150493898,0.0034863451481696,0.001,-0.001,0.002,56972800.0,33920642.0,-23052158.0,0.8579766678134128,0.8620465898611235,90893442.0,23052158.0,-1.184527889427911e-05,-0.009,-0.001,0.8605,0.861,0.861,0.859,0.86,2332292.0,2332292.0,1.0,-37015440.21658504,5.0,15.0,1.0,2.0,0.0001999999999998,0.7399442999999997,0.0002499999999999,116614.6,1464260388374.0,60734.75,-129500.0,927900.0,-1057400.0,122300.0,-880700.0,1003000.0,3691900.0,-231800.0,3923700.0,303600.0,481500.0,-177900.0,13200.0,0.0,13200.0,0.0895362772813167,0.0843822710582742
1118.0,20231026.0,2.0231026111759e+16,0.86,0.859,722900.0,8173200.0,0.861,0.858,15445842.0,23613800.0,0.862,0.857,5891400.0,15242200.0,0.863,0.856,2735300.0,7587500.0,0.864,0.855,3397000.0,4351300.0,0.695,0.869,0.86,0.859,0.864,0.869,322051087.0,322051087.0,1.043,588080.0,2023-10-26 11:17:59,0.8599187396724407,0.0011634671320535,0.0034904013961605,0.001,-0.001,0.002,58968000.0,28192442.0,-30775558.0,0.8574014058472391,0.8617388540517349,87160442.0,30775558.0,-0.0001730186217275,-0.009,0.0,0.8594999999999999,0.86,0.861,0.86,0.86,2494324.0,2494324.0,1.0,-161635.25727249682,3.0,17.0,2.0,2.0,0.0001500000000002,0.7398581499999997,0.0,124415.2,1435144258766.0,38485.0,-8173200.0,722900.0,-8896100.0,-23613800.0,15445842.0,-39059642.0,-15242200.0,5891400.0,-21133600.0,-7587500.0,2735300.0,-10322800.0,-4351300.0,3397000.0,-7748300.0,0.0970636929037975,0.0970575354379666
1119.0,20231026.0,2.0231026111859e+16,0.86,0.859,15338600.0,5415100.0,0.861,0.858,6525842.0,14534400.0,0.862,0.857,5411400.0,19343900.0,0.863,0.856,1935300.0,14387500.0,0.864,0.855,3097000.0,4363100.0,0.695,0.869,0.86,0.859,0.864,0.869,322334256.0,322334256.0,1.043,588080.0,2023-10-26 11:18:59,0.8592609221488215,0.0011634671320535,0.0034904013961605,0.001,-0.001,0.002,58044000.0,32308142.0,-25735858.0,0.8570387792019847,0.8611001109875028,90352142.0,25735858.0,-0.00076526912263,-0.009,0.0,0.8594999999999999,0.86,0.86,0.859,0.86,283169.0,283169.0,1.0,-43596.28272463381,18.0,2.0,1.0,1.0,0.0001000000000001,0.7394281,0.0,13986.45,22893275269.0,15193.0,-2758100.0,14615700.0,-17373800.0,-9079400.0,-8920000.0,-159400.0,4101700.0,-480000.0,4581700.0,6800000.0,-800000.0,7600000.0,11800.0,-300000.0,311800.0,0.1063016860769104,0.1046215977106123
1120.0,20231026.0,2.0231026111959e+16,0.86,0.859,15249200.0,5416200.0,0.861,0.858,6483642.0,14951900.0,0.862,0.857,4929300.0,19650400.0,0.863,0.856,2222100.0,13627500.0,0.864,0.855,3097000.0,4446700.0,0.695,0.869,0.859,0.859,0.864,0.869,322566450.0,322566450.0,1.043,588080.0,2023-10-26 11:19:59,0.8592620902571446,0.0011634671320535,0.0034904013961605,0.001,-0.001,0.002,58092700.0,31981242.0,-26111458.0,0.8570561757329234,0.8611067907243878,90073942.0,26111458.0,1.3594328555632806e-06,-0.01,-0.001,0.8594999999999999,0.86,0.86,0.859,0.859,232194.0,232194.0,1.0,-37581594.58754098,8.0,12.0,1.0,2.0,0.0004000000000001,0.7385685999999998,0.001,11609.7,8677136556.0,22765.0,1100.0,-89400.0,90500.0,417500.0,-42200.0,459700.0,306500.0,-482100.0,788600.0,-760000.0,286800.0,-1046800.0,83600.0,0.0,83600.0,0.1060801848646135,0.1046124123226765
1121.0,20231026.0,2.0231026112059e+16,0.86,0.859,16067700.0,5645500.0,0.861,0.858,6539342.0,13624700.0,0.862,0.857,5411400.0,18976100.0,0.863,0.856,1690300.0,14420000.0,0.864,0.855,3097000.0,4497200.0,0.695,0.869,0.86,0.859,0.864,0.869,323413562.0,323413562.0,1.043,588080.0,2023-10-26 11:20:59,0.8592600031317355,0.0011634671320535,0.0034904013961605,0.001,-0.001,0.002,57163500.0,32805742.0,-24357758.0,0.8570262632623964,0.8610614313189441,89969242.0,24357758.0,-2.4289771044516684e-06,-0.009,0.001,0.8594999999999999,0.859,0.86,0.859,0.86,847112.0,847112.0,1.0,37606178.13953492,4.0,16.0,1.0,0.0,0.0001999999999998,0.7382247999999999,0.0,42355.6,375413830424.0,4617.5,229300.0,818500.0,-589200.0,-1327200.0,55700.0,-1382900.0,-674300.0,482100.0,-1156400.0,792500.0,-531800.0,1324300.0,50500.0,0.0,50500.0,0.0679821604244356,0.0718084096666377
1122.0,20231026.0,2.0231026112159e+16,0.86,0.859,14594100.0,6012352.0,0.861,0.858,6229342.0,17976100.0,0.862,0.857,5161400.0,16226100.0,0.863,0.856,2495300.0,13817000.0,0.864,0.855,3097000.0,4543200.0,0.695,0.869,0.86,0.859,0.864,0.869,325200960.0,325200960.0,1.043,588080.0,2023-10-26 11:21:59,0.8592917703639618,0.0011634671320535,0.0034904013961605,0.001,-0.001,0.002,58574752.0,31577142.0,-26997610.0,0.8571211683149764,0.8611535572788697,90151894.0,26997610.0,3.696977038442073e-05,-0.009,0.0,0.8594999999999999,0.86,0.86,0.859,0.86,1787398.0,1787398.0,1.0,56207.81546958536,19.0,1.0,1.0,1.0,4.999999999988347e-05,0.7395140499999999,0.0,89369.9,1039506516862.0,31733.25,366852.0,-1473600.0,1840452.0,4351400.0,-310000.0,4661400.0,-2750000.0,-250000.0,-2500000.0,-603000.0,805000.0,-1408000.0,46000.0,0.0,46000.0,0.0631014075129031,0.0650164668424013
1123.0,20231026.0,2.0231026112259e+16,0.86,0.859,17416900.0,5871351.0,0.861,0.858,6186142.0,23430300.0,0.862,0.857,4888900.0,16464100.0,0.863,0.856,2727100.0,7911300.0,0.864,0.855,3097000.0,4575800.0,0.695,0.869,0.859,0.859,0.864,0.869,325468233.0,325468233.0,1.043,588080.0,2023-10-26 11:22:59,0.8592521164427505,0.0011634671320535,0.0034904013961605,0.001,-0.001,0.002,58252851.0,34316042.0,-23936809.0,0.8573108878224689,0.8610646111809749,92568893.0,23936809.0,-4.61482788106371e-05,-0.01,-0.001,0.8594999999999999,0.859,0.86,0.859,0.859,267273.0,267273.0,1.0,-204152.3094728887,14.0,6.0,4.0,4.0,0.0003000000000001,0.7390842999999998,0.001,13320.65,25567047621.0,6340.0,-141001.0,2822800.0,-2963801.0,5454200.0,-43200.0,5497400.0,238000.0,-272500.0,510500.0,-5905700.0,231800.0,-6137500.0,32600.0,0.0,32600.0,0.0342010555561663,0.0313422237152257
1124.0,20231026.0,2.0231026112359e+16,0.86,0.859,17416000.0,6100351.0,0.861,0.858,6818142.0,13919700.0,0.862,0.857,4963000.0,19287400.0,0.863,0.856,1695300.0,14728400.0,0.864,0.855,3097000.0,4567400.0,0.695,0.869,0.86,0.859,0.864,0.869,325549803.0,325549803.0,1.043,588080.0,2023-10-26 11:23:59,0.8592594089108467,0.0011634671320535,0.0034904013961605,0.001,-0.001,0.002,58603251.0,33989442.0,-24613809.0,0.8570385166686401,0.8610067256179139,92592693.0,24613809.0,8.486958613579398e-06,-0.009,0.001,0.8594999999999999,0.859,0.86,0.859,0.86,81570.0,81570.0,1.0,37809064.76405776,13.0,7.0,2.0,1.0,0.00035,0.73899835,0.001,4078.5,2741926012.0,0.0,229000.0,-900.0,229900.0,-9510600.0,632000.0,-10142600.0,2823300.0,74100.0,2749200.0,6817100.0,-1031800.0,7848900.0,-8400.0,0.0,-8400.0,0.0205956218133035,0.0185405543618228
1125.0,20231026.0,2.0231026112459e+16,0.861,0.86,19798142.0,295400.0,0.862,0.859,5500900.0,14260552.0,0.863,0.858,3727100.0,23641900.0,0.864,0.857,3133700.0,9017600.0,0.865,0.856,2063900.0,7576000.0,0.695,0.869,0.86,0.859,0.864,0.869,327992226.0,327992226.0,1.043,588080.0,2023-10-26 11:24:59,0.8600147012408265,0.0011621150493898,0.0034863451481696,0.001,-0.001,0.002,54791452.0,34223742.0,-20567710.0,0.857829932450047,0.861894460927154,89015194.0,20567710.0,0.0008786177539794,-0.009,0.0,0.8605,0.859,0.86,0.859,0.86,2442423.0,2442423.0,1.0,37996248.40755885,13.0,7.0,4.0,3.0,0.00035,0.73899835,0.001,119498.15,4007867781823.0,21088.75,295400.0,-19798142.0,20093542.0,14260552.0,-5500900.0,19761452.0,23641900.0,-3727100.0,27369000.0,9017600.0,-3133700.0,12151300.0,7576000.0,-2063900.0,9639900.0,0.0936830433172107,0.0689248182905869
1126.0,20231026.0,2.0231026112559e+16,0.86,0.859,9501800.0,9724352.0,0.861,0.858,12597542.0,23546400.0,0.862,0.857,5573000.0,16009200.0,0.863,0.856,2495300.0,8388700.0,0.864,0.855,3133700.0,4544800.0,0.695,0.869,0.86,0.859,0.864,0.869,328395480.0,328395480.0,1.043,588080.0,2023-10-26 11:25:59,0.8595057877416136,0.0011634671320535,0.0034904013961605,0.001,-0.001,0.002,62213452.0,33301342.0,-28912110.0,0.8574101493034014,0.8613141885393087,95514794.0,28912110.0,-0.000591924920154,-0.009,0.0,0.8594999999999999,0.86,0.86,0.86,0.86,403254.0,403254.0,1.0,0.0,0.0,20.0,0.0,0.0,1.1102230246251563e-16,0.7395999999999997,0.0,20162.7,61911657140.0,15093.0,-9724352.0,9501800.0,-19226152.0,-23546400.0,12597542.0,-36143942.0,-16009200.0,5573000.0,-21582200.0,-8388700.0,2495300.0,-10884000.0,-4544800.0,3133700.0,-7678500.0,0.1065708942365476,0.0808158874320285
1127.0,20231026.0,2.0231026112659e+16,0.86,0.859,12317900.0,7758952.0,0.861,0.858,9877542.0,23818800.0,0.862,0.857,4820900.0,16174000.0,0.863,0.856,2986700.0,9064000.0,0.864,0.855,3133700.0,4455000.0,0.695,0.869,0.859,0.859,0.864,0.869,328633595.0,328633595.0,1.043,588080.0,2023-10-26 11:26:59,0.8593864625788944,0.0011634671320535,0.0034904013961605,0.001,-0.001,0.002,61270752.0,33136742.0,-28134010.0,0.857348660711721,0.8612377270523457,94407494.0,28134010.0,-0.0001388396077632,-0.01,-0.001,0.8594999999999999,0.859,0.86,0.859,0.859,238115.0,238115.0,1.0,-154816.96050030738,12.0,8.0,3.0,3.0,0.0003999999999999,0.7389123999999998,0.001,11905.75,13014370315.0,10183.5,-1965400.0,2816100.0,-4781500.0,272400.0,-2720000.0,2992400.0,164800.0,-752100.0,916900.0,675300.0,491400.0,183900.0,-89800.0,0.0,-89800.0,0.1118668071894949,0.084318536152682
1128.0,20231026.0,2.0231026112759e+16,0.86,0.859,16494700.0,7323052.0,0.861,0.858,5977042.0,17521100.0,0.862,0.857,5293000.0,16301700.0,0.863,0.856,2504900.0,15578600.0,0.864,0.855,3133700.0,4455000.0,0.695,0.869,0.86,0.859,0.864,0.869,329743854.0,329743854.0,1.043,588080.0,2023-10-26 11:27:59,0.8593074619300763,0.0011634671320535,0.0034904013961605,0.001,-0.001,0.002,61179452.0,33403342.0,-27776110.0,0.8571255095256491,0.8610960742191605,94582794.0,27776110.0,-9.193102709811884e-05,-0.009,0.001,0.8594999999999999,0.859,0.86,0.859,0.86,1110259.0,1110259.0,1.0,38126264.17237461,12.0,8.0,3.0,2.0,0.0004000000000001,0.7389123999999998,0.001,54523.95,836785832637.0,21256.25,-435900.0,4176800.0,-4612700.0,-6297700.0,-3900500.0,-2397200.0,127700.0,472100.0,-344400.0,6514600.0,-481800.0,6996400.0,0.0,0.0,0.0,0.111114451107008,0.084653982795052
0.0,0.0,0.0,0.0,0.0,0.0,0.0,0.0,0.0,0.0,0.0,0.0,0.0,0.0,0.0,0.0,0.0,0.0,0.0,0.0,0.0,0.0,0.0,0.0,0.0,0.0,0.0,0.0,0.0,0.0,0.0,0.0,0.0,0.0,0.0,0.0,0.0,0.0,0.0,0.0,0.0,0.0,0.0,0.0,0.0,0.0,0.0,0.0,0.0,0.0,0.0,0.0,0.0,0.0,0.0,0.0,0.0,0.0,0.0,0.0,0.0,0.0,0.0,0.0,0.0,0.0,0.0,0.0,0.0,0.0,0.0,0.0,0.0,0.0,0.0,0.0,0.0,0.0,0.0,0.0,0.0,0.0,0.0,0.0,0.0,0.0
1130.0,20231026.0,2.0231026112959e+16,0.86,0.859,1556100.0,7529752.0,0.861,0.858,3370042.0,10641600.0,0.862,0.857,2948600.0,7126300.0,0.863,0.856,1969900.0,8045700.0,0.864,0.855,3133700.0,4674500.0,0.695,0.869,0.86,0.859,0.864,0.869,333556757.0,333556757.0,1.043,588080.0,2023-10-26 11:29:59,0.8598287337279982,0.0011634671320535,0.0034904013961605,0.001,-0.001,0.002,38017852.0,12978342.0,-25039510.0,0.8572184869360846,0.8621352297543091,50996194.0,25039510.0,0.0005498284523019,-0.009,0.0,0.8594999999999999,0.86,0.86,0.86,0.86,1898192.0,1898192.0,1.0,0.0,0.0,20.0,0.0,0.0,1.1102230246251563e-16,0.7395999999999997,0.0,93404.6,1735905515616.0,26423.5,-269900.0,-12546900.0,12277000.0,-13224400.0,-3607000.0,-9617400.0,-8905000.0,-1844600.0,-7060400.0,-259000.0,-1810000.0,1551000.0,36300.0,0.0,36300.0,0.072918525239766,0.0600141584134269
1301.0,20231026.0,2.0231026130059e+16,0.86,0.859,13554000.0,6755283.0,0.861,0.858,5324642.0,17181100.0,0.862,0.857,4128900.0,15240300.0,0.863,0.856,2059200.0,15819700.0,0.864,0.855,3357100.0,6095800.0,0.695,0.869,0.86,0.859,0.864,0.869,337333171.0,337333171.0,1.043,588080.0,2023-10-26 13:00:59,0.8593326204573544,0.0011634671320535,0.0034904013961605,0.001,-0.001,0.002,61092183.0,28423842.0,-32668341.0,0.8570438741237975,0.8611676268816861,89516025.0,32668341.0,-0.0005771573252361,-0.009,0.0,0.8594999999999999,0.86,0.86,0.86,0.86,3776414.0,3776414.0,1.0,0.0,0.0,59.0,0.0,0.0,2.220446049250313e-16,0.7396,0.0,64007.01694915255,3645935095940.0,0.0,-774469.0,11997900.0,-12772369.0,6539500.0,1954600.0,4584900.0,8114000.0,1180300.0,6933700.0,7774000.0,89300.0,7684700.0,1421300.0,223400.0,1197900.0,0.0606376608414171,0.0520578869008212
1302.0,20231026.0,2.0231026130159e+16,0.861,0.86,15230942.0,2440773.0,0.862,0.859,5816800.0,10420983.0,0.863,0.858,4803500.0,25871800.0,0.864,0.857,4056200.0,12382300.0,0.865,0.856,2172100.0,9349700.0,0.695,0.869,0.86,0.859,0.864,0.869,338014247.0,338014247.0,1.043,588080.0,2023-10-26 13:01:59,0.8601381174945385,0.0011621150493898,0.0034863451481696,0.001,-0.001,0.002,60465556.0,32079542.0,-28386014.0,0.8577390386850987,0.8621309637774754,92545098.0,28386014.0,0.0009369128282648,-0.009,0.0,0.8605,0.86,0.861,0.859,0.86,681076.0,681076.0,1.0,-146052.48494556546,5.0,5.0,4.0,4.0,0.0005,0.7396005,0.0004999999999999,34053.8,161435422668.0,15652.25,2440773.0,-15230942.0,17671715.0,10420983.0,-5816800.0,16237783.0,25871800.0,-4803500.0,30675300.0,12382300.0,-4056200.0,16438500.0,9349700.0,-2172100.0,11521800.0,0.0738309929821721,0.0738309929821721
1303.0,20231026.0,2.0231026130259e+16,0.861,0.86,15308342.0,1512200.0,0.862,0.859,6306800.0,10184383.0,0.863,0.858,4444300.0,24665700.0,0.864,0.857,3549200.0,15229400.0,0.865,0.856,2183400.0,9362000.0,0.695,0.869,0.86,0.859,0.864,0.869,339450264.0,339450264.0,1.043,588080.0,2023-10-26 13:02:59,0.8600899019781882,0.0011621150493898,0.0034863451481696,0.001,-0.001,0.002,60953683.0,31792042.0,-29161641.0,0.8576596658974651,0.8620875866356744,92745725.0,29161641.0,-5.60571224478279e-05,-0.009,0.0,0.8605,0.861,0.861,0.86,0.86,1436017.0,1436017.0,1.0,-39524250.790049456,12.0,8.0,2.0,3.0,0.0003999999999999,0.7406326,0.001,71800.85,343967719669.0,101353.0,-928573.0,77400.0,-1005973.0,-236600.0,490000.0,-726600.0,-1206100.0,-359200.0,-846900.0,2847100.0,-507000.0,3354100.0,12300.0,11300.0,1000.0,0.0737657261102165,0.0737657261102165
1304.0,20231026.0,2.0231026130359e+16,0.86,0.859,14265800.0,7039183.0,0.861,0.858,5753042.0,17193800.0,0.862,0.857,4808500.0,16152500.0,0.863,0.856,2730000.0,15953200.0,0.864,0.855,3809200.0,6370900.0,0.695,0.869,0.86,0.859,0.864,0.869,340811187.0,340811187.0,1.043,588080.0,2023-10-26 13:03:59,0.8593304007799489,0.0011634671320535,0.0034904013961605,0.001,-0.001,0.002,62709583.0,31366542.0,-31343041.0,0.8570410968447996,0.8612368861699833,94076125.0,31343041.0,-0.0008834387338778,-0.009,0.0,0.8594999999999999,0.86,0.86,0.859,0.86,1360923.0,1360923.0,1.0,-46100.03384140134,19.0,1.0,1.0,1.0,4.999999999988347e-05,0.7395140499999997,0.0,67917.15,1337501099165.0,8600.0,-7039183.0,14265800.0,-21304983.0,-17193800.0,5753042.0,-22946842.0,-16152500.0,4808500.0,-20961000.0,-15953200.0,2730000.0,-18683200.0,-6370900.0,3809200.0,-10180100.0,0.1108067374857313,0.0932194600365213
1305.0,20231026.0,2.0231026130459e+16,0.86,0.859,15480900.0,8875483.0,0.861,0.858,5441442.0,12533800.0,0.862,0.857,4978500.0,19083000.0,0.863,0.856,2241500.0,17672200.0,0.864,0.855,3549200.0,6154900.0,0.695,0.869,0.86,0.859,0.864,0.869,340886804.0,340886804.0,1.043,588080.0,2023-10-26 13:04:59,0.8593644006993978,0.0011634671320535,0.0034904013961605,0.001,-0.001,0.002,64319383.0,31691542.0,-32627841.0,0.8570047072279907,0.8611460389652229,96010925.0,32627841.0,3.956481328043493e-05,-0.009,0.0,0.8594999999999999,0.86,0.86,0.859,0.86,75617.0,75617.0,1.0,-137248.2946638912,14.0,6.0,3.0,3.0,0.0003,0.7390842999999998,0.001,3780.85,1256221383.0,4771.25,1836300.0,1215100.0,621200.0,-4660000.0,-311600.0,-4348400.0,2930500.0,170000.0,2760500.0,1719000.0,-488500.0,2207500.0,-216000.0,-260000.0,44000.0,0.1075856363060525,0.0905936548314994
1306.0,20231026.0,2.0231026130559e+16,0.86,0.859,18124100.0,11874383.0,0.861,0.858,5871442.0,14593000.0,0.862,0.857,4986400.0,19326300.0,0.863,0.856,2735300.0,15948500.0,0.864,0.855,3549200.0,6164900.0,0.695,0.869,0.86,0.859,0.864,0.869,341958849.0,341958849.0,1.043,588080.0,2023-10-26 13:05:59,0.8593958327826111,0.0011634671320535,0.0034904013961605,0.001,-0.001,0.002,67907083.0,35266442.0,-32640641.0,0.8571481946441434,0.86108451377091,103173525.0,32640641.0,3.657529724565567e-05,-0.009,0.0,0.8594999999999999,0.86,0.86,0.859,0.86,1072045.0,1072045.0,1.0,-42551.87454313785,11.0,9.0,2.0,2.0,0.00045,0.7388264499999998,0.001,53602.25,274430629745.0,56776.5,2998900.0,2643200.0,355700.0,2059200.0,430000.0,1629200.0,243300.0,7900.0,235400.0,-1723700.0,493800.0,-2217500.0,10000.0,0.0,10000.0,0.1193306950443248,0.0965925758363714
1307.0,20231026.0,2.0231026130659e+16,0.86,0.859,17810500.0,12564483.0,0.861,0.858,5887642.0,17468700.0,0.862,0.857,4968500.0,16472100.0,0.863,0.856,2753500.0,15986400.0,0.864,0.855,3549200.0,6171200.0,0.695,0.869,0.86,0.859,0.864,0.869,342793339.0,342793339.0,1.043,588080.0,2023-10-26 13:06:59,0.8594136457623696,0.0011634671320535,0.0034904013961605,0.001,-0.001,0.002,68662883.0,34969342.0,-33693541.0,0.8572078104701779,0.8610947286912062,103632225.0,33693541.0,2.0727113716145773e-05,-0.009,0.0,0.8594999999999999,0.86,0.86,0.859,0.86,834490.0,834490.0,1.0,-212469.1809026152,9.0,11.0,5.0,5.0,0.00045,0.7386545499999998,0.001,41724.5,177822791132.0,21797.25,690100.0,-313600.0,1003700.0,2875700.0,16200.0,2859500.0,-2854200.0,-17900.0,-2836300.0,37900.0,18200.0,19700.0,6300.0,0.0,6300.0,0.0830221794303576,0.0702414851967859
1308.0,20231026.0,2.0231026130759e+16,0.86,0.859,17888700.0,10531774.0,0.861,0.858,6097642.0,14318000.0,0.862,0.857,5077900.0,19729600.0,0.863,0.856,2203800.0,16780200.0,0.864,0.855,3499500.0,6384600.0,0.695,0.869,0.859,0.859,0.864,0.869,343160827.0,343160827.0,1.043,588080.0,2023-10-26 13:07:59,0.8593705699630484,0.0011634671320535,0.0034904013961605,0.001,-0.001,0.002,67744174.0,34767542.0,-32976632.0,0.8570860907684844,0.8610602659802641,102511716.0,32976632.0,-5.012356866682111e-05,-0.01,-0.001,0.8594999999999999,0.86,0.86,0.859,0.859,367488.0,367488.0,1.0,-40028217.62325045,11.0,9.0,2.0,3.0,0.00045,0.7388264500000001,0.001,18374.4,40751000890.0,15931.5,-2032709.0,78200.0,-2110909.0,-3150700.0,210000.0,-3360700.0,3257500.0,109400.0,3148100.0,793800.0,-549700.0,1343500.0,213400.0,-49700.0,263100.0,0.0867250715164823,0.069828625659255
1309.0,20231026.0,2.0231026130859e+16,0.86,0.859,18451900.0,11579674.0,0.861,0.858,6097642.0,13781700.0,0.862,0.857,4845800.0,19516500.0,0.863,0.856,2685600.0,17588900.0,0.864,0.855,3499500.0,6879700.0,0.695,0.869,0.859,0.859,0.864,0.869,343347832.0,343347832.0,1.043,588080.0,2023-10-26 13:08:59,0.8593855833197421,0.0011634671320535,0.0034904013961605,0.001,-0.001,0.002,69346474.0,35580442.0,-33766032.0,0.8570806493492372,0.8610636192209192,104926916.0,33766032.0,1.7470025245214238e-05,-0.01,0.0,0.8594999999999999,0.859,0.86,0.859,0.859,187005.0,187005.0,1.0,-199393.0730703548,13.0,7.0,4.0,4.0,0.00035,0.7389983499999999,0.001,9350.25,6160796207.0,7565.5,1047900.0,563200.0,484700.0,-536300.0,0.0,-536300.0,-213100.0,-232100.0,19000.0,808700.0,481800.0,326900.0,495100.0,0.0,495100.0,0.0157408681095869,0.0150079585532447
1310.0,20231026.0,2.0231026130959e+16,0.86,0.859,17222400.0,3018600.0,0.861,0.858,5817142.0,13569400.0,0.862,0.857,4845800.0,19846700.0,0.863,0.856,2158900.0,17834700.0,0.864,0.855,3499500.0,6890200.0,0.695,0.869,0.86,0.859,0.864,0.869,349693049.0,349693049.0,1.043,588080.0,2023-10-26 13:09:59,0.8591491329479769,0.0011634671320535,0.0034904013961605,0.001,-0.001,0.002,61159600.0,33543742.0,-27615858.0,0.8568036530650952,0.8610727318973537,94703342.0,27615858.0,-0.0002751767200499,-0.009,0.001,0.8594999999999999,0.859,0.86,0.859,0.86,6345217.0,6345217.0,1.0,40605208.69033764,11.0,9.0,2.0,1.0,0.0004500000000001,0.73882645,0.001,317260.85,36210272764285.0,6361.0,-8561074.0,-1229500.0,-7331574.0,-212300.0,-280500.0,68200.0,330200.0,0.0,330200.0,245800.0,-526700.0,772500.0,10500.0,0.0,10500.0,0.0227528042677483,0.0215875569053707
1311.0,20231026.0,2.0231026131059e+16,0.859,0.858,5452800.0,13927200.0,0.86,0.857,12484000.0,20329900.0,0.861,0.856,5835042.0,19072700.0,0.862,0.855,3644300.0,6943200.0,0.863,0.854,1927100.0,2021500.0,0.695,0.869,0.858,0.858,0.864,0.869,354099423.0,354099423.0,1.043,588080.0,2023-10-26 13:10:59,0.8587186377708977,0.0011648223645894,0.0034944670937682,0.001,-0.001,0.002,62294500.0,29343242.0,-32951258.0,0.8565971329732158,0.8604584408907509,91637742.0,32951258.0,-0.0005011971158998,-0.011,-0.002,0.8585,0.86,0.86,0.858,0.858,4406374.0,4406374.0,1.0,-82113018.67181468,3.0,3.0,1.0,3.0,0.0,0.7378812999999999,0.0,209924.7,7345213272472.0,88670.0,-13927200.0,5452800.0,-19380000.0,-20329900.0,12484000.0,-32813900.0,-19072700.0,5835042.0,-24907742.0,-6943200.0,3644300.0,-10587500.0,-2021500.0,1927100.0,-3948600.0,0.0713117828948107,0.056372683370947
1312.0,20231026.0,2.0231026131159e+16,0.859,0.858,18808000.0,14083200.0,0.86,0.857,6769100.0,21562100.0,0.861,0.856,5617142.0,20080800.0,0.862,0.855,3362200.0,7772100.0,0.863,0.854,1927100.0,2073000.0,0.695,0.869,0.859,0.858,0.864,0.869,354567146.0,354567146.0,1.043,588080.0,2023-10-26 13:11:59,0.85842817531741,0.0011648223645894,0.0034944670937682,0.001,-0.001,0.002,65571200.0,36483542.0,-29087658.0,0.8565766312039431,0.8599812200800021,102054742.0,29087658.0,-0.0003383082378794,-0.01,0.001,0.8585,0.858,0.859,0.858,0.859,467723.0,467723.0,1.0,41127715.64064578,10.0,10.0,4.0,3.0,0.0005,0.7370224999999999,0.001,23300.65,98833604825.0,20464.25,156000.0,13355200.0,-13199200.0,1232200.0,-5714900.0,6947100.0,1008100.0,-217900.0,1226000.0,828900.0,-282100.0,1111000.0,51500.0,0.0,51500.0,0.0749299776269697,0.0594111381830383
1313.0,20231026.0,2.0231026131259e+16,0.859,0.858,15018300.0,14970600.0,0.86,0.857,7727500.0,21627200.0,0.861,0.856,5358742.0,20198000.0,0.862,0.855,3392200.0,7873200.0,0.863,0.854,1947100.0,2283000.0,0.695,0.869,0.859,0.858,0.864,0.869,354876524.0,354876524.0,1.043,588080.0,2023-10-26 13:12:59,0.8584992047057411,0.0011648223645894,0.0034944670937682,0.001,-0.001,0.002,66952000.0,33443842.0,-33508158.0,0.8565844366113036,0.8600886902288319,100395842.0,33508158.0,8.274011958583904e-05,-0.01,0.0,0.8585,0.859,0.859,0.858,0.859,309378.0,309378.0,1.0,-90910.3327987492,15.0,5.0,2.0,2.0,0.0002499999999999,0.7374517499999999,0.0002499999999999,15468.9,17362909272.0,20921.25,887400.0,-3789700.0,4677100.0,65100.0,958400.0,-893300.0,117200.0,-258400.0,375600.0,101100.0,30000.0,71100.0,210000.0,20000.0,190000.0,0.0779411579851065,0.0637387300140272
1314.0,20231026.0,2.0231026131359e+16,0.859,0.858,17738900.0,14972400.0,0.86,0.857,7729800.0,20982900.0,0.861,0.856,5348742.0,20399800.0,0.862,0.855,3401200.0,7908000.0,0.863,0.854,2247100.0,2338000.0,0.695,0.869,0.858,0.858,0.864,0.869,355549562.0,355549562.0,1.043,588080.0,2023-10-26 13:13:59,0.8584577133895626,0.0011648223645894,0.0034944670937682,0.001,-0.001,0.002,66601100.0,36465742.0,-30135358.0,0.8565757217223139,0.8600316335809101,103066842.0,30135358.0,-4.833122572778237e-05,-0.011,-0.001,0.8585,0.859,0.859,0.858,0.858,673038.0,673038.0,1.0,-41463626.12418629,16.0,4.0,1.0,2.0,0.0002,0.7375375999999999,0.0,33651.9,109885056190.0,26218.25,1800.0,2720600.0,-2718800.0,-644300.0,2300.0,-646600.0,201800.0,-10000.0,211800.0,34800.0,9000.0,25800.0,55000.0,300000.0,-245000.0,0.0778704896524971,0.0638777527301632
1315.0,20231026.0,2.0231026131459e+16,0.859,0.858,17913300.0,14918700.0,0.86,0.857,7479800.0,20890900.0,0.861,0.856,5116442.0,20921600.0,0.862,0.855,3633300.0,7734000.0,0.863,0.854,2247100.0,2166000.0,0.695,0.869,0.858,0.858,0.864,0.869,355990976.0,355990976.0,1.043,588080.0,2023-10-26 13:14:59,0.8584543951023391,0.0011648223645894,0.0034944670937682,0.001,-0.001,0.002,66631200.0,36389942.0,-30241258.0,0.8565802431893768,0.8600332795803851,103021142.0,30241258.0,-3.86541303659671e-06,-0.011,0.0,0.8585,0.859,0.859,0.858,0.858,441414.0,441414.0,1.0,-41660155.61190849,10.0,10.0,4.0,5.0,0.0005,0.7370225,0.001,21769.7,46774964226.0,17652.0,-53700.0,174400.0,-228100.0,-92000.0,-250000.0,158000.0,521800.0,-232300.0,754100.0,-174000.0,232100.0,-406100.0,-172000.0,0.0,-172000.0,0.0764642348280985,0.0628916199642566
1316.0,20231026.0,2.0231026131559e+16,0.859,0.858,11372600.0,15349800.0,0.86,0.857,13959400.0,20871100.0,0.861,0.856,5088742.0,20981500.0,0.862,0.855,3141200.0,8013600.0,0.863,0.854,2247600.0,2187000.0,0.695,0.869,0.859,0.858,0.864,0.869,356428161.0,356428161.0,1.043,588080.0,2023-10-26 13:15:59,0.8585744169685358,0.0011648223645894,0.0034944670937682,0.001,-0.001,0.002,67403000.0,35809542.0,-31593458.0,0.8565813257570138,0.8601882554655403,103212542.0,31593458.0,0.0001398018082729,-0.01,0.001,0.8585,0.858,0.859,0.858,0.859,437185.0,437185.0,1.0,41409165.2327882,15.0,5.0,2.0,1.0,0.0002499999999997,0.7374517499999997,0.0002499999999999,21859.25,63758369561.0,17382.0,431100.0,-6540700.0,6971800.0,-19800.0,6479600.0,-6499400.0,59900.0,-27700.0,87600.0,279600.0,-492100.0,771700.0,21000.0,500.0,20500.0,0.0313342203370543,0.038414984052657
1317.0,20231026.0,2.0231026131659e+16,0.86,0.859,18242800.0,1625700.0,0.861,0.858,7670442.0,16787200.0,0.862,0.857,4135800.0,22316200.0,0.863,0.856,2479400.0,18708100.0,0.864,0.855,3408500.0,7872400.0,0.695,0.869,0.859,0.858,0.864,0.869,362461245.0,362461245.0,1.043,588080.0,2023-10-26 13:16:59,0.8590818229861338,0.0011634671320535,0.0034904013961605,0.001,-0.001,0.002,67309600.0,35936942.0,-31372658.0,0.8567858507553157,0.8610299775089377,103246542.0,31372658.0,0.0005908120851596,-0.01,0.0,0.8594999999999999,0.859,0.859,0.858,0.859,6033084.0,6033084.0,1.0,-92703.9803425148,17.0,3.0,2.0,2.0,0.0001499999999999,0.7376234499999998,0.0,270519.2,20059662866500.0,85858.25,1625700.0,-18242800.0,19868500.0,16787200.0,-7670442.0,24457642.0,22316200.0,-4135800.0,26452000.0,18708100.0,-2479400.0,21187500.0,7872400.0,-3408500.0,11280900.0,0.0427506816474757,0.0433020092878434
1318.0,20231026.0,2.0231026131759e+16,0.86,0.859,18759500.0,2247612.0,0.861,0.858,8432942.0,17554200.0,0.862,0.857,4847900.0,18885800.0,0.863,0.856,2247600.0,18999400.0,0.864,0.855,3408500.0,7314100.0,0.695,0.869,0.86,0.858,0.864,0.869,362936125.0,362936125.0,1.043,588080.0,2023-10-26 13:17:59,0.8591069929079257,0.0011634671320535,0.0034904013961605,0.001,-0.001,0.002,65001112.0,37696442.0,-27304670.0,0.8568218772626536,0.861021463564121,102697554.0,27304670.0,2.929820234059965e-05,-0.009,0.001,0.8594999999999999,0.86,0.86,0.859,0.86,474880.0,474880.0,1.0,-95010.59696239978,16.0,4.0,2.0,2.0,0.0002,0.7392562,0.0,21470.5,75137545226.0,14371.25,621912.0,516700.0,105212.0,767000.0,762500.0,4500.0,-3430400.0,712100.0,-4142500.0,291300.0,-231800.0,523100.0,-558300.0,0.0,-558300.0,0.0408067114610907,0.0368519704012446
1319.0,20231026.0,2.0231026131859e+16,0.86,0.859,18881000.0,4016112.0,0.861,0.858,8052942.0,17565600.0,0.862,0.857,4664900.0,22190200.0,0.863,0.856,2268600.0,18757600.0,0.864,0.855,3428500.0,7317900.0,0.695,0.869,0.86,0.858,0.864,0.869,363266737.0,363266737.0,1.043,588080.0,2023-10-26 13:18:59,0.8591753981899551,0.0011634671320535,0.0034904013961605,0.001,-0.001,0.002,69847412.0,37295942.0,-32551470.0,0.8568883913408274,0.8610162645040579,107143354.0,32551470.0,7.962053550683579e-05,-0.009,0.0,0.8594999999999999,0.86,0.86,0.859,0.86,330612.0,330612.0,1.0,-94946.47616211323,17.0,3.0,2.0,2.0,0.0001499999999999,0.7393421499999999,0.0,16100.6,20528840310.0,22059.0,1768500.0,121500.0,1647000.0,11400.0,-380000.0,391400.0,3304400.0,-183000.0,3487400.0,-241800.0,21000.0,-262800.0,3800.0,20000.0,-16200.0,0.0394073979824189,0.0340426298131922
1320.0,20231026.0,2.0231026131959e+16,0.86,0.859,5961900.0,8687412.0,0.861,0.858,17853442.0,26739200.0,0.862,0.857,5194400.0,19029100.0,0.863,0.856,2478600.0,10347200.0,0.864,0.855,3468500.0,7224100.0,0.695,0.869,0.86,0.858,0.864,0.869,364663979.0,364663979.0,1.043,588080.0,2023-10-26 13:19:59,0.8595930252560666,0.0011634671320535,0.0034904013961605,0.001,-0.001,0.002,72027012.0,34956842.0,-37070170.0,0.8572682135974208,0.861417520552915,106983854.0,37070170.0,0.0004859608410689,-0.009,0.0,0.8594999999999999,0.86,0.86,0.86,0.86,1397242.0,1397242.0,1.0,0.0,0.0,20.0,0.0,0.0,1.1102230246251563e-16,0.7396,0.0,62165.100000000006,793877343228.0,28294.0,4671300.0,-12919100.0,17590400.0,9173600.0,9800500.0,-626900.0,-3161100.0,529500.0,-3690600.0,-8410400.0,210000.0,-8620400.0,-93800.0,40000.0,-133800.0,0.0487514217783834,0.0435587208191619
1321.0,20231026.0,2.0231026132059e+16,0.86,0.859,9776100.0,7726012.0,0.861,0.858,11793442.0,26687100.0,0.862,0.857,5226400.0,19003800.0,0.863,0.856,2723600.0,10482900.0,0.864,0.855,3488500.0,7237100.0,0.695,0.869,0.86,0.858,0.864,0.869,366787401.0,366787401.0,1.043,588080.0,2023-10-26 13:20:59,0.859441433125328,0.0011634671320535,0.0034904013961605,0.001,-0.001,0.002,71136912.0,33008042.0,-38128870.0,0.8572415345777169,0.8613442494407878,104144954.0,38128870.0,-0.0001763689266291,-0.009,0.0,0.8594999999999999,0.86,0.86,0.859,0.86,2123422.0,2123422.0,1.0,9317.920919403434,18.0,2.0,2.0,2.0,0.0001000000000001,0.7394281,0.0,100581.1,1387459704174.0,18662.0,-961400.0,3814200.0,-4775600.0,-52100.0,-6060000.0,6007900.0,-25300.0,32000.0,-57300.0,135700.0,245000.0,-109300.0,13000.0,20000.0,-7000.0,0.0584234916478456,0.0517560062617206
1322.0,20231026.0,2.0231026132159e+16,0.86,0.859,1905200.0,10037912.0,0.861,0.858,12741142.0,28287400.0,0.862,0.857,6326700.0,15234700.0,0.863,0.856,3689700.0,9988500.0,0.864,0.855,3478500.0,7236100.0,0.695,0.869,0.86,0.858,0.864,0.869,371558108.0,371558108.0,1.043,588080.0,2023-10-26 13:21:59,0.8598404770883837,0.0011634671320535,0.0034904013961605,0.001,-0.001,0.002,70784612.0,28141242.0,-42643370.0,0.8573376796640491,0.8617901712369341,98925854.0,42643370.0,0.0004641984166188,-0.009,0.0,0.8594999999999999,0.86,0.861,0.86,0.86,4770707.0,4770707.0,1.0,-315334.4148232192,3.0,17.0,1.0,1.0,0.0001500000000002,0.7398581500000001,0.0,219906.85,6722623266501.0,97280.0,2311900.0,-7870900.0,10182800.0,1600300.0,947700.0,652600.0,-3769100.0,1100300.0,-4869400.0,-494400.0,966100.0,-1460500.0,-1000.0,-10000.0,9000.0,0.0768589410380674,0.0661171505833023
