minute,TradeDate,OrigTime,OfferPx1,BidPx1,OfferSize1,BidSize1,OfferPx2,BidPx2,OfferSize2,BidSize2,OfferPx3,BidPx3,OfferSize3,BidSize3,OfferPx4,BidPx4,OfferSize4,BidSize4,OfferPx5,BidPx5,OfferSize5,BidSize5,DownLimitPx,HighPx,LastPx,LowPx,OpenPx,PreClosePx,TotalValueTrade,TotalVolumeTrade,UpLimitPx,ticker,datetime,wap1,price_spread,price_spread2,bid_spread,ask_spread,bid_ask_spread,total_bid_qty,total_ask_qty,total_qty_diff,weighted_bid_prc,weighted_ask_prc,total_volume,volume_imbalance,log_return,PxChange1,PxChange2,mid,open,high,low,close,volume,amount,vwap,tendency,f_max,f_min,df_max,df_min,abs_diff,energy,iqr_p,abs_diff_v,energy_v,iqr_p_v,bOF1,aOF1,OFI1,bOF2,aOF2,OFI2,bOF3,aOF3,OFI3,bOF4,aOF4,OFI4,bOF5,aOF5,OFI5,volatility_QMLE,volatility
0.0,0.0,0.0,0.0,0.0,0.0,0.0,0.0,0.0,0.0,0.0,0.0,0.0,0.0,0.0,0.0,0.0,0.0,0.0,0.0,0.0,0.0,0.0,0.0,0.0,0.0,0.0,0.0,0.0,0.0,0.0,0.0,0.0,0.0,0.0,0.0,0.0,0.0,0.0,0.0,0.0,0.0,0.0,0.0,0.0,0.0,0.0,0.0,0.0,0.0,0.0,0.0,0.0,0.0,0.0,0.0,0.0,0.0,0.0,0.0,0.0,0.0,0.0,0.0,0.0,0.0,0.0,0.0,0.0,0.0,0.0,0.0,0.0,0.0,0.0,0.0,0.0,0.0,0.0,0.0,0.0,0.0,0.0,0.0,0.0,0.0
0.0,0.0,0.0,0.0,0.0,0.0,0.0,0.0,0.0,0.0,0.0,0.0,0.0,0.0,0.0,0.0,0.0,0.0,0.0,0.0,0.0,0.0,0.0,0.0,0.0,0.0,0.0,0.0,0.0,0.0,0.0,0.0,0.0,0.0,0.0,0.0,0.0,0.0,0.0,0.0,0.0,0.0,0.0,0.0,0.0,0.0,0.0,0.0,0.0,0.0,0.0,0.0,0.0,0.0,0.0,0.0,0.0,0.0,0.0,0.0,0.0,0.0,0.0,0.0,0.0,0.0,0.0,0.0,0.0,0.0,0.0,0.0,0.0,0.0,0.0,0.0,0.0,0.0,0.0,0.0,0.0,0.0,0.0,0.0,0.0,0.0
0.0,0.0,0.0,0.0,0.0,0.0,0.0,0.0,0.0,0.0,0.0,0.0,0.0,0.0,0.0,0.0,0.0,0.0,0.0,0.0,0.0,0.0,0.0,0.0,0.0,0.0,0.0,0.0,0.0,0.0,0.0,0.0,0.0,0.0,0.0,0.0,0.0,0.0,0.0,0.0,0.0,0.0,0.0,0.0,0.0,0.0,0.0,0.0,0.0,0.0,0.0,0.0,0.0,0.0,0.0,0.0,0.0,0.0,0.0,0.0,0.0,0.0,0.0,0.0,0.0,0.0,0.0,0.0,0.0,0.0,0.0,0.0,0.0,0.0,0.0,0.0,0.0,0.0,0.0,0.0,0.0,0.0,0.0,0.0,0.0,0.0
0.0,0.0,0.0,0.0,0.0,0.0,0.0,0.0,0.0,0.0,0.0,0.0,0.0,0.0,0.0,0.0,0.0,0.0,0.0,0.0,0.0,0.0,0.0,0.0,0.0,0.0,0.0,0.0,0.0,0.0,0.0,0.0,0.0,0.0,0.0,0.0,0.0,0.0,0.0,0.0,0.0,0.0,0.0,0.0,0.0,0.0,0.0,0.0,0.0,0.0,0.0,0.0,0.0,0.0,0.0,0.0,0.0,0.0,0.0,0.0,0.0,0.0,0.0,0.0,0.0,0.0,0.0,0.0,0.0,0.0,0.0,0.0,0.0,0.0,0.0,0.0,0.0,0.0,0.0,0.0,0.0,0.0,0.0,0.0,0.0,0.0
0.0,0.0,0.0,0.0,0.0,0.0,0.0,0.0,0.0,0.0,0.0,0.0,0.0,0.0,0.0,0.0,0.0,0.0,0.0,0.0,0.0,0.0,0.0,0.0,0.0,0.0,0.0,0.0,0.0,0.0,0.0,0.0,0.0,0.0,0.0,0.0,0.0,0.0,0.0,0.0,0.0,0.0,0.0,0.0,0.0,0.0,0.0,0.0,0.0,0.0,0.0,0.0,0.0,0.0,0.0,0.0,0.0,0.0,0.0,0.0,0.0,0.0,0.0,0.0,0.0,0.0,0.0,0.0,0.0,0.0,0.0,0.0,0.0,0.0,0.0,0.0,0.0,0.0,0.0,0.0,0.0,0.0,0.0,0.0,0.0,0.0
0.0,0.0,0.0,0.0,0.0,0.0,0.0,0.0,0.0,0.0,0.0,0.0,0.0,0.0,0.0,0.0,0.0,0.0,0.0,0.0,0.0,0.0,0.0,0.0,0.0,0.0,0.0,0.0,0.0,0.0,0.0,0.0,0.0,0.0,0.0,0.0,0.0,0.0,0.0,0.0,0.0,0.0,0.0,0.0,0.0,0.0,0.0,0.0,0.0,0.0,0.0,0.0,0.0,0.0,0.0,0.0,0.0,0.0,0.0,0.0,0.0,0.0,0.0,0.0,0.0,0.0,0.0,0.0,0.0,0.0,0.0,0.0,0.0,0.0,0.0,0.0,0.0,0.0,0.0,0.0,0.0,0.0,0.0,0.0,0.0,0.0
0.0,0.0,0.0,0.0,0.0,0.0,0.0,0.0,0.0,0.0,0.0,0.0,0.0,0.0,0.0,0.0,0.0,0.0,0.0,0.0,0.0,0.0,0.0,0.0,0.0,0.0,0.0,0.0,0.0,0.0,0.0,0.0,0.0,0.0,0.0,0.0,0.0,0.0,0.0,0.0,0.0,0.0,0.0,0.0,0.0,0.0,0.0,0.0,0.0,0.0,0.0,0.0,0.0,0.0,0.0,0.0,0.0,0.0,0.0,0.0,0.0,0.0,0.0,0.0,0.0,0.0,0.0,0.0,0.0,0.0,0.0,0.0,0.0,0.0,0.0,0.0,0.0,0.0,0.0,0.0,0.0,0.0,0.0,0.0,0.0,0.0
0.0,0.0,0.0,0.0,0.0,0.0,0.0,0.0,0.0,0.0,0.0,0.0,0.0,0.0,0.0,0.0,0.0,0.0,0.0,0.0,0.0,0.0,0.0,0.0,0.0,0.0,0.0,0.0,0.0,0.0,0.0,0.0,0.0,0.0,0.0,0.0,0.0,0.0,0.0,0.0,0.0,0.0,0.0,0.0,0.0,0.0,0.0,0.0,0.0,0.0,0.0,0.0,0.0,0.0,0.0,0.0,0.0,0.0,0.0,0.0,0.0,0.0,0.0,0.0,0.0,0.0,0.0,0.0,0.0,0.0,0.0,0.0,0.0,0.0,0.0,0.0,0.0,0.0,0.0,0.0,0.0,0.0,0.0,0.0,0.0,0.0
0.0,0.0,0.0,0.0,0.0,0.0,0.0,0.0,0.0,0.0,0.0,0.0,0.0,0.0,0.0,0.0,0.0,0.0,0.0,0.0,0.0,0.0,0.0,0.0,0.0,0.0,0.0,0.0,0.0,0.0,0.0,0.0,0.0,0.0,0.0,0.0,0.0,0.0,0.0,0.0,0.0,0.0,0.0,0.0,0.0,0.0,0.0,0.0,0.0,0.0,0.0,0.0,0.0,0.0,0.0,0.0,0.0,0.0,0.0,0.0,0.0,0.0,0.0,0.0,0.0,0.0,0.0,0.0,0.0,0.0,0.0,0.0,0.0,0.0,0.0,0.0,0.0,0.0,0.0,0.0,0.0,0.0,0.0,0.0,0.0,0.0
0.0,0.0,0.0,0.0,0.0,0.0,0.0,0.0,0.0,0.0,0.0,0.0,0.0,0.0,0.0,0.0,0.0,0.0,0.0,0.0,0.0,0.0,0.0,0.0,0.0,0.0,0.0,0.0,0.0,0.0,0.0,0.0,0.0,0.0,0.0,0.0,0.0,0.0,0.0,0.0,0.0,0.0,0.0,0.0,0.0,0.0,0.0,0.0,0.0,0.0,0.0,0.0,0.0,0.0,0.0,0.0,0.0,0.0,0.0,0.0,0.0,0.0,0.0,0.0,0.0,0.0,0.0,0.0,0.0,0.0,0.0,0.0,0.0,0.0,0.0,0.0,0.0,0.0,0.0,0.0,0.0,0.0,0.0,0.0,0.0,0.0
0.0,0.0,0.0,0.0,0.0,0.0,0.0,0.0,0.0,0.0,0.0,0.0,0.0,0.0,0.0,0.0,0.0,0.0,0.0,0.0,0.0,0.0,0.0,0.0,0.0,0.0,0.0,0.0,0.0,0.0,0.0,0.0,0.0,0.0,0.0,0.0,0.0,0.0,0.0,0.0,0.0,0.0,0.0,0.0,0.0,0.0,0.0,0.0,0.0,0.0,0.0,0.0,0.0,0.0,0.0,0.0,0.0,0.0,0.0,0.0,0.0,0.0,0.0,0.0,0.0,0.0,0.0,0.0,0.0,0.0,0.0,0.0,0.0,0.0,0.0,0.0,0.0,0.0,0.0,0.0,0.0,0.0,0.0,0.0,0.0,0.0
0.0,0.0,0.0,0.0,0.0,0.0,0.0,0.0,0.0,0.0,0.0,0.0,0.0,0.0,0.0,0.0,0.0,0.0,0.0,0.0,0.0,0.0,0.0,0.0,0.0,0.0,0.0,0.0,0.0,0.0,0.0,0.0,0.0,0.0,0.0,0.0,0.0,0.0,0.0,0.0,0.0,0.0,0.0,0.0,0.0,0.0,0.0,0.0,0.0,0.0,0.0,0.0,0.0,0.0,0.0,0.0,0.0,0.0,0.0,0.0,0.0,0.0,0.0,0.0,0.0,0.0,0.0,0.0,0.0,0.0,0.0,0.0,0.0,0.0,0.0,0.0,0.0,0.0,0.0,0.0,0.0,0.0,0.0,0.0,0.0,0.0
0.0,0.0,0.0,0.0,0.0,0.0,0.0,0.0,0.0,0.0,0.0,0.0,0.0,0.0,0.0,0.0,0.0,0.0,0.0,0.0,0.0,0.0,0.0,0.0,0.0,0.0,0.0,0.0,0.0,0.0,0.0,0.0,0.0,0.0,0.0,0.0,0.0,0.0,0.0,0.0,0.0,0.0,0.0,0.0,0.0,0.0,0.0,0.0,0.0,0.0,0.0,0.0,0.0,0.0,0.0,0.0,0.0,0.0,0.0,0.0,0.0,0.0,0.0,0.0,0.0,0.0,0.0,0.0,0.0,0.0,0.0,0.0,0.0,0.0,0.0,0.0,0.0,0.0,0.0,0.0,0.0,0.0,0.0,0.0,0.0,0.0
0.0,0.0,0.0,0.0,0.0,0.0,0.0,0.0,0.0,0.0,0.0,0.0,0.0,0.0,0.0,0.0,0.0,0.0,0.0,0.0,0.0,0.0,0.0,0.0,0.0,0.0,0.0,0.0,0.0,0.0,0.0,0.0,0.0,0.0,0.0,0.0,0.0,0.0,0.0,0.0,0.0,0.0,0.0,0.0,0.0,0.0,0.0,0.0,0.0,0.0,0.0,0.0,0.0,0.0,0.0,0.0,0.0,0.0,0.0,0.0,0.0,0.0,0.0,0.0,0.0,0.0,0.0,0.0,0.0,0.0,0.0,0.0,0.0,0.0,0.0,0.0,0.0,0.0,0.0,0.0,0.0,0.0,0.0,0.0,0.0,0.0
0.0,0.0,0.0,0.0,0.0,0.0,0.0,0.0,0.0,0.0,0.0,0.0,0.0,0.0,0.0,0.0,0.0,0.0,0.0,0.0,0.0,0.0,0.0,0.0,0.0,0.0,0.0,0.0,0.0,0.0,0.0,0.0,0.0,0.0,0.0,0.0,0.0,0.0,0.0,0.0,0.0,0.0,0.0,0.0,0.0,0.0,0.0,0.0,0.0,0.0,0.0,0.0,0.0,0.0,0.0,0.0,0.0,0.0,0.0,0.0,0.0,0.0,0.0,0.0,0.0,0.0,0.0,0.0,0.0,0.0,0.0,0.0,0.0,0.0,0.0,0.0,0.0,0.0,0.0,0.0,0.0,0.0,0.0,0.0,0.0,0.0
0.0,0.0,0.0,0.0,0.0,0.0,0.0,0.0,0.0,0.0,0.0,0.0,0.0,0.0,0.0,0.0,0.0,0.0,0.0,0.0,0.0,0.0,0.0,0.0,0.0,0.0,0.0,0.0,0.0,0.0,0.0,0.0,0.0,0.0,0.0,0.0,0.0,0.0,0.0,0.0,0.0,0.0,0.0,0.0,0.0,0.0,0.0,0.0,0.0,0.0,0.0,0.0,0.0,0.0,0.0,0.0,0.0,0.0,0.0,0.0,0.0,0.0,0.0,0.0,0.0,0.0,0.0,0.0,0.0,0.0,0.0,0.0,0.0,0.0,0.0,0.0,0.0,0.0,0.0,0.0,0.0,0.0,0.0,0.0,0.0,0.0
0.0,0.0,0.0,0.0,0.0,0.0,0.0,0.0,0.0,0.0,0.0,0.0,0.0,0.0,0.0,0.0,0.0,0.0,0.0,0.0,0.0,0.0,0.0,0.0,0.0,0.0,0.0,0.0,0.0,0.0,0.0,0.0,0.0,0.0,0.0,0.0,0.0,0.0,0.0,0.0,0.0,0.0,0.0,0.0,0.0,0.0,0.0,0.0,0.0,0.0,0.0,0.0,0.0,0.0,0.0,0.0,0.0,0.0,0.0,0.0,0.0,0.0,0.0,0.0,0.0,0.0,0.0,0.0,0.0,0.0,0.0,0.0,0.0,0.0,0.0,0.0,0.0,0.0,0.0,0.0,0.0,0.0,0.0,0.0,0.0,0.0
0.0,0.0,0.0,0.0,0.0,0.0,0.0,0.0,0.0,0.0,0.0,0.0,0.0,0.0,0.0,0.0,0.0,0.0,0.0,0.0,0.0,0.0,0.0,0.0,0.0,0.0,0.0,0.0,0.0,0.0,0.0,0.0,0.0,0.0,0.0,0.0,0.0,0.0,0.0,0.0,0.0,0.0,0.0,0.0,0.0,0.0,0.0,0.0,0.0,0.0,0.0,0.0,0.0,0.0,0.0,0.0,0.0,0.0,0.0,0.0,0.0,0.0,0.0,0.0,0.0,0.0,0.0,0.0,0.0,0.0,0.0,0.0,0.0,0.0,0.0,0.0,0.0,0.0,0.0,0.0,0.0,0.0,0.0,0.0,0.0,0.0
0.0,0.0,0.0,0.0,0.0,0.0,0.0,0.0,0.0,0.0,0.0,0.0,0.0,0.0,0.0,0.0,0.0,0.0,0.0,0.0,0.0,0.0,0.0,0.0,0.0,0.0,0.0,0.0,0.0,0.0,0.0,0.0,0.0,0.0,0.0,0.0,0.0,0.0,0.0,0.0,0.0,0.0,0.0,0.0,0.0,0.0,0.0,0.0,0.0,0.0,0.0,0.0,0.0,0.0,0.0,0.0,0.0,0.0,0.0,0.0,0.0,0.0,0.0,0.0,0.0,0.0,0.0,0.0,0.0,0.0,0.0,0.0,0.0,0.0,0.0,0.0,0.0,0.0,0.0,0.0,0.0,0.0,0.0,0.0,0.0,0.0
0.0,0.0,0.0,0.0,0.0,0.0,0.0,0.0,0.0,0.0,0.0,0.0,0.0,0.0,0.0,0.0,0.0,0.0,0.0,0.0,0.0,0.0,0.0,0.0,0.0,0.0,0.0,0.0,0.0,0.0,0.0,0.0,0.0,0.0,0.0,0.0,0.0,0.0,0.0,0.0,0.0,0.0,0.0,0.0,0.0,0.0,0.0,0.0,0.0,0.0,0.0,0.0,0.0,0.0,0.0,0.0,0.0,0.0,0.0,0.0,0.0,0.0,0.0,0.0,0.0,0.0,0.0,0.0,0.0,0.0,0.0,0.0,0.0,0.0,0.0,0.0,0.0,0.0,0.0,0.0,0.0,0.0,0.0,0.0,0.0,0.0
0.0,0.0,0.0,0.0,0.0,0.0,0.0,0.0,0.0,0.0,0.0,0.0,0.0,0.0,0.0,0.0,0.0,0.0,0.0,0.0,0.0,0.0,0.0,0.0,0.0,0.0,0.0,0.0,0.0,0.0,0.0,0.0,0.0,0.0,0.0,0.0,0.0,0.0,0.0,0.0,0.0,0.0,0.0,0.0,0.0,0.0,0.0,0.0,0.0,0.0,0.0,0.0,0.0,0.0,0.0,0.0,0.0,0.0,0.0,0.0,0.0,0.0,0.0,0.0,0.0,0.0,0.0,0.0,0.0,0.0,0.0,0.0,0.0,0.0,0.0,0.0,0.0,0.0,0.0,0.0,0.0,0.0,0.0,0.0,0.0,0.0
0.0,0.0,0.0,0.0,0.0,0.0,0.0,0.0,0.0,0.0,0.0,0.0,0.0,0.0,0.0,0.0,0.0,0.0,0.0,0.0,0.0,0.0,0.0,0.0,0.0,0.0,0.0,0.0,0.0,0.0,0.0,0.0,0.0,0.0,0.0,0.0,0.0,0.0,0.0,0.0,0.0,0.0,0.0,0.0,0.0,0.0,0.0,0.0,0.0,0.0,0.0,0.0,0.0,0.0,0.0,0.0,0.0,0.0,0.0,0.0,0.0,0.0,0.0,0.0,0.0,0.0,0.0,0.0,0.0,0.0,0.0,0.0,0.0,0.0,0.0,0.0,0.0,0.0,0.0,0.0,0.0,0.0,0.0,0.0,0.0,0.0
0.0,0.0,0.0,0.0,0.0,0.0,0.0,0.0,0.0,0.0,0.0,0.0,0.0,0.0,0.0,0.0,0.0,0.0,0.0,0.0,0.0,0.0,0.0,0.0,0.0,0.0,0.0,0.0,0.0,0.0,0.0,0.0,0.0,0.0,0.0,0.0,0.0,0.0,0.0,0.0,0.0,0.0,0.0,0.0,0.0,0.0,0.0,0.0,0.0,0.0,0.0,0.0,0.0,0.0,0.0,0.0,0.0,0.0,0.0,0.0,0.0,0.0,0.0,0.0,0.0,0.0,0.0,0.0,0.0,0.0,0.0,0.0,0.0,0.0,0.0,0.0,0.0,0.0,0.0,0.0,0.0,0.0,0.0,0.0,0.0,0.0
0.0,0.0,0.0,0.0,0.0,0.0,0.0,0.0,0.0,0.0,0.0,0.0,0.0,0.0,0.0,0.0,0.0,0.0,0.0,0.0,0.0,0.0,0.0,0.0,0.0,0.0,0.0,0.0,0.0,0.0,0.0,0.0,0.0,0.0,0.0,0.0,0.0,0.0,0.0,0.0,0.0,0.0,0.0,0.0,0.0,0.0,0.0,0.0,0.0,0.0,0.0,0.0,0.0,0.0,0.0,0.0,0.0,0.0,0.0,0.0,0.0,0.0,0.0,0.0,0.0,0.0,0.0,0.0,0.0,0.0,0.0,0.0,0.0,0.0,0.0,0.0,0.0,0.0,0.0,0.0,0.0,0.0,0.0,0.0,0.0,0.0
0.0,0.0,0.0,0.0,0.0,0.0,0.0,0.0,0.0,0.0,0.0,0.0,0.0,0.0,0.0,0.0,0.0,0.0,0.0,0.0,0.0,0.0,0.0,0.0,0.0,0.0,0.0,0.0,0.0,0.0,0.0,0.0,0.0,0.0,0.0,0.0,0.0,0.0,0.0,0.0,0.0,0.0,0.0,0.0,0.0,0.0,0.0,0.0,0.0,0.0,0.0,0.0,0.0,0.0,0.0,0.0,0.0,0.0,0.0,0.0,0.0,0.0,0.0,0.0,0.0,0.0,0.0,0.0,0.0,0.0,0.0,0.0,0.0,0.0,0.0,0.0,0.0,0.0,0.0,0.0,0.0,0.0,0.0,0.0,0.0,0.0
0.0,0.0,0.0,0.0,0.0,0.0,0.0,0.0,0.0,0.0,0.0,0.0,0.0,0.0,0.0,0.0,0.0,0.0,0.0,0.0,0.0,0.0,0.0,0.0,0.0,0.0,0.0,0.0,0.0,0.0,0.0,0.0,0.0,0.0,0.0,0.0,0.0,0.0,0.0,0.0,0.0,0.0,0.0,0.0,0.0,0.0,0.0,0.0,0.0,0.0,0.0,0.0,0.0,0.0,0.0,0.0,0.0,0.0,0.0,0.0,0.0,0.0,0.0,0.0,0.0,0.0,0.0,0.0,0.0,0.0,0.0,0.0,0.0,0.0,0.0,0.0,0.0,0.0,0.0,0.0,0.0,0.0,0.0,0.0,0.0,0.0
0.0,0.0,0.0,0.0,0.0,0.0,0.0,0.0,0.0,0.0,0.0,0.0,0.0,0.0,0.0,0.0,0.0,0.0,0.0,0.0,0.0,0.0,0.0,0.0,0.0,0.0,0.0,0.0,0.0,0.0,0.0,0.0,0.0,0.0,0.0,0.0,0.0,0.0,0.0,0.0,0.0,0.0,0.0,0.0,0.0,0.0,0.0,0.0,0.0,0.0,0.0,0.0,0.0,0.0,0.0,0.0,0.0,0.0,0.0,0.0,0.0,0.0,0.0,0.0,0.0,0.0,0.0,0.0,0.0,0.0,0.0,0.0,0.0,0.0,0.0,0.0,0.0,0.0,0.0,0.0,0.0,0.0,0.0,0.0,0.0,0.0
0.0,0.0,0.0,0.0,0.0,0.0,0.0,0.0,0.0,0.0,0.0,0.0,0.0,0.0,0.0,0.0,0.0,0.0,0.0,0.0,0.0,0.0,0.0,0.0,0.0,0.0,0.0,0.0,0.0,0.0,0.0,0.0,0.0,0.0,0.0,0.0,0.0,0.0,0.0,0.0,0.0,0.0,0.0,0.0,0.0,0.0,0.0,0.0,0.0,0.0,0.0,0.0,0.0,0.0,0.0,0.0,0.0,0.0,0.0,0.0,0.0,0.0,0.0,0.0,0.0,0.0,0.0,0.0,0.0,0.0,0.0,0.0,0.0,0.0,0.0,0.0,0.0,0.0,0.0,0.0,0.0,0.0,0.0,0.0,0.0,0.0
0.0,0.0,0.0,0.0,0.0,0.0,0.0,0.0,0.0,0.0,0.0,0.0,0.0,0.0,0.0,0.0,0.0,0.0,0.0,0.0,0.0,0.0,0.0,0.0,0.0,0.0,0.0,0.0,0.0,0.0,0.0,0.0,0.0,0.0,0.0,0.0,0.0,0.0,0.0,0.0,0.0,0.0,0.0,0.0,0.0,0.0,0.0,0.0,0.0,0.0,0.0,0.0,0.0,0.0,0.0,0.0,0.0,0.0,0.0,0.0,0.0,0.0,0.0,0.0,0.0,0.0,0.0,0.0,0.0,0.0,0.0,0.0,0.0,0.0,0.0,0.0,0.0,0.0,0.0,0.0,0.0,0.0,0.0,0.0,0.0,0.0
0.0,0.0,0.0,0.0,0.0,0.0,0.0,0.0,0.0,0.0,0.0,0.0,0.0,0.0,0.0,0.0,0.0,0.0,0.0,0.0,0.0,0.0,0.0,0.0,0.0,0.0,0.0,0.0,0.0,0.0,0.0,0.0,0.0,0.0,0.0,0.0,0.0,0.0,0.0,0.0,0.0,0.0,0.0,0.0,0.0,0.0,0.0,0.0,0.0,0.0,0.0,0.0,0.0,0.0,0.0,0.0,0.0,0.0,0.0,0.0,0.0,0.0,0.0,0.0,0.0,0.0,0.0,0.0,0.0,0.0,0.0,0.0,0.0,0.0,0.0,0.0,0.0,0.0,0.0,0.0,0.0,0.0,0.0,0.0,0.0,0.0
0.0,0.0,0.0,0.0,0.0,0.0,0.0,0.0,0.0,0.0,0.0,0.0,0.0,0.0,0.0,0.0,0.0,0.0,0.0,0.0,0.0,0.0,0.0,0.0,0.0,0.0,0.0,0.0,0.0,0.0,0.0,0.0,0.0,0.0,0.0,0.0,0.0,0.0,0.0,0.0,0.0,0.0,0.0,0.0,0.0,0.0,0.0,0.0,0.0,0.0,0.0,0.0,0.0,0.0,0.0,0.0,0.0,0.0,0.0,0.0,0.0,0.0,0.0,0.0,0.0,0.0,0.0,0.0,0.0,0.0,0.0,0.0,0.0,0.0,0.0,0.0,0.0,0.0,0.0,0.0,0.0,0.0,0.0,0.0,0.0,0.0
0.0,0.0,0.0,0.0,0.0,0.0,0.0,0.0,0.0,0.0,0.0,0.0,0.0,0.0,0.0,0.0,0.0,0.0,0.0,0.0,0.0,0.0,0.0,0.0,0.0,0.0,0.0,0.0,0.0,0.0,0.0,0.0,0.0,0.0,0.0,0.0,0.0,0.0,0.0,0.0,0.0,0.0,0.0,0.0,0.0,0.0,0.0,0.0,0.0,0.0,0.0,0.0,0.0,0.0,0.0,0.0,0.0,0.0,0.0,0.0,0.0,0.0,0.0,0.0,0.0,0.0,0.0,0.0,0.0,0.0,0.0,0.0,0.0,0.0,0.0,0.0,0.0,0.0,0.0,0.0,0.0,0.0,0.0,0.0,0.0,0.0
0.0,0.0,0.0,0.0,0.0,0.0,0.0,0.0,0.0,0.0,0.0,0.0,0.0,0.0,0.0,0.0,0.0,0.0,0.0,0.0,0.0,0.0,0.0,0.0,0.0,0.0,0.0,0.0,0.0,0.0,0.0,0.0,0.0,0.0,0.0,0.0,0.0,0.0,0.0,0.0,0.0,0.0,0.0,0.0,0.0,0.0,0.0,0.0,0.0,0.0,0.0,0.0,0.0,0.0,0.0,0.0,0.0,0.0,0.0,0.0,0.0,0.0,0.0,0.0,0.0,0.0,0.0,0.0,0.0,0.0,0.0,0.0,0.0,0.0,0.0,0.0,0.0,0.0,0.0,0.0,0.0,0.0,0.0,0.0,0.0,0.0
0.0,0.0,0.0,0.0,0.0,0.0,0.0,0.0,0.0,0.0,0.0,0.0,0.0,0.0,0.0,0.0,0.0,0.0,0.0,0.0,0.0,0.0,0.0,0.0,0.0,0.0,0.0,0.0,0.0,0.0,0.0,0.0,0.0,0.0,0.0,0.0,0.0,0.0,0.0,0.0,0.0,0.0,0.0,0.0,0.0,0.0,0.0,0.0,0.0,0.0,0.0,0.0,0.0,0.0,0.0,0.0,0.0,0.0,0.0,0.0,0.0,0.0,0.0,0.0,0.0,0.0,0.0,0.0,0.0,0.0,0.0,0.0,0.0,0.0,0.0,0.0,0.0,0.0,0.0,0.0,0.0,0.0,0.0,0.0,0.0,0.0
0.0,0.0,0.0,0.0,0.0,0.0,0.0,0.0,0.0,0.0,0.0,0.0,0.0,0.0,0.0,0.0,0.0,0.0,0.0,0.0,0.0,0.0,0.0,0.0,0.0,0.0,0.0,0.0,0.0,0.0,0.0,0.0,0.0,0.0,0.0,0.0,0.0,0.0,0.0,0.0,0.0,0.0,0.0,0.0,0.0,0.0,0.0,0.0,0.0,0.0,0.0,0.0,0.0,0.0,0.0,0.0,0.0,0.0,0.0,0.0,0.0,0.0,0.0,0.0,0.0,0.0,0.0,0.0,0.0,0.0,0.0,0.0,0.0,0.0,0.0,0.0,0.0,0.0,0.0,0.0,0.0,0.0,0.0,0.0,0.0,0.0
0.0,0.0,0.0,0.0,0.0,0.0,0.0,0.0,0.0,0.0,0.0,0.0,0.0,0.0,0.0,0.0,0.0,0.0,0.0,0.0,0.0,0.0,0.0,0.0,0.0,0.0,0.0,0.0,0.0,0.0,0.0,0.0,0.0,0.0,0.0,0.0,0.0,0.0,0.0,0.0,0.0,0.0,0.0,0.0,0.0,0.0,0.0,0.0,0.0,0.0,0.0,0.0,0.0,0.0,0.0,0.0,0.0,0.0,0.0,0.0,0.0,0.0,0.0,0.0,0.0,0.0,0.0,0.0,0.0,0.0,0.0,0.0,0.0,0.0,0.0,0.0,0.0,0.0,0.0,0.0,0.0,0.0,0.0,0.0,0.0,0.0
0.0,0.0,0.0,0.0,0.0,0.0,0.0,0.0,0.0,0.0,0.0,0.0,0.0,0.0,0.0,0.0,0.0,0.0,0.0,0.0,0.0,0.0,0.0,0.0,0.0,0.0,0.0,0.0,0.0,0.0,0.0,0.0,0.0,0.0,0.0,0.0,0.0,0.0,0.0,0.0,0.0,0.0,0.0,0.0,0.0,0.0,0.0,0.0,0.0,0.0,0.0,0.0,0.0,0.0,0.0,0.0,0.0,0.0,0.0,0.0,0.0,0.0,0.0,0.0,0.0,0.0,0.0,0.0,0.0,0.0,0.0,0.0,0.0,0.0,0.0,0.0,0.0,0.0,0.0,0.0,0.0,0.0,0.0,0.0,0.0,0.0
0.0,0.0,0.0,0.0,0.0,0.0,0.0,0.0,0.0,0.0,0.0,0.0,0.0,0.0,0.0,0.0,0.0,0.0,0.0,0.0,0.0,0.0,0.0,0.0,0.0,0.0,0.0,0.0,0.0,0.0,0.0,0.0,0.0,0.0,0.0,0.0,0.0,0.0,0.0,0.0,0.0,0.0,0.0,0.0,0.0,0.0,0.0,0.0,0.0,0.0,0.0,0.0,0.0,0.0,0.0,0.0,0.0,0.0,0.0,0.0,0.0,0.0,0.0,0.0,0.0,0.0,0.0,0.0,0.0,0.0,0.0,0.0,0.0,0.0,0.0,0.0,0.0,0.0,0.0,0.0,0.0,0.0,0.0,0.0,0.0,0.0
0.0,0.0,0.0,0.0,0.0,0.0,0.0,0.0,0.0,0.0,0.0,0.0,0.0,0.0,0.0,0.0,0.0,0.0,0.0,0.0,0.0,0.0,0.0,0.0,0.0,0.0,0.0,0.0,0.0,0.0,0.0,0.0,0.0,0.0,0.0,0.0,0.0,0.0,0.0,0.0,0.0,0.0,0.0,0.0,0.0,0.0,0.0,0.0,0.0,0.0,0.0,0.0,0.0,0.0,0.0,0.0,0.0,0.0,0.0,0.0,0.0,0.0,0.0,0.0,0.0,0.0,0.0,0.0,0.0,0.0,0.0,0.0,0.0,0.0,0.0,0.0,0.0,0.0,0.0,0.0,0.0,0.0,0.0,0.0,0.0,0.0
1010.0,20231026.0,2.0231026100957e+16,5.571,5.57,58000.0,50000.0,5.572,5.569,536400.0,109900.0,5.573,5.568,360200.0,404900.0,5.574,5.567,330000.0,1210000.0,5.575,5.566,200300.0,730000.0,5.026,5.584,5.569,5.556,5.584,5.584,126874886.0,126874886.0,6.142,159922.0,2023-10-26 10:09:57,5.570462962962963,0.0001795170990035,0.000538551297011,0.0010000000000003,-0.0010000000000003,0.0020000000000006,2504800.0,1484900.0,-1019900.0,5.567017845736186,5.573052663479022,3989700.0,1019900.0,0.000195398510737,-0.0149999999999996,0.0,5.5705,5.569,5.569,5.569,5.569,126874886.0,126874886.0,1.0,0.0,0.0,0.0,0.0,0.0,0.0,31.013761,0.0,0.0,0.0,0.0,-50000.0,58000.0,-108000.0,-109900.0,536400.0,-646300.0,-404900.0,360200.0,-765100.0,-1210000.0,330000.0,-1540000.0,-730000.0,200300.0,-930300.0,0.0649701073869448,0.0682897075235774
1011.0,20231026.0,2.0231026101057e+16,5.575,5.573,160700.0,109700.0,5.576,5.572,473300.0,964700.0,5.577,5.571,516400.0,860000.0,5.578,5.57,220000.0,610000.0,5.579,5.569,299800.0,199800.0,5.026,5.584,5.573,5.556,5.584,5.584,127226471.0,127226471.0,6.142,159922.0,2023-10-26 10:10:57,5.573811390532545,0.0003588087549335,0.0007176175098671,0.0010000000000003,-0.0009999999999994,0.0019999999999997,2744200.0,1670200.0,-1074000.0,5.571063588659719,5.577014908394204,4414400.0,1074000.0,0.0006009234094805,-0.0109999999999992,0.0040000000000004,5.574,5.569,5.573,5.569,5.573,351585.0,351585.0,1.0,9119139.451780016,15.0,5.0,3.0,0.0,0.0003999999999981,31.042728,0.0002500000000003,17579.25,52315168173.0,0.0,109700.0,-160700.0,270400.0,964700.0,-473300.0,1438000.0,860000.0,-516400.0,1376400.0,610000.0,-220000.0,830000.0,199800.0,-299800.0,499600.0,0.0869549346759592,0.1092314402348548
1012.0,20231026.0,2.0231026101157e+16,5.574,5.573,26900.0,219900.0,5.575,5.572,105000.0,250000.0,5.576,5.571,626400.0,780100.0,5.577,5.57,390000.0,920300.0,5.578,5.569,240300.0,309800.0,5.026,5.584,5.573,5.556,5.584,5.584,130547895.0,130547895.0,6.142,159922.0,2023-10-26 10:11:57,5.573891004862236,0.0001794204718757,0.0005382614156275,0.0010000000000003,-0.0010000000000003,0.0020000000000006,2480100.0,1388600.0,-1091500.0,5.570657231563243,5.576512602621346,3868700.0,1091500.0,1.428354056609571e-05,-0.0109999999999992,0.0,5.5735,5.573,5.577,5.572,5.573,3321424.0,3321424.0,1.0,-101904.35884561668,6.0,14.0,4.0,4.0,0.0010999999999992,31.0705938,0.00225,166071.2,1747290965086.0,278625.0,110200.0,26900.0,83300.0,-714700.0,105000.0,-819700.0,-79900.0,626400.0,-706300.0,310300.0,390000.0,-79700.0,110000.0,240300.0,-130300.0,0.1667330576774069,0.1487260376590728
0.0,0.0,0.0,0.0,0.0,0.0,0.0,0.0,0.0,0.0,0.0,0.0,0.0,0.0,0.0,0.0,0.0,0.0,0.0,0.0,0.0,0.0,0.0,0.0,0.0,0.0,0.0,0.0,0.0,0.0,0.0,0.0,0.0,0.0,0.0,0.0,0.0,0.0,0.0,0.0,0.0,0.0,0.0,0.0,0.0,0.0,0.0,0.0,0.0,0.0,0.0,0.0,0.0,0.0,0.0,0.0,0.0,0.0,0.0,0.0,0.0,0.0,0.0,0.0,0.0,0.0,0.0,0.0,0.0,0.0,0.0,0.0,0.0,0.0,0.0,0.0,0.0,0.0,0.0,0.0,0.0,0.0,0.0,0.0,0.0,0.0
1014.0,20231026.0,2.0231026101348e+16,5.579,5.577,159900.0,130000.0,5.58,5.576,486300.0,424300.0,5.581,5.575,362200.0,1260000.0,5.582,5.574,80000.0,610000.0,5.583,5.573,204100.0,59800.0,5.026,5.584,5.577,5.556,5.584,5.584,134747271.0,134747271.0,6.142,159922.0,2023-10-26 10:13:48,5.577896860986547,0.0003585514521333,0.0007171029042668,0.0010000000000003,-0.0010000000000003,0.0020000000000006,2484100.0,1292500.0,-1191600.0,5.574981764019162,5.580754042553191,3776600.0,1191600.0,0.000546196731606,-0.0069999999999996,0.0030000000000001,5.577999999999999,5.574,5.58,5.574,5.577,1670935.0,1670935.0,1.0,7169805.708005443,11.0,6.0,4.0,3.0,0.0011764705882368,31.100964117647056,0.0020000000000006,98290.29411764706,555632193911.0,219215.0,130000.0,-159900.0,289900.0,424300.0,-486300.0,910600.0,1260000.0,-362200.0,1622200.0,610000.0,-80000.0,690000.0,59800.0,-204100.0,263900.0,0.1735064695010793,0.1445075478627387
0.0,0.0,0.0,0.0,0.0,0.0,0.0,0.0,0.0,0.0,0.0,0.0,0.0,0.0,0.0,0.0,0.0,0.0,0.0,0.0,0.0,0.0,0.0,0.0,0.0,0.0,0.0,0.0,0.0,0.0,0.0,0.0,0.0,0.0,0.0,0.0,0.0,0.0,0.0,0.0,0.0,0.0,0.0,0.0,0.0,0.0,0.0,0.0,0.0,0.0,0.0,0.0,0.0,0.0,0.0,0.0,0.0,0.0,0.0,0.0,0.0,0.0,0.0,0.0,0.0,0.0,0.0,0.0,0.0,0.0,0.0,0.0,0.0,0.0,0.0,0.0,0.0,0.0,0.0,0.0,0.0,0.0,0.0,0.0,0.0,0.0
1016.0,20231026.0,2.0231026101557e+16,5.578,5.576,179800.0,50000.0,5.579,5.575,255000.0,1435000.0,5.58,5.574,486400.0,560000.0,5.581,5.573,332300.0,239800.0,5.582,5.572,59800.0,79000.0,5.026,5.584,5.578,5.556,5.584,5.584,137165749.0,137165749.0,6.142,159922.0,2023-10-26 10:15:57,5.576435161009573,0.0003586157432312,0.0007172314864621,0.0009999999999994,-0.0009999999999994,0.0019999999999988,2363800.0,1313300.0,-1050500.0,5.574481089770709,5.579876113606945,3677100.0,1050500.0,0.0005183339107843,-0.0059999999999993,0.0060000000000002,5.577,5.572,5.578,5.572,5.578,1558381.0,1558381.0,1.0,14685974.496818354,12.0,8.0,4.0,1.0,0.0015,31.0862046,0.0040000000000004,77919.05,365744006263.0,192841.75,50000.0,-179800.0,229800.0,1435000.0,-255000.0,1690000.0,560000.0,-486400.0,1046400.0,239800.0,-332300.0,572100.0,79000.0,-59800.0,138800.0,0.2176212010147874,0.1852338667732721
1017.0,20231026.0,2.0231026101657e+16,5.579,5.577,19800.0,900100.0,5.58,5.576,79900.0,625000.0,5.581,5.575,488700.0,470000.0,5.582,5.574,330000.0,180000.0,5.583,5.573,64100.0,59800.0,5.026,5.584,5.579,5.556,5.584,5.584,138391894.0,138391894.0,6.142,159922.0,2023-10-26 10:16:57,5.57895695184259,0.0003585514521333,0.0007171029042668,0.0010000000000003,-0.0010000000000003,0.0020000000000006,2234900.0,982500.0,-1252400.0,5.575951094008681,5.5813447328244274,3217400.0,1252400.0,0.0004521205261929,-0.0049999999999998,0.0009999999999994,5.577999999999999,5.578,5.579,5.578,5.579,1226145.0,1226145.0,1.0,2472151.6722115227,18.0,2.0,2.0,1.0,9.999999999976694e-05,31.124125300000003,0.0,61307.25,664118201161.0,14366.0,900100.0,-19800.0,919900.0,625000.0,-79900.0,704900.0,470000.0,-488700.0,958700.0,180000.0,-330000.0,510000.0,59800.0,-64100.0,123900.0,0.2016995322042531,0.1754551712090016
1018.0,20231026.0,2.0231026101757e+16,5.574,5.573,50000.0,40000.0,5.575,5.572,160200.0,1057000.0,5.576,5.571,124900.0,777000.0,5.577,5.57,516300.0,381300.0,5.578,5.569,330000.0,160300.0,5.026,5.584,5.573,5.556,5.584,5.584,139331918.0,139331918.0,6.142,159922.0,2023-10-26 10:17:57,5.573444444444444,0.0001794204718757,0.0005382614156275,0.0010000000000003,-0.0010000000000003,0.0020000000000006,2415600.0,1181400.0,-1234200.0,5.57118012088094,5.576775435923481,3597000.0,1234200.0,-0.000988577733388,-0.0109999999999992,-0.0059999999999993,5.5735,5.579,5.579,5.573,5.573,940024.0,940024.0,1.0,-14955147.346229604,13.0,7.0,1.0,5.0,0.0018999999999991,31.0906643,0.0024999999999995,47001.2,148364917058.0,92269.25,-40000.0,50000.0,-90000.0,-1057000.0,160200.0,-1217200.0,-777000.0,124900.0,-901900.0,-381300.0,516300.0,-897600.0,-160300.0,330000.0,-490300.0,0.2002101964089558,0.178078185396482
1019.0,20231026.0,2.0231026101857e+16,5.574,5.573,155200.0,25000.0,5.575,5.572,162400.0,297000.0,5.576,5.571,581300.0,1477000.0,5.577,5.57,390100.0,501300.0,5.578,5.569,59800.0,60300.0,5.026,5.584,5.573,5.556,5.584,5.584,140423272.0,140423272.0,6.142,159922.0,2023-10-26 10:18:57,5.573138734739179,0.0001794204718757,0.0005382614156275,0.0010000000000003,-0.0010000000000003,0.0020000000000006,2360600.0,1348800.0,-1011800.0,5.57088354655596,5.576027357651245,3709400.0,1011800.0,-5.485263069915369e-05,-0.0109999999999992,0.0,5.5735,5.573,5.575,5.573,5.573,1091354.0,1091354.0,1.0,-15833.228571280835,8.0,12.0,1.0,2.0,0.0009000000000005,31.070591499999995,0.0019999999999997,54567.7,302736473522.0,21316.5,-15000.0,105200.0,-120200.0,-760000.0,2200.0,-762200.0,700000.0,456400.0,243600.0,120000.0,-126200.0,246200.0,-100000.0,-270200.0,170200.0,0.1329695335050602,0.1291172421760446
1020.0,20231026.0,2.0231026101957e+16,5.569,5.568,149100.0,70000.0,5.57,5.567,145000.0,1500000.0,5.571,5.566,139900.0,515000.0,5.572,5.565,399800.0,80900.0,5.573,5.564,506200.0,59800.0,5.026,5.584,5.569,5.556,5.584,5.584,141533496.0,141533496.0,6.142,159922.0,2023-10-26 10:19:57,5.568319488817891,0.0001795815749304,0.0005387447247912,0.0009999999999994,-0.0010000000000003,0.0019999999999997,2225700.0,1340000.0,-885700.0,5.566646762816192,5.571723134328359,3565700.0,885700.0,-0.0008651015199534,-0.0149999999999996,-0.0040000000000004,5.5685,5.573,5.573,5.569,5.569,1110224.0,1110224.0,1.0,-10128603.387792056,9.0,11.0,0.0,4.0,0.0013500000000004,31.028801250000008,0.0019999999999997,55511.2,252100197536.0,40262.0,-70000.0,149100.0,-219100.0,-1500000.0,145000.0,-1645000.0,-515000.0,139900.0,-654900.0,-80900.0,399800.0,-480700.0,-59800.0,506200.0,-566000.0,0.1299731905776451,0.1239090083117028
1021.0,20231026.0,2.0231026102057e+16,5.568,5.567,40000.0,323600.0,5.569,5.566,59900.0,595000.0,5.57,5.565,164900.0,450900.0,5.571,5.564,456400.0,159800.0,5.572,5.563,329900.0,80100.0,5.026,5.584,5.568,5.556,5.584,5.584,142511767.0,142511767.0,6.142,159922.0,2023-10-26 10:20:57,5.5678899889989,0.0001796138302648,0.0005388414907948,0.0010000000000003,-0.0010000000000003,0.0020000000000006,1609400.0,1051100.0,-558300.0,5.565573008574623,5.570928836457044,2660500.0,558300.0,-7.713572918310874e-05,-0.016,-0.0010000000000003,5.5675,5.569,5.569,5.567,5.568,978271.0,978271.0,1.0,-2535667.262353124,16.0,4.0,1.0,2.0,0.0001000000000006,31.0015107,0.0,48913.55,321431150143.0,1531.25,-323600.0,40000.0,-363600.0,-595000.0,59900.0,-654900.0,-450900.0,164900.0,-615800.0,-159800.0,456400.0,-616200.0,-80100.0,329900.0,-410000.0,0.116072897786837,0.1125606698074553
1022.0,20231026.0,2.0231026102157e+16,5.568,5.566,149800.0,19900.0,5.569,5.565,165000.0,859500.0,5.57,5.564,476400.0,470000.0,5.571,5.563,330000.0,80100.0,5.572,5.562,59700.0,161200.0,5.026,5.584,5.567,5.556,5.584,5.584,142622550.0,142622550.0,6.142,159922.0,2023-10-26 10:21:57,5.566234531526222,0.0003592599245553,0.0007185198491107,0.0009999999999994,-0.0010000000000003,0.0019999999999997,1590700.0,1180900.0,-409800.0,5.564312315332873,5.569987128461344,2771600.0,409800.0,-0.0002973664398715,-0.0169999999999994,-0.0009999999999994,5.567,5.568,5.568,5.567,5.567,110783.0,110783.0,1.0,-2561928.3276436315,2.0,18.0,0.0,1.0,0.0001000000000015,30.9926025,0.0,5539.15,12272873089.0,0.0,-19900.0,109800.0,-129700.0,-859500.0,105100.0,-964600.0,-470000.0,311500.0,-781500.0,-80100.0,-126400.0,46300.0,-161200.0,-270200.0,109000.0,0.1041174091013138,0.0993854165695876
1023.0,20231026.0,2.0231026102257e+16,5.568,5.566,143800.0,18100.0,5.569,5.565,146800.0,998600.0,5.57,5.564,350000.0,410000.0,5.571,5.563,476400.0,80100.0,5.572,5.562,299800.0,201200.0,5.026,5.584,5.567,5.556,5.584,5.584,143721355.0,143721355.0,6.142,159922.0,2023-10-26 10:22:57,5.566223594811611,0.0003592599245553,0.0007185198491107,0.0009999999999994,-0.0010000000000003,0.0019999999999997,1708000.0,1416800.0,-291200.0,5.564323360655738,5.57045285149633,3124800.0,291200.0,-1.9648337294952967e-06,-0.0169999999999994,0.0,5.567,5.568,5.568,5.565,5.567,1098805.0,1098805.0,1.0,-2559026.2132692896,16.0,4.0,2.0,4.0,0.0001499999999978,30.989819350000005,0.0,54940.25,283625543277.0,36044.0,-1800.0,-6000.0,4200.0,139100.0,-18200.0,157300.0,-60000.0,-126400.0,66400.0,0.0,146400.0,-146400.0,40000.0,240100.0,-200100.0,0.0808652273143053,0.0869409680622073
1024.0,20231026.0,2.0231026102357e+16,5.568,5.567,40100.0,121700.0,5.569,5.566,34900.0,520000.0,5.57,5.565,110000.0,628600.0,5.571,5.564,310000.0,180000.0,5.572,5.563,576200.0,109900.0,5.026,5.584,5.568,5.556,5.584,5.584,144816482.0,144816482.0,6.142,159922.0,2023-10-26 10:23:57,5.567752163164401,0.0001796138302648,0.0005388414907948,0.0010000000000003,-0.0010000000000003,0.0020000000000006,1560200.0,1071200.0,-489000.0,5.5652330470452505,5.571257748319642,2631400.0,489000.0,0.0002745772751115,-0.016,0.0009999999999994,5.5675,5.567,5.569,5.567,5.568,1095127.0,1095127.0,1.0,2589115.3006487926,5.0,15.0,2.0,1.0,9.999999999976694e-05,31.003738,0.0002500000000003,54756.35,286133399743.0,35630.5,121700.0,-103700.0,225400.0,520000.0,-111900.0,631900.0,628600.0,-240000.0,868600.0,180000.0,-166400.0,346400.0,109900.0,276400.0,-166500.0,0.0794702755826769,0.0796477798366462
1025.0,20231026.0,2.0231026102457e+16,5.567,5.565,106400.0,209800.0,5.568,5.564,655300.0,308600.0,5.569,5.563,340000.0,570100.0,5.57,5.562,220000.0,571400.0,5.571,5.561,249800.0,475800.0,5.026,5.584,5.565,5.556,5.584,5.584,145262956.0,145262956.0,6.142,159922.0,2023-10-26 10:24:57,5.566327008222644,0.0003593244699963,0.0007186489399927,0.0010000000000003,-0.0009999999999994,0.0019999999999997,2135700.0,1571500.0,-564200.0,5.562627850353514,5.568905504295259,3707200.0,564200.0,-0.0002559987094759,-0.0189999999999992,-0.0029999999999992,5.566000000000001,5.568,5.568,5.565,5.565,446474.0,446474.0,1.0,-7827930.066967839,5.0,15.0,0.0,2.0,0.0001500000000023,30.99315955,0.0002499999999994,22323.7,74161051954.0,0.0,-209800.0,106400.0,-316200.0,-308600.0,655300.0,-963900.0,-570100.0,340000.0,-910100.0,-571400.0,220000.0,-791400.0,-475800.0,249800.0,-725600.0,0.0729385198915738,0.0838470691789541
1026.0,20231026.0,2.0231026102557e+16,5.564,5.563,66300.0,18200.0,5.565,5.562,163500.0,301400.0,5.566,5.561,436400.0,891000.0,5.567,5.56,356900.0,721900.0,5.568,5.559,243700.0,339800.0,5.026,5.584,5.563,5.556,5.584,5.584,147205362.0,147205362.0,6.142,159922.0,2023-10-26 10:25:57,5.5632153846153845,0.0001797429675564,0.0005392289026692,0.0009999999999994,-0.0010000000000003,0.0019999999999997,2272300.0,1266800.0,-1005500.0,5.560531883994191,5.566432743921692,3539100.0,1005500.0,-0.0005591647128884,-0.0209999999999999,-0.0020000000000006,5.5635,5.565,5.565,5.563,5.563,1942406.0,1942406.0,1.0,-5266197.073318111,11.0,9.0,2.0,3.0,0.0007999999999999,30.955871100000003,0.0012500000000006,97120.3,852268906460.0,111285.0,-18200.0,66300.0,-84500.0,-301400.0,163500.0,-464900.0,-891000.0,436400.0,-1327400.0,-721900.0,356900.0,-1078800.0,-339800.0,243700.0,-583500.0,0.0754931487015123,0.0854986644505994
1027.0,20231026.0,2.0231026102657e+16,5.565,5.563,54800.0,52600.0,5.566,5.562,476300.0,361400.0,5.567,5.561,426900.0,451000.0,5.568,5.56,243700.0,1073700.0,5.569,5.559,217100.0,339800.0,5.026,5.584,5.564,5.556,5.584,5.584,148630165.0,148630165.0,6.142,159922.0,2023-10-26 10:26:57,5.563979515828677,0.0003594536304817,0.0007189072609632,0.0009999999999994,-0.0009999999999994,0.0019999999999988,2278500.0,1418800.0,-859700.0,5.560435286372613,5.567064843529744,3697300.0,859700.0,0.0001373448063652,-0.0199999999999995,0.0010000000000003,5.564,5.563,5.565,5.563,5.564,1424803.0,1424803.0,1.0,2661862.4365959163,11.0,9.0,2.0,1.0,0.00075,30.95531465,0.0010000000000003,71240.15,442981123715.0,108930.0,34400.0,-54800.0,89200.0,60000.0,-476300.0,536300.0,-440000.0,-426900.0,-13100.0,351800.0,-243700.0,595500.0,0.0,-217100.0,217100.0,0.0812284962204534,0.0920737513049977
1028.0,20231026.0,2.0231026102757e+16,5.565,5.562,104900.0,208100.0,5.566,5.561,310000.0,781000.0,5.567,5.56,543300.0,643700.0,5.568,5.559,223900.0,460000.0,5.569,5.558,159900.0,150400.0,5.026,5.584,5.562,5.556,5.584,5.584,149906174.0,149906174.0,6.142,159922.0,2023-10-26 10:27:57,5.563994568690096,0.0005392289026692,0.0008987148377819,0.0010000000000003,-0.0009999999999994,0.0019999999999997,2243200.0,1342000.0,-901200.0,5.560194543509272,5.567017809239941,3585200.0,901200.0,2.7054091433775795e-06,-0.0219999999999993,-0.0019999999999997,5.5635,5.563,5.564,5.562,5.562,1276009.0,1276009.0,1.0,-2688065.446153594,6.0,14.0,1.0,2.0,0.0003499999999982,30.93973784999999,0.0009999999999994,63800.45,372983484395.0,71484.0,-208100.0,50100.0,-258200.0,-781000.0,-166300.0,-614700.0,-643700.0,116400.0,-760100.0,-460000.0,-19800.0,-440200.0,-150400.0,-57200.0,-93200.0,0.0819514404177719,0.087458213127787
1029.0,20231026.0,2.0231026102857e+16,5.562,5.561,346200.0,29900.0,5.563,5.56,105000.0,134400.0,5.564,5.559,470000.0,925100.0,5.565,5.558,516400.0,570600.0,5.566,5.557,339800.0,301300.0,5.026,5.584,5.562,5.556,5.584,5.584,150485734.0,150485734.0,6.142,159922.0,2023-10-26 10:28:57,5.561079500132943,0.0001798076058617,0.0005394228175852,0.0010000000000003,-0.0009999999999994,0.0019999999999997,1961300.0,1777400.0,-183900.0,5.558500841278744,5.5642242601552825,3738700.0,183900.0,-0.0005240537916122,-0.0219999999999993,0.0,5.5615000000000006,5.562,5.563,5.562,5.562,579560.0,579560.0,1.0,-2465.2120656687766,6.0,14.0,1.0,1.0,0.0002999999999993,30.9391815,0.0009999999999994,28978.0,122584222496.0,0.0,-29900.0,346200.0,-376100.0,-134400.0,105000.0,-239400.0,-925100.0,470000.0,-1395100.0,-570600.0,516400.0,-1087000.0,-301300.0,339800.0,-641100.0,0.0768225900815062,0.0860129927327249
1030.0,20231026.0,2.0231026102957e+16,5.56,5.559,84600.0,160100.0,5.561,5.558,40000.0,1245600.0,5.562,5.557,420600.0,331700.0,5.563,5.556,180000.0,466200.0,5.564,5.555,456200.0,150900.0,5.026,5.584,5.56,5.556,5.584,5.584,151288668.0,151288668.0,6.142,159922.0,2023-10-26 10:29:57,5.559654270535349,0.0001798722906735,0.0005396168720208,0.0010000000000003,-0.0010000000000003,0.0020000000000006,2354500.0,1181400.0,-1173100.0,5.557338840518157,5.562747587607923,3535900.0,1173100.0,-0.0002563193463287,-0.024,-0.0020000000000006,5.5595,5.561,5.561,5.56,5.56,802934.0,802934.0,1.0,-2716199.2086340007,12.0,8.0,0.0,1.0,0.000399999999999,30.9202726,0.0010000000000003,40146.7,157448779306.0,14598.0,-160100.0,84600.0,-244700.0,-1245600.0,40000.0,-1285600.0,-331700.0,420600.0,-752300.0,-466200.0,180000.0,-646200.0,-150900.0,456200.0,-607100.0,0.0753344707917704,0.075682821041105
1031.0,20231026.0,2.0231026103057e+16,5.562,5.561,291900.0,280000.0,5.563,5.56,109900.0,1049900.0,5.564,5.559,334900.0,410100.0,5.565,5.558,100000.0,460600.0,5.566,5.557,676200.0,151500.0,5.026,5.584,5.561,5.556,5.584,5.584,153297166.0,153297166.0,6.142,159922.0,2023-10-26 10:30:57,5.561489596083232,0.0001798076058617,0.0005394228175852,0.0010000000000003,-0.0009999999999994,0.0019999999999997,2352100.0,1512900.0,-839200.0,5.559359806130692,5.564501487209993,3865000.0,839200.0,0.0003300605740841,-0.0229999999999996,0.0010000000000003,5.5615000000000006,5.56,5.561,5.56,5.561,2008498.0,2008498.0,1.0,2739587.466283957,17.0,3.0,1.0,0.0,0.0001499999999996,30.92305285,0.0,100424.9,1268221517972.0,2363.25,280000.0,-291900.0,571900.0,1049900.0,-109900.0,1159800.0,410100.0,-334900.0,745000.0,460600.0,-100000.0,560600.0,151500.0,-676200.0,827700.0,0.0785273802593751,0.0795889472933742
1032.0,20231026.0,2.0231026103157e+16,5.562,5.561,341900.0,391900.0,5.563,5.56,55000.0,843200.0,5.564,5.559,189900.0,415100.0,5.565,5.558,140000.0,520600.0,5.566,5.557,549800.0,151500.0,5.026,5.584,5.561,5.556,5.584,5.584,153519043.0,153519043.0,6.142,159922.0,2023-10-26 10:31:57,5.5615340692286725,0.0001798076058617,0.0005394228175852,0.0010000000000003,-0.0009999999999994,0.0019999999999997,2322300.0,1276600.0,-1045700.0,5.559345950135641,5.564392292025693,3598900.0,1045700.0,7.99659279326903e-06,-0.0229999999999996,0.0,5.5615000000000006,5.561,5.561,5.56,5.561,221877.0,221877.0,1.0,-416.4995232732035,12.0,8.0,1.0,1.0,0.000399999999999,30.920272599999983,0.0010000000000003,11093.85,23907766995.0,0.0,111900.0,50000.0,61900.0,-206700.0,-54900.0,-151800.0,5000.0,-145000.0,150000.0,60000.0,40000.0,20000.0,0.0,-126400.0,126400.0,0.0672796400635799,0.0697891676217203
1033.0,20231026.0,2.0231026103257e+16,5.566,5.564,172700.0,15000.0,5.567,5.563,481900.0,305500.0,5.568,5.562,453900.0,544900.0,5.569,5.561,40100.0,770000.0,5.57,5.56,159800.0,354500.0,5.026,5.584,5.566,5.556,5.584,5.584,157250257.0,157250257.0,6.142,159922.0,2023-10-26 10:32:57,5.564159829515184,0.0003593890386342,0.0007187780772687,0.0010000000000003,-0.0010000000000003,0.0020000000000006,1989900.0,1308400.0,-681500.0,5.561425348007438,5.567642616936716,3298300.0,681500.0,0.0004720173607435,-0.0179999999999997,0.0049999999999998,5.565,5.562,5.566,5.561,5.566,3731214.0,3731214.0,1.0,11275841.308813922,7.0,13.0,4.0,1.0,0.0016000000000007,30.9425219,0.0030000000000001,186560.7,3577257941864.0,229247.75,15000.0,-172700.0,187700.0,305500.0,-481900.0,787400.0,544900.0,-453900.0,998800.0,770000.0,-40100.0,810100.0,354500.0,-159800.0,514300.0,0.0665269875943407,0.0663353548571673
0.0,0.0,0.0,0.0,0.0,0.0,0.0,0.0,0.0,0.0,0.0,0.0,0.0,0.0,0.0,0.0,0.0,0.0,0.0,0.0,0.0,0.0,0.0,0.0,0.0,0.0,0.0,0.0,0.0,0.0,0.0,0.0,0.0,0.0,0.0,0.0,0.0,0.0,0.0,0.0,0.0,0.0,0.0,0.0,0.0,0.0,0.0,0.0,0.0,0.0,0.0,0.0,0.0,0.0,0.0,0.0,0.0,0.0,0.0,0.0,0.0,0.0,0.0,0.0,0.0,0.0,0.0,0.0,0.0,0.0,0.0,0.0,0.0,0.0,0.0,0.0,0.0,0.0,0.0,0.0,0.0,0.0,0.0,0.0,0.0,0.0
1035.0,20231026.0,2.0231026103457e+16,5.569,5.568,134700.0,196800.0,5.57,5.567,646600.0,110800.0,5.571,5.566,455000.0,259900.0,5.572,5.565,180000.0,520000.0,5.573,5.564,99800.0,974700.0,5.026,5.584,5.569,5.556,5.584,5.584,158583903.0,158583903.0,6.142,159922.0,2023-10-26 10:34:57,5.56859366515837,0.0001795815749304,0.0005387447247912,0.0009999999999994,-0.0010000000000003,0.0019999999999997,2062200.0,1516100.0,-546100.0,5.5650471341286005,5.570646197480377,3578300.0,546100.0,0.0003705182033311,-0.0149999999999996,0.0030000000000001,5.5685,5.566,5.569,5.566,5.569,727160.0,727160.0,1.0,8531798.726844514,15.0,5.0,3.0,0.0,0.0004999999999997,31.008193199999997,0.0002500000000003,36358.0,182197465856.0,278.5,196800.0,-134700.0,331500.0,110800.0,-646600.0,757400.0,259900.0,-455000.0,714900.0,520000.0,-180000.0,700000.0,974700.0,-99800.0,1074500.0,0.0987061958901665,0.0848014901660362
1036.0,20231026.0,2.0231026103557e+16,5.568,5.567,6900.0,179900.0,5.569,5.566,186400.0,555000.0,5.57,5.565,372000.0,310000.0,5.571,5.564,310000.0,804700.0,5.572,5.563,360000.0,487200.0,5.026,5.584,5.568,5.556,5.584,5.584,161077319.0,161077319.0,6.142,159922.0,2023-10-26 10:35:57,5.567963062098501,0.0001796138302648,0.0005388414907948,0.0010000000000003,-0.0010000000000003,0.0020000000000006,2336800.0,1235300.0,-1101500.0,5.564630135227661,5.570671739658383,3572100.0,1101500.0,-0.0001132491982911,-0.016,-0.0010000000000003,5.5675,5.569,5.57,5.567,5.568,2493416.0,2493416.0,1.0,-2875836.781307828,10.0,10.0,4.0,4.0,0.0006000000000003,31.0070796,0.0012499999999997,124670.8,1499196613198.0,120951.75,-179900.0,6900.0,-186800.0,-555000.0,186400.0,-741400.0,-310000.0,372000.0,-682000.0,-804700.0,310000.0,-1114700.0,-487200.0,360000.0,-847200.0,0.1302970398080573,0.1021148014390914
1037.0,20231026.0,2.0231026103657e+16,5.566,5.564,149500.0,659900.0,5.567,5.563,161900.0,580200.0,5.568,5.562,382000.0,830000.0,5.569,5.561,510000.0,59800.0,5.57,5.56,339800.0,231700.0,5.026,5.584,5.567,5.556,5.584,5.584,162616816.0,162616816.0,6.142,159922.0,2023-10-26 10:36:57,5.56563059056091,0.0003593890386342,0.0007187780772687,0.0010000000000003,-0.0010000000000003,0.0020000000000006,2361600.0,1543200.0,-818400.0,5.562582994579945,5.568472200622084,3904800.0,818400.0,-0.0004189970721912,-0.0169999999999994,-0.0009999999999994,5.565,5.568,5.568,5.565,5.567,1539497.0,1539497.0,1.0,-2889381.214280801,10.0,10.0,1.0,2.0,0.0011999999999998,30.982584000000003,0.0019999999999997,76974.85,1318677219227.0,11134.0,-659900.0,149500.0,-809400.0,-580200.0,161900.0,-742100.0,-830000.0,382000.0,-1212000.0,-59800.0,510000.0,-569800.0,-231700.0,339800.0,-571500.0,0.1302798449889497,0.1113028151248303
1038.0,20231026.0,2.0231026103757e+16,5.566,5.565,126900.0,145000.0,5.567,5.564,114900.0,182700.0,5.568,5.563,350000.0,815000.0,5.569,5.562,510000.0,600000.0,5.57,5.561,317000.0,420000.0,5.026,5.584,5.565,5.556,5.584,5.584,164486923.0,164486923.0,6.142,159922.0,2023-10-26 10:37:57,5.565533284295697,0.0001796783757073,0.0005390351271224,0.0010000000000003,-0.0010000000000003,0.0020000000000006,2162700.0,1418800.0,-743900.0,5.562552735007167,5.568546447702284,3581500.0,743900.0,-1.748357428010827e-05,-0.0189999999999992,-0.0019999999999997,5.5655,5.567,5.567,5.563,5.565,1870107.0,1870107.0,1.0,-5867497.521403919,9.0,11.0,2.0,3.0,0.0011500000000008,30.959766949999995,0.0020000000000006,93505.35,1066326246903.0,83586.25,145000.0,-22600.0,167600.0,182700.0,-47000.0,229700.0,815000.0,-32000.0,847000.0,600000.0,0.0,600000.0,420000.0,-22800.0,442800.0,0.1231177126273529,0.109862695934135
1039.0,20231026.0,2.0231026103857e+16,5.566,5.564,89100.0,345700.0,5.567,5.563,164900.0,865000.0,5.568,5.562,310000.0,550000.0,5.569,5.561,530200.0,320000.0,5.57,5.56,339800.0,320500.0,5.026,5.584,5.565,5.556,5.584,5.584,164581529.0,164581529.0,6.142,159922.0,2023-10-26 10:38:57,5.565590156393744,0.0003593890386342,0.0007187780772687,0.0010000000000003,-0.0010000000000003,0.0020000000000006,2401200.0,1434000.0,-967200.0,5.562247959353657,5.568604393305439,3835200.0,967200.0,1.0218572878306633e-05,-0.0189999999999992,0.0,5.565,5.565,5.566,5.565,5.565,94606.0,94606.0,1.0,-2191.042018362321,1.0,19.0,1.0,1.0,4.999999999988347e-05,30.969781550000004,0.0,4730.3,8538839170.0,0.0,-345700.0,-37800.0,-307900.0,-865000.0,50000.0,-915000.0,-550000.0,-40000.0,-510000.0,-320000.0,20200.0,-340200.0,-320500.0,22800.0,-343300.0,0.1089492956962518,0.1034156976078056
1040.0,20231026.0,2.0231026103957e+16,5.562,5.56,100000.0,20700.0,5.563,5.559,466900.0,245500.0,5.564,5.558,590000.0,1080600.0,5.565,5.557,280000.0,551400.0,5.566,5.556,199800.0,223200.0,5.026,5.584,5.563,5.556,5.584,5.584,165236215.0,165236215.0,6.142,159922.0,2023-10-26 10:39:57,5.5603429991715,0.0003596475454056,0.0007192950908109,0.0009999999999994,-0.0009999999999994,0.0019999999999988,2121400.0,1636700.0,-484700.0,5.557664891109645,5.564007759516099,3758100.0,484700.0,-0.0009432301161445,-0.0209999999999999,-0.0020000000000006,5.561,5.565,5.565,5.562,5.563,654686.0,654686.0,1.0,-5916110.54755111,3.0,17.0,1.0,2.0,0.0002500000000003,30.94975114999998,0.0,32734.3,126142665226.0,0.0,-20700.0,100000.0,-120700.0,-245500.0,466900.0,-712400.0,-1080600.0,590000.0,-1670600.0,-551400.0,280000.0,-831400.0,-223200.0,199800.0,-423000.0,0.1121337806190987,0.1036781021211392
1041.0,20231026.0,2.0231026104057e+16,5.562,5.56,59100.0,399800.0,5.563,5.559,161300.0,990600.0,5.564,5.558,350000.0,510600.0,5.565,5.557,530000.0,421600.0,5.566,5.556,299800.0,156200.0,5.026,5.584,5.561,5.556,5.584,5.584,165404147.0,165404147.0,6.142,159922.0,2023-10-26 10:40:57,5.561742427544128,0.0003596475454056,0.0007192950908109,0.0009999999999994,-0.0009999999999994,0.0019999999999988,2478800.0,1400200.0,-1078600.0,5.558426093270938,5.564607127553206,3879000.0,1078600.0,0.0002516485580394,-0.0229999999999996,-0.0019999999999997,5.561,5.562,5.562,5.56,5.561,167932.0,167932.0,1.0,-2976298.021827555,11.0,9.0,1.0,2.0,0.0004999999999979,30.930282600000005,0.0010000000000003,8396.6,12567959928.0,0.0,379100.0,-40900.0,420000.0,745100.0,-305600.0,1050700.0,-570000.0,-240000.0,-330000.0,-129800.0,250000.0,-379800.0,-67000.0,100000.0,-167000.0,0.0770061099195707,0.0866623432717804
1042.0,20231026.0,2.0231026104157e+16,5.56,5.559,6600.0,155600.0,5.561,5.558,224600.0,850600.0,5.562,5.557,288900.0,766600.0,5.563,5.556,401200.0,266400.0,5.564,5.555,669800.0,110900.0,5.026,5.584,5.56,5.556,5.584,5.584,166010743.0,166010743.0,6.142,159922.0,2023-10-26 10:41:57,5.559959309494451,0.0001798722906735,0.0005396168720208,0.0010000000000003,-0.0010000000000003,0.0020000000000006,2150100.0,1591100.0,-559000.0,5.5573132877540585,5.562944629501604,3741200.0,559000.0,-0.0003206556167598,-0.024,-0.0010000000000003,5.5595,5.561,5.561,5.56,5.56,606596.0,606596.0,1.0,-2979404.7302168226,11.0,9.0,0.0,1.0,0.0004500000000016,30.91971655,0.0010000000000003,30329.8,112830002960.0,10286.0,-155600.0,6600.0,-162200.0,-850600.0,224600.0,-1075200.0,-766600.0,288900.0,-1055500.0,-266400.0,401200.0,-667600.0,-110900.0,669800.0,-780700.0,0.0754803105074363,0.0766142612534783
1043.0,20231026.0,2.0231026104257e+16,5.56,5.559,374500.0,244600.0,5.561,5.558,124900.0,700600.0,5.562,5.557,238900.0,816600.0,5.563,5.556,370000.0,366400.0,5.564,5.555,649800.0,110900.0,5.026,5.584,5.559,5.556,5.584,5.584,166184184.0,166184184.0,6.142,159922.0,2023-10-26 10:42:57,5.5593950896462605,0.0001798722906735,0.0005396168720208,0.0010000000000003,-0.0010000000000003,0.0020000000000006,2239100.0,1758100.0,-481000.0,5.557268679380108,5.5624525908651385,3997200.0,481000.0,-0.0001014842819864,-0.0249999999999994,-0.0009999999999994,5.5595,5.56,5.56,5.559,5.559,173441.0,173441.0,1.0,-2989461.845654037,11.0,9.0,0.0,1.0,0.0004499999999998,30.90859645,0.0009999999999994,8672.05,30081780481.0,0.0,89000.0,367900.0,-278900.0,-150000.0,-99700.0,-50300.0,50000.0,-50000.0,100000.0,100000.0,-31200.0,131200.0,0.0,-20000.0,20000.0,0.0733344286332273,0.0677791661431811
1044.0,20231026.0,2.0231026104357e+16,5.561,5.56,104900.0,10000.0,5.562,5.559,399000.0,239800.0,5.563,5.558,345000.0,450400.0,5.564,5.557,620000.0,511800.0,5.565,5.556,59800.0,836200.0,5.026,5.584,5.56,5.556,5.584,5.584,168058250.0,168058250.0,6.142,159922.0,2023-10-26 10:43:57,5.560087032201915,0.0001798399424512,0.0005395198273536,0.0009999999999994,-0.0010000000000003,0.0019999999999997,2048200.0,1528700.0,-519500.0,5.557060443316082,5.563085562896579,3576900.0,519500.0,0.0001244558962305,-0.024,0.0009999999999994,5.560499999999999,5.559,5.56,5.559,5.56,1874066.0,1874066.0,1.0,3020330.39568178,15.0,5.0,1.0,0.0,0.0002499999999976,30.91082025,0.0002500000000003,93703.3,1288954474228.0,4170.0,10000.0,-104900.0,114900.0,239800.0,-399000.0,638800.0,450400.0,-345000.0,795400.0,511800.0,-620000.0,1131800.0,836200.0,-59800.0,896000.0,0.069781602210594,0.0647102331050923
1045.0,20231026.0,2.0231026104457e+16,5.563,5.561,190000.0,14900.0,5.564,5.56,250000.0,760000.0,5.565,5.559,310000.0,386600.0,5.566,5.558,830000.0,460700.0,5.567,5.557,199800.0,351600.0,5.026,5.584,5.562,5.556,5.584,5.584,169497792.0,169497792.0,6.142,159922.0,2023-10-26 10:44:57,5.561145436798438,0.0003595828838546,0.0007191657677095,0.0010000000000003,-0.0010000000000003,0.0020000000000006,1973800.0,1779800.0,-194000.0,5.558810467119264,5.565336891785594,3753600.0,194000.0,0.0001903394435227,-0.0219999999999993,0.0020000000000006,5.561999999999999,5.56,5.563,5.56,5.562,1439542.0,1439542.0,1.0,6059108.123010842,9.0,11.0,2.0,1.0,0.0011000000000001,30.9258344,0.0020000000000006,71977.1,693809044428.0,6950.0,14900.0,-190000.0,204900.0,760000.0,-250000.0,1010000.0,386600.0,-310000.0,696600.0,460700.0,-830000.0,1290700.0,351600.0,-199800.0,551400.0,0.0503372743811042,0.0789546692350296
1046.0,20231026.0,2.0231026104557e+16,5.562,5.561,140000.0,16200.0,5.563,5.56,90200.0,568100.0,5.564,5.559,455200.0,436600.0,5.565,5.558,550000.0,710700.0,5.566,5.557,220000.0,251600.0,5.026,5.584,5.562,5.556,5.584,5.584,169544507.0,169544507.0,6.142,159922.0,2023-10-26 10:45:57,5.561103713188221,0.0001798076058617,0.0005394228175852,0.0010000000000003,-0.0009999999999994,0.0019999999999997,1983200.0,1455400.0,-527800.0,5.558690701895927,5.564425862305896,3438600.0,527800.0,-7.502728927244462e-06,-0.0219999999999993,0.0,5.5615000000000006,5.561,5.562,5.561,5.562,46715.0,46715.0,1.0,3048265.138440428,3.0,17.0,1.0,0.0,0.0001499999999996,30.92638945,0.0,2335.75,1081805915.0,0.0,1300.0,140000.0,-138700.0,-191900.0,90200.0,-282100.0,50000.0,455200.0,-405200.0,250000.0,550000.0,-300000.0,-100000.0,220000.0,-320000.0,0.057662552080306,0.0811616384232977
1047.0,20231026.0,2.0231026104657e+16,5.562,5.561,14700.0,10000.0,5.563,5.56,64600.0,459300.0,5.564,5.559,615000.0,915100.0,5.565,5.558,470000.0,490800.0,5.566,5.557,339800.0,401400.0,5.026,5.584,5.562,5.556,5.584,5.584,170156773.0,170156773.0,6.142,159922.0,2023-10-26 10:46:57,5.561404858299595,0.0001798076058617,0.0005394228175852,0.0010000000000003,-0.0009999999999994,0.0019999999999997,2276600.0,1504100.0,-772500.0,5.558642317490996,5.564701815038894,3780700.0,772500.0,5.415057394864142e-05,-0.0219999999999993,0.0,5.5615000000000006,5.562,5.562,5.561,5.562,612266.0,612266.0,1.0,-540.131839083042,9.0,11.0,1.0,1.0,0.0004500000000007,30.92972635,0.0010000000000003,30613.3,374189433236.0,0.0,-6200.0,-125300.0,119100.0,-108800.0,-25600.0,-83200.0,478500.0,159800.0,318700.0,-219900.0,-80000.0,-139900.0,149800.0,119800.0,30000.0,0.0563845783031853,0.0869480172396282
1048.0,20231026.0,2.0231026104757e+16,5.562,5.561,324600.0,2700.0,5.563,5.56,704600.0,67100.0,5.564,5.559,335000.0,244900.0,5.565,5.558,80000.0,430800.0,5.566,5.557,249800.0,751500.0,5.026,5.584,5.561,5.556,5.584,5.584,170218501.0,170218501.0,6.142,159922.0,2023-10-26 10:47:57,5.561008249312557,0.0001798076058617,0.0005394228175852,0.0010000000000003,-0.0009999999999994,0.0019999999999997,1497000.0,1694000.0,197000.0,5.557756646626586,5.563542975206612,3191000.0,197000.0,-7.131707541674359e-05,-0.0229999999999996,-0.0010000000000003,5.5615000000000006,5.562,5.562,5.561,5.561,61728.0,61728.0,1.0,-3060823.287179587,7.0,13.0,0.0,1.0,0.0003500000000027,30.92861405,0.0010000000000003,3086.4,3123707070.0,0.0,-7300.0,309900.0,-317200.0,-392200.0,640000.0,-1032200.0,-670200.0,-280000.0,-390200.0,-60000.0,-390000.0,330000.0,350100.0,-90000.0,440100.0,0.0571505463466152,0.0905998468373762
1049.0,20231026.0,2.0231026104857e+16,5.56,5.558,50000.0,200.0,5.561,5.557,465000.0,126800.0,5.562,5.556,384600.0,126400.0,5.563,5.555,84600.0,502500.0,5.564,5.554,249800.0,509800.0,5.026,5.584,5.558,5.556,5.584,5.584,170903929.0,170903929.0,6.142,159922.0,2023-10-26 10:48:57,5.55800796812749,0.0003597769382982,0.0007195538765964,0.0009999999999994,-0.0010000000000003,0.0019999999999997,1265700.0,1234000.0,-31700.0,5.554897922098444,5.562015559157213,2499700.0,31700.0,-0.0005396666753985,-0.0259999999999998,-0.0030000000000001,5.558999999999999,5.561,5.561,5.558,5.558,685428.0,685428.0,1.0,-9211177.783046752,6.0,14.0,1.0,4.0,0.0007000000000001,30.899146999999992,0.0012500000000006,34271.4,147986051992.0,1112.25,-200.0,50000.0,-50200.0,-126800.0,465000.0,-591800.0,-126400.0,384600.0,-511000.0,-502500.0,84600.0,-587100.0,-509800.0,249800.0,-759600.0,0.0698102253035842,0.0965990140894744
1050.0,20231026.0,2.0231026104957e+16,5.559,5.558,170000.0,23200.0,5.56,5.557,55000.0,271700.0,5.561,5.556,170000.0,281400.0,5.562,5.555,584600.0,382500.0,5.563,5.554,84400.0,730000.0,5.026,5.584,5.558,5.556,5.584,5.584,170903929.0,170903929.0,6.142,159922.0,2023-10-26 10:49:57,5.558120082815735,0.0001799046505352,0.0005397139516055,0.0009999999999994,-0.0009999999999994,0.0019999999999988,1688800.0,1064000.0,-624800.0,5.555097347228802,5.561336842105264,2752800.0,624800.0,2.017153594047194e-05,-0.0259999999999998,0.0,5.5585,5.558,5.558,5.558,5.558,0.0,0.0,5.558,0.0,20.0,0.0,0.0,0.0,2.664535259100376e-15,30.891364,0.0,0.0,0.0,0.0,23000.0,170000.0,-147000.0,144900.0,55000.0,89900.0,155000.0,170000.0,-15000.0,-120000.0,584600.0,-704600.0,220200.0,84400.0,135800.0,0.056605877627844,0.0756133011234827
1051.0,20231026.0,2.0231026105057e+16,5.558,5.557,10000.0,161600.0,5.559,5.556,100000.0,621600.0,5.56,5.555,124900.0,182700.0,5.561,5.554,60000.0,480000.0,5.562,5.553,524400.0,19900.0,5.026,5.584,5.557,5.556,5.584,5.584,171360241.0,171360241.0,6.142,159922.0,2023-10-26 10:50:57,5.557941724941725,0.0001799370220421,0.0005398110661268,0.0010000000000003,-0.0010000000000003,0.0020000000000006,1465800.0,819300.0,-646500.0,5.5552899440578525,5.561206883925303,2285100.0,646500.0,-3.2090119164607245e-05,-0.0269999999999992,-0.0009999999999994,5.5575,5.558,5.558,5.557,5.557,456312.0,456312.0,1.0,-3083682.580527353,14.0,6.0,0.0,1.0,0.0003000000000001,30.88802950000001,0.0009999999999994,22815.6,70627768440.0,0.0,-161600.0,10000.0,-171600.0,-621600.0,100000.0,-721600.0,-182700.0,124900.0,-307600.0,-480000.0,60000.0,-540000.0,-19900.0,524400.0,-544300.0,0.0523881151314992,0.0693545999418573
1052.0,20231026.0,2.0231026105157e+16,5.562,5.561,354200.0,3900.0,5.563,5.56,329600.0,40200.0,5.564,5.559,460000.0,324900.0,5.565,5.558,200000.0,590200.0,5.566,5.557,299800.0,591400.0,5.026,5.584,5.562,5.556,5.584,5.584,171862270.0,171862270.0,6.142,159922.0,2023-10-26 10:51:57,5.561010890812622,0.0001798076058617,0.0005394228175852,0.0010000000000003,-0.0009999999999994,0.0019999999999997,1550600.0,1643600.0,93000.0,5.557887527408745,5.563854952543198,3194200.0,93000.0,0.0005520602623125,-0.0219999999999993,0.0049999999999998,5.5615000000000006,5.557,5.562,5.557,5.562,502029.0,502029.0,1.0,15442026.996364966,5.0,15.0,3.0,0.0,0.0002500000000003,30.91638155,0.0004999999999997,25101.45,138732154161.0,0.0,3900.0,-354200.0,358100.0,40200.0,-329600.0,369800.0,324900.0,-460000.0,784900.0,590200.0,-200000.0,790200.0,591400.0,-299800.0,891200.0,0.0717139319395328,0.0827173113880423
1053.0,20231026.0,2.0231026105257e+16,5.559,5.558,3600.0,742200.0,5.56,5.557,324300.0,151500.0,5.561,5.556,600000.0,721400.0,5.562,5.555,324200.0,642900.0,5.563,5.554,144400.0,549800.0,5.026,5.584,5.559,5.556,5.584,5.584,172598838.0,172598838.0,6.142,159922.0,2023-10-26 10:52:57,5.558995172968625,0.0001799046505352,0.0005397139516055,0.0009999999999994,-0.0009999999999994,0.0019999999999988,2807800.0,1396500.0,-1411300.0,5.5559620343329295,5.561201575366988,4204300.0,1411300.0,-0.000362538986852,-0.0249999999999994,-0.0030000000000001,5.5585,5.562,5.562,5.559,5.559,736568.0,736568.0,1.0,-9282810.12123741,7.0,13.0,0.0,2.0,0.0007499999999991,30.910821450000004,0.0009999999999994,36828.4,304313019000.0,0.0,-742200.0,3600.0,-745800.0,-151500.0,324300.0,-475800.0,-721400.0,600000.0,-1321400.0,-642900.0,324200.0,-967100.0,-549800.0,144400.0,-694200.0,0.0782028621449068,0.0880674293401897
1054.0,20231026.0,2.0231026105357e+16,5.561,5.56,40000.0,50200.0,5.562,5.559,109200.0,99900.0,5.563,5.558,354600.0,997100.0,5.564,5.557,510000.0,721600.0,5.565,5.556,139800.0,536200.0,5.026,5.584,5.56,5.556,5.584,5.584,172663888.0,172663888.0,6.142,159922.0,2023-10-26 10:53:57,5.560556541019955,0.0001798399424512,0.0005395198273536,0.0009999999999994,-0.0010000000000003,0.0019999999999997,2405000.0,1153600.0,-1251400.0,5.557337338877338,5.563520457697642,3558600.0,1251400.0,0.0002808329151664,-0.024,0.0009999999999994,5.560499999999999,5.559,5.56,5.559,5.56,65050.0,65050.0,1.0,3104687.1773217213,12.0,8.0,2.0,1.0,0.0003999999999981,30.9091524,0.0009999999999994,3252.5,2811545220.0,0.0,50200.0,-40000.0,90200.0,99900.0,-109200.0,209100.0,997100.0,-354600.0,1351700.0,721600.0,-510000.0,1231600.0,536200.0,-139800.0,676000.0,0.0703002646240947,0.081107919017833
0.0,0.0,0.0,0.0,0.0,0.0,0.0,0.0,0.0,0.0,0.0,0.0,0.0,0.0,0.0,0.0,0.0,0.0,0.0,0.0,0.0,0.0,0.0,0.0,0.0,0.0,0.0,0.0,0.0,0.0,0.0,0.0,0.0,0.0,0.0,0.0,0.0,0.0,0.0,0.0,0.0,0.0,0.0,0.0,0.0,0.0,0.0,0.0,0.0,0.0,0.0,0.0,0.0,0.0,0.0,0.0,0.0,0.0,0.0,0.0,0.0,0.0,0.0,0.0,0.0,0.0,0.0,0.0,0.0,0.0,0.0,0.0,0.0,0.0,0.0,0.0,0.0,0.0,0.0,0.0,0.0,0.0,0.0,0.0,0.0,0.0
1056.0,20231026.0,2.0231026105557e+16,5.562,5.561,50000.0,111900.0,5.563,5.56,265000.0,384400.0,5.564,5.559,550000.0,374900.0,5.565,5.558,230000.0,1332200.0,5.566,5.557,299800.0,551400.0,5.026,5.584,5.56,5.556,5.584,5.584,174650711.0,174650711.0,6.142,159922.0,2023-10-26 10:55:57,5.561691167387276,0.0001798076058617,0.0005394228175852,0.0010000000000003,-0.0009999999999994,0.0019999999999997,2754800.0,1394800.0,-1360000.0,5.558336866560186,5.564333094350444,4149600.0,1360000.0,-5.2157411417175226e-05,-0.024,0.0,5.5615000000000006,5.562,5.565,5.56,5.56,1986823.0,1986823.0,1.0,-6339490.384724679,10.0,10.0,3.0,4.0,0.0005500000000013,30.941964849999987,0.0012499999999997,99341.15,915209205631.0,115462.25,-108000.0,45800.0,-153800.0,-465800.0,245400.0,-711200.0,-100000.0,440000.0,-540000.0,420000.0,-80000.0,500000.0,359600.0,-410000.0,769600.0,0.0967222566973977,0.1060111215119188
1057.0,20231026.0,2.0231026105657e+16,5.562,5.56,340600.0,50000.0,5.563,5.559,565000.0,75200.0,5.564,5.558,430000.0,592500.0,5.565,5.557,160000.0,881900.0,5.566,5.556,249800.0,796200.0,5.026,5.584,5.56,5.556,5.584,5.584,174706311.0,174706311.0,6.142,159922.0,2023-10-26 10:56:57,5.560256016385049,0.0003596475454056,0.0007192950908109,0.0009999999999994,-0.0009999999999994,0.0019999999999988,2395800.0,1745400.0,-650400.0,5.557040362300693,5.563663916580727,4141200.0,650400.0,-0.0002580754946017,-0.024,0.0,5.561,5.56,5.56,5.56,5.56,55600.0,55600.0,1.0,0.0,0.0,19.0,0.0,0.0,1.7763568394002505e-15,30.9136,0.0,2926.315789473684,3091360000.0,0.0,-50000.0,290600.0,-340600.0,-75200.0,300000.0,-375200.0,-592500.0,-120000.0,-472500.0,-881900.0,-70000.0,-811900.0,-796200.0,-50000.0,-746200.0,0.0899035884877207,0.098568196173392
1058.0,20231026.0,2.0231026105757e+16,5.559,5.558,99900.0,410500.0,5.56,5.557,325000.0,41900.0,5.561,5.556,550000.0,421400.0,5.562,5.555,320600.0,643000.0,5.563,5.554,189800.0,839800.0,5.026,5.584,5.559,5.556,5.584,5.584,174997099.0,174997099.0,6.142,159922.0,2023-10-26 10:57:57,5.558804271159875,0.0001799046505352,0.0005397139516055,0.0009999999999994,-0.0009999999999994,0.0019999999999988,2356600.0,1485300.0,-871300.0,5.55538059068149,5.561118090621423,3841900.0,871300.0,-0.0002611273247701,-0.0249999999999994,-0.0009999999999994,5.5585,5.56,5.56,5.559,5.559,290788.0,290788.0,1.0,-3147996.024463088,8.0,12.0,0.0,1.0,0.0003999999999999,30.9069286,0.0009999999999994,14539.4,83593156624.0,0.0,-410500.0,99900.0,-510400.0,-41900.0,325000.0,-366900.0,-421400.0,550000.0,-971400.0,-643000.0,320600.0,-963600.0,-839800.0,189800.0,-1029600.0,0.0925406132769205,0.092611737583283
1059.0,20231026.0,2.0231026105857e+16,5.559,5.558,10000.0,450100.0,5.56,5.557,355000.0,261800.0,5.561,5.556,550000.0,371400.0,5.562,5.555,340600.0,753000.0,5.563,5.554,139800.0,639800.0,5.026,5.584,5.558,5.556,5.584,5.584,174999322.0,174999322.0,6.142,159922.0,2023-10-26 10:58:57,5.558978265594436,0.0001799046505352,0.0005397139516055,0.0009999999999994,-0.0009999999999994,0.0019999999999988,2476100.0,1395400.0,-1080700.0,5.555648398691491,5.561175720223591,3871500.0,1080700.0,3.130020469455097e-05,-0.0259999999999998,-0.0010000000000003,5.5585,5.559,5.559,5.558,5.558,2223.0,2223.0,1.0,-3148602.4109402383,16.0,4.0,0.0,1.0,0.0002000000000021,30.9002576,0.0,111.15,4941729.0,0.0,39600.0,-89900.0,129500.0,219900.0,30000.0,189900.0,-50000.0,0.0,-50000.0,110000.0,20000.0,90000.0,-200000.0,-50000.0,-150000.0,0.0884243319982927,0.0896297373463121
1100.0,20231026.0,2.0231026105957e+16,5.559,5.558,290000.0,50900.0,5.56,5.557,485000.0,41900.0,5.561,5.556,330000.0,191400.0,5.562,5.555,680600.0,313000.0,5.563,5.554,189800.0,879800.0,5.026,5.584,5.558,5.556,5.584,5.584,177004649.0,177004649.0,6.142,159922.0,2023-10-26 10:59:57,5.558149310648284,0.0001799046505352,0.0005397139516055,0.0009999999999994,-0.0009999999999994,0.0019999999999988,1477000.0,1975400.0,498400.0,5.55469404197698,5.560997570112382,3452400.0,498400.0,-0.0001491311387773,-0.0259999999999998,0.0,5.5585,5.558,5.558,5.558,5.558,2005327.0,2005327.0,1.0,0.0,20.0,0.0,0.0,0.0,2.664535259100376e-15,30.891364000000003,0.0,100266.35,3114232498761.0,694.75,-399200.0,280000.0,-679200.0,-219900.0,130000.0,-349900.0,-180000.0,-220000.0,40000.0,-440000.0,340000.0,-780000.0,240000.0,50000.0,190000.0,0.0834432312631052,0.0858044909099028
1101.0,20231026.0,2.0231026110057e+16,5.557,5.556,44000.0,10000.0,5.558,5.555,465000.0,40000.0,5.559,5.554,610000.0,325000.0,5.56,5.553,530000.0,900100.0,5.561,5.552,239800.0,630000.0,5.026,5.584,5.556,5.555,5.584,5.584,181745373.0,181745373.0,6.142,159922.0,2023-10-26 11:00:57,5.556185185185186,0.0001799694052011,0.0005399082156033,0.0010000000000003,-0.0009999999999994,0.0019999999999997,1905100.0,1888800.0,-16300.0,5.552897643168337,5.559241740787802,3793900.0,16300.0,-0.000353440052444,-0.0279999999999995,-0.0019999999999997,5.5565,5.557,5.557,5.555,5.556,4740724.0,4740724.0,1.0,-3183184.2304255306,3.0,3.0,3.0,3.0,0.0,30.8691363,0.0,237036.2,3723475413570.0,281854.0,-10000.0,44000.0,-54000.0,-40000.0,465000.0,-505000.0,-325000.0,610000.0,-935000.0,-900100.0,530000.0,-1430100.0,-630000.0,239800.0,-869800.0,0.0886412808069539,0.0801311206447718
1102.0,20231026.0,2.0231026110157e+16,5.556,5.555,49800.0,29700.0,5.557,5.554,55000.0,109900.0,5.558,5.553,740000.0,135100.0,5.559,5.552,390000.0,530200.0,5.56,5.551,439900.0,941700.0,5.026,5.584,5.556,5.555,5.584,5.584,182008160.0,182008160.0,6.142,159922.0,2023-10-26 11:01:57,5.55537358490566,0.000180001800018,0.000540005400054,0.0009999999999994,-0.0010000000000003,0.0019999999999997,1746600.0,1674700.0,-71900.0,5.551715046375816,5.558665910312295,3421300.0,71900.0,-0.0001460821650249,-0.0279999999999995,0.0,5.5555,5.556,5.556,5.555,5.556,262787.0,262787.0,1.0,-579.7092365827411,19.0,1.0,1.0,1.0,5.0000000002548006e-05,30.868580450000003,0.0,13139.35,20559544121.0,833.5,-29700.0,49800.0,-79500.0,-109900.0,55000.0,-164900.0,-135100.0,740000.0,-875100.0,-530200.0,390000.0,-920200.0,-941700.0,439900.0,-1381600.0,0.0816893754340638,0.0714052718650739
0.0,0.0,0.0,0.0,0.0,0.0,0.0,0.0,0.0,0.0,0.0,0.0,0.0,0.0,0.0,0.0,0.0,0.0,0.0,0.0,0.0,0.0,0.0,0.0,0.0,0.0,0.0,0.0,0.0,0.0,0.0,0.0,0.0,0.0,0.0,0.0,0.0,0.0,0.0,0.0,0.0,0.0,0.0,0.0,0.0,0.0,0.0,0.0,0.0,0.0,0.0,0.0,0.0,0.0,0.0,0.0,0.0,0.0,0.0,0.0,0.0,0.0,0.0,0.0,0.0,0.0,0.0,0.0,0.0,0.0,0.0,0.0,0.0,0.0,0.0,0.0,0.0,0.0,0.0,0.0,0.0,0.0,0.0,0.0,0.0,0.0
1104.0,20231026.0,2.0231026110357e+16,5.553,5.551,162700.0,9800.0,5.554,5.55,128000.0,193100.0,5.555,5.549,620000.0,421000.0,5.556,5.548,610000.0,881100.0,5.557,5.547,159900.0,509300.0,5.026,5.584,5.552,5.552,5.584,5.584,183995947.0,183995947.0,6.142,159922.0,2023-10-26 11:03:57,5.551113623188407,0.0003602305475503,0.0007204610951009,0.0010000000000003,-0.0010000000000003,0.0020000000000006,2014300.0,1680600.0,-333700.0,5.548162488209303,5.555283470189218,3694900.0,333700.0,-0.0008593742731712,-0.032,-0.0040000000000004,5.552,5.556,5.556,5.552,5.552,1662786.0,1662786.0,1.0,-13220206.968809998,7.0,13.0,0.0,3.0,0.0013499999999977,30.83969905,0.0030000000000001,83139.3,921270619042.0,40684.0,-9800.0,162700.0,-172500.0,-193100.0,128000.0,-321100.0,-421000.0,620000.0,-1041000.0,-881100.0,610000.0,-1491100.0,-509300.0,159900.0,-669200.0,0.0934962495036084,0.0854861203205145
1105.0,20231026.0,2.0231026110457e+16,5.552,5.55,258000.0,1200.0,5.553,5.549,580700.0,101000.0,5.554,5.548,590000.0,311100.0,5.555,5.547,230000.0,1009400.0,5.556,5.546,230000.0,569900.0,5.026,5.584,5.551,5.551,5.584,5.584,184083105.0,184083105.0,6.142,159922.0,2023-10-26 11:04:57,5.550009259259259,0.0003602954422626,0.0007205908845252,0.0009999999999994,-0.0010000000000003,0.0019999999999997,1992600.0,1888700.0,-103900.0,5.546973301214494,5.553784666701964,3881300.0,103900.0,-0.0001989643650441,-0.0329999999999994,-0.0009999999999994,5.551,5.552,5.552,5.551,5.551,87158.0,87158.0,1.0,-3316215.186451053,14.0,6.0,0.0,1.0,0.0003000000000001,30.8213731,0.0009999999999994,4357.9,3805777924.0,0.0,-1200.0,258000.0,-259200.0,-101000.0,580700.0,-681700.0,-311100.0,590000.0,-901100.0,-1009400.0,230000.0,-1239400.0,-569900.0,230000.0,-799900.0,0.082610904357911,0.0842694004622362
1106.0,20231026.0,2.0231026110557e+16,5.55,5.549,69900.0,200.0,5.551,5.548,110600.0,111400.0,5.552,5.547,500000.0,334400.0,5.553,5.546,459300.0,690000.0,5.554,5.545,889900.0,410300.0,5.026,5.584,5.55,5.549,5.584,5.584,184207424.0,184207424.0,6.142,159922.0,2023-10-26 11:05:57,5.549002853067048,0.0001801964140912,0.000540589242274,0.0010000000000003,-0.0010000000000003,0.0020000000000006,1546300.0,2029700.0,483400.0,5.546095388993081,5.552979799970439,3576000.0,483400.0,-0.0001813505895449,-0.0339999999999998,-0.0010000000000003,5.5495,5.55,5.55,5.549,5.55,124319.0,124319.0,1.0,-588.1334807500243,19.0,1.0,1.0,1.0,5.000000000165983e-05,30.80194505,0.0,6215.95,6181433491.0,555.0,-200.0,69900.0,-70100.0,-111400.0,110600.0,-222000.0,-334400.0,500000.0,-834400.0,-690000.0,459300.0,-1149300.0,-410300.0,889900.0,-1300200.0,0.0804935985069352,0.0788389844775291
1107.0,20231026.0,2.0231026110657e+16,5.55,5.549,45500.0,210000.0,5.551,5.548,130000.0,467100.0,5.552,5.547,135000.0,609400.0,5.553,5.546,759300.0,530000.0,5.554,5.545,609900.0,280300.0,5.026,5.584,5.549,5.548,5.584,5.584,184299533.0,184299533.0,6.142,159922.0,2023-10-26 11:06:57,5.549821917808219,0.0001801964140912,0.000540589242274,0.0010000000000003,-0.0010000000000003,0.0020000000000006,2096800.0,1679700.0,-417100.0,5.54690294734834,5.553046675001489,3776500.0,417100.0,0.0001475948597382,-0.0349999999999992,-0.0009999999999994,5.5495,5.55,5.55,5.548,5.549,92109.0,92109.0,1.0,-3319579.269988804,7.0,13.0,1.0,2.0,0.0008499999999997,30.793066249999992,0.0009999999999994,4605.45,2860261485.0,0.0,209800.0,-24400.0,234200.0,355700.0,19400.0,336300.0,275000.0,-365000.0,640000.0,-160000.0,300000.0,-460000.0,-130000.0,-280000.0,150000.0,0.0845922695073167,0.079727901145002
1108.0,20231026.0,2.0231026110757e+16,5.55,5.549,3500.0,560100.0,5.551,5.548,90000.0,327100.0,5.552,5.547,75000.0,549600.0,5.553,5.546,129300.0,441000.0,5.554,5.545,409900.0,130300.0,5.026,5.584,5.549,5.548,5.584,5.584,184299533.0,184299533.0,6.142,159922.0,2023-10-26 11:07:57,5.54999378992193,0.0001801964140912,0.000540589242274,0.0010000000000003,-0.0010000000000003,0.0020000000000006,2008100.0,707700.0,-1300400.0,5.547371346048503,5.553204041260421,2715800.0,1300400.0,3.0968462585212464e-05,-0.0349999999999992,0.0,5.5495,5.549,5.549,5.549,5.549,0.0,0.0,5.549,0.0,0.0,20.0,0.0,0.0,2.664535259100376e-15,30.791401,0.0,0.0,0.0,0.0,350100.0,-42000.0,392100.0,-140000.0,-40000.0,-100000.0,-59800.0,-60000.0,200.0,-89000.0,-630000.0,541000.0,-150000.0,-200000.0,50000.0,0.0877575875529334,0.0816268267072753
1109.0,20231026.0,2.0231026110857e+16,5.548,5.547,40000.0,3800.0,5.549,5.546,164900.0,774200.0,5.55,5.545,59900.0,695300.0,5.551,5.544,139800.0,405000.0,5.552,5.543,717000.0,292100.0,5.026,5.584,5.547,5.547,5.584,5.584,188147561.0,188147561.0,6.142,159922.0,2023-10-26 11:08:57,5.547086757990868,0.0001802613789996,0.0005407841369986,0.0009999999999994,-0.0010000000000003,0.0019999999999997,2170400.0,1121600.0,-1048800.0,5.544904441577589,5.551184825249644,3292000.0,1048800.0,-0.0005239273491814,-0.0369999999999999,-0.0020000000000006,5.547499999999999,5.549,5.549,5.547,5.547,3848028.0,3848028.0,1.0,-6712217.806268521,8.0,12.0,1.0,3.0,0.000799999999999,30.7825238,0.0010000000000003,192401.4,7474739808786.0,55332.0,-3800.0,40000.0,-43800.0,-774200.0,164900.0,-939100.0,-695300.0,59900.0,-755200.0,-405000.0,139800.0,-544800.0,-292100.0,717000.0,-1009100.0,0.0781444173741113,0.0743752511222077
1110.0,20231026.0,2.0231026110957e+16,5.549,5.548,41900.0,255200.0,5.55,5.547,54000.0,400000.0,5.551,5.546,149900.0,866100.0,5.552,5.545,200000.0,470300.0,5.553,5.544,359200.0,255000.0,5.026,5.584,5.549,5.547,5.584,5.584,188399998.0,188399998.0,6.142,159922.0,2023-10-26 11:09:57,5.5488589700437565,0.0001802288906912,0.0005406866720735,0.0010000000000003,-0.0009999999999994,0.0019999999999997,2246600.0,805000.0,-1441600.0,5.545968886317102,5.551969689440993,3051600.0,1441600.0,0.0003194341629628,-0.0349999999999992,0.0020000000000006,5.548500000000001,5.547,5.55,5.547,5.549,252437.0,252437.0,1.0,6790142.766928099,6.0,14.0,3.0,1.0,0.0001000000000006,30.792511399999995,0.0009999999999994,12621.85,60166171909.0,0.0,255200.0,-41900.0,297100.0,400000.0,-54000.0,454000.0,866100.0,-149900.0,1016000.0,470300.0,-200000.0,670300.0,255000.0,-359200.0,614200.0,0.0886156694810856,0.0785635988542174
1111.0,20231026.0,2.0231026111057e+16,5.55,5.549,89000.0,9900.0,5.551,5.548,74900.0,425300.0,5.552,5.547,140000.0,525000.0,5.553,5.546,129300.0,821100.0,5.554,5.545,779900.0,160200.0,5.026,5.584,5.549,5.547,5.584,5.584,188514923.0,188514923.0,6.142,159922.0,2023-10-26 11:10:57,5.549100101112234,0.0001801964140912,0.000540589242274,0.0010000000000003,-0.0010000000000003,0.0020000000000006,1941500.0,1213100.0,-728400.0,5.546641308266805,5.553183908993489,3154600.0,728400.0,4.3455029338224094e-05,-0.0349999999999992,0.0,5.5495,5.549,5.549,5.548,5.549,114925.0,114925.0,1.0,815.8715211143717,14.0,6.0,2.0,2.0,0.000300000000001,30.7880719,0.0010000000000003,5746.25,6414274775.0,0.0,9900.0,-89000.0,98900.0,425300.0,-74900.0,500200.0,525000.0,-140000.0,665000.0,821100.0,-129300.0,950400.0,160200.0,-779900.0,940100.0,0.0820271399823154,0.0749346308995242
0.0,0.0,0.0,0.0,0.0,0.0,0.0,0.0,0.0,0.0,0.0,0.0,0.0,0.0,0.0,0.0,0.0,0.0,0.0,0.0,0.0,0.0,0.0,0.0,0.0,0.0,0.0,0.0,0.0,0.0,0.0,0.0,0.0,0.0,0.0,0.0,0.0,0.0,0.0,0.0,0.0,0.0,0.0,0.0,0.0,0.0,0.0,0.0,0.0,0.0,0.0,0.0,0.0,0.0,0.0,0.0,0.0,0.0,0.0,0.0,0.0,0.0,0.0,0.0,0.0,0.0,0.0,0.0,0.0,0.0,0.0,0.0,0.0,0.0,0.0,0.0,0.0,0.0,0.0,0.0,0.0,0.0,0.0,0.0,0.0,0.0
1113.0,20231026.0,2.0231026111257e+16,5.55,5.549,89900.0,4100.0,5.551,5.548,145000.0,70000.0,5.552,5.547,450000.0,302300.0,5.553,5.546,469300.0,451100.0,5.554,5.545,259900.0,880200.0,5.026,5.584,5.549,5.547,5.584,5.584,188863994.0,188863994.0,6.142,159922.0,2023-10-26 11:12:57,5.549043617021277,0.0001801964140912,0.000540589242274,0.0010000000000003,-0.0010000000000003,0.0020000000000006,1707700.0,1414100.0,-293600.0,5.545750775897406,5.552469768757514,3121800.0,293600.0,-0.0001716182568602,-0.0349999999999992,-0.0009999999999994,5.5495,5.55,5.55,5.549,5.549,132621.0,132621.0,1.0,-3403178.104161026,2.0,18.0,0.0,1.0,0.0001000000000024,30.792510900000003,0.0,6631.05,12550880853.0,0.0,-45900.0,89700.0,-135600.0,-440300.0,45100.0,-485400.0,-257700.0,245100.0,-502800.0,-250000.0,340000.0,-590000.0,680000.0,-480000.0,1160000.0,0.0856842124631977,0.0794462035020267
1114.0,20231026.0,2.0231026111357e+16,5.55,5.548,120000.0,69200.0,5.551,5.547,114900.0,116900.0,5.552,5.546,600000.0,676400.0,5.553,5.545,439300.0,820300.0,5.554,5.544,259900.0,305000.0,5.026,5.584,5.549,5.547,5.584,5.584,189194189.0,189194189.0,6.142,159922.0,2023-10-26 11:13:57,5.548731501057082,0.0003604253018561,0.0007208506037124,0.0010000000000003,-0.0010000000000003,0.0020000000000006,1987800.0,1534100.0,-453700.0,5.545408894254956,5.552393846554984,3521900.0,453700.0,-5.624838509632468e-05,-0.0349999999999992,0.0,5.549,5.549,5.55,5.549,5.549,330195.0,330195.0,1.0,-4187.06247533951,5.0,15.0,2.0,2.0,0.0002500000000011,30.794175749999997,0.0002500000000003,16509.75,52570958927.0,0.0,-69200.0,30100.0,-99300.0,-116900.0,-30100.0,-86800.0,-676400.0,150000.0,-826400.0,-820300.0,-30000.0,-790300.0,-305000.0,0.0,-305000.0,0.0720142955833754,0.0722573369387085
1115.0,20231026.0,2.0231026111457e+16,5.549,5.547,178100.0,167200.0,5.55,5.546,155000.0,416000.0,5.551,5.545,100000.0,500300.0,5.552,5.544,580000.0,664900.0,5.553,5.543,439200.0,162000.0,5.026,5.584,5.548,5.547,5.584,5.584,189281849.0,189281849.0,6.142,159922.0,2023-10-26 11:14:57,5.547968433246452,0.0003604902667629,0.0007209805335255,0.0009999999999994,-0.0009999999999994,0.0019999999999988,1910400.0,1452300.0,-458100.0,5.544875157035176,5.551652206844316,3362700.0,458100.0,-0.0001375305841107,-0.0359999999999995,-0.0010000000000003,5.548,5.549,5.549,5.548,5.548,87660.0,87660.0,1.0,-3410383.219179221,8.0,12.0,0.0,1.0,0.0004000000000008,30.784742800000004,0.0010000000000003,4383.0,3535450354.0,0.0,-167200.0,178100.0,-345300.0,-416000.0,155000.0,-571000.0,-500300.0,100000.0,-600300.0,-664900.0,580000.0,-1244900.0,-162000.0,439200.0,-601200.0,0.0576046910620435,0.0700354446515896
1116.0,20231026.0,2.0231026111557e+16,5.553,5.552,90000.0,52000.0,5.554,5.551,99900.0,500000.0,5.555,5.55,209900.0,1050400.0,5.556,5.549,99900.0,370000.0,5.557,5.548,450200.0,249900.0,5.026,5.584,5.553,5.547,5.584,5.584,190291968.0,190291968.0,6.142,159922.0,2023-10-26 11:15:57,5.552366197183098,0.00018009905448,0.0005402971634399,0.0009999999999994,-0.0010000000000003,0.0019999999999997,2222300.0,949900.0,-1272400.0,5.549880394186203,5.555758395620592,3172200.0,1272400.0,0.0007923660525841,-0.0309999999999996,0.0049999999999998,5.5525,5.548,5.553,5.548,5.553,1010119.0,1010119.0,1.0,17123422.752071943,6.0,14.0,3.0,0.0,0.0006999999999997,30.815823600000005,0.0019999999999997,50505.95,493878110273.0,0.0,52000.0,-90000.0,142000.0,500000.0,-99900.0,599900.0,1050400.0,-209900.0,1260300.0,370000.0,-99900.0,469900.0,249900.0,-450200.0,700100.0,0.0873645045987278,0.0860340850819412
1117.0,20231026.0,2.0231026111657e+16,5.553,5.552,46100.0,318100.0,5.554,5.551,135000.0,801000.0,5.555,5.55,130000.0,530400.0,5.556,5.549,210000.0,330000.0,5.557,5.548,80100.0,149900.0,5.026,5.584,5.552,5.547,5.584,5.584,190435765.0,190435765.0,6.142,159922.0,2023-10-26 11:16:57,5.552873421197145,0.00018009905448,0.0005402971634399,0.0009999999999994,-0.0010000000000003,0.0019999999999997,2129400.0,601200.0,-1528200.0,5.550379167840706,5.555237857618097,2730600.0,1528200.0,9.134859432657905e-05,-0.032,-0.0010000000000003,5.5525,5.553,5.553,5.552,5.552,143797.0,143797.0,1.0,-3428648.991355612,8.0,12.0,0.0,1.0,0.0003999999999972,30.829146,0.0010000000000003,7189.85,8988796153.0,0.0,266100.0,-43900.0,310000.0,301000.0,35100.0,265900.0,-520000.0,-79900.0,-440100.0,-40000.0,110100.0,-150100.0,-100000.0,-370100.0,270100.0,0.0880225841057133,0.0810414778742457
1118.0,20231026.0,2.0231026111757e+16,5.553,5.552,25100.0,100.0,5.554,5.551,99900.0,134900.0,5.555,5.55,314900.0,795400.0,5.556,5.549,390000.0,880800.0,5.557,5.548,310100.0,249900.0,5.026,5.584,5.553,5.547,5.584,5.584,190901048.0,190901048.0,6.142,159922.0,2023-10-26 11:17:57,5.552003968253967,0.00018009905448,0.0005402971634399,0.0009999999999994,-0.0010000000000003,0.0019999999999997,2061100.0,1140000.0,-921100.0,5.549395711028092,5.55575447368421,3201100.0,921100.0,-0.0001565893822079,-0.0309999999999996,0.0010000000000003,5.5525,5.552,5.553,5.552,5.553,465283.0,465283.0,1.0,3435840.2485154634,14.0,6.0,1.0,0.0,0.0003000000000019,30.8324775,0.0010000000000003,23264.15,116756771347.0,0.0,-318000.0,-21000.0,-297000.0,-666100.0,-35100.0,-631000.0,265000.0,184900.0,80100.0,550800.0,180000.0,370800.0,100000.0,230000.0,-130000.0,0.0847252158336909,0.0799959349733335
1119.0,20231026.0,2.0231026111857e+16,5.55,5.547,60000.0,107000.0,5.551,5.546,545000.0,121100.0,5.552,5.545,430000.0,612300.0,5.553,5.544,135200.0,944800.0,5.554,5.543,309900.0,279100.0,5.026,5.584,5.549,5.547,5.584,5.584,191469956.0,191469956.0,6.142,159922.0,2023-10-26 11:18:57,5.548922155688623,0.0005406866720735,0.0009011444534558,0.0009999999999994,-0.0010000000000003,0.0019999999999997,2064300.0,1480100.0,-584200.0,5.5444342392094175,5.55206080670225,3544400.0,584200.0,-0.000555235231747,-0.0349999999999992,-0.0039999999999995,5.5485,5.553,5.553,5.549,5.549,568908.0,568908.0,1.0,-13777618.58253196,10.0,10.0,0.0,4.0,0.0009500000000004,30.80194635,0.0019999999999997,28445.4,83071801634.0,138.75,-107000.0,60000.0,-167000.0,-121100.0,545000.0,-666100.0,-612300.0,430000.0,-1042300.0,-944800.0,135200.0,-1080000.0,-279100.0,309900.0,-589000.0,0.0883903578302002,0.0932964311732735
1120.0,20231026.0,2.0231026111957e+16,5.551,5.548,85000.0,109900.0,5.552,5.547,480000.0,227900.0,5.553,5.546,345200.0,1071100.0,5.554,5.545,300000.0,871300.0,5.555,5.544,129900.0,205000.0,5.026,5.584,5.549,5.547,5.584,5.584,191469956.0,191469956.0,6.142,159922.0,2023-10-26 11:19:57,5.549691636736788,0.000540589242274,0.0009009820704567,0.0010000000000003,-0.0009999999999994,0.0019999999999997,2485200.0,1340100.0,-1145100.0,5.545664574279737,5.55293269159018,3825300.0,1145100.0,0.0001386625507995,-0.0349999999999992,0.0,5.5495,5.549,5.549,5.549,5.549,0.0,0.0,5.549,0.0,0.0,0.0,0.0,0.0,0.0,30.791401,0.0,0.0,0.0,0.0,109900.0,-85000.0,194900.0,227900.0,-480000.0,707900.0,1071100.0,-345200.0,1416300.0,871300.0,-300000.0,1171300.0,205000.0,-129900.0,334900.0,0.0844670125987404,0.1036569294244873
1121.0,20231026.0,2.0231026112057e+16,5.55,5.548,55000.0,109900.0,5.551,5.547,90000.0,172900.0,5.552,5.546,360000.0,1000300.0,5.553,5.545,445200.0,811300.0,5.554,5.544,479900.0,345000.0,5.026,5.584,5.549,5.547,5.584,5.584,191469956.0,191469956.0,6.142,159922.0,2023-10-26 11:20:57,5.549332929047908,0.0003604253018561,0.0007208506037124,0.0010000000000003,-0.0010000000000003,0.0020000000000006,2439400.0,1430100.0,-1009300.0,5.5455455439862265,5.552842598419691,3869500.0,1009300.0,-6.463769620101978e-05,-0.0349999999999992,0.0,5.549,5.549,5.549,5.549,5.549,0.0,0.0,5.549,0.0,0.0,0.0,0.0,0.0,0.0,30.791401,0.0,0.0,0.0,0.0,0.0,55000.0,-55000.0,-55000.0,90000.0,-145000.0,-70800.0,360000.0,-430800.0,-60000.0,445200.0,-505200.0,140000.0,479900.0,-339900.0,0.0677255405263705,0.0969289660901329
1122.0,20231026.0,2.0231026112157e+16,5.55,5.548,63800.0,109900.0,5.551,5.547,75000.0,288000.0,5.552,5.546,400000.0,1151100.0,5.553,5.545,425200.0,971300.0,5.554,5.544,459900.0,205000.0,5.026,5.584,5.55,5.547,5.584,5.584,191470511.0,191470511.0,6.142,159922.0,2023-10-26 11:21:57,5.549265400115141,0.0003604253018561,0.0007208506037124,0.0010000000000003,-0.0010000000000003,0.0020000000000006,2725300.0,1423900.0,-1301400.0,5.545679484827359,5.552802303532552,4149200.0,1301400.0,-1.2168911922794123e-05,-0.0339999999999998,0.0009999999999994,5.549,5.549,5.55,5.549,5.55,555.0,555.0,1.0,3449919.117115205,6.0,14.0,1.0,0.0,0.0003000000000001,30.7947307,0.0009999999999994,27.75,308025.0,0.0,0.0,8800.0,-8800.0,115100.0,-15000.0,130100.0,150800.0,40000.0,110800.0,160000.0,-20000.0,180000.0,-140000.0,-20000.0,-120000.0,0.0618041909005607,0.0975714595253106
1123.0,20231026.0,2.0231026112257e+16,5.55,5.548,69900.0,19900.0,5.551,5.547,165000.0,227000.0,5.552,5.546,390000.0,712100.0,5.553,5.545,425200.0,1121300.0,5.554,5.544,419900.0,364900.0,5.026,5.584,5.55,5.547,5.584,5.584,191470511.0,191470511.0,6.142,159922.0,2023-10-26 11:22:57,5.548443207126949,0.0003604253018561,0.0007208506037124,0.0010000000000003,-0.0010000000000003,0.0020000000000006,2445200.0,1470000.0,-975200.0,5.545352077539669,5.552653197278912,3915200.0,975200.0,-0.0001481734687394,-0.0339999999999998,0.0,5.549,5.55,5.55,5.55,5.55,0.0,0.0,5.55,0.0,20.0,0.0,0.0,0.0,8.881784197001252e-16,30.8025,0.0,0.0,0.0,0.0,-90000.0,6100.0,-96100.0,-61000.0,90000.0,-151000.0,-439000.0,-10000.0,-429000.0,150000.0,0.0,150000.0,159900.0,-40000.0,199900.0,0.0668866958002258,0.1024654401892414
1124.0,20231026.0,2.0231026112357e+16,5.549,5.547,45300.0,176700.0,5.55,5.546,94900.0,116100.0,5.551,5.545,520000.0,492300.0,5.552,5.544,390000.0,1070000.0,5.553,5.543,35100.0,692200.0,5.026,5.584,5.548,5.547,5.584,5.584,191500475.0,191500475.0,6.142,159922.0,2023-10-26 11:23:57,5.548591891891891,0.0003604902667629,0.0007209805335255,0.0009999999999994,-0.0009999999999994,0.0019999999999988,2547300.0,1085300.0,-1462000.0,5.54422078278962,5.551253109739243,3632600.0,1462000.0,2.6797205492146148e-05,-0.0359999999999995,-0.0019999999999997,5.548,5.55,5.55,5.548,5.548,29964.0,29964.0,1.0,-6903017.586665348,4.0,16.0,1.0,2.0,0.0003000000000019,30.7836333,0.0,1498.2,772861946.0,0.0,-176700.0,45300.0,-222000.0,-116100.0,94900.0,-211000.0,-492300.0,520000.0,-1012300.0,-1070000.0,390000.0,-1460000.0,-692200.0,35100.0,-727300.0,0.0744030822643558,0.089700720112821
1125.0,20231026.0,2.0231026112457e+16,5.552,5.55,95000.0,300700.0,5.553,5.549,115100.0,1044200.0,5.554,5.548,529900.0,905000.0,5.555,5.547,97000.0,247100.0,5.556,5.546,592000.0,271100.0,5.026,5.584,5.55,5.547,5.584,5.584,191721325.0,191721325.0,6.142,159922.0,2023-10-26 11:24:57,5.551519838261309,0.0003602954422626,0.0007205908845252,0.0009999999999994,-0.0010000000000003,0.0019999999999997,2768100.0,1429000.0,-1339100.0,5.548309345760631,5.554682925122463,4197100.0,1339100.0,0.0005275526064068,-0.0339999999999998,0.0019999999999997,5.551,5.548,5.55,5.548,5.55,220850.0,220850.0,1.0,6908876.576575816,1.0,19.0,1.0,0.0,0.0001000000000006,30.781413800000003,0.0,11042.5,24388022500.0,0.0,300700.0,-95000.0,395700.0,1044200.0,-115100.0,1159300.0,905000.0,-529900.0,1434900.0,247100.0,-97000.0,344100.0,271100.0,-592000.0,863100.0,0.0883688146510853,0.089844716936399
1126.0,20231026.0,2.0231026112557e+16,5.554,5.553,10500.0,59900.0,5.555,5.552,95000.0,310700.0,5.556,5.551,110000.0,1176200.0,5.557,5.55,430200.0,730000.0,5.558,5.549,709900.0,280000.0,5.026,5.584,5.554,5.547,5.584,5.584,192261039.0,192261039.0,6.142,159922.0,2023-10-26 11:25:57,5.553850852272728,0.0001800666246511,0.0005401998739533,0.0010000000000003,-0.0009999999999994,0.0019999999999997,2556800.0,1355600.0,-1201200.0,5.550663837609512,5.557279138388905,3912400.0,1201200.0,0.0004197994124841,-0.0299999999999993,0.0040000000000004,5.5535,5.552,5.554,5.552,5.554,539714.0,539714.0,1.0,6923335.938064969,17.0,3.0,1.0,0.0,0.0002999999999993,30.8435842,0.0,26985.7,98650622874.0,0.0,59900.0,-10500.0,70400.0,310700.0,-95000.0,405700.0,1176200.0,-110000.0,1286200.0,730000.0,-430200.0,1160200.0,280000.0,-709900.0,989900.0,0.0928647888602835,0.0938861516572181
1127.0,20231026.0,2.0231026112657e+16,5.553,5.552,49900.0,23900.0,5.554,5.551,515000.0,67000.0,5.555,5.55,510000.0,185000.0,5.556,5.549,160000.0,200800.0,5.557,5.548,60100.0,1240200.0,5.026,5.584,5.552,5.547,5.584,5.584,193014481.0,193014481.0,6.142,159922.0,2023-10-26 11:26:57,5.5523238482384825,0.00018009905448,0.0005402971634399,0.0009999999999994,-0.0010000000000003,0.0019999999999997,1716900.0,1295000.0,-421900.0,5.548505212883686,5.554741621621622,3011900.0,421900.0,-0.0002749828964598,-0.032,-0.0020000000000006,5.5525,5.554,5.554,5.551,5.552,753442.0,753442.0,1.0,-6925972.260209978,12.0,7.0,1.0,3.0,0.0010526315789469,30.83522578947368,0.0020000000000006,39654.84210526316,166223866584.0,47753.0,-23900.0,49900.0,-73800.0,-67000.0,515000.0,-582000.0,-185000.0,510000.0,-695000.0,-200800.0,160000.0,-360800.0,-1240200.0,60100.0,-1300300.0,0.0971416411773078,0.0939688561522995
1128.0,20231026.0,2.0231026112757e+16,5.552,5.551,4800.0,169900.0,5.553,5.55,55000.0,109900.0,5.554,5.549,230000.0,525700.0,5.555,5.548,470000.0,1094500.0,5.556,5.547,569900.0,407000.0,5.026,5.584,5.551,5.547,5.584,5.584,193336439.0,193336439.0,6.142,159922.0,2023-10-26 11:27:57,5.551972524327418,0.0001801314959919,0.0005403944879762,0.0010000000000003,-0.0010000000000003,0.0020000000000006,2307000.0,1329700.0,-977300.0,5.548367663632424,5.555162066631571,3636700.0,977300.0,-6.327711354114918e-05,-0.0329999999999994,-0.0009999999999994,5.5515,5.552,5.552,5.551,5.551,321958.0,321958.0,1.0,-3482111.889747665,12.0,8.0,0.0,1.0,0.000399999999999,30.820262799999988,0.0009999999999994,16097.9,79006072964.0,0.0,-169900.0,4800.0,-174700.0,-109900.0,55000.0,-164900.0,-525700.0,230000.0,-755700.0,-1094500.0,470000.0,-1564500.0,-407000.0,569900.0,-976900.0,0.0966414586608186,0.0936310653275008
0.0,0.0,0.0,0.0,0.0,0.0,0.0,0.0,0.0,0.0,0.0,0.0,0.0,0.0,0.0,0.0,0.0,0.0,0.0,0.0,0.0,0.0,0.0,0.0,0.0,0.0,0.0,0.0,0.0,0.0,0.0,0.0,0.0,0.0,0.0,0.0,0.0,0.0,0.0,0.0,0.0,0.0,0.0,0.0,0.0,0.0,0.0,0.0,0.0,0.0,0.0,0.0,0.0,0.0,0.0,0.0,0.0,0.0,0.0,0.0,0.0,0.0,0.0,0.0,0.0,0.0,0.0,0.0,0.0,0.0,0.0,0.0,0.0,0.0,0.0,0.0,0.0,0.0,0.0,0.0,0.0,0.0,0.0,0.0,0.0,0.0
1130.0,20231026.0,2.0231026112957e+16,5.556,5.551,180000.0,10500.0,5.557,5.548,200.0,300.0,5.558,5.547,190000.0,197100.0,5.56,5.546,23000.0,101100.0,5.574,5.545,2500.0,351300.0,5.026,5.584,5.551,5.547,5.584,5.584,193633471.0,193633471.0,6.142,159922.0,2023-10-26 11:29:57,5.551275590551181,0.0009003331232555,0.0016208914903197,0.0030000000000001,-0.0010000000000003,0.0040000000000004,660300.0,395700.0,-264600.0,5.545846887778282,5.557307050796058,1056000.0,264600.0,-9.21060435721266e-05,-0.0329999999999994,-0.0009999999999994,5.5535,5.552,5.552,5.551,5.551,2776.0,2776.0,1.0,-3488262.8535379693,11.0,9.0,0.0,1.0,0.0004500000000007,30.81970765,0.0009999999999994,138.8,7706176.0,0.0,-174400.0,-180000.0,5600.0,-300.0,-200.0,-100.0,-197100.0,-190000.0,-7100.0,-101100.0,-23000.0,-78100.0,-351300.0,-2500.0,-348800.0,0.0683887236551716,0.0788917597060192
1301.0,20231026.0,2.0231026130057e+16,5.554,5.552,500.0,169900.0,5.556,5.551,270200.0,61000.0,5.557,5.55,270200.0,1080500.0,5.558,5.549,319800.0,569900.0,5.559,5.548,50000.0,263100.0,5.026,5.584,5.554,5.547,5.584,5.584,193678465.0,193678465.0,6.142,159922.0,2023-10-26 13:00:57,5.5539941314554,0.0003601656762111,0.0009003331232555,0.0009999999999994,-0.0019999999999997,0.0029999999999992,2144400.0,910700.0,-1233700.0,5.5496757601193805,5.557162622158779,3055100.0,1233700.0,0.0004895947647514,-0.0299999999999993,0.0030000000000001,5.553,5.551,5.556,5.551,5.554,44994.0,44994.0,1.0,10452058.486570084,20.0,2.0,1.0,2.0,9.09090909093635e-05,30.845907272727278,0.0,2045.1818181818185,1538257550.0,0.0,169900.0,500.0,169400.0,61000.0,270200.0,-209200.0,1080500.0,270200.0,810300.0,569900.0,319800.0,250100.0,263100.0,50000.0,213100.0,0.0612413188582857,0.1225451870084668
1302.0,20231026.0,2.0231026130157e+16,5.558,5.557,272000.0,38800.0,5.559,5.556,270000.0,100000.0,5.56,5.555,6658.0,40000.0,5.561,5.554,80000.0,800000.0,5.562,5.553,409800.0,330000.0,5.026,5.584,5.559,5.547,5.584,5.584,194004775.0,194004775.0,6.142,159922.0,2023-10-26 13:01:57,5.557124839124839,0.0001799370220421,0.0005398110661268,0.0010000000000003,-0.0010000000000003,0.0020000000000006,1308800.0,1038458.0,-270342.0,5.554020171149144,5.560082429910502,2347258.0,270342.0,0.0005635269967998,-0.0249999999999994,0.0049999999999998,5.5575,5.554,5.559,5.554,5.559,326310.0,326310.0,1.0,17431687.518110137,10.0,10.0,3.0,0.0,0.0019500000000007,30.880809450000005,0.0049999999999998,16315.5,51705027094.0,277.75,38800.0,-272000.0,310800.0,100000.0,-270000.0,370000.0,40000.0,-6658.0,46658.0,800000.0,-80000.0,880000.0,330000.0,-409800.0,739800.0,0.115981449287883,0.1428034012330821
1303.0,20231026.0,2.0231026130257e+16,5.556,5.554,425000.0,140100.0,5.557,5.553,290000.0,119900.0,5.558,5.552,209900.0,174400.0,5.559,5.551,287000.0,121300.0,5.56,5.55,466458.0,981200.0,5.026,5.584,5.554,5.547,5.584,5.584,195480872.0,195480872.0,6.142,159922.0,2023-10-26 13:02:57,5.554495841443992,0.0003600360036003,0.0007200720072008,0.0010000000000003,-0.0010000000000003,0.0020000000000006,1536900.0,1678358.0,141458.0,5.550904548116337,5.558047615586186,3215258.0,141458.0,-0.0004731978899352,-0.0299999999999993,-0.0049999999999998,5.555,5.557,5.557,5.554,5.554,1476097.0,1476097.0,1.0,-10525006.26064878,10.0,10.0,1.0,3.0,0.00075,30.85524835,0.0009999999999994,73804.85,460907728359.0,88463.25,-140100.0,425000.0,-565100.0,-119900.0,290000.0,-409900.0,-174400.0,209900.0,-384300.0,-121300.0,287000.0,-408300.0,-981200.0,466458.0,-1447658.0,0.1310927698070202,0.1583748591468029
1304.0,20231026.0,2.0231026130357e+16,5.552,5.551,69900.0,1700.0,5.553,5.55,684900.0,45100.0,5.554,5.549,590000.0,135000.0,5.555,5.548,170000.0,343100.0,5.556,5.547,289900.0,1217000.0,5.026,5.584,5.551,5.547,5.584,5.584,196592268.0,196592268.0,6.142,159922.0,2023-10-26 13:03:57,5.551023743016761,0.0001801314959919,0.0005403944879762,0.0010000000000003,-0.0010000000000003,0.0020000000000006,1741900.0,1804700.0,62800.0,5.547433549572306,5.553958497257162,3546600.0,62800.0,-0.0006252924077896,-0.0329999999999994,-0.0030000000000001,5.5515,5.556,5.556,5.551,5.551,1111396.0,1111396.0,1.0,-17707824.53611924,8.0,12.0,0.0,1.0,0.0019999999999997,30.83581499999999,0.0049999999999998,55569.8,840255856336.0,0.0,-1700.0,69900.0,-71600.0,-45100.0,684900.0,-730000.0,-135000.0,590000.0,-725000.0,-343100.0,170000.0,-513100.0,-1217000.0,289900.0,-1506900.0,0.1392369648997057,0.1653562688896015
1305.0,20231026.0,2.0231026130457e+16,5.55,5.548,568700.0,47000.0,5.551,5.547,315900.0,307100.0,5.552,5.546,449900.0,461100.0,5.553,5.545,170000.0,1043300.0,5.554,5.544,289900.0,639900.0,5.026,5.584,5.55,5.547,5.584,5.584,196621132.0,196621132.0,6.142,159922.0,2023-10-26 13:04:57,5.548152671755726,0.0003604253018561,0.0007208506037124,0.0010000000000003,-0.0010000000000003,0.0020000000000006,2498400.0,1794400.0,-704000.0,5.545230707652897,5.551607946946055,4292800.0,704000.0,-0.0005173485343021,-0.0339999999999998,-0.0010000000000003,5.549,5.551,5.551,5.55,5.55,28864.0,28864.0,1.0,-3542723.0991002824,16.0,4.0,0.0,1.0,0.0001999999999995,30.8113808,0.0,1443.2,468940600.0,0.0,-47000.0,568700.0,-615700.0,-307100.0,315900.0,-623000.0,-461100.0,449900.0,-911000.0,-1043300.0,170000.0,-1213300.0,-639900.0,289900.0,-929800.0,0.1421094848450372,0.1660992398907809
1306.0,20231026.0,2.0231026130557e+16,5.553,5.552,248700.0,10100.0,5.554,5.551,610000.0,40300.0,5.555,5.55,390000.0,239900.0,5.556,5.549,410000.0,140000.0,5.557,5.548,130100.0,1269900.0,5.026,5.584,5.552,5.547,5.584,5.584,197624703.0,197624703.0,6.142,159922.0,2023-10-26 13:05:57,5.552039026275116,0.00018009905448,0.0005402971634399,0.0009999999999994,-0.0010000000000003,0.0019999999999997,1700200.0,1788800.0,88600.0,5.54845941653923,5.5547555903398935,3489000.0,88600.0,0.0007002319930886,-0.032,0.0019999999999997,5.5525,5.55,5.552,5.548,5.552,1003571.0,1003571.0,1.0,7115590.055121537,13.0,7.0,4.0,2.0,0.0004999999999997,30.800835950000003,0.0009999999999994,50178.55,275270244301.0,38986.5,10100.0,-248700.0,258800.0,40300.0,-610000.0,650300.0,239900.0,-390000.0,629900.0,140000.0,-410000.0,550000.0,1269900.0,-130100.0,1400000.0,0.1480201808400504,0.1459852239254716
1307.0,20231026.0,2.0231026130657e+16,5.555,5.553,260200.0,110000.0,5.556,5.552,540000.0,160000.0,5.557,5.551,310100.0,300200.0,5.558,5.55,367000.0,1170100.0,5.559,5.549,251800.0,549900.0,5.026,5.584,5.553,5.547,5.584,5.584,198115033.0,198115033.0,6.142,159922.0,2023-10-26 13:06:57,5.553594273365748,0.0003601008282318,0.0007202016564638,0.0010000000000003,-0.0010000000000003,0.0020000000000006,2290200.0,1729100.0,-561100.0,5.550174788228102,5.556890231912556,4019300.0,561100.0,0.0002800825596949,-0.0309999999999996,0.0010000000000003,5.554,5.552,5.553,5.552,5.553,490330.0,490330.0,1.0,3559871.726995606,19.0,1.0,1.0,0.0,5.000000000165983e-05,30.83525375,0.0,24516.5,104850323822.0,0.0,110000.0,-260200.0,370200.0,160000.0,-540000.0,700000.0,300200.0,-310100.0,610300.0,1170100.0,-367000.0,1537100.0,549900.0,-251800.0,801700.0,0.1084002809198072,0.1385222779698089
1308.0,20231026.0,2.0231026130757e+16,5.555,5.554,10000.0,109500.0,5.556,5.553,229200.0,166800.0,5.557,5.552,400200.0,287900.0,5.558,5.551,450000.0,1281300.0,5.559,5.55,109900.0,550100.0,5.026,5.584,5.554,5.547,5.584,5.584,198774872.0,198774872.0,6.142,159922.0,2023-10-26 13:07:57,5.554916317991632,0.0001800342064991,0.0005401026194977,0.0010000000000003,-0.0010000000000003,0.0020000000000006,2395600.0,1199300.0,-1196300.0,5.551166931040242,5.55735070457767,3594900.0,1196300.0,0.0002380237424726,-0.0299999999999993,0.0010000000000003,5.5545,5.553,5.555,5.553,5.554,659839.0,659839.0,1.0,3559203.465383386,4.0,16.0,1.0,1.0,0.0003499999999991,30.839696749999984,0.0,32991.95,154574682573.0,9023.5,109500.0,-250200.0,359700.0,166800.0,-310800.0,477600.0,287900.0,90100.0,197800.0,1281300.0,83000.0,1198300.0,550100.0,-141900.0,692000.0,0.095298312632244,0.1209845712909974
1309.0,20231026.0,2.0231026130857e+16,5.553,5.551,108900.0,156100.0,5.554,5.55,250000.0,150200.0,5.555,5.549,350000.0,320000.0,5.556,5.548,660000.0,1170000.0,5.557,5.547,150100.0,417200.0,5.026,5.584,5.552,5.547,5.584,5.584,199342934.0,199342934.0,6.142,159922.0,2023-10-26 13:08:57,5.552178113207548,0.0003602305475503,0.0007204610951009,0.0010000000000003,-0.0010000000000003,0.0020000000000006,2213500.0,1519000.0,-694500.0,5.548303365710414,5.555324160631995,3732500.0,694500.0,-0.0004930551111306,-0.032,-0.0020000000000006,5.552,5.555,5.555,5.552,5.552,568062.0,568062.0,1.0,-10761530.336884413,6.0,14.0,0.0,2.0,0.0010999999999965,30.836921299999997,0.0030000000000001,28403.1,108696944840.0,4860.25,-156100.0,108900.0,-265000.0,-150200.0,250000.0,-400200.0,-320000.0,350000.0,-670000.0,-1170000.0,660000.0,-1830000.0,-417200.0,150100.0,-567300.0,0.0970934025401029,0.1263936727326271
1310.0,20231026.0,2.0231026130957e+16,5.554,5.552,127800.0,12800.0,5.555,5.551,358200.0,277000.0,5.556,5.55,550000.0,463200.0,5.557,5.549,190100.0,950000.0,5.558,5.548,406800.0,739900.0,5.026,5.584,5.553,5.547,5.584,5.584,199388469.0,199388469.0,6.142,159922.0,2023-10-26 13:09:57,5.552182076813655,0.0003601656762111,0.000720331352422,0.0009999999999994,-0.0009999999999994,0.0019999999999988,2442900.0,1632900.0,-810000.0,5.549129231650906,5.556238777634883,4075800.0,810000.0,7.138828423958188e-07,-0.0309999999999996,0.0010000000000003,5.553,5.552,5.553,5.552,5.553,45535.0,45535.0,1.0,3590644.1383048184,10.0,10.0,1.0,0.0,0.0005000000000001,30.8302565,0.0010000000000003,2276.75,2073436225.0,0.0,12800.0,-127800.0,140600.0,277000.0,-358200.0,635200.0,463200.0,-550000.0,1013200.0,950000.0,-190100.0,1140100.0,739900.0,-406800.0,1146700.0,0.0967715137167687,0.129186906389575
1311.0,20231026.0,2.0231026131057e+16,5.555,5.553,59800.0,259000.0,5.556,5.552,60000.0,1190000.0,5.557,5.551,64600.0,615300.0,5.558,5.55,649700.0,523200.0,5.559,5.549,332000.0,159900.0,5.026,5.584,5.553,5.547,5.584,5.584,200370873.0,200370873.0,6.142,159922.0,2023-10-26 13:10:57,5.554624843161856,0.0003601008282318,0.0007202016564638,0.0010000000000003,-0.0010000000000003,0.0020000000000006,2747400.0,1166100.0,-1581300.0,5.551314843124408,5.557972558099649,3913500.0,1581300.0,0.0004398683447344,-0.0309999999999996,0.0,5.554,5.553,5.555,5.552,5.553,982404.0,982404.0,1.0,-14003.311775823124,13.0,7.0,3.0,2.0,0.0009500000000013,30.83525455,0.0010000000000003,49120.2,170712887172.0,111903.75,259000.0,-59800.0,318800.0,1190000.0,-60000.0,1250000.0,615300.0,-64600.0,679900.0,523200.0,-649700.0,1172900.0,159900.0,-332000.0,491900.0,0.111374979751292,0.1197567526321306
1312.0,20231026.0,2.0231026131157e+16,5.555,5.553,19000.0,299000.0,5.556,5.552,53700.0,565700.0,5.557,5.551,320200.0,1167300.0,5.558,5.55,669800.0,573100.0,5.559,5.549,114900.0,399700.0,5.026,5.584,5.555,5.547,5.584,5.584,200542478.0,200542478.0,6.142,159922.0,2023-10-26 13:11:57,5.554880503144654,0.0003601008282318,0.0007202016564638,0.0010000000000003,-0.0010000000000003,0.0020000000000006,3004800.0,1177600.0,-1827200.0,5.550930511182109,5.55768605638587,4182400.0,1827200.0,4.602544845577761e-05,-0.0289999999999999,0.0019999999999997,5.554,5.553,5.556,5.553,5.555,171605.0,171605.0,1.0,7216052.191211268,10.0,10.0,3.0,1.0,0.0008500000000015,30.84525075,0.0019999999999997,8580.25,8505981505.0,2083.5,40000.0,-40800.0,80800.0,-624300.0,-6300.0,-618000.0,552000.0,255600.0,296400.0,49900.0,20100.0,29800.0,239800.0,-217100.0,456900.0,0.1060158203826435,0.1048684294008432
1313.0,20231026.0,2.0231026131257e+16,5.551,5.55,160000.0,22000.0,5.552,5.549,493400.0,450000.0,5.553,5.548,558900.0,120000.0,5.554,5.547,390000.0,847300.0,5.555,5.546,130000.0,641000.0,5.026,5.584,5.551,5.547,5.584,5.584,201132112.0,201132112.0,6.142,159922.0,2023-10-26 13:12:57,5.550120879120879,0.0001801639491938,0.0005404918475811,0.0009999999999994,-0.0009999999999994,0.0019999999999988,2080300.0,1732300.0,-348000.0,5.547213911455079,5.552905674536743,3812600.0,348000.0,-0.000857203732153,-0.0329999999999994,-0.0039999999999995,5.5505,5.555,5.555,5.551,5.551,589634.0,589634.0,1.0,-14469107.897592846,9.0,11.0,0.0,3.0,0.0005999999999977,30.8313682,0.0010000000000003,29481.7,89314936606.0,10130.5,-22000.0,160000.0,-182000.0,-450000.0,493400.0,-943400.0,-120000.0,558900.0,-678900.0,-847300.0,390000.0,-1237300.0,-641000.0,130000.0,-771000.0,0.1112925095837555,0.1038928214938506
1314.0,20231026.0,2.0231026131357e+16,5.554,5.552,668100.0,9000.0,5.555,5.551,549200.0,243100.0,5.556,5.55,469800.0,412200.0,5.557,5.549,90200.0,60000.0,5.558,5.548,109900.0,1049900.0,5.026,5.584,5.552,5.547,5.584,5.584,201297549.0,201297549.0,6.142,159922.0,2023-10-26 13:13:57,5.55202658396101,0.0003601656762111,0.000720331352422,0.0009999999999994,-0.0009999999999994,0.0019999999999988,1774200.0,1887200.0,113000.0,5.548929827527899,5.555165218312845,3661400.0,113000.0,0.0003433038275133,-0.032,0.0009999999999994,5.553,5.551,5.552,5.551,5.552,165437.0,165437.0,1.0,3625013.478175457,13.0,7.0,2.0,1.0,0.00035,30.82081795,0.0009999999999994,8271.85,13361082447.0,138.75,9000.0,-668100.0,677100.0,243100.0,-549200.0,792300.0,412200.0,-469800.0,882000.0,60000.0,-90200.0,150200.0,1049900.0,-109900.0,1159800.0,0.1057328391515068,0.103731469576062
1315.0,20231026.0,2.0231026131457e+16,5.554,5.552,28100.0,59000.0,5.555,5.551,60000.0,245200.0,5.556,5.55,580000.0,512200.0,5.557,5.549,529400.0,1290000.0,5.558,5.548,379700.0,429900.0,5.026,5.584,5.553,5.547,5.584,5.584,201298105.0,201298105.0,6.142,159922.0,2023-10-26 13:14:57,5.553354764638346,0.0003601656762111,0.000720331352422,0.0009999999999994,-0.0009999999999994,0.0019999999999988,2536300.0,1577200.0,-959100.0,5.54929558806135,5.556743469439514,4113500.0,959100.0,0.0002391958712586,-0.0309999999999996,0.0010000000000003,5.553,5.552,5.553,5.552,5.553,556.0,556.0,1.0,3625033.405367679,17.0,3.0,1.0,0.0,0.0001500000000005,30.83414325,0.0,27.8,309136.0,0.0,50000.0,-640000.0,690000.0,2100.0,-489200.0,491300.0,100000.0,110200.0,-10200.0,1230000.0,439200.0,790800.0,-620000.0,269800.0,-889800.0,0.095074509783369,0.1078575802778005
1316.0,20231026.0,2.0231026131557e+16,5.556,5.555,19800.0,19000.0,5.557,5.554,569000.0,188000.0,5.558,5.553,749200.0,110100.0,5.559,5.552,135000.0,345000.0,5.56,5.551,356458.0,1033800.0,5.026,5.584,5.555,5.547,5.584,5.584,201323655.0,201323655.0,6.142,159922.0,2023-10-26 13:15:57,5.555489690721649,0.000180001800018,0.000540005400054,0.0009999999999994,-0.0010000000000003,0.0019999999999997,1695900.0,1829458.0,133558.0,5.551710655109381,5.55813081251387,3525358.0,133558.0,0.0003843651098305,-0.0289999999999999,0.0019999999999997,5.5555,5.553,5.555,5.553,5.555,25550.0,25550.0,1.0,7248376.417640966,6.0,14.0,1.0,0.0,0.0006000000000003,30.842473799999997,0.0019999999999997,1277.5,365935082.0,0.0,19000.0,-19800.0,38800.0,188000.0,-569000.0,757000.0,110100.0,-749200.0,859300.0,345000.0,-135000.0,480000.0,1033800.0,-356458.0,1390258.0,0.0733070370816514,0.1130119036332635
1317.0,20231026.0,2.0231026131657e+16,5.559,5.557,23900.0,266700.0,5.56,5.556,626658.0,250000.0,5.561,5.555,589200.0,100300.0,5.562,5.554,309800.0,1130000.0,5.563,5.553,130000.0,390800.0,5.026,5.584,5.557,5.547,5.584,5.584,202160605.0,202160605.0,6.142,159922.0,2023-10-26 13:16:57,5.558835512732278,0.0003598416696653,0.0007196833393306,0.0010000000000003,-0.0009999999999994,0.0019999999999997,2137800.0,1679558.0,-458242.0,5.554472261203107,5.560937687177222,3817358.0,458242.0,0.0006020738192291,-0.0269999999999992,0.0020000000000006,5.558,5.555,5.558,5.555,5.557,836950.0,836950.0,1.0,7250893.149094922,15.0,5.0,2.0,1.0,0.00035,30.87636025,0.0005000000000006,41847.5,205057528076.0,14309.0,266700.0,-23900.0,290600.0,250000.0,-626658.0,876658.0,100300.0,-589200.0,689500.0,1130000.0,-309800.0,1439800.0,390800.0,-130000.0,520800.0,0.0692336602028271,0.126388444616779
1318.0,20231026.0,2.0231026131757e+16,5.562,5.561,10100.0,160000.0,5.563,5.56,380200.0,228800.0,5.564,5.559,869000.0,335200.0,5.565,5.558,150700.0,240000.0,5.566,5.557,269800.0,1030000.0,5.026,5.584,5.561,5.547,5.584,5.584,202971874.0,202971874.0,6.142,159922.0,2023-10-26 13:17:57,5.561940623162846,0.0001798076058617,0.0005394228175852,0.0010000000000003,-0.0009999999999994,0.0019999999999997,1994000.0,1679800.0,-314200.0,5.558121765295888,5.564172580069057,3673800.0,314200.0,0.0005584341368474,-0.0229999999999996,0.0039999999999995,5.5615000000000006,5.557,5.561,5.557,5.561,811269.0,811269.0,1.0,14560227.280121945,17.0,3.0,2.0,0.0,0.0003999999999999,30.920273399999992,0.0,40563.45,285742596443.0,0.0,160000.0,-10100.0,170100.0,228800.0,-380200.0,609000.0,335200.0,-869000.0,1204200.0,240000.0,-150700.0,390700.0,1030000.0,-269800.0,1299800.0,0.0682650852298605,0.1333119042833407
1319.0,20231026.0,2.0231026131857e+16,5.56,5.559,9600.0,89400.0,5.561,5.558,49000.0,159000.0,5.562,5.557,679600.0,448200.0,5.563,5.556,398600.0,570100.0,5.564,5.555,449600.0,912900.0,5.026,5.584,5.56,5.547,5.584,5.584,204220827.0,204220827.0,6.142,159922.0,2023-10-26 13:18:57,5.55990303030303,0.0001798722906735,0.0005396168720208,0.0010000000000003,-0.0010000000000003,0.0020000000000006,2179600.0,1586400.0,-593200.0,5.556055744173243,5.562775088250125,3766000.0,593200.0,-0.0003664127901992,-0.024,-0.0010000000000003,5.5595,5.563,5.563,5.56,5.56,1248953.0,1248953.0,1.0,-10973044.018312734,8.0,12.0,0.0,3.0,0.0005999999999994,30.920273099999985,0.0010000000000003,62447.65,863616874697.0,13071.25,-89400.0,9600.0,-99000.0,-159000.0,49000.0,-208000.0,-448200.0,679600.0,-1127800.0,-570100.0,398600.0,-968700.0,-912900.0,449600.0,-1362500.0,0.0687678891742112,0.1238907047919877
1320.0,20231026.0,2.0231026131957e+16,5.563,5.561,199200.0,59900.0,5.564,5.56,269800.0,402400.0,5.565,5.559,390700.0,1170000.0,5.566,5.558,409800.0,471700.0,5.567,5.557,37000.0,549800.0,5.026,5.584,5.562,5.547,5.584,5.584,211212500.0,211212500.0,6.142,159922.0,2023-10-26 13:19:57,5.561462369741412,0.0003595828838546,0.0007191657677095,0.0010000000000003,-0.0010000000000003,0.0020000000000006,2653800.0,1306500.0,-1347300.0,5.558604680081393,5.564858859548411,3960300.0,1347300.0,0.0002804223029295,-0.0219999999999993,0.0020000000000006,5.561999999999999,5.558,5.562,5.558,5.562,6991673.0,6991673.0,1.0,15150216.345216222,11.0,9.0,4.0,0.0,0.0015999999999998,30.9180513,0.0040000000000004,349583.65,9620079178489.0,556545.0,59900.0,-199200.0,259100.0,402400.0,-269800.0,672200.0,1170000.0,-390700.0,1560700.0,471700.0,-409800.0,881500.0,549800.0,-37000.0,586800.0,0.0926820979407714,0.1245617320218579
1321.0,20231026.0,2.0231026132057e+16,5.561,5.559,298800.0,269800.0,5.562,5.558,80000.0,439900.0,5.563,5.557,350000.0,1220200.0,5.564,5.556,572100.0,665000.0,5.565,5.555,60500.0,302900.0,5.026,5.584,5.561,5.547,5.584,5.584,213119543.0,213119543.0,6.142,159922.0,2023-10-26 13:20:57,5.559948997537812,0.0003597122302157,0.0007194244604317,0.0010000000000003,-0.0010000000000003,0.0020000000000006,2897800.0,1361400.0,-1536400.0,5.556899475464146,5.563011385338622,4259200.0,1536400.0,-0.0002721547046438,-0.0229999999999996,-0.0010000000000003,5.5600000000000005,5.562,5.563,5.558,5.561,1907043.0,1907043.0,1.0,-3781648.9021938993,8.0,12.0,3.0,4.0,0.0011000000000001,30.914713700000004,0.0019999999999997,95352.15,632822854477.0,166064.75,-269800.0,298800.0,-568600.0,-439900.0,80000.0,-519900.0,-1220200.0,350000.0,-1570200.0,-665000.0,572100.0,-1237100.0,-302900.0,60500.0,-363400.0,0.110802630936292,0.1246913344101938
