time,exchg,code,price,open,high,low,settle_price,upper_limit,lower_limit,total_volume,volume,total_turnover,turnover,open_interest,diff_interest,trading_date,action_date,action_time,pre_close,pre_settle,pre_interest,bid_price_0,bid_price_1,bid_price_2,bid_price_3,bid_price_4,bid_price_5,bid_price_6,bid_price_7,bid_price_8,bid_price_9,ask_price_0,ask_price_1,ask_price_2,ask_price_3,ask_price_4,ask_price_5,ask_price_6,ask_price_7,ask_price_8,ask_price_9,bid_qty_0,bid_qty_1,bid_qty_2,bid_qty_3,bid_qty_4,bid_qty_5,bid_qty_6,bid_qty_7,bid_qty_8,bid_qty_9,ask_qty_0,ask_qty_1,ask_qty_2,ask_qty_3,ask_qty_4,ask_qty_5,ask_qty_6,ask_qty_7,ask_qty_8,ask_qty_9
20231026093648000,SZSE,SZSE.ETF.159901,2.47,2.467,2.477,2.462,0.0,2.727,2.231,7439055.0,6232826.0,7439055.0,6232826.0,0.0,0.0,20231026,20231026,93648000,2.479,0.0,0.0,2.47,2.469,2.468,2.467,2.466,2.465,2.463,2.462,2.461,2.46,2.471,2.472,2.473,2.474,2.475,2.476,2.477,2.478,2.479,2.48,93600.0,400000.0,426600.0,416900.0,183600.0,355200.0,20400.0,32100.0,91500.0,123000.0,200000.0,133600.0,542800.0,650000.0,668300.0,300000.0,90300.0,63500.0,31000.0,75500.0
20231026093651000,SZSE,SZSE.ETF.159901,2.471,2.467,2.477,2.462,0.0,2.727,2.231,7565571.0,126516.0,7565571.0,126516.0,0.0,0.0,20231026,20231026,93651000,2.479,0.0,0.0,2.47,2.469,2.468,2.467,2.466,2.465,2.464,2.463,2.462,2.461,2.471,2.472,2.473,2.474,2.475,2.476,2.477,2.478,2.479,2.48,3600.0,590100.0,480000.0,508300.0,139800.0,355200.0,49000.0,20400.0,32100.0,91500.0,152400.0,170000.0,551800.0,1010000.0,354400.0,205000.0,90300.0,63500.0,31000.0,75500.0
20231026093654000,SZSE,SZSE.ETF.159901,2.471,2.467,2.477,2.462,0.0,2.727,2.231,7598682.0,33111.0,7598682.0,33111.0,0.0,0.0,20231026,20231026,93654000,2.479,0.0,0.0,2.47,2.469,2.468,2.467,2.466,2.465,2.464,2.463,2.462,2.461,2.471,2.472,2.473,2.474,2.475,2.476,2.477,2.478,2.479,2.48,90000.0,503700.0,350000.0,509600.0,268500.0,355200.0,49000.0,20400.0,32100.0,91500.0,139000.0,80000.0,636300.0,925100.0,439300.0,205000.0,90300.0,63500.0,31000.0,75500.0
20231026093657000,SZSE,SZSE.ETF.159901,2.471,2.467,2.477,2.462,0.0,2.727,2.231,7598682.0,0.0,7598682.0,0.0,0.0,0.0,20231026,20231026,93657000,2.479,0.0,0.0,2.47,2.469,2.468,2.467,2.466,2.465,2.464,2.463,2.462,2.461,2.471,2.472,2.473,2.474,2.475,2.476,2.477,2.478,2.479,2.48,103600.0,490100.0,530000.0,558300.0,139800.0,355200.0,49000.0,20400.0,32100.0,91500.0,139000.0,270000.0,596300.0,425100.0,439300.0,5000.0,90300.0,63500.0,31000.0,75500.0
20231026093700000,SZSE,SZSE.ETF.159901,2.471,2.467,2.477,2.462,0.0,2.727,2.231,7598682.0,0.0,7598682.0,0.0,0.0,0.0,20231026,20231026,93700000,2.479,0.0,0.0,2.47,2.469,2.468,2.467,2.466,2.465,2.464,2.463,2.462,2.461,2.471,2.472,2.473,2.474,2.475,2.476,2.477,2.478,2.479,2.48,3600.0,490100.0,330000.0,708300.0,189800.0,355200.0,49000.0,20400.0,32100.0,91500.0,219000.0,320000.0,449000.0,525100.0,439300.0,5000.0,90300.0,63500.0,31000.0,75500.0
20231026093703000,SZSE,SZSE.ETF.159901,2.471,2.467,2.477,2.462,0.0,2.727,2.231,7598682.0,0.0,7598682.0,0.0,0.0,0.0,20231026,20231026,93703000,2.479,0.0,0.0,2.469,2.468,2.467,2.466,2.465,2.464,2.463,2.462,2.461,2.46,2.471,2.472,2.473,2.474,2.475,2.476,2.477,2.478,2.479,2.48,403700.0,540100.0,575200.0,418500.0,95200.0,389000.0,20400.0,32100.0,91500.0,123000.0,409000.0,330000.0,999000.0,704600.0,254400.0,5000.0,90300.0,63500.0,31000.0,75500.0
20231026093706000,SZSE,SZSE.ETF.159901,2.47,2.467,2.477,2.462,0.0,2.727,2.231,7601152.0,2470.0,7601152.0,2470.0,0.0,0.0,20231026,20231026,93706000,2.479,0.0,0.0,2.469,2.468,2.467,2.466,2.465,2.464,2.463,2.462,2.461,2.46,2.47,2.471,2.472,2.473,2.474,2.475,2.476,2.477,2.478,2.479,303700.0,240100.0,524600.0,613900.0,150500.0,389000.0,20400.0,32100.0,91500.0,123000.0,238600.0,464500.0,200000.0,1234600.0,569000.0,54400.0,55000.0,90300.0,63500.0,31000.0
20231026093709000,SZSE,SZSE.ETF.159901,2.47,2.467,2.477,2.462,0.0,2.727,2.231,7601152.0,0.0,7601152.0,0.0,0.0,0.0,20231026,20231026,93709000,2.479,0.0,0.0,2.469,2.468,2.467,2.466,2.465,2.464,2.463,2.462,2.461,2.46,2.47,2.471,2.472,2.473,2.474,2.475,2.476,2.477,2.478,2.479,303700.0,100100.0,374000.0,755300.0,295100.0,120000.0,289400.0,32100.0,91500.0,123000.0,532200.0,470900.0,993600.0,710100.0,50000.0,4400.0,55000.0,90300.0,63500.0,31000.0
20231026093712000,SZSE,SZSE.ETF.159901,2.468,2.467,2.477,2.462,0.0,2.727,2.231,8433422.0,832270.0,8433422.0,832270.0,0.0,0.0,20231026,20231026,93712000,2.479,0.0,0.0,2.468,2.467,2.466,2.465,2.464,2.463,2.462,2.461,2.46,2.459,2.469,2.47,2.471,2.472,2.473,2.474,2.475,2.476,2.477,2.478,90000.0,204000.0,555300.0,539800.0,185300.0,289400.0,152000.0,91500.0,123000.0,100.0,203000.0,462400.0,505400.0,893600.0,710100.0,50000.0,4400.0,55000.0,90300.0,63500.0
20231026093715000,SZSE,SZSE.ETF.159901,2.468,2.467,2.477,2.462,0.0,2.727,2.231,8433422.0,0.0,8433422.0,0.0,0.0,0.0,20231026,20231026,93715000,2.479,0.0,0.0,2.468,2.467,2.466,2.465,2.464,2.463,2.462,2.461,2.46,2.459,2.469,2.47,2.471,2.472,2.473,2.474,2.475,2.476,2.477,2.478,4800.0,194000.0,580000.0,670500.0,229900.0,120400.0,320900.0,191500.0,123000.0,100.0,203600.0,525500.0,1109000.0,610100.0,200000.0,100000.0,4400.0,55000.0,90300.0,13500.0
20231026093742000,SZSE,SZSE.ETF.159901,2.466,2.467,2.477,2.462,0.0,2.727,2.231,9408197.0,15782.0,9408197.0,15782.0,0.0,0.0,20231026,20231026,93742000,2.479,0.0,0.0,2.466,2.465,2.464,2.463,2.462,2.461,2.46,2.459,2.458,2.457,2.468,2.469,2.47,2.471,2.472,2.473,2.474,2.475,2.476,2.477,380000.0,480300.0,390600.0,390600.0,296600.0,311500.0,172000.0,100.0,17600.0,200.0,393300.0,343600.0,336100.0,354100.0,330000.0,200000.0,50000.0,4400.0,55000.0,90300.0
20231026093745000,SZSE,SZSE.ETF.159901,2.466,2.467,2.477,2.462,0.0,2.727,2.231,9408197.0,0.0,9408197.0,0.0,0.0,0.0,20231026,20231026,93745000,2.479,0.0,0.0,2.466,2.465,2.464,2.463,2.462,2.461,2.46,2.459,2.458,2.457,2.467,2.468,2.469,2.47,2.471,2.472,2.473,2.474,2.475,2.476,173600.0,440300.0,376200.0,499500.0,82100.0,480500.0,123000.0,100.0,17600.0,200.0,100000.0,303300.0,370000.0,229000.0,369700.0,285000.0,250000.0,50000.0,4400.0,55000.0
20231026093748000,SZSE,SZSE.ETF.159901,2.466,2.467,2.477,2.462,0.0,2.727,2.231,9408197.0,0.0,9408197.0,0.0,0.0,0.0,20231026,20231026,93748000,2.479,0.0,0.0,2.466,2.465,2.464,2.463,2.462,2.461,2.46,2.459,2.458,2.457,2.467,2.468,2.469,2.47,2.471,2.472,2.474,2.475,2.476,2.477,83600.0,536300.0,535200.0,405300.0,167500.0,191500.0,243000.0,100.0,17600.0,200.0,203600.0,389700.0,250000.0,364700.0,550100.0,250000.0,50000.0,4400.0,55000.0,90300.0
20231026093751000,SZSE,SZSE.ETF.159901,2.466,2.467,2.477,2.462,0.0,2.727,2.231,9408197.0,0.0,9408197.0,0.0,0.0,0.0,20231026,20231026,93751000,2.479,0.0,0.0,2.466,2.465,2.464,2.463,2.462,2.461,2.46,2.459,2.458,2.457,2.467,2.468,2.469,2.47,2.471,2.472,2.474,2.475,2.476,2.477,3700.0,486300.0,624600.0,396000.0,317500.0,91500.0,512000.0,100.0,17600.0,200.0,303600.0,619700.0,229000.0,425200.0,129600.0,250000.0,50000.0,4400.0,55000.0,78100.0
20231026093754000,SZSE,SZSE.ETF.159901,2.467,2.467,2.477,2.462,0.0,2.727,2.231,10205835.0,797638.0,10205835.0,797638.0,0.0,0.0,20231026,20231026,93754000,2.479,0.0,0.0,2.466,2.465,2.464,2.463,2.462,2.461,2.46,2.459,2.458,2.457,2.467,2.468,2.469,2.47,2.471,2.472,2.473,2.474,2.475,2.476,103500.0,369900.0,374600.0,427200.0,316300.0,211500.0,392000.0,100.0,17600.0,200.0,174000.0,399700.0,319000.0,590300.0,44600.0,100000.0,200000.0,50000.0,4400.0,5000.0
20231026093757000,SZSE,SZSE.ETF.159901,2.467,2.467,2.477,2.462,0.0,2.727,2.231,10388393.0,182558.0,10388393.0,182558.0,0.0,0.0,20231026,20231026,93757000,2.479,0.0,0.0,2.466,2.465,2.464,2.463,2.462,2.461,2.46,2.459,2.458,2.457,2.468,2.469,2.47,2.471,2.473,2.474,2.475,2.476,2.477,2.478,523600.0,196400.0,294700.0,396000.0,167500.0,431500.0,172000.0,100.0,17600.0,200.0,299700.0,439000.0,455200.0,309600.0,250000.0,50000.0,4400.0,55000.0,78100.0,13500.0
20231026093951000,SZSE,SZSE.ETF.159901,2.47,2.467,2.477,2.462,0.0,2.727,2.231,13528071.0,2470.0,13528071.0,2470.0,0.0,0.0,20231026,20231026,93951000,2.479,0.0,0.0,2.47,2.469,2.468,2.467,2.466,2.465,2.464,2.463,2.462,2.461,2.471,2.472,2.473,2.474,2.475,2.476,2.477,2.478,2.479,2.48,113500.0,386300.0,784700.0,285700.0,311400.0,16400.0,296500.0,20500.0,33100.0,91500.0,242800.0,380400.0,256100.0,475200.0,330000.0,305100.0,94300.0,63200.0,31000.0,70300.0
20231026093954000,SZSE,SZSE.ETF.159901,2.47,2.467,2.477,2.462,0.0,2.727,2.231,13528071.0,0.0,13528071.0,0.0,0.0,0.0,20231026,20231026,93954000,2.479,0.0,0.0,2.47,2.469,2.468,2.467,2.466,2.465,2.464,2.463,2.462,2.461,2.471,2.472,2.473,2.474,2.475,2.476,2.477,2.478,2.479,2.48,113500.0,306300.0,834700.0,365700.0,311400.0,16400.0,296500.0,20500.0,33100.0,91500.0,162800.0,380400.0,336100.0,475200.0,380000.0,355100.0,94300.0,63200.0,31000.0,20300.0
20231026093957000,SZSE,SZSE.ETF.159901,2.47,2.467,2.477,2.462,0.0,2.727,2.231,13540421.0,12350.0,13540421.0,12350.0,0.0,0.0,20231026,20231026,93957000,2.479,0.0,0.0,2.47,2.469,2.468,2.467,2.466,2.465,2.464,2.463,2.462,2.461,2.471,2.472,2.473,2.474,2.475,2.476,2.477,2.478,2.479,2.48,108500.0,386300.0,834700.0,285700.0,311400.0,16400.0,296500.0,20500.0,33100.0,91500.0,93600.0,180400.0,286100.0,575200.0,330000.0,305100.0,94300.0,63200.0,31000.0,70300.0
20231026094000000,SZSE,SZSE.ETF.159901,2.47,2.467,2.477,2.462,0.0,2.727,2.231,13540421.0,0.0,13540421.0,0.0,0.0,0.0,20231026,20231026,94000000,2.479,0.0,0.0,2.47,2.469,2.468,2.467,2.466,2.465,2.464,2.463,2.462,2.461,2.471,2.472,2.473,2.474,2.475,2.476,2.477,2.478,2.479,2.48,308500.0,386300.0,725300.0,330300.0,226200.0,136400.0,176500.0,20500.0,33100.0,91500.0,93600.0,180400.0,286100.0,584700.0,170500.0,305100.0,94300.0,63200.0,31000.0,60300.0
20231026094542000,SZSE,SZSE.ETF.159901,2.463,2.467,2.477,2.462,0.0,2.727,2.231,21316753.0,0.0,21316753.0,0.0,0.0,0.0,20231026,20231026,94542000,2.479,0.0,0.0,2.462,2.461,2.46,2.459,2.458,2.457,2.456,2.455,2.454,2.453,2.463,2.464,2.465,2.466,2.467,2.468,2.47,2.473,2.474,2.475,511700.0,1171500.0,720700.0,341800.0,253100.0,200.0,284400.0,140200.0,19200.0,600.0,474900.0,284400.0,591200.0,605400.0,179900.0,380400.0,50000.0,30300.0,50000.0,100.0
20231026094545000,SZSE,SZSE.ETF.159901,2.462,2.467,2.477,2.462,0.0,2.727,2.231,21562953.0,246200.0,21562953.0,246200.0,0.0,0.0,20231026,20231026,94545000,2.479,0.0,0.0,2.462,2.461,2.46,2.459,2.458,2.457,2.456,2.455,2.454,2.453,2.463,2.464,2.465,2.466,2.467,2.468,2.47,2.472,2.473,2.474,203600.0,641500.0,1370700.0,547300.0,67600.0,150200.0,64400.0,260200.0,19200.0,600.0,574900.0,324400.0,601200.0,405400.0,279900.0,280400.0,50000.0,600.0,30300.0,50000.0
20231026094548000,SZSE,SZSE.ETF.159901,2.463,2.467,2.477,2.462,0.0,2.727,2.231,21572312.0,9359.0,21572312.0,9359.0,0.0,0.0,20231026,20231026,94548000,2.479,0.0,0.0,2.462,2.461,2.46,2.459,2.458,2.457,2.456,2.455,2.454,2.453,2.463,2.464,2.465,2.466,2.467,2.468,2.469,2.47,2.472,2.473,474200.0,1171500.0,620700.0,541800.0,153100.0,150200.0,114400.0,140200.0,19200.0,600.0,671100.0,284400.0,691200.0,405400.0,279900.0,80400.0,200000.0,50000.0,600.0,30300.0
20231026094551000,SZSE,SZSE.ETF.159901,2.462,2.467,2.477,2.462,0.0,2.727,2.231,21585361.0,13049.0,21585361.0,13049.0,0.0,0.0,20231026,20231026,94551000,2.479,0.0,0.0,2.462,2.461,2.46,2.459,2.458,2.457,2.456,2.455,2.454,2.453,2.463,2.464,2.465,2.466,2.467,2.468,2.469,2.47,2.472,2.473,104200.0,561500.0,1370700.0,627300.0,117600.0,100200.0,114400.0,140200.0,19200.0,600.0,751100.0,374400.0,521200.0,405400.0,279900.0,280400.0,200000.0,50000.0,600.0,30300.0
20231026094554000,SZSE,SZSE.ETF.159901,2.462,2.467,2.477,2.462,0.0,2.727,2.231,21633124.0,47763.0,21633124.0,47763.0,0.0,0.0,20231026,20231026,94554000,2.479,0.0,0.0,2.462,2.461,2.46,2.459,2.458,2.457,2.456,2.455,2.454,2.453,2.463,2.464,2.465,2.466,2.467,2.468,2.469,2.47,2.472,2.473,84800.0,565100.0,1290700.0,412900.0,282000.0,230200.0,114400.0,20200.0,19200.0,600.0,751100.0,374400.0,381200.0,490600.0,194700.0,280400.0,200000.0,50000.0,600.0,30300.0
20231026094557000,SZSE,SZSE.ETF.159901,2.463,2.467,2.477,2.462,0.0,2.727,2.231,23473377.0,1840253.0,23473377.0,1840253.0,0.0,0.0,20231026,20231026,94557000,2.479,0.0,0.0,2.462,2.461,2.46,2.459,2.458,2.457,2.456,2.455,2.454,2.453,2.463,2.464,2.465,2.466,2.467,2.468,2.469,2.47,2.472,2.473,404800.0,275100.0,1240700.0,392900.0,282000.0,150200.0,114400.0,20200.0,19200.0,600.0,123900.0,284400.0,551200.0,590600.0,144700.0,80400.0,200000.0,50000.0,600.0,30300.0
20231026094600000,SZSE,SZSE.ETF.159901,2.463,2.467,2.477,2.462,0.0,2.727,2.231,23758100.0,284723.0,23758100.0,284723.0,0.0,0.0,20231026,20231026,94600000,2.479,0.0,0.0,2.462,2.461,2.46,2.459,2.458,2.457,2.456,2.455,2.454,2.453,2.463,2.464,2.465,2.466,2.467,2.468,2.469,2.47,2.472,2.473,421000.0,1091500.0,770700.0,347300.0,167600.0,50200.0,114400.0,140200.0,19200.0,600.0,365500.0,544400.0,411200.0,635400.0,44700.0,265500.0,200000.0,50000.0,600.0,30300.0
20231026094603000,SZSE,SZSE.ETF.159901,2.464,2.467,2.477,2.462,0.0,2.727,2.231,24667686.0,909586.0,24667686.0,909586.0,0.0,0.0,20231026,20231026,94603000,2.479,0.0,0.0,2.463,2.462,2.461,2.46,2.459,2.458,2.457,2.456,2.455,2.454,2.464,2.465,2.466,2.467,2.468,2.469,2.47,2.472,2.473,2.474,158000.0,484000.0,1001500.0,770700.0,317300.0,217600.0,200.0,234400.0,20400.0,19200.0,534200.0,411200.0,645400.0,159900.0,180400.0,200000.0,250000.0,600.0,30300.0,50000.0
20231026100942000,SZSE,SZSE.ETF.159901,2.459,2.467,2.477,2.456,0.0,2.727,2.231,48879191.0,0.0,48879191.0,0.0,0.0,0.0,20231026,20231026,100942000,2.479,0.0,0.0,2.458,2.457,2.456,2.455,2.454,2.453,2.452,2.451,2.45,2.449,2.459,2.46,2.461,2.462,2.463,2.464,2.465,2.466,2.467,2.468,36300.0,277300.0,1310500.0,1161600.0,239400.0,203800.0,313500.0,21700.0,280800.0,15700.0,227000.0,330000.0,319000.0,699300.0,134200.0,59700.0,40000.0,16000.0,100.0,17000.0
20231026100945000,SZSE,SZSE.ETF.159901,2.459,2.467,2.477,2.456,0.0,2.727,2.231,48879191.0,0.0,48879191.0,0.0,0.0,0.0,20231026,20231026,100945000,2.479,0.0,0.0,2.458,2.457,2.456,2.455,2.454,2.453,2.452,2.451,2.45,2.449,2.459,2.46,2.461,2.462,2.463,2.464,2.465,2.466,2.467,2.468,36300.0,277300.0,1310500.0,1161600.0,239400.0,203800.0,313500.0,21700.0,280800.0,15700.0,277000.0,330000.0,319000.0,699300.0,134200.0,59700.0,40000.0,16000.0,100.0,17000.0
20231026100948000,SZSE,SZSE.ETF.159901,2.459,2.467,2.477,2.456,0.0,2.727,2.231,48879191.0,0.0,48879191.0,0.0,0.0,0.0,20231026,20231026,100948000,2.479,0.0,0.0,2.458,2.457,2.456,2.455,2.454,2.453,2.452,2.451,2.45,2.449,2.459,2.46,2.461,2.462,2.463,2.464,2.465,2.466,2.467,2.468,36300.0,477300.0,1310500.0,961600.0,239400.0,203800.0,313500.0,21700.0,280800.0,15700.0,227000.0,380000.0,319000.0,499300.0,334200.0,59700.0,40000.0,16000.0,100.0,17000.0
20231026100951000,SZSE,SZSE.ETF.159901,2.459,2.467,2.477,2.456,0.0,2.727,2.231,48879191.0,0.0,48879191.0,0.0,0.0,0.0,20231026,20231026,100951000,2.479,0.0,0.0,2.458,2.457,2.456,2.455,2.454,2.453,2.452,2.451,2.45,2.449,2.459,2.46,2.461,2.462,2.463,2.464,2.465,2.466,2.467,2.468,42800.0,137700.0,1350500.0,961600.0,239400.0,203800.0,313500.0,21700.0,280800.0,15700.0,277000.0,370000.0,279000.0,449300.0,334200.0,59700.0,40000.0,16000.0,100.0,17000.0
20231026100954000,SZSE,SZSE.ETF.159901,2.459,2.467,2.477,2.456,0.0,2.727,2.231,48879191.0,0.0,48879191.0,0.0,0.0,0.0,20231026,20231026,100954000,2.479,0.0,0.0,2.458,2.457,2.456,2.455,2.454,2.453,2.452,2.451,2.45,2.449,2.459,2.46,2.461,2.462,2.463,2.464,2.465,2.466,2.467,2.468,42800.0,277700.0,1310500.0,876000.0,325100.0,203800.0,313500.0,21700.0,280800.0,15700.0,227000.0,330000.0,369000.0,699300.0,334200.0,59700.0,40000.0,16000.0,100.0,17000.0
20231026100957000,SZSE,SZSE.ETF.159901,2.459,2.467,2.477,2.456,0.0,2.727,2.231,48879191.0,0.0,48879191.0,0.0,0.0,0.0,20231026,20231026,100957000,2.479,0.0,0.0,2.458,2.457,2.456,2.455,2.454,2.453,2.452,2.451,2.45,2.449,2.459,2.46,2.461,2.462,2.463,2.464,2.465,2.466,2.467,2.468,42800.0,277700.0,1310500.0,776000.0,325100.0,203800.0,313500.0,21700.0,280800.0,15700.0,127000.0,330000.0,369000.0,699300.0,334200.0,59700.0,40000.0,16000.0,100.0,17000.0
20231026101000000,SZSE,SZSE.ETF.159901,2.459,2.467,2.477,2.456,0.0,2.727,2.231,48879191.0,0.0,48879191.0,0.0,0.0,0.0,20231026,20231026,101000000,2.479,0.0,0.0,2.458,2.457,2.456,2.455,2.454,2.453,2.452,2.451,2.45,2.449,2.459,2.46,2.461,2.462,2.463,2.464,2.465,2.466,2.467,2.468,146400.0,354100.0,1390500.0,830500.0,110500.0,203800.0,313500.0,21700.0,280800.0,15700.0,127000.0,330000.0,369000.0,799300.0,334200.0,59700.0,40000.0,16000.0,100.0,17000.0
20231026101003000,SZSE,SZSE.ETF.159901,2.459,2.467,2.477,2.456,0.0,2.727,2.231,48879191.0,0.0,48879191.0,0.0,0.0,0.0,20231026,20231026,101003000,2.479,0.0,0.0,2.458,2.457,2.456,2.455,2.454,2.453,2.452,2.451,2.45,2.449,2.459,2.46,2.461,2.462,2.463,2.464,2.465,2.466,2.467,2.468,226400.0,554100.0,1310500.0,830500.0,110500.0,203800.0,313500.0,21700.0,280800.0,15700.0,127000.0,330000.0,369000.0,599300.0,334200.0,59700.0,40000.0,16000.0,100.0,17000.0
20231026101006000,SZSE,SZSE.ETF.159901,2.459,2.467,2.477,2.456,0.0,2.727,2.231,48891486.0,12295.0,48891486.0,12295.0,0.0,0.0,20231026,20231026,101006000,2.479,0.0,0.0,2.458,2.457,2.456,2.455,2.454,2.453,2.452,2.451,2.45,2.449,2.459,2.46,2.461,2.462,2.463,2.464,2.465,2.466,2.467,2.468,226400.0,554100.0,1060500.0,830500.0,110500.0,203800.0,313500.0,21700.0,160900.0,15700.0,10800.0,250000.0,289000.0,629300.0,328900.0,145000.0,40000.0,16000.0,100.0,17000.0
20231026101009000,SZSE,SZSE.ETF.159901,2.459,2.467,2.477,2.456,0.0,2.727,2.231,48893945.0,2459.0,48893945.0,2459.0,0.0,0.0,20231026,20231026,101009000,2.479,0.0,0.0,2.458,2.457,2.456,2.455,2.454,2.453,2.452,2.451,2.45,2.449,2.459,2.46,2.461,2.462,2.463,2.464,2.465,2.466,2.467,2.468,276400.0,1204100.0,551300.0,689700.0,210500.0,103800.0,313500.0,141700.0,160900.0,15700.0,9800.0,103600.0,439000.0,409800.0,518400.0,425000.0,40000.0,16000.0,100.0,17000.0
20231026101012000,SZSE,SZSE.ETF.159901,2.459,2.467,2.477,2.456,0.0,2.727,2.231,48918043.0,24098.0,48918043.0,24098.0,0.0,0.0,20231026,20231026,101012000,2.479,0.0,0.0,2.458,2.457,2.456,2.455,2.454,2.453,2.452,2.451,2.45,2.449,2.46,2.461,2.462,2.463,2.464,2.465,2.466,2.467,2.468,2.469,1176400.0,504100.0,451300.0,689700.0,210500.0,103800.0,433500.0,21700.0,160900.0,15700.0,3600.0,439000.0,359800.0,288400.0,425000.0,120000.0,16000.0,100.0,17000.0,140400.0
20231026101015000,SZSE,SZSE.ETF.159901,2.459,2.467,2.477,2.456,0.0,2.727,2.231,48918043.0,0.0,48918043.0,0.0,0.0,0.0,20231026,20231026,101015000,2.479,0.0,0.0,2.459,2.458,2.457,2.456,2.455,2.454,2.453,2.452,2.451,2.45,2.461,2.462,2.463,2.464,2.465,2.466,2.467,2.468,2.469,2.47,183600.0,1262800.0,428900.0,491000.0,555200.0,210500.0,53800.0,384500.0,21700.0,160900.0,253600.0,354800.0,389800.0,318600.0,320000.0,66000.0,100.0,17000.0,140400.0,28300.0
20231026101018000,SZSE,SZSE.ETF.159901,2.459,2.467,2.477,2.456,0.0,2.727,2.231,48918043.0,0.0,48918043.0,0.0,0.0,0.0,20231026,20231026,101018000,2.479,0.0,0.0,2.459,2.458,2.457,2.456,2.455,2.454,2.453,2.452,2.451,2.45,2.461,2.462,2.463,2.464,2.465,2.466,2.467,2.468,2.469,2.47,234300.0,1307600.0,324900.0,345200.0,610600.0,109500.0,53800.0,384500.0,21700.0,160900.0,3600.0,534800.0,283100.0,394100.0,370000.0,66000.0,100.0,17000.0,140400.0,28300.0
20231026101021000,SZSE,SZSE.ETF.159901,2.459,2.467,2.477,2.456,0.0,2.727,2.231,48918043.0,0.0,48918043.0,0.0,0.0,0.0,20231026,20231026,101021000,2.479,0.0,0.0,2.46,2.459,2.458,2.457,2.456,2.455,2.454,2.453,2.452,2.451,2.462,2.463,2.464,2.465,2.466,2.467,2.468,2.469,2.47,2.471,233600.0,1170700.0,437600.0,323800.0,296700.0,610600.0,109500.0,53900.0,384500.0,21700.0,368400.0,293100.0,445300.0,498700.0,146000.0,100.0,17000.0,140400.0,28300.0,6100.0
20231026101024000,SZSE,SZSE.ETF.159901,2.459,2.467,2.477,2.456,0.0,2.727,2.231,48918043.0,0.0,48918043.0,0.0,0.0,0.0,20231026,20231026,101024000,2.479,0.0,0.0,2.46,2.459,2.458,2.457,2.456,2.455,2.454,2.453,2.452,2.451,2.462,2.463,2.464,2.465,2.466,2.467,2.468,2.469,2.47,2.471,153600.0,1125400.0,753500.0,363600.0,116100.0,610600.0,60500.0,53900.0,384500.0,21700.0,643500.0,184100.0,438500.0,425600.0,195900.0,100.0,17000.0,140400.0,28300.0,6100.0
20231026101027000,SZSE,SZSE.ETF.159901,2.459,2.467,2.477,2.456,0.0,2.727,2.231,48918043.0,0.0,48918043.0,0.0,0.0,0.0,20231026,20231026,101027000,2.479,0.0,0.0,2.46,2.459,2.458,2.457,2.456,2.455,2.454,2.453,2.452,2.451,2.461,2.462,2.463,2.464,2.465,2.466,2.467,2.468,2.469,2.47,153600.0,1135400.0,663500.0,443600.0,116100.0,659600.0,60500.0,53900.0,384500.0,21700.0,3600.0,549900.0,274100.0,487500.0,510800.0,110700.0,100.0,17000.0,140400.0,28300.0
20231026101030000,SZSE,SZSE.ETF.159901,2.459,2.467,2.477,2.456,0.0,2.727,2.231,48918043.0,0.0,48918043.0,0.0,0.0,0.0,20231026,20231026,101030000,2.479,0.0,0.0,2.46,2.459,2.458,2.457,2.456,2.455,2.454,2.453,2.452,2.451,2.462,2.463,2.464,2.465,2.466,2.467,2.468,2.469,2.47,2.471,183600.0,520700.0,1278300.0,363600.0,116100.0,610600.0,109500.0,53900.0,384500.0,21700.0,553500.0,243100.0,404700.0,539300.0,146000.0,100.0,17000.0,140400.0,28300.0,6100.0
20231026101033000,SZSE,SZSE.ETF.159901,2.459,2.467,2.477,2.456,0.0,2.727,2.231,48918043.0,0.0,48918043.0,0.0,0.0,0.0,20231026,20231026,101033000,2.479,0.0,0.0,2.46,2.459,2.458,2.457,2.456,2.455,2.454,2.453,2.452,2.451,2.461,2.462,2.463,2.464,2.465,2.466,2.467,2.468,2.469,2.47,103600.0,1264700.0,663500.0,363600.0,116100.0,610600.0,60500.0,53900.0,384500.0,21700.0,188700.0,364800.0,274100.0,438500.0,510800.0,110700.0,100.0,17000.0,140400.0,28300.0
20231026101036000,SZSE,SZSE.ETF.159901,2.461,2.467,2.477,2.456,0.0,2.727,2.231,48979814.0,61771.0,48979814.0,61771.0,0.0,0.0,20231026,20231026,101036000,2.479,0.0,0.0,2.46,2.459,2.458,2.457,2.456,2.455,2.454,2.453,2.452,2.451,2.461,2.462,2.463,2.464,2.465,2.466,2.467,2.468,2.469,2.47,103600.0,1170000.0,667600.0,504400.0,116100.0,710600.0,60500.0,53900.0,384500.0,21700.0,163600.0,464800.0,274100.0,674100.0,220000.0,266000.0,100.0,17000.0,140400.0,28300.0
20231026101039000,SZSE,SZSE.ETF.159901,2.461,2.467,2.477,2.456,0.0,2.727,2.231,48979814.0,0.0,48979814.0,0.0,0.0,0.0,20231026,20231026,101039000,2.479,0.0,0.0,2.46,2.459,2.458,2.457,2.456,2.455,2.454,2.453,2.452,2.451,2.461,2.462,2.463,2.464,2.465,2.466,2.467,2.468,2.469,2.47,154300.0,1170000.0,658600.0,404700.0,116100.0,610600.0,109500.0,173900.0,264500.0,21700.0,3600.0,364800.0,323100.0,574100.0,220000.0,266000.0,100.0,17000.0,140400.0,28300.0
20231026101042000,SZSE,SZSE.ETF.159901,2.461,2.467,2.477,2.456,0.0,2.727,2.231,48988674.0,8860.0,48988674.0,8860.0,0.0,0.0,20231026,20231026,101042000,2.479,0.0,0.0,2.461,2.46,2.459,2.458,2.457,2.456,2.455,2.454,2.453,2.452,2.462,2.463,2.464,2.465,2.466,2.467,2.468,2.469,2.47,2.471,96400.0,324300.0,1130000.0,669300.0,263900.0,216100.0,510600.0,109500.0,173900.0,264500.0,218400.0,303100.0,394700.0,604100.0,431200.0,100.0,17000.0,140400.0,28300.0,6100.0
20231026101045000,SZSE,SZSE.ETF.159901,2.461,2.467,2.477,2.456,0.0,2.727,2.231,48988674.0,0.0,48988674.0,0.0,0.0,0.0,20231026,20231026,101045000,2.479,0.0,0.0,2.461,2.46,2.459,2.458,2.457,2.456,2.455,2.454,2.453,2.452,2.462,2.463,2.464,2.465,2.466,2.467,2.468,2.469,2.47,2.471,200000.0,320700.0,1274700.0,653900.0,33400.0,216100.0,559600.0,60500.0,173900.0,264500.0,278400.0,334100.0,328700.0,724300.0,395900.0,100.0,67000.0,140400.0,28300.0,6100.0
20231026101048000,SZSE,SZSE.ETF.159901,2.461,2.467,2.477,2.456,0.0,2.727,2.231,48988674.0,0.0,48988674.0,0.0,0.0,0.0,20231026,20231026,101048000,2.479,0.0,0.0,2.461,2.46,2.459,2.458,2.457,2.456,2.455,2.454,2.453,2.452,2.462,2.463,2.464,2.465,2.466,2.467,2.468,2.469,2.47,2.471,280000.0,370700.0,1144700.0,653900.0,33400.0,166100.0,559600.0,60500.0,173900.0,264500.0,278400.0,254100.0,328700.0,754300.0,395900.0,100.0,67000.0,140400.0,28300.0,6100.0
20231026101051000,SZSE,SZSE.ETF.159901,2.461,2.467,2.477,2.456,0.0,2.727,2.231,48988674.0,0.0,48988674.0,0.0,0.0,0.0,20231026,20231026,101051000,2.479,0.0,0.0,2.461,2.46,2.459,2.458,2.457,2.456,2.455,2.454,2.453,2.452,2.462,2.463,2.464,2.465,2.466,2.467,2.468,2.469,2.47,2.471,420000.0,1130700.0,444700.0,453900.0,33400.0,166100.0,559600.0,60500.0,173900.0,264500.0,278400.0,254100.0,238700.0,844300.0,445900.0,100.0,67000.0,140400.0,28300.0,6100.0
20231026101054000,SZSE,SZSE.ETF.159901,2.462,2.467,2.477,2.456,0.0,2.727,2.231,49057610.0,68936.0,49057610.0,68936.0,0.0,0.0,20231026,20231026,101054000,2.479,0.0,0.0,2.461,2.46,2.459,2.458,2.457,2.456,2.455,2.454,2.453,2.452,2.462,2.463,2.464,2.465,2.466,2.467,2.468,2.469,2.47,2.471,370000.0,1180700.0,544700.0,353900.0,133400.0,66100.0,559600.0,60500.0,173900.0,264500.0,250400.0,104100.0,258700.0,544300.0,625900.0,100.0,67000.0,140400.0,28300.0,6100.0
20231026101057000,SZSE,SZSE.ETF.159901,2.462,2.467,2.477,2.456,0.0,2.727,2.231,49057610.0,0.0,49057610.0,0.0,0.0,0.0,20231026,20231026,101057000,2.479,0.0,0.0,2.461,2.46,2.459,2.458,2.457,2.456,2.455,2.454,2.453,2.452,2.462,2.463,2.464,2.465,2.466,2.467,2.468,2.469,2.47,2.471,420000.0,1180700.0,544700.0,353900.0,133400.0,116100.0,509600.0,180400.0,53900.0,264500.0,40400.0,154100.0,388700.0,544300.0,460700.0,85300.0,67000.0,140400.0,28300.0,6100.0
20231026101100000,SZSE,SZSE.ETF.159901,2.463,2.467,2.477,2.456,0.0,2.727,2.231,49241067.0,183457.0,49241067.0,183457.0,0.0,0.0,20231026,20231026,101100000,2.479,0.0,0.0,2.463,2.461,2.46,2.459,2.458,2.457,2.456,2.455,2.454,2.453,2.464,2.465,2.466,2.467,2.468,2.469,2.47,2.471,2.472,2.473,7700.0,420000.0,1180700.0,485400.0,313200.0,133400.0,116100.0,509600.0,180400.0,53900.0,308700.0,375000.0,630000.0,215300.0,67000.0,140400.0,28300.0,6100.0,2000.0,13700.0
20231026101103000,SZSE,SZSE.ETF.159901,2.463,2.467,2.477,2.456,0.0,2.727,2.231,49260032.0,18965.0,49260032.0,18965.0,0.0,0.0,20231026,20231026,101103000,2.479,0.0,0.0,2.462,2.461,2.46,2.459,2.458,2.457,2.456,2.455,2.454,2.453,2.463,2.464,2.465,2.466,2.467,2.468,2.469,2.47,2.471,2.472,103600.0,431100.0,1275700.0,605100.0,83800.0,182400.0,116100.0,460600.0,180400.0,53900.0,160000.0,343300.0,310000.0,655600.0,279000.0,111700.0,140400.0,28300.0,6100.0,2000.0
20231026101106000,SZSE,SZSE.ETF.159901,2.463,2.467,2.477,2.456,0.0,2.727,2.231,49377763.0,117731.0,49377763.0,117731.0,0.0,0.0,20231026,20231026,101106000,2.479,0.0,0.0,2.462,2.461,2.46,2.459,2.458,2.457,2.456,2.455,2.454,2.453,2.463,2.464,2.465,2.466,2.467,2.468,2.469,2.47,2.471,2.472,3600.0,336400.0,1325400.0,650100.0,83800.0,133400.0,116100.0,460600.0,180400.0,53900.0,115800.0,339700.0,310000.0,1200300.0,230000.0,67000.0,140400.0,28300.0,6100.0,2000.0
20231026101109000,SZSE,SZSE.ETF.159901,2.463,2.467,2.477,2.456,0.0,2.727,2.231,49377763.0,0.0,49377763.0,0.0,0.0,0.0,20231026,20231026,101109000,2.479,0.0,0.0,2.461,2.46,2.459,2.458,2.457,2.456,2.455,2.454,2.453,2.452,2.463,2.464,2.465,2.466,2.467,2.468,2.469,2.47,2.471,2.472,290000.0,1245400.0,615700.0,298200.0,133400.0,165100.0,460600.0,180400.0,53900.0,264500.0,215800.0,289700.0,359000.0,1200300.0,230000.0,67000.0,140400.0,28300.0,6100.0,2000.0
20231026101112000,SZSE,SZSE.ETF.159901,2.463,2.467,2.477,2.456,0.0,2.727,2.231,49377763.0,0.0,49377763.0,0.0,0.0,0.0,20231026,20231026,101112000,2.479,0.0,0.0,2.461,2.46,2.459,2.458,2.457,2.456,2.455,2.454,2.453,2.452,2.463,2.464,2.465,2.466,2.467,2.468,2.469,2.47,2.471,2.472,330000.0,1220700.0,585400.0,313200.0,133400.0,165100.0,460600.0,180400.0,53900.0,264500.0,315800.0,379700.0,319000.0,1280200.0,100.0,67000.0,140400.0,28300.0,6100.0,2000.0
20231026101115000,SZSE,SZSE.ETF.159901,2.463,2.467,2.477,2.456,0.0,2.727,2.231,49377763.0,0.0,49377763.0,0.0,0.0,0.0,20231026,20231026,101115000,2.479,0.0,0.0,2.461,2.46,2.459,2.458,2.457,2.456,2.455,2.454,2.453,2.452,2.462,2.463,2.464,2.465,2.466,2.467,2.468,2.469,2.47,2.471,200100.0,420700.0,1365400.0,313200.0,133400.0,115100.0,510600.0,180400.0,53900.0,264500.0,50000.0,345800.0,379700.0,439000.0,730200.0,100.0,67000.0,140400.0,28300.0,6100.0
20231026101118000,SZSE,SZSE.ETF.159901,2.463,2.467,2.477,2.456,0.0,2.727,2.231,49377763.0,0.0,49377763.0,0.0,0.0,0.0,20231026,20231026,101118000,2.479,0.0,0.0,2.461,2.46,2.459,2.458,2.457,2.456,2.455,2.454,2.453,2.452,2.462,2.463,2.464,2.465,2.466,2.467,2.468,2.469,2.47,2.471,200100.0,420700.0,1365400.0,227700.0,219000.0,66100.0,559600.0,60500.0,53900.0,264500.0,165800.0,150000.0,348700.0,613700.0,666500.0,100.0,67000.0,140400.0,28300.0,6100.0
20231026101121000,SZSE,SZSE.ETF.159901,2.463,2.467,2.477,2.456,0.0,2.727,2.231,49377763.0,0.0,49377763.0,0.0,0.0,0.0,20231026,20231026,101121000,2.479,0.0,0.0,2.461,2.46,2.459,2.458,2.457,2.456,2.455,2.454,2.453,2.452,2.462,2.463,2.464,2.465,2.466,2.467,2.468,2.469,2.47,2.471,200100.0,280700.0,1414700.0,268400.0,219000.0,116100.0,559600.0,60500.0,173900.0,264500.0,165800.0,320000.0,338700.0,374300.0,545900.0,100.0,67000.0,140400.0,28300.0,6100.0
20231026101124000,SZSE,SZSE.ETF.159901,2.462,2.467,2.477,2.456,0.0,2.727,2.231,49394259.0,16496.0,49394259.0,16496.0,0.0,0.0,20231026,20231026,101124000,2.479,0.0,0.0,2.461,2.46,2.459,2.458,2.457,2.456,2.455,2.454,2.453,2.452,2.462,2.463,2.464,2.465,2.466,2.467,2.468,2.469,2.47,2.471,280100.0,370700.0,1194700.0,368400.0,119000.0,166100.0,559600.0,60500.0,173900.0,264500.0,159100.0,330000.0,328700.0,474300.0,445900.0,100.0,67000.0,140400.0,28300.0,6100.0
20231026101127000,SZSE,SZSE.ETF.159901,2.462,2.467,2.477,2.456,0.0,2.727,2.231,49722197.0,327938.0,49722197.0,327938.0,0.0,0.0,20231026,20231026,101127000,2.479,0.0,0.0,2.461,2.46,2.459,2.458,2.457,2.456,2.455,2.454,2.453,2.452,2.462,2.463,2.464,2.465,2.466,2.467,2.468,2.469,2.47,2.471,580100.0,1220700.0,294700.0,453900.0,33400.0,166100.0,509600.0,180400.0,53900.0,264500.0,3600.0,200000.0,298700.0,554300.0,325900.0,200100.0,117000.0,140400.0,28300.0,6100.0
20231026101130000,SZSE,SZSE.ETF.159901,2.463,2.467,2.477,2.456,0.0,2.727,2.231,49739927.0,17730.0,49739927.0,17730.0,0.0,0.0,20231026,20231026,101130000,2.479,0.0,0.0,2.463,2.462,2.461,2.46,2.459,2.458,2.457,2.456,2.455,2.454,2.464,2.465,2.466,2.467,2.468,2.469,2.47,2.471,2.472,2.473,80000.0,196000.0,1190100.0,250700.0,370900.0,327700.0,33400.0,66100.0,629600.0,60500.0,58700.0,525000.0,300000.0,285300.0,347000.0,220400.0,78300.0,6100.0,2000.0,13700.0
20231026101133000,SZSE,SZSE.ETF.159901,2.463,2.467,2.477,2.456,0.0,2.727,2.231,49764557.0,24630.0,49764557.0,24630.0,0.0,0.0,20231026,20231026,101133000,2.479,0.0,0.0,2.463,2.462,2.461,2.46,2.458,2.457,2.456,2.455,2.454,2.453,2.464,2.465,2.466,2.467,2.468,2.469,2.47,2.471,2.472,2.473,233600.0,1233200.0,581900.0,430000.0,183800.0,33400.0,66100.0,580600.0,60500.0,53900.0,13300.0,290000.0,336000.0,473800.0,437400.0,340400.0,78300.0,6100.0,2000.0,13700.0
20231026101136000,SZSE,SZSE.ETF.159901,2.464,2.467,2.477,2.456,0.0,2.727,2.231,49797328.0,32771.0,49797328.0,32771.0,0.0,0.0,20231026,20231026,101136000,2.479,0.0,0.0,2.464,2.463,2.462,2.461,2.46,2.458,2.457,2.456,2.455,2.454,2.465,2.466,2.467,2.468,2.469,2.47,2.471,2.472,2.473,2.474,7900.0,233600.0,1283200.0,631900.0,380000.0,133800.0,82400.0,66100.0,455600.0,60500.0,293600.0,255000.0,475100.0,481000.0,425500.0,128300.0,6100.0,2000.0,13700.0,12100.0
20231026101139000,SZSE,SZSE.ETF.159901,2.464,2.467,2.477,2.456,0.0,2.727,2.231,49797328.0,0.0,49797328.0,0.0,0.0,0.0,20231026,20231026,101139000,2.479,0.0,0.0,2.463,2.462,2.461,2.46,2.458,2.457,2.456,2.455,2.454,2.453,2.465,2.466,2.467,2.468,2.469,2.47,2.471,2.472,2.473,2.474,103600.0,1184700.0,612200.0,365000.0,133800.0,33400.0,186100.0,455600.0,60500.0,53900.0,265900.0,286000.0,280100.0,551300.0,470200.0,128300.0,6100.0,2000.0,13700.0,12100.0
20231026101142000,SZSE,SZSE.ETF.159901,2.464,2.467,2.477,2.456,0.0,2.727,2.231,49797328.0,0.0,49797328.0,0.0,0.0,0.0,20231026,20231026,101142000,2.479,0.0,0.0,2.463,2.462,2.461,2.46,2.458,2.457,2.456,2.455,2.454,2.453,2.464,2.465,2.466,2.467,2.468,2.469,2.47,2.471,2.472,2.473,103600.0,1364700.0,617200.0,380000.0,182800.0,33400.0,186100.0,455600.0,60500.0,53900.0,3600.0,262300.0,286000.0,427800.0,452600.0,470200.0,128300.0,6100.0,2000.0,13700.0
20231026101145000,SZSE,SZSE.ETF.159901,2.464,2.467,2.477,2.456,0.0,2.727,2.231,49804227.0,6899.0,49804227.0,6899.0,0.0,0.0,20231026,20231026,101145000,2.479,0.0,0.0,2.463,2.462,2.461,2.46,2.458,2.457,2.456,2.455,2.454,2.453,2.465,2.466,2.467,2.468,2.469,2.47,2.471,2.472,2.473,2.474,233600.0,1070000.0,481900.0,380000.0,133800.0,33400.0,186100.0,455600.0,60500.0,53900.0,165900.0,256000.0,345100.0,481000.0,505500.0,128300.0,6100.0,2000.0,13700.0,12100.0
20231026101148000,SZSE,SZSE.ETF.159901,2.464,2.467,2.477,2.456,0.0,2.727,2.231,49804227.0,0.0,49804227.0,0.0,0.0,0.0,20231026,20231026,101148000,2.479,0.0,0.0,2.463,2.462,2.461,2.46,2.458,2.457,2.456,2.455,2.454,2.453,2.465,2.466,2.467,2.468,2.469,2.47,2.471,2.472,2.473,2.474,233600.0,1164800.0,537200.0,380000.0,182800.0,33400.0,186100.0,455600.0,60500.0,53900.0,395900.0,286000.0,299100.0,501300.0,470200.0,128300.0,6100.0,2000.0,13700.0,12100.0
20231026101151000,SZSE,SZSE.ETF.159901,2.464,2.467,2.477,2.456,0.0,2.727,2.231,49804227.0,0.0,49804227.0,0.0,0.0,0.0,20231026,20231026,101151000,2.479,0.0,0.0,2.463,2.462,2.461,2.46,2.458,2.457,2.456,2.455,2.454,2.453,2.465,2.466,2.467,2.468,2.469,2.47,2.471,2.472,2.473,2.474,153600.0,1164800.0,617200.0,380000.0,182800.0,33400.0,186100.0,455600.0,60500.0,53900.0,395900.0,286000.0,347800.0,537700.0,385100.0,128300.0,6100.0,2000.0,13700.0,12100.0
20231026101154000,SZSE,SZSE.ETF.159901,2.464,2.467,2.477,2.456,0.0,2.727,2.231,49804227.0,0.0,49804227.0,0.0,0.0,0.0,20231026,20231026,101154000,2.479,0.0,0.0,2.463,2.462,2.461,2.46,2.458,2.457,2.456,2.455,2.454,2.453,2.464,2.465,2.466,2.467,2.468,2.469,2.47,2.471,2.472,2.473,153600.0,1364800.0,617200.0,380000.0,182800.0,33400.0,186100.0,455600.0,60500.0,53900.0,3600.0,392300.0,286000.0,347800.0,537700.0,385100.0,128300.0,6100.0,2000.0,13700.0
20231026101157000,SZSE,SZSE.ETF.159901,2.464,2.467,2.477,2.456,0.0,2.727,2.231,49813098.0,8871.0,49813098.0,8871.0,0.0,0.0,20231026,20231026,101157000,2.479,0.0,0.0,2.464,2.463,2.462,2.461,2.46,2.458,2.457,2.456,2.455,2.454,2.465,2.466,2.467,2.468,2.469,2.47,2.471,2.472,2.473,2.474,2000.0,233600.0,1320100.0,581900.0,380000.0,133800.0,33400.0,186100.0,455600.0,60500.0,315900.0,206000.0,345100.0,531000.0,505500.0,128300.0,6100.0,2000.0,13700.0,12100.0
20231026101200000,SZSE,SZSE.ETF.159901,2.464,2.467,2.477,2.456,0.0,2.727,2.231,49813098.0,0.0,49813098.0,0.0,0.0,0.0,20231026,20231026,101200000,2.479,0.0,0.0,2.463,2.462,2.461,2.46,2.459,2.458,2.457,2.456,2.455,2.454,2.465,2.466,2.467,2.468,2.469,2.47,2.471,2.472,2.473,2.474,153600.0,1334800.0,753300.0,265000.0,100000.0,82800.0,33400.0,186100.0,455600.0,60500.0,165900.0,386000.0,229100.0,642400.0,470200.0,141300.0,6100.0,2000.0,13700.0,12100.0
20231026101203000,SZSE,SZSE.ETF.159901,2.464,2.467,2.477,2.456,0.0,2.727,2.231,49813098.0,0.0,49813098.0,0.0,0.0,0.0,20231026,20231026,101203000,2.479,0.0,0.0,2.463,2.462,2.461,2.46,2.459,2.458,2.457,2.456,2.455,2.454,2.465,2.466,2.467,2.468,2.469,2.47,2.471,2.472,2.473,2.474,233600.0,1164800.0,678300.0,280000.0,100000.0,82800.0,33400.0,186100.0,455600.0,60500.0,295900.0,386000.0,399100.0,642400.0,270200.0,141300.0,6100.0,2000.0,13700.0,12100.0
20231026101206000,SZSE,SZSE.ETF.159901,2.464,2.467,2.477,2.456,0.0,2.727,2.231,49813098.0,0.0,49813098.0,0.0,0.0,0.0,20231026,20231026,101206000,2.479,0.0,0.0,2.463,2.462,2.461,2.46,2.459,2.458,2.457,2.456,2.455,2.454,2.465,2.466,2.467,2.468,2.469,2.47,2.471,2.472,2.473,2.474,233600.0,1164800.0,678300.0,280000.0,100000.0,82800.0,33400.0,186100.0,455600.0,60500.0,215900.0,386000.0,479100.0,677500.0,185100.0,141300.0,6100.0,2000.0,13700.0,12100.0
20231026101209000,SZSE,SZSE.ETF.159901,2.464,2.467,2.477,2.456,0.0,2.727,2.231,49813098.0,0.0,49813098.0,0.0,0.0,0.0,20231026,20231026,101209000,2.479,0.0,0.0,2.463,2.462,2.461,2.46,2.459,2.458,2.457,2.456,2.455,2.454,2.465,2.466,2.467,2.468,2.469,2.47,2.471,2.472,2.473,2.474,103600.0,1074800.0,898300.0,280000.0,100000.0,82800.0,33400.0,186100.0,455600.0,60500.0,385900.0,296000.0,399100.0,677500.0,235100.0,91300.0,6100.0,2000.0,13700.0,12100.0
20231026101212000,SZSE,SZSE.ETF.159901,2.464,2.467,2.477,2.456,0.0,2.727,2.231,49813098.0,0.0,49813098.0,0.0,0.0,0.0,20231026,20231026,101212000,2.479,0.0,0.0,2.463,2.462,2.461,2.46,2.459,2.458,2.457,2.456,2.455,2.454,2.464,2.465,2.466,2.467,2.468,2.469,2.47,2.471,2.472,2.473,103600.0,1024800.0,898300.0,280000.0,100000.0,82800.0,33400.0,186100.0,455600.0,60500.0,3600.0,252300.0,296000.0,527800.0,678800.0,235100.0,91300.0,6100.0,2000.0,13700.0
20231026101215000,SZSE,SZSE.ETF.159901,2.464,2.467,2.477,2.456,0.0,2.727,2.231,49813098.0,0.0,49813098.0,0.0,0.0,0.0,20231026,20231026,101215000,2.479,0.0,0.0,2.463,2.462,2.461,2.46,2.459,2.458,2.457,2.456,2.455,2.454,2.465,2.466,2.467,2.468,2.469,2.47,2.471,2.472,2.473,2.474,103600.0,1030100.0,901900.0,321100.0,100000.0,33800.0,33400.0,186100.0,455600.0,60500.0,305900.0,216000.0,566200.0,716100.0,190400.0,91300.0,6100.0,2000.0,13700.0,14100.0
20231026101218000,SZSE,SZSE.ETF.159901,2.464,2.467,2.477,2.456,0.0,2.727,2.231,49815562.0,2464.0,49815562.0,2464.0,0.0,0.0,20231026,20231026,101218000,2.479,0.0,0.0,2.463,2.462,2.461,2.46,2.459,2.458,2.457,2.456,2.455,2.454,2.464,2.465,2.466,2.467,2.468,2.469,2.47,2.471,2.472,2.473,153600.0,1114800.0,808300.0,280000.0,100000.0,82800.0,33400.0,186100.0,455600.0,60500.0,2600.0,212300.0,386000.0,527800.0,678800.0,235100.0,91300.0,6100.0,2000.0,13700.0
20231026101221000,SZSE,SZSE.ETF.159901,2.464,2.467,2.477,2.456,0.0,2.727,2.231,49815562.0,0.0,49815562.0,0.0,0.0,0.0,20231026,20231026,101221000,2.479,0.0,0.0,2.463,2.462,2.461,2.46,2.459,2.458,2.457,2.456,2.455,2.454,2.465,2.466,2.467,2.468,2.469,2.47,2.471,2.472,2.473,2.474,233600.0,1070100.0,731900.0,321100.0,100000.0,33800.0,33400.0,186100.0,455600.0,60500.0,215900.0,306000.0,486200.0,716100.0,270400.0,91300.0,6100.0,2000.0,13700.0,14100.0
20231026101224000,SZSE,SZSE.ETF.159901,2.464,2.467,2.477,2.456,0.0,2.727,2.231,49815562.0,0.0,49815562.0,0.0,0.0,0.0,20231026,20231026,101224000,2.479,0.0,0.0,2.463,2.462,2.461,2.46,2.459,2.458,2.457,2.456,2.455,2.454,2.464,2.465,2.466,2.467,2.468,2.469,2.47,2.471,2.472,2.473,239100.0,1264800.0,728300.0,280000.0,100000.0,82800.0,33400.0,186100.0,455600.0,60500.0,600.0,215900.0,386000.0,279100.0,592400.0,320200.0,91300.0,6100.0,2000.0,13700.0
20231026101227000,SZSE,SZSE.ETF.159901,2.464,2.467,2.477,2.456,0.0,2.727,2.231,49816547.0,985.0,49816547.0,985.0,0.0,0.0,20231026,20231026,101227000,2.479,0.0,0.0,2.463,2.462,2.461,2.46,2.459,2.458,2.457,2.456,2.455,2.454,2.464,2.465,2.466,2.467,2.468,2.469,2.47,2.471,2.472,2.473,239100.0,1270100.0,858400.0,194500.0,100000.0,33800.0,33400.0,178300.0,455600.0,60500.0,200.0,215900.0,306000.0,245100.0,672100.0,355500.0,91300.0,6100.0,2000.0,13700.0
20231026101230000,SZSE,SZSE.ETF.159901,2.464,2.467,2.477,2.456,0.0,2.727,2.231,50309394.0,492847.0,50309394.0,492847.0,0.0,0.0,20231026,20231026,101230000,2.479,0.0,0.0,2.463,2.462,2.461,2.46,2.459,2.458,2.457,2.456,2.455,2.454,2.464,2.465,2.466,2.467,2.468,2.469,2.47,2.471,2.472,2.473,109100.0,1270100.0,988400.0,194500.0,100000.0,33800.0,82400.0,178300.0,455600.0,60500.0,50100.0,165900.0,355000.0,325100.0,672100.0,275500.0,91300.0,6100.0,2000.0,13700.0
20231026101233000,SZSE,SZSE.ETF.159901,2.464,2.467,2.477,2.456,0.0,2.727,2.231,50309394.0,0.0,50309394.0,0.0,0.0,0.0,20231026,20231026,101233000,2.479,0.0,0.0,2.463,2.462,2.461,2.46,2.459,2.458,2.457,2.456,2.455,2.454,2.464,2.465,2.466,2.467,2.468,2.469,2.47,2.471,2.472,2.473,109100.0,1270100.0,903000.0,280000.0,100000.0,30000.0,82400.0,178300.0,455600.0,60500.0,53700.0,162300.0,435000.0,373800.0,628500.0,190400.0,91300.0,6100.0,2000.0,13700.0
20231026101236000,SZSE,SZSE.ETF.159901,2.464,2.467,2.477,2.456,0.0,2.727,2.231,50309394.0,0.0,50309394.0,0.0,0.0,0.0,20231026,20231026,101236000,2.479,0.0,0.0,2.463,2.462,2.461,2.46,2.459,2.458,2.457,2.456,2.455,2.454,2.464,2.465,2.466,2.467,2.468,2.469,2.47,2.471,2.472,2.473,103600.0,1320100.0,811900.0,321100.0,100000.0,30000.0,82400.0,178300.0,455600.0,60500.0,53700.0,162300.0,435000.0,414900.0,587400.0,190400.0,91300.0,6100.0,2000.0,13700.0
20231026101239000,SZSE,SZSE.ETF.159901,2.464,2.467,2.477,2.456,0.0,2.727,2.231,50808647.0,499253.0,50808647.0,499253.0,0.0,0.0,20231026,20231026,101239000,2.479,0.0,0.0,2.463,2.462,2.461,2.46,2.459,2.458,2.457,2.456,2.455,2.454,2.464,2.465,2.466,2.467,2.468,2.469,2.47,2.471,2.472,2.473,273600.0,1180100.0,731900.0,321100.0,100000.0,30000.0,82400.0,178300.0,455600.0,60500.0,51000.0,162300.0,345000.0,504900.0,537400.0,190400.0,91300.0,6100.0,2000.0,13700.0
20231026101242000,SZSE,SZSE.ETF.159901,2.464,2.467,2.477,2.456,0.0,2.727,2.231,50822199.0,13552.0,50822199.0,13552.0,0.0,0.0,20231026,20231026,101242000,2.479,0.0,0.0,2.463,2.462,2.461,2.46,2.459,2.458,2.457,2.456,2.455,2.454,2.465,2.466,2.467,2.468,2.469,2.47,2.471,2.472,2.473,2.474,473600.0,1280100.0,481900.0,321100.0,100000.0,30000.0,202400.0,58300.0,455600.0,60500.0,215900.0,265000.0,376200.0,516100.0,420400.0,141300.0,6100.0,2000.0,13700.0,14100.0
20231026101245000,SZSE,SZSE.ETF.159901,2.464,2.467,2.477,2.456,0.0,2.727,2.231,50822199.0,0.0,50822199.0,0.0,0.0,0.0,20231026,20231026,101245000,2.479,0.0,0.0,2.464,2.463,2.462,2.461,2.46,2.459,2.458,2.457,2.456,2.455,2.465,2.466,2.467,2.468,2.469,2.47,2.471,2.472,2.473,2.474,3600.0,470000.0,1324800.0,527100.0,231200.0,100000.0,79000.0,153400.0,58300.0,455600.0,215900.0,216000.0,369100.0,472400.0,470200.0,141300.0,6100.0,2000.0,13700.0,14100.0
20231026101248000,SZSE,SZSE.ETF.159901,2.464,2.467,2.477,2.456,0.0,2.727,2.231,50822199.0,0.0,50822199.0,0.0,0.0,0.0,20231026,20231026,101248000,2.479,0.0,0.0,2.463,2.462,2.461,2.46,2.459,2.458,2.457,2.456,2.455,2.454,2.465,2.466,2.467,2.468,2.469,2.47,2.471,2.472,2.473,2.474,303600.0,1434800.0,638700.0,179500.0,100000.0,79000.0,153400.0,58300.0,455600.0,60500.0,273600.0,386000.0,149100.0,442400.0,520200.0,141300.0,6100.0,2000.0,13700.0,14100.0
20231026101251000,SZSE,SZSE.ETF.159901,2.464,2.467,2.477,2.456,0.0,2.727,2.231,50822199.0,0.0,50822199.0,0.0,0.0,0.0,20231026,20231026,101251000,2.479,0.0,0.0,2.463,2.462,2.461,2.46,2.459,2.458,2.457,2.456,2.455,2.454,2.465,2.466,2.467,2.468,2.469,2.47,2.471,2.472,2.473,2.474,183600.0,1414800.0,478300.0,280000.0,100000.0,79000.0,153400.0,58300.0,455600.0,60500.0,193600.0,386000.0,279100.0,592400.0,520200.0,141300.0,6100.0,2000.0,13700.0,14100.0
20231026101254000,SZSE,SZSE.ETF.159901,2.464,2.467,2.477,2.456,0.0,2.727,2.231,50822199.0,0.0,50822199.0,0.0,0.0,0.0,20231026,20231026,101254000,2.479,0.0,0.0,2.463,2.462,2.461,2.46,2.459,2.458,2.457,2.456,2.455,2.454,2.465,2.466,2.467,2.468,2.469,2.47,2.471,2.472,2.473,2.474,273600.0,1274800.0,478300.0,280000.0,100000.0,79000.0,153400.0,58300.0,455600.0,60500.0,193600.0,296000.0,369100.0,677500.0,385100.0,141300.0,6100.0,2000.0,13700.0,14100.0
20231026101257000,SZSE,SZSE.ETF.159901,2.464,2.467,2.477,2.456,0.0,2.727,2.231,50822199.0,0.0,50822199.0,0.0,0.0,0.0,20231026,20231026,101257000,2.479,0.0,0.0,2.463,2.462,2.461,2.46,2.459,2.458,2.457,2.456,2.455,2.454,2.465,2.466,2.467,2.468,2.469,2.47,2.471,2.472,2.473,2.474,473600.0,1324800.0,478300.0,280000.0,100000.0,79000.0,153400.0,58300.0,455600.0,60500.0,193600.0,296000.0,369100.0,592400.0,520200.0,141300.0,6100.0,2000.0,13700.0,14100.0
20231026101300000,SZSE,SZSE.ETF.159901,2.464,2.467,2.477,2.456,0.0,2.727,2.231,50822199.0,0.0,50822199.0,0.0,0.0,0.0,20231026,20231026,101300000,2.479,0.0,0.0,2.464,2.463,2.462,2.461,2.46,2.459,2.458,2.457,2.456,2.455,2.465,2.466,2.467,2.468,2.469,2.47,2.471,2.472,2.473,2.474,3600.0,180000.0,1414800.0,612500.0,145700.0,100000.0,79000.0,153400.0,58300.0,455600.0,193600.0,306000.0,279100.0,672400.0,520200.0,141300.0,6100.0,2000.0,13700.0,14100.0
20231026101303000,SZSE,SZSE.ETF.159901,2.464,2.467,2.477,2.456,0.0,2.727,2.231,50822199.0,0.0,50822199.0,0.0,0.0,0.0,20231026,20231026,101303000,2.479,0.0,0.0,2.463,2.462,2.461,2.46,2.459,2.458,2.457,2.456,2.455,2.454,2.464,2.465,2.466,2.467,2.468,2.469,2.47,2.471,2.472,2.473,103600.0,1434800.0,553300.0,265000.0,100000.0,79000.0,153400.0,58300.0,455600.0,60500.0,50000.0,223600.0,386000.0,150100.0,642400.0,520200.0,141300.0,6100.0,2000.0,13700.0
20231026101306000,SZSE,SZSE.ETF.159901,2.464,2.467,2.477,2.456,0.0,2.727,2.231,50822199.0,0.0,50822199.0,0.0,0.0,0.0,20231026,20231026,101306000,2.479,0.0,0.0,2.463,2.462,2.461,2.46,2.459,2.458,2.457,2.456,2.455,2.454,2.464,2.465,2.466,2.467,2.468,2.469,2.47,2.471,2.472,2.473,183600.0,1170100.0,626600.0,280000.0,100000.0,30000.0,153400.0,178300.0,455600.0,60500.0,53600.0,140000.0,386000.0,374800.0,578500.0,190400.0,141300.0,6100.0,2000.0,13700.0
20231026101309000,SZSE,SZSE.ETF.159901,2.464,2.467,2.477,2.456,0.0,2.727,2.231,50822199.0,0.0,50822199.0,0.0,0.0,0.0,20231026,20231026,101309000,2.479,0.0,0.0,2.463,2.462,2.461,2.46,2.459,2.458,2.457,2.456,2.455,2.454,2.464,2.465,2.466,2.467,2.468,2.469,2.47,2.471,2.472,2.473,273600.0,1230100.0,626600.0,280000.0,100000.0,30000.0,202400.0,58300.0,455600.0,60500.0,3600.0,190000.0,265000.0,464800.0,658500.0,140400.0,141300.0,6100.0,2000.0,13700.0
20231026101312000,SZSE,SZSE.ETF.159901,2.464,2.467,2.477,2.456,0.0,2.727,2.231,50822199.0,0.0,50822199.0,0.0,0.0,0.0,20231026,20231026,101312000,2.479,0.0,0.0,2.463,2.462,2.461,2.46,2.459,2.458,2.457,2.456,2.455,2.454,2.465,2.466,2.467,2.468,2.469,2.47,2.471,2.472,2.473,2.474,883600.0,670100.0,626600.0,280000.0,100000.0,30000.0,322400.0,58300.0,455600.0,60500.0,193600.0,355000.0,246100.0,622100.0,555500.0,141300.0,6100.0,2000.0,13700.0,14100.0
20231026101315000,SZSE,SZSE.ETF.159901,2.464,2.467,2.477,2.456,0.0,2.727,2.231,50822199.0,0.0,50822199.0,0.0,0.0,0.0,20231026,20231026,101315000,2.479,0.0,0.0,2.464,2.463,2.462,2.461,2.46,2.459,2.458,2.457,2.456,2.455,2.465,2.466,2.467,2.468,2.469,2.47,2.471,2.472,2.473,2.474,93600.0,1080000.0,624800.0,516100.0,145700.0,100000.0,30000.0,273400.0,58300.0,455600.0,193600.0,216000.0,151100.0,562400.0,600200.0,141300.0,6100.0,2000.0,13700.0,14100.0
20231026101318000,SZSE,SZSE.ETF.159901,2.464,2.467,2.477,2.456,0.0,2.727,2.231,50822199.0,0.0,50822199.0,0.0,0.0,0.0,20231026,20231026,101318000,2.479,0.0,0.0,2.464,2.463,2.462,2.461,2.46,2.459,2.458,2.457,2.456,2.455,2.465,2.466,2.467,2.468,2.469,2.47,2.471,2.472,2.473,2.474,3600.0,1190000.0,624800.0,591100.0,50700.0,100000.0,79000.0,273400.0,58300.0,455600.0,193600.0,296000.0,320100.0,442400.0,520200.0,141300.0,6100.0,2000.0,13700.0,14100.0
20231026101321000,SZSE,SZSE.ETF.159901,2.464,2.467,2.477,2.456,0.0,2.727,2.231,50822199.0,0.0,50822199.0,0.0,0.0,0.0,20231026,20231026,101321000,2.479,0.0,0.0,2.464,2.463,2.462,2.461,2.46,2.458,2.457,2.456,2.455,2.454,2.465,2.466,2.467,2.468,2.469,2.47,2.471,2.472,2.473,2.474,100000.0,1293600.0,624800.0,442300.0,99500.0,79000.0,33400.0,58300.0,455600.0,60500.0,43600.0,166000.0,320100.0,622400.0,520200.0,241300.0,6100.0,2000.0,13700.0,14100.0
20231026101324000,SZSE,SZSE.ETF.159901,2.464,2.467,2.477,2.456,0.0,2.727,2.231,50822199.0,0.0,50822199.0,0.0,0.0,0.0,20231026,20231026,101324000,2.479,0.0,0.0,2.464,2.463,2.462,2.461,2.46,2.458,2.457,2.456,2.455,2.454,2.465,2.466,2.467,2.468,2.469,2.47,2.471,2.472,2.473,2.474,183600.0,1370000.0,585500.0,370400.0,50700.0,77800.0,33400.0,58300.0,455600.0,60500.0,43600.0,166000.0,320100.0,531800.0,475700.0,326400.0,6100.0,52000.0,13700.0,14100.0
20231026101327000,SZSE,SZSE.ETF.159901,2.465,2.467,2.477,2.456,0.0,2.727,2.231,50907981.0,85782.0,50907981.0,85782.0,0.0,0.0,20231026,20231026,101327000,2.479,0.0,0.0,2.464,2.463,2.462,2.461,2.46,2.458,2.457,2.456,2.455,2.454,2.465,2.466,2.467,2.468,2.469,2.47,2.471,2.472,2.473,2.474,233600.0,1320000.0,585500.0,370400.0,700.0,77800.0,33400.0,58300.0,455600.0,60500.0,8800.0,166000.0,240100.0,403100.0,554400.0,456400.0,6100.0,52000.0,13700.0,14100.0
20231026101330000,SZSE,SZSE.ETF.159901,2.465,2.467,2.477,2.456,0.0,2.727,2.231,50925236.0,17255.0,50925236.0,17255.0,0.0,0.0,20231026,20231026,101330000,2.479,0.0,0.0,2.464,2.463,2.462,2.461,2.46,2.458,2.457,2.456,2.455,2.454,2.466,2.467,2.468,2.469,2.47,2.471,2.472,2.473,2.474,2.475,1027600.0,580000.0,712000.0,243900.0,700.0,77800.0,33400.0,58300.0,455600.0,60500.0,169600.0,150100.0,452000.0,595500.0,456400.0,6100.0,52000.0,13700.0,14100.0,500.0
20231026101333000,SZSE,SZSE.ETF.159901,2.465,2.467,2.477,2.456,0.0,2.727,2.231,50925236.0,0.0,50925236.0,0.0,0.0,0.0,20231026,20231026,101333000,2.479,0.0,0.0,2.465,2.464,2.463,2.462,2.461,2.46,2.458,2.457,2.456,2.455,2.466,2.467,2.468,2.469,2.47,2.471,2.472,2.473,2.474,2.475,3600.0,324000.0,1324700.0,675000.0,236200.0,700.0,28800.0,33400.0,58300.0,455600.0,191900.0,101100.0,398100.0,604700.0,501100.0,6100.0,52000.0,13700.0,14100.0,500.0
20231026101336000,SZSE,SZSE.ETF.159901,2.465,2.467,2.477,2.456,0.0,2.727,2.231,50925236.0,0.0,50925236.0,0.0,0.0,0.0,20231026,20231026,101336000,2.479,0.0,0.0,2.464,2.463,2.462,2.461,2.46,2.459,2.458,2.457,2.456,2.455,2.466,2.467,2.468,2.469,2.47,2.471,2.472,2.473,2.474,2.475,1297600.0,724700.0,592300.0,148900.0,700.0,49000.0,28800.0,33400.0,58300.0,455600.0,141900.0,231100.0,436000.0,515800.0,621100.0,106100.0,52000.0,13700.0,14100.0,500.0
20231026101339000,SZSE,SZSE.ETF.159901,2.466,2.467,2.477,2.456,0.0,2.727,2.231,50930168.0,4932.0,50930168.0,4932.0,0.0,0.0,20231026,20231026,101339000,2.479,0.0,0.0,2.465,2.464,2.463,2.462,2.461,2.46,2.459,2.458,2.457,2.456,2.466,2.467,2.468,2.469,2.47,2.471,2.472,2.473,2.474,2.475,3600.0,474000.0,1174700.0,575000.0,136200.0,700.0,49000.0,28800.0,33400.0,58300.0,186300.0,104700.0,347100.0,656000.0,649700.0,106100.0,52000.0,13700.0,14100.0,500.0
20231026101342000,SZSE,SZSE.ETF.159901,2.466,2.467,2.477,2.456,0.0,2.727,2.231,50930168.0,0.0,50930168.0,0.0,0.0,0.0,20231026,20231026,101342000,2.479,0.0,0.0,2.464,2.463,2.462,2.461,2.46,2.459,2.458,2.457,2.456,2.455,2.466,2.467,2.468,2.469,2.47,2.471,2.472,2.473,2.474,2.475,247600.0,1294700.0,456900.0,314300.0,700.0,49000.0,28800.0,33400.0,58300.0,455600.0,219900.0,181100.0,356000.0,615800.0,621100.0,6100.0,52000.0,13700.0,14100.0,500.0
20231026101345000,SZSE,SZSE.ETF.159901,2.466,2.467,2.477,2.456,0.0,2.727,2.231,50930168.0,0.0,50930168.0,0.0,0.0,0.0,20231026,20231026,101345000,2.479,0.0,0.0,2.464,2.463,2.462,2.461,2.46,2.459,2.458,2.457,2.456,2.455,2.466,2.467,2.468,2.469,2.47,2.471,2.472,2.473,2.474,2.475,327600.0,1324700.0,381900.0,329300.0,700.0,49000.0,28800.0,33400.0,58300.0,455600.0,189900.0,181100.0,486000.0,365800.0,621100.0,6100.0,52000.0,13700.0,14100.0,500.0
20231026101348000,SZSE,SZSE.ETF.159901,2.466,2.467,2.477,2.456,0.0,2.727,2.231,50930168.0,0.0,50930168.0,0.0,0.0,0.0,20231026,20231026,101348000,2.479,0.0,0.0,2.464,2.463,2.462,2.461,2.46,2.459,2.458,2.457,2.456,2.455,2.466,2.467,2.468,2.469,2.47,2.471,2.472,2.473,2.474,2.475,237600.0,1364700.0,430700.0,280500.0,700.0,49000.0,28800.0,33400.0,58300.0,455600.0,189900.0,191100.0,396000.0,645800.0,571100.0,6100.0,52000.0,13700.0,14100.0,500.0
20231026101351000,SZSE,SZSE.ETF.159901,2.464,2.467,2.477,2.456,0.0,2.727,2.231,50942488.0,12320.0,50942488.0,12320.0,0.0,0.0,20231026,20231026,101351000,2.479,0.0,0.0,2.464,2.463,2.462,2.461,2.46,2.459,2.458,2.457,2.456,2.455,2.465,2.466,2.467,2.468,2.469,2.47,2.471,2.472,2.473,2.474,62600.0,1414700.0,661900.0,329300.0,700.0,49000.0,28800.0,33400.0,58300.0,455600.0,50000.0,219900.0,271100.0,216000.0,565800.0,621100.0,6100.0,52000.0,13700.0,14100.0
20231026101424000,SZSE,SZSE.ETF.159901,2.462,2.467,2.477,2.456,0.0,2.727,2.231,51025282.0,0.0,51025282.0,0.0,0.0,0.0,20231026,20231026,101424000,2.479,0.0,0.0,2.461,2.46,2.459,2.458,2.457,2.456,2.455,2.454,2.453,2.452,2.463,2.464,2.465,2.466,2.467,2.468,2.469,2.47,2.471,2.472,53700.0,1220700.0,606500.0,408200.0,33400.0,58300.0,455600.0,60500.0,53900.0,314500.0,153600.0,195000.0,325100.0,604400.0,351200.0,117000.0,140400.0,41300.0,6100.0,2000.0
20231026101427000,SZSE,SZSE.ETF.159901,2.462,2.467,2.477,2.456,0.0,2.727,2.231,51025282.0,0.0,51025282.0,0.0,0.0,0.0,20231026,20231026,101427000,2.479,0.0,0.0,2.461,2.46,2.459,2.458,2.457,2.456,2.455,2.454,2.453,2.452,2.462,2.463,2.464,2.465,2.466,2.467,2.468,2.469,2.47,2.471,53700.0,1385400.0,561800.0,588200.0,33400.0,107300.0,455600.0,60500.0,53900.0,314500.0,120600.0,230000.0,275000.0,247800.0,526000.0,395900.0,117000.0,140400.0,41300.0,6100.0
20231026101430000,SZSE,SZSE.ETF.159901,2.462,2.467,2.477,2.456,0.0,2.727,2.231,51025282.0,0.0,51025282.0,0.0,0.0,0.0,20231026,20231026,101430000,2.479,0.0,0.0,2.461,2.46,2.459,2.458,2.457,2.456,2.455,2.454,2.453,2.452,2.462,2.463,2.464,2.465,2.466,2.467,2.468,2.469,2.47,2.471,53700.0,1140700.0,565800.0,628900.0,33400.0,58300.0,455600.0,60500.0,53900.0,314500.0,170600.0,180000.0,275000.0,334400.0,435100.0,151200.0,117000.0,140400.0,41300.0,6100.0
20231026101433000,SZSE,SZSE.ETF.159901,2.462,2.467,2.477,2.456,0.0,2.727,2.231,51025282.0,0.0,51025282.0,0.0,0.0,0.0,20231026,20231026,101433000,2.479,0.0,0.0,2.461,2.46,2.459,2.458,2.457,2.456,2.455,2.454,2.453,2.452,2.462,2.463,2.464,2.465,2.466,2.467,2.468,2.469,2.47,2.471,53700.0,1090700.0,615800.0,628900.0,33400.0,58300.0,504600.0,60500.0,53900.0,314500.0,170600.0,180000.0,324000.0,534400.0,435100.0,151200.0,117000.0,140400.0,41300.0,6100.0
20231026101436000,SZSE,SZSE.ETF.159901,2.462,2.467,2.477,2.456,0.0,2.727,2.231,51025282.0,0.0,51025282.0,0.0,0.0,0.0,20231026,20231026,101436000,2.479,0.0,0.0,2.461,2.46,2.459,2.458,2.457,2.456,2.455,2.454,2.453,2.452,2.462,2.463,2.464,2.465,2.466,2.467,2.468,2.469,2.47,2.471,53700.0,1290700.0,524700.0,670000.0,33400.0,58300.0,504600.0,60500.0,53900.0,314500.0,120600.0,230000.0,324000.0,375500.0,394000.0,101200.0,117000.0,140400.0,41300.0,6100.0
20231026101439000,SZSE,SZSE.ETF.159901,2.462,2.467,2.477,2.456,0.0,2.727,2.231,51025282.0,0.0,51025282.0,0.0,0.0,0.0,20231026,20231026,101439000,2.479,0.0,0.0,2.461,2.46,2.459,2.458,2.457,2.456,2.455,2.454,2.453,2.452,2.462,2.463,2.464,2.465,2.466,2.467,2.468,2.469,2.47,2.471,53900.0,1340700.0,524700.0,670000.0,33400.0,58300.0,504600.0,60500.0,53900.0,314500.0,120600.0,230000.0,324000.0,375500.0,444000.0,101200.0,117000.0,140400.0,41300.0,6100.0
20231026101442000,SZSE,SZSE.ETF.159901,2.462,2.467,2.477,2.456,0.0,2.727,2.231,51025282.0,0.0,51025282.0,0.0,0.0,0.0,20231026,20231026,101442000,2.479,0.0,0.0,2.461,2.46,2.459,2.458,2.457,2.456,2.455,2.454,2.453,2.452,2.462,2.463,2.464,2.465,2.466,2.467,2.468,2.469,2.47,2.471,243900.0,1330800.0,524700.0,490000.0,33400.0,58300.0,504600.0,300300.0,53900.0,314500.0,3600.0,150000.0,234000.0,645500.0,308800.0,186400.0,117000.0,140400.0,41300.0,6100.0
20231026101445000,SZSE,SZSE.ETF.159901,2.462,2.467,2.477,2.456,0.0,2.727,2.231,51032176.0,6894.0,51032176.0,6894.0,0.0,0.0,20231026,20231026,101445000,2.479,0.0,0.0,2.461,2.46,2.459,2.458,2.457,2.456,2.455,2.454,2.453,2.452,2.462,2.463,2.464,2.465,2.466,2.467,2.468,2.469,2.47,2.471,423900.0,1330800.0,370900.0,357300.0,33400.0,58300.0,504600.0,300300.0,53900.0,314500.0,10000.0,153600.0,154100.0,376200.0,328100.0,466400.0,117000.0,140400.0,41300.0,6100.0
20231026101448000,SZSE,SZSE.ETF.159901,2.462,2.467,2.477,2.456,0.0,2.727,2.231,51051872.0,19696.0,51051872.0,19696.0,0.0,0.0,20231026,20231026,101448000,2.479,0.0,0.0,2.461,2.46,2.459,2.458,2.457,2.456,2.455,2.454,2.453,2.452,2.462,2.463,2.464,2.465,2.466,2.467,2.468,2.469,2.47,2.471,143900.0,1330800.0,492000.0,416200.0,33400.0,58300.0,504600.0,300300.0,53900.0,314500.0,102000.0,153600.0,154100.0,415100.0,569200.0,386400.0,117000.0,140400.0,41300.0,6100.0
20231026101451000,SZSE,SZSE.ETF.159901,2.462,2.467,2.477,2.456,0.0,2.727,2.231,51051872.0,0.0,51051872.0,0.0,0.0,0.0,20231026,20231026,101451000,2.479,0.0,0.0,2.461,2.46,2.459,2.458,2.457,2.456,2.455,2.454,2.453,2.452,2.462,2.463,2.464,2.465,2.466,2.467,2.468,2.469,2.47,2.471,143900.0,1280800.0,415800.0,542400.0,33400.0,58300.0,504600.0,300300.0,53900.0,314500.0,105600.0,230000.0,234100.0,474400.0,435100.0,351200.0,117000.0,140400.0,41300.0,6100.0
20231026101454000,SZSE,SZSE.ETF.159901,2.462,2.467,2.477,2.456,0.0,2.727,2.231,51051872.0,0.0,51051872.0,0.0,0.0,0.0,20231026,20231026,101454000,2.479,0.0,0.0,2.461,2.46,2.459,2.458,2.457,2.456,2.455,2.454,2.453,2.452,2.462,2.463,2.464,2.465,2.466,2.467,2.468,2.469,2.47,2.471,523900.0,1330800.0,244700.0,483500.0,33400.0,58300.0,504600.0,60500.0,53900.0,314500.0,5600.0,150000.0,229100.0,645500.0,194000.0,351200.0,117000.0,140400.0,41300.0,6100.0
20231026101457000,SZSE,SZSE.ETF.159901,2.462,2.467,2.477,2.456,0.0,2.727,2.231,51062704.0,10832.0,51062704.0,10832.0,0.0,0.0,20231026,20231026,101457000,2.479,0.0,0.0,2.462,2.461,2.46,2.459,2.458,2.457,2.456,2.455,2.454,2.453,2.463,2.464,2.465,2.466,2.467,2.468,2.469,2.47,2.471,2.472,90000.0,1133900.0,580800.0,370900.0,357300.0,33400.0,58300.0,504600.0,60500.0,53900.0,103600.0,149100.0,386200.0,368100.0,316400.0,317000.0,140400.0,41300.0,6100.0,2000.0
20231026101500000,SZSE,SZSE.ETF.159901,2.462,2.467,2.477,2.456,0.0,2.727,2.231,51395730.0,333026.0,51395730.0,333026.0,0.0,0.0,20231026,20231026,101500000,2.479,0.0,0.0,2.462,2.461,2.46,2.459,2.458,2.457,2.456,2.455,2.454,2.453,2.463,2.464,2.465,2.466,2.467,2.468,2.469,2.47,2.471,2.472,233600.0,1321300.0,495500.0,311200.0,122300.0,33400.0,107300.0,575600.0,60500.0,53900.0,3600.0,50100.0,419100.0,469500.0,481100.0,267000.0,190400.0,91300.0,6100.0,2000.0
20231026101503000,SZSE,SZSE.ETF.159901,2.463,2.467,2.477,2.456,0.0,2.727,2.231,51404596.0,8866.0,51404596.0,8866.0,0.0,0.0,20231026,20231026,101503000,2.479,0.0,0.0,2.463,2.462,2.461,2.46,2.459,2.458,2.457,2.456,2.455,2.454,2.464,2.465,2.466,2.467,2.468,2.469,2.47,2.471,2.472,2.473,99200.0,433600.0,1421300.0,277300.0,329400.0,22300.0,33400.0,227300.0,455600.0,60500.0,53700.0,239100.0,359100.0,406300.0,532100.0,140400.0,141300.0,6100.0,2000.0,13700.0
20231026101506000,SZSE,SZSE.ETF.159901,2.463,2.467,2.477,2.456,0.0,2.727,2.231,51404596.0,0.0,51404596.0,0.0,0.0,0.0,20231026,20231026,101506000,2.479,0.0,0.0,2.463,2.462,2.461,2.46,2.459,2.458,2.457,2.456,2.455,2.454,2.464,2.465,2.466,2.467,2.468,2.469,2.47,2.471,2.472,2.473,180000.0,1180000.0,730700.0,321200.0,100000.0,22300.0,33400.0,298300.0,455600.0,60500.0,3700.0,240100.0,294100.0,416000.0,537400.0,190400.0,91300.0,6100.0,2000.0,13700.0
20231026101509000,SZSE,SZSE.ETF.159901,2.463,2.467,2.477,2.456,0.0,2.727,2.231,51404596.0,0.0,51404596.0,0.0,0.0,0.0,20231026,20231026,101509000,2.479,0.0,0.0,2.463,2.462,2.461,2.46,2.459,2.458,2.457,2.456,2.455,2.454,2.464,2.465,2.466,2.467,2.468,2.469,2.47,2.471,2.472,2.473,100000.0,1180000.0,901800.0,280100.0,100000.0,22300.0,82400.0,298300.0,455600.0,60500.0,50100.0,193700.0,263100.0,326200.0,672100.0,475500.0,91300.0,6100.0,2000.0,13700.0
20231026101512000,SZSE,SZSE.ETF.159901,2.463,2.467,2.477,2.456,0.0,2.727,2.231,51404596.0,0.0,51404596.0,0.0,0.0,0.0,20231026,20231026,101512000,2.479,0.0,0.0,2.463,2.462,2.461,2.46,2.459,2.458,2.457,2.456,2.455,2.454,2.464,2.465,2.466,2.467,2.468,2.469,2.47,2.471,2.472,2.473,189800.0,1320000.0,731800.0,330100.0,125000.0,22300.0,82400.0,298300.0,455600.0,60500.0,4700.0,175100.0,458100.0,399900.0,543400.0,475500.0,91300.0,6100.0,2000.0,13700.0
20231026101515000,SZSE,SZSE.ETF.159901,2.463,2.467,2.477,2.456,0.0,2.727,2.231,51405828.0,1232.0,51405828.0,1232.0,0.0,0.0,20231026,20231026,101515000,2.479,0.0,0.0,2.463,2.462,2.461,2.46,2.459,2.458,2.457,2.456,2.455,2.454,2.464,2.465,2.466,2.467,2.468,2.469,2.47,2.471,2.472,2.473,189300.0,1420000.0,640700.0,371200.0,125000.0,22300.0,82400.0,298300.0,455600.0,60500.0,1100.0,178700.0,378100.0,312300.0,631000.0,505500.0,141300.0,6100.0,2000.0,13700.0
20231026101518000,SZSE,SZSE.ETF.159901,2.464,2.467,2.477,2.456,0.0,2.727,2.231,51511780.0,105952.0,51511780.0,105952.0,0.0,0.0,20231026,20231026,101518000,2.479,0.0,0.0,2.463,2.462,2.461,2.46,2.459,2.458,2.457,2.456,2.455,2.454,2.464,2.465,2.466,2.467,2.468,2.469,2.47,2.471,2.472,2.473,101500.0,1370000.0,761800.0,330100.0,125000.0,22300.0,82400.0,58300.0,455600.0,60500.0,300.0,128700.0,378100.0,351200.0,672100.0,425500.0,141300.0,6100.0,2000.0,13700.0
20231026101521000,SZSE,SZSE.ETF.159901,2.464,2.467,2.477,2.456,0.0,2.727,2.231,51511780.0,0.0,51511780.0,0.0,0.0,0.0,20231026,20231026,101521000,2.479,0.0,0.0,2.463,2.462,2.461,2.46,2.459,2.458,2.457,2.456,2.455,2.454,2.464,2.465,2.466,2.467,2.468,2.469,2.47,2.471,2.472,2.473,160600.0,1120000.0,757800.0,330100.0,125000.0,22300.0,82400.0,58300.0,455600.0,60500.0,300.0,153700.0,453100.0,576200.0,622100.0,225500.0,141300.0,6100.0,2000.0,13700.0
20231026101524000,SZSE,SZSE.ETF.159901,2.464,2.467,2.477,2.456,0.0,2.727,2.231,51511780.0,0.0,51511780.0,0.0,0.0,0.0,20231026,20231026,101524000,2.479,0.0,0.0,2.463,2.462,2.461,2.46,2.459,2.458,2.457,2.456,2.455,2.454,2.464,2.465,2.466,2.467,2.468,2.469,2.47,2.471,2.472,2.473,360600.0,1370000.0,716700.0,371200.0,125000.0,22300.0,82400.0,58300.0,455600.0,60500.0,300.0,153700.0,453100.0,417300.0,666100.0,190400.0,141300.0,6100.0,2000.0,13700.0
20231026101527000,SZSE,SZSE.ETF.159901,2.464,2.467,2.477,2.456,0.0,2.727,2.231,51512273.0,493.0,51512273.0,493.0,0.0,0.0,20231026,20231026,101527000,2.479,0.0,0.0,2.463,2.462,2.461,2.46,2.459,2.458,2.457,2.456,2.455,2.454,2.464,2.465,2.466,2.467,2.468,2.469,2.47,2.471,2.472,2.473,360700.0,1370000.0,802100.0,287700.0,125000.0,22300.0,82400.0,58300.0,455600.0,60500.0,100.0,153700.0,453100.0,417300.0,631000.0,225500.0,141300.0,6100.0,2000.0,13700.0
20231026101530000,SZSE,SZSE.ETF.159901,2.464,2.467,2.477,2.456,0.0,2.727,2.231,51512273.0,0.0,51512273.0,0.0,0.0,0.0,20231026,20231026,101530000,2.479,0.0,0.0,2.463,2.462,2.461,2.46,2.459,2.458,2.457,2.456,2.455,2.454,2.464,2.465,2.466,2.467,2.468,2.469,2.47,2.471,2.472,2.473,359700.0,1370000.0,802100.0,287700.0,125000.0,22300.0,82400.0,58300.0,455600.0,60500.0,100.0,153700.0,453100.0,417300.0,631000.0,225500.0,141300.0,6100.0,2000.0,13700.0
20231026101533000,SZSE,SZSE.ETF.159901,2.464,2.467,2.477,2.456,0.0,2.727,2.231,51512273.0,0.0,51512273.0,0.0,0.0,0.0,20231026,20231026,101533000,2.479,0.0,0.0,2.463,2.462,2.461,2.46,2.459,2.458,2.457,2.456,2.455,2.454,2.464,2.465,2.466,2.467,2.468,2.469,2.47,2.471,2.472,2.473,359700.0,1320000.0,852100.0,287700.0,125000.0,22300.0,82400.0,58300.0,455600.0,60500.0,100.0,153700.0,453100.0,467300.0,581000.0,225500.0,141300.0,6100.0,2000.0,13700.0
20231026101536000,SZSE,SZSE.ETF.159901,2.464,2.467,2.477,2.456,0.0,2.727,2.231,51512273.0,0.0,51512273.0,0.0,0.0,0.0,20231026,20231026,101536000,2.479,0.0,0.0,2.463,2.462,2.461,2.46,2.459,2.458,2.457,2.456,2.455,2.454,2.464,2.465,2.466,2.467,2.468,2.469,2.47,2.471,2.472,2.473,439700.0,1370000.0,636700.0,373200.0,125000.0,22300.0,82400.0,58300.0,455600.0,60500.0,100.0,153700.0,453100.0,337300.0,631000.0,305500.0,141300.0,6100.0,2000.0,13700.0
20231026101539000,SZSE,SZSE.ETF.159901,2.464,2.467,2.477,2.456,0.0,2.727,2.231,51512273.0,0.0,51512273.0,0.0,0.0,0.0,20231026,20231026,101539000,2.479,0.0,0.0,2.463,2.462,2.461,2.46,2.459,2.458,2.457,2.456,2.455,2.454,2.464,2.465,2.466,2.467,2.468,2.469,2.47,2.471,2.472,2.473,529700.0,1280000.0,763200.0,246600.0,125000.0,22300.0,82400.0,58300.0,455600.0,60500.0,100.0,153700.0,363100.0,386200.0,672100.0,305500.0,141300.0,6100.0,2000.0,13700.0
20231026101542000,SZSE,SZSE.ETF.159901,2.464,2.467,2.477,2.456,0.0,2.727,2.231,51512273.0,0.0,51512273.0,0.0,0.0,0.0,20231026,20231026,101542000,2.479,0.0,0.0,2.463,2.462,2.461,2.46,2.459,2.458,2.457,2.456,2.455,2.454,2.464,2.465,2.466,2.467,2.468,2.469,2.47,2.471,2.472,2.473,439700.0,1370000.0,763200.0,246600.0,125000.0,22300.0,82400.0,58300.0,155600.0,60500.0,100.0,153700.0,453100.0,376200.0,622100.0,275500.0,141300.0,6100.0,2000.0,13700.0
20231026101545000,SZSE,SZSE.ETF.159901,2.464,2.467,2.477,2.456,0.0,2.727,2.231,51512273.0,0.0,51512273.0,0.0,0.0,0.0,20231026,20231026,101545000,2.479,0.0,0.0,2.463,2.462,2.461,2.46,2.459,2.458,2.457,2.456,2.455,2.454,2.464,2.465,2.466,2.467,2.468,2.469,2.47,2.471,2.472,2.473,439700.0,1270000.0,477800.0,432100.0,25000.0,22300.0,82400.0,58300.0,155600.0,60500.0,100.0,53700.0,353100.0,396200.0,522100.0,455500.0,141300.0,6100.0,2000.0,13700.0
20231026101548000,SZSE,SZSE.ETF.159901,2.465,2.467,2.477,2.456,0.0,2.727,2.231,51647354.0,135081.0,51647354.0,135081.0,0.0,0.0,20231026,20231026,101548000,2.479,0.0,0.0,2.465,2.464,2.463,2.462,2.461,2.46,2.459,2.458,2.457,2.456,2.466,2.467,2.468,2.469,2.47,2.471,2.472,2.473,2.474,2.475,146300.0,201000.0,1389700.0,520000.0,477800.0,432100.0,25000.0,22300.0,82400.0,58300.0,303100.0,446200.0,622100.0,405500.0,141300.0,6100.0,2000.0,13700.0,14100.0,500.0
20231026101551000,SZSE,SZSE.ETF.159901,2.465,2.467,2.477,2.456,0.0,2.727,2.231,51647354.0,0.0,51647354.0,0.0,0.0,0.0,20231026,20231026,101551000,2.479,0.0,0.0,2.465,2.464,2.463,2.462,2.461,2.46,2.459,2.458,2.457,2.456,2.466,2.467,2.468,2.469,2.47,2.471,2.472,2.473,2.474,2.475,200900.0,201000.0,1525800.0,1031000.0,331300.0,202800.0,25000.0,22300.0,33400.0,58300.0,354700.0,331200.0,367000.0,565800.0,271100.0,6100.0,2000.0,13700.0,14100.0,500.0
20231026101554000,SZSE,SZSE.ETF.159901,2.465,2.467,2.477,2.456,0.0,2.727,2.231,51762223.0,114869.0,51762223.0,114869.0,0.0,0.0,20231026,20231026,101554000,2.479,0.0,0.0,2.465,2.464,2.463,2.462,2.461,2.46,2.459,2.458,2.457,2.456,2.466,2.467,2.468,2.469,2.47,2.471,2.472,2.473,2.474,2.475,154300.0,301000.0,1640800.0,941000.0,331300.0,202800.0,74000.0,22300.0,33400.0,58300.0,215700.0,471200.0,416000.0,565800.0,271100.0,6100.0,2000.0,13700.0,14100.0,500.0
20231026101557000,SZSE,SZSE.ETF.159901,2.466,2.467,2.477,2.456,0.0,2.727,2.231,51797980.0,35757.0,51797980.0,35757.0,0.0,0.0,20231026,20231026,101557000,2.479,0.0,0.0,2.465,2.464,2.463,2.462,2.461,2.46,2.459,2.458,2.457,2.456,2.466,2.467,2.468,2.469,2.47,2.471,2.472,2.473,2.474,2.475,154300.0,301000.0,1630800.0,1031000.0,251300.0,202800.0,74000.0,22300.0,33400.0,58300.0,290200.0,381200.0,416000.0,565800.0,271100.0,6100.0,2000.0,13700.0,14100.0,500.0
20231026101600000,SZSE,SZSE.ETF.159901,2.466,2.467,2.477,2.456,0.0,2.727,2.231,51797980.0,0.0,51797980.0,0.0,0.0,0.0,20231026,20231026,101600000,2.479,0.0,0.0,2.465,2.464,2.463,2.462,2.461,2.46,2.459,2.458,2.457,2.456,2.466,2.467,2.468,2.469,2.47,2.471,2.472,2.473,2.474,2.475,254300.0,301100.0,1820800.0,741000.0,151300.0,102800.0,74000.0,22300.0,33400.0,58300.0,3600.0,371200.0,421000.0,590800.0,571100.0,6100.0,2000.0,13700.0,14100.0,500.0
20231026101603000,SZSE,SZSE.ETF.159901,2.466,2.467,2.477,2.456,0.0,2.727,2.231,51806857.0,8877.0,51806857.0,8877.0,0.0,0.0,20231026,20231026,101603000,2.479,0.0,0.0,2.466,2.465,2.464,2.463,2.462,2.461,2.46,2.459,2.458,2.457,2.467,2.468,2.469,2.47,2.471,2.472,2.473,2.474,2.475,2.476,94400.0,384300.0,1371100.0,941500.0,420300.0,151300.0,52800.0,314000.0,22300.0,33400.0,154800.0,431000.0,451500.0,655100.0,171100.0,52000.0,13700.0,14100.0,500.0,12300.0
20231026101606000,SZSE,SZSE.ETF.159901,2.466,2.467,2.477,2.456,0.0,2.727,2.231,51806857.0,0.0,51806857.0,0.0,0.0,0.0,20231026,20231026,101606000,2.479,0.0,0.0,2.466,2.465,2.464,2.463,2.462,2.461,2.46,2.459,2.458,2.457,2.467,2.468,2.469,2.47,2.471,2.472,2.473,2.474,2.475,2.476,186500.0,950700.0,915700.0,1051100.0,200000.0,51300.0,52800.0,265000.0,22300.0,33400.0,54800.0,362000.0,445400.0,791500.0,235700.0,52000.0,13700.0,14100.0,500.0,12300.0
20231026101609000,SZSE,SZSE.ETF.159901,2.466,2.467,2.477,2.456,0.0,2.727,2.231,51806857.0,0.0,51806857.0,0.0,0.0,0.0,20231026,20231026,101609000,2.479,0.0,0.0,2.466,2.465,2.464,2.463,2.462,2.461,2.46,2.459,2.458,2.457,2.467,2.468,2.469,2.47,2.471,2.472,2.473,2.474,2.475,2.476,186500.0,1030700.0,1006300.0,880400.0,200000.0,51300.0,101800.0,265000.0,22300.0,33400.0,4800.0,232000.0,544400.0,781000.0,191200.0,137000.0,13700.0,14100.0,500.0,12300.0
20231026101612000,SZSE,SZSE.ETF.159901,2.467,2.467,2.477,2.456,0.0,2.727,2.231,51812285.0,5428.0,51812285.0,5428.0,0.0,0.0,20231026,20231026,101612000,2.479,0.0,0.0,2.467,2.466,2.465,2.464,2.463,2.462,2.461,2.46,2.459,2.458,2.468,2.469,2.47,2.471,2.472,2.473,2.474,2.475,2.476,2.477,231700.0,266500.0,1030700.0,826300.0,880400.0,200000.0,51300.0,101800.0,25000.0,22300.0,135600.0,464400.0,652400.0,369800.0,217000.0,13700.0,14100.0,500.0,12300.0,108800.0
20231026101615000,SZSE,SZSE.ETF.159901,2.467,2.467,2.477,2.456,0.0,2.727,2.231,51812285.0,0.0,51812285.0,0.0,0.0,0.0,20231026,20231026,101615000,2.479,0.0,0.0,2.467,2.466,2.465,2.464,2.463,2.462,2.461,2.46,2.459,2.458,2.468,2.469,2.47,2.471,2.472,2.473,2.474,2.475,2.476,2.477,235300.0,262900.0,1265300.0,961800.0,610200.0,200000.0,100300.0,172800.0,25000.0,22300.0,120600.0,369200.0,395300.0,711200.0,181600.0,13700.0,14100.0,500.0,12300.0,108800.0
20231026101618000,SZSE,SZSE.ETF.159901,2.468,2.467,2.477,2.456,0.0,2.727,2.231,51861645.0,49360.0,51861645.0,49360.0,0.0,0.0,20231026,20231026,101618000,2.479,0.0,0.0,2.467,2.466,2.465,2.464,2.463,2.462,2.461,2.46,2.459,2.458,2.468,2.469,2.47,2.471,2.472,2.473,2.474,2.475,2.476,2.477,238600.0,232900.0,1315300.0,1041800.0,360200.0,150000.0,100300.0,172800.0,25000.0,22300.0,101600.0,449200.0,295300.0,631200.0,231600.0,13700.0,64100.0,500.0,12300.0,108800.0
20231026101621000,SZSE,SZSE.ETF.159901,2.468,2.467,2.477,2.456,0.0,2.727,2.231,52117329.0,255684.0,52117329.0,255684.0,0.0,0.0,20231026,20231026,101621000,2.479,0.0,0.0,2.468,2.467,2.466,2.465,2.464,2.463,2.462,2.461,2.46,2.459,2.469,2.47,2.471,2.472,2.473,2.474,2.475,2.476,2.477,2.478,7800.0,338600.0,312900.0,1215600.0,861800.0,360200.0,150000.0,100300.0,52800.0,25000.0,369200.0,295300.0,811200.0,231600.0,13700.0,64100.0,500.0,12300.0,108800.0,26200.0
20231026101624000,SZSE,SZSE.ETF.159901,2.468,2.467,2.477,2.456,0.0,2.727,2.231,52117329.0,0.0,52117329.0,0.0,0.0,0.0,20231026,20231026,101624000,2.479,0.0,0.0,2.468,2.467,2.466,2.465,2.464,2.463,2.462,2.461,2.46,2.459,2.469,2.47,2.471,2.472,2.473,2.474,2.475,2.476,2.477,2.478,207800.0,335300.0,377500.0,1417600.0,665200.0,540200.0,99000.0,171300.0,52800.0,25000.0,327800.0,346300.0,405100.0,427100.0,143300.0,64100.0,500.0,12300.0,108800.0,26200.0
20231026101627000,SZSE,SZSE.ETF.159901,2.468,2.467,2.477,2.456,0.0,2.727,2.231,52117329.0,0.0,52117329.0,0.0,0.0,0.0,20231026,20231026,101627000,2.479,0.0,0.0,2.468,2.467,2.466,2.465,2.464,2.463,2.462,2.461,2.46,2.459,2.469,2.47,2.471,2.472,2.473,2.474,2.475,2.476,2.477,2.478,211400.0,331700.0,467500.0,1591600.0,531100.0,460200.0,99000.0,171300.0,52800.0,25000.0,238800.0,436300.0,405100.0,477100.0,143300.0,64100.0,500.0,12300.0,108800.0,26200.0
20231026101630000,SZSE,SZSE.ETF.159901,2.469,2.467,2.477,2.456,0.0,2.727,2.231,52143254.0,25925.0,52143254.0,25925.0,0.0,0.0,20231026,20231026,101630000,2.479,0.0,0.0,2.468,2.467,2.466,2.465,2.464,2.463,2.462,2.461,2.46,2.459,2.469,2.47,2.471,2.472,2.473,2.474,2.475,2.476,2.477,2.478,211400.0,331700.0,457500.0,1481600.0,451100.0,460200.0,99000.0,171300.0,52800.0,25000.0,317300.0,546300.0,405100.0,477100.0,143300.0,64100.0,500.0,12300.0,108800.0,26200.0
20231026101633000,SZSE,SZSE.ETF.159901,2.468,2.467,2.477,2.456,0.0,2.727,2.231,52179534.0,36280.0,52179534.0,36280.0,0.0,0.0,20231026,20231026,101633000,2.479,0.0,0.0,2.468,2.467,2.466,2.465,2.464,2.463,2.462,2.461,2.46,2.459,2.469,2.47,2.471,2.472,2.473,2.474,2.475,2.476,2.477,2.478,197700.0,331700.0,377500.0,1396300.0,616400.0,460200.0,99000.0,171300.0,52800.0,25000.0,317300.0,546300.0,420100.0,492200.0,143300.0,64100.0,500.0,12300.0,108800.0,26200.0
20231026101636000,SZSE,SZSE.ETF.159901,2.468,2.467,2.477,2.456,0.0,2.727,2.231,52179534.0,0.0,52179534.0,0.0,0.0,0.0,20231026,20231026,101636000,2.479,0.0,0.0,2.468,2.467,2.466,2.465,2.464,2.463,2.462,2.461,2.46,2.459,2.469,2.47,2.471,2.472,2.473,2.474,2.475,2.476,2.477,2.478,197700.0,331700.0,377500.0,1396300.0,616400.0,460200.0,99000.0,171300.0,52800.0,25000.0,318600.0,546300.0,370100.0,542200.0,143300.0,64100.0,500.0,12300.0,108800.0,26200.0
20231026101639000,SZSE,SZSE.ETF.159901,2.468,2.467,2.477,2.456,0.0,2.727,2.231,52179534.0,0.0,52179534.0,0.0,0.0,0.0,20231026,20231026,101639000,2.479,0.0,0.0,2.468,2.467,2.466,2.465,2.464,2.463,2.462,2.461,2.46,2.459,2.469,2.47,2.471,2.472,2.473,2.474,2.475,2.476,2.477,2.478,197700.0,331700.0,467500.0,1256300.0,616400.0,460200.0,99000.0,171300.0,52800.0,25000.0,228600.0,636300.0,370100.0,492200.0,143300.0,64100.0,500.0,12300.0,108800.0,26200.0
20231026101642000,SZSE,SZSE.ETF.159901,2.468,2.467,2.477,2.456,0.0,2.727,2.231,52179534.0,0.0,52179534.0,0.0,0.0,0.0,20231026,20231026,101642000,2.479,0.0,0.0,2.468,2.467,2.466,2.465,2.464,2.463,2.462,2.461,2.46,2.459,2.469,2.47,2.471,2.472,2.473,2.474,2.475,2.476,2.477,2.478,197700.0,331700.0,547500.0,1306300.0,536400.0,460200.0,99000.0,172600.0,52800.0,25000.0,228600.0,636300.0,370100.0,542200.0,143300.0,64100.0,500.0,12300.0,108800.0,26200.0
20231026101645000,SZSE,SZSE.ETF.159901,2.468,2.467,2.477,2.456,0.0,2.727,2.231,52233830.0,54296.0,52233830.0,54296.0,0.0,0.0,20231026,20231026,101645000,2.479,0.0,0.0,2.468,2.467,2.466,2.465,2.464,2.463,2.462,2.461,2.46,2.459,2.469,2.47,2.471,2.472,2.473,2.474,2.475,2.476,2.477,2.478,175700.0,331700.0,457500.0,1396300.0,536400.0,460200.0,99000.0,172600.0,52800.0,25000.0,318600.0,546300.0,420100.0,492200.0,143300.0,64100.0,500.0,12300.0,108800.0,26200.0
20231026101648000,SZSE,SZSE.ETF.159901,2.468,2.467,2.477,2.456,0.0,2.727,2.231,52233830.0,0.0,52233830.0,0.0,0.0,0.0,20231026,20231026,101648000,2.479,0.0,0.0,2.468,2.467,2.466,2.465,2.464,2.463,2.462,2.461,2.46,2.459,2.469,2.47,2.471,2.472,2.473,2.474,2.475,2.476,2.477,2.478,175700.0,331700.0,467500.0,1306300.0,616400.0,460200.0,99000.0,172600.0,52800.0,25000.0,238600.0,636300.0,420100.0,492200.0,143300.0,64100.0,500.0,12300.0,108800.0,26200.0
20231026101651000,SZSE,SZSE.ETF.159901,2.468,2.467,2.477,2.456,0.0,2.727,2.231,52233830.0,0.0,52233830.0,0.0,0.0,0.0,20231026,20231026,101651000,2.479,0.0,0.0,2.468,2.467,2.466,2.465,2.464,2.463,2.462,2.461,2.46,2.459,2.469,2.47,2.471,2.472,2.473,2.474,2.475,2.476,2.477,2.478,175700.0,331700.0,457500.0,1346300.0,536400.0,460200.0,99000.0,172600.0,52800.0,25000.0,328600.0,546400.0,420100.0,442200.0,143300.0,64100.0,500.0,12300.0,108800.0,26200.0
20231026101654000,SZSE,SZSE.ETF.159901,2.468,2.467,2.477,2.456,0.0,2.727,2.231,52233830.0,0.0,52233830.0,0.0,0.0,0.0,20231026,20231026,101654000,2.479,0.0,0.0,2.468,2.467,2.466,2.465,2.464,2.463,2.462,2.461,2.46,2.459,2.469,2.47,2.471,2.472,2.473,2.474,2.475,2.476,2.477,2.478,175700.0,331700.0,377500.0,1396300.0,616400.0,460200.0,99000.0,172600.0,52800.0,25000.0,328600.0,546400.0,420100.0,492200.0,143300.0,64100.0,500.0,12300.0,108800.0,26200.0
20231026101657000,SZSE,SZSE.ETF.159901,2.468,2.467,2.477,2.456,0.0,2.727,2.231,52233830.0,0.0,52233830.0,0.0,0.0,0.0,20231026,20231026,101657000,2.479,0.0,0.0,2.468,2.467,2.466,2.465,2.464,2.463,2.462,2.461,2.46,2.459,2.469,2.47,2.471,2.472,2.473,2.474,2.475,2.476,2.477,2.478,175700.0,331700.0,377500.0,1396300.0,616400.0,460200.0,99000.0,172600.0,52800.0,25000.0,328600.0,546400.0,420200.0,492200.0,143300.0,64100.0,500.0,12300.0,108800.0,26200.0
20231026101700000,SZSE,SZSE.ETF.159901,2.468,2.467,2.477,2.456,0.0,2.727,2.231,52233830.0,0.0,52233830.0,0.0,0.0,0.0,20231026,20231026,101700000,2.479,0.0,0.0,2.468,2.467,2.466,2.465,2.464,2.463,2.462,2.461,2.46,2.459,2.469,2.47,2.471,2.472,2.473,2.474,2.475,2.476,2.477,2.478,175700.0,331700.0,377500.0,1396300.0,616400.0,460200.0,99000.0,172600.0,52800.0,25000.0,328600.0,546400.0,420200.0,492300.0,143300.0,64100.0,500.0,12300.0,108800.0,26200.0
20231026101703000,SZSE,SZSE.ETF.159901,2.468,2.467,2.477,2.456,0.0,2.727,2.231,52233830.0,0.0,52233830.0,0.0,0.0,0.0,20231026,20231026,101703000,2.479,0.0,0.0,2.468,2.467,2.466,2.465,2.464,2.463,2.462,2.461,2.46,2.459,2.469,2.47,2.471,2.472,2.473,2.474,2.475,2.476,2.477,2.478,175700.0,331700.0,377500.0,1396300.0,566400.0,502100.0,99000.0,172600.0,52800.0,25000.0,328600.0,596400.0,370200.0,492300.0,143500.0,64100.0,500.0,12300.0,108800.0,26200.0
20231026101706000,SZSE,SZSE.ETF.159901,2.468,2.467,2.477,2.456,0.0,2.727,2.231,52653390.0,419560.0,52653390.0,419560.0,0.0,0.0,20231026,20231026,101706000,2.479,0.0,0.0,2.468,2.467,2.466,2.465,2.464,2.463,2.462,2.461,2.46,2.459,2.469,2.47,2.471,2.472,2.473,2.474,2.475,2.476,2.477,2.478,5700.0,331700.0,377500.0,1266300.0,366400.0,782100.0,99000.0,172600.0,52800.0,25000.0,528600.0,516400.0,170200.0,442300.0,143500.0,64100.0,500.0,12300.0,108800.0,26200.0
20231026101709000,SZSE,SZSE.ETF.159901,2.468,2.467,2.477,2.456,0.0,2.727,2.231,52667457.0,14067.0,52667457.0,14067.0,0.0,0.0,20231026,20231026,101709000,2.479,0.0,0.0,2.467,2.466,2.465,2.464,2.463,2.462,2.461,2.46,2.459,2.458,2.468,2.469,2.47,2.471,2.472,2.473,2.474,2.475,2.476,2.477,235300.0,327500.0,517600.0,529900.0,767400.0,199000.0,52600.0,52800.0,25000.0,22300.0,54500.0,595600.0,496400.0,770200.0,477300.0,58500.0,64300.0,500.0,12300.0,108800.0
20231026101712000,SZSE,SZSE.ETF.159901,2.467,2.467,2.477,2.456,0.0,2.727,2.231,53164311.0,496854.0,53164311.0,496854.0,0.0,0.0,20231026,20231026,101712000,2.479,0.0,0.0,2.466,2.465,2.464,2.463,2.462,2.461,2.46,2.459,2.458,2.457,2.468,2.469,2.47,2.471,2.472,2.473,2.474,2.475,2.476,2.477,82900.0,381600.0,610500.0,767400.0,300000.0,201600.0,52800.0,25000.0,22300.0,33500.0,204600.0,490000.0,1095400.0,336800.0,206300.0,13900.0,14300.0,700.0,12300.0,108800.0
20231026101715000,SZSE,SZSE.ETF.159901,2.467,2.467,2.477,2.456,0.0,2.727,2.231,53164311.0,0.0,53164311.0,0.0,0.0,0.0,20231026,20231026,101715000,2.479,0.0,0.0,2.466,2.465,2.464,2.463,2.462,2.461,2.46,2.459,2.458,2.457,2.467,2.468,2.469,2.47,2.471,2.472,2.473,2.474,2.475,2.476,3600.0,201000.0,661700.0,861600.0,435400.0,201600.0,52800.0,25000.0,22300.0,33500.0,103600.0,621000.0,400000.0,1184800.0,206700.0,67200.0,13900.0,14300.0,700.0,12500.0
20231026101718000,SZSE,SZSE.ETF.159901,2.466,2.467,2.477,2.456,0.0,2.727,2.231,53171216.0,6905.0,53171216.0,6905.0,0.0,0.0,20231026,20231026,101718000,2.479,0.0,0.0,2.465,2.464,2.463,2.462,2.461,2.46,2.459,2.458,2.457,2.456,2.466,2.467,2.468,2.469,2.47,2.471,2.472,2.473,2.474,2.475,204600.0,541100.0,808900.0,323400.0,438000.0,52800.0,25000.0,22300.0,33500.0,58300.0,2800.0,183600.0,636000.0,364600.0,1276700.0,21200.0,67200.0,13900.0,14300.0,2700.0
20231026101721000,SZSE,SZSE.ETF.159901,2.466,2.467,2.477,2.456,0.0,2.727,2.231,53171216.0,0.0,53171216.0,0.0,0.0,0.0,20231026,20231026,101721000,2.479,0.0,0.0,2.465,2.464,2.463,2.462,2.461,2.46,2.459,2.458,2.457,2.456,2.466,2.467,2.468,2.469,2.47,2.471,2.472,2.473,2.474,2.475,133600.0,471100.0,742800.0,479600.0,438000.0,52800.0,74000.0,142200.0,33500.0,58300.0,101000.0,318600.0,605000.0,937100.0,570600.0,21200.0,75400.0,13900.0,14300.0,2700.0
20231026101724000,SZSE,SZSE.ETF.159901,2.466,2.467,2.477,2.456,0.0,2.727,2.231,53171216.0,0.0,53171216.0,0.0,0.0,0.0,20231026,20231026,101724000,2.479,0.0,0.0,2.465,2.464,2.463,2.462,2.461,2.46,2.459,2.458,2.457,2.456,2.466,2.467,2.468,2.469,2.47,2.471,2.472,2.473,2.474,2.475,66300.0,421100.0,782100.0,470300.0,488000.0,102800.0,74000.0,142200.0,153500.0,58300.0,104600.0,245000.0,685000.0,1081500.0,266400.0,21200.0,25400.0,13900.0,14300.0,2700.0
20231026101727000,SZSE,SZSE.ETF.159901,2.465,2.467,2.477,2.456,0.0,2.727,2.231,53173681.0,2465.0,53173681.0,2465.0,0.0,0.0,20231026,20231026,101727000,2.479,0.0,0.0,2.465,2.464,2.463,2.462,2.461,2.46,2.459,2.458,2.457,2.456,2.466,2.467,2.468,2.469,2.47,2.471,2.472,2.473,2.474,2.475,65300.0,341100.0,732100.0,750300.0,488000.0,102800.0,74000.0,142200.0,153500.0,58300.0,104600.0,245000.0,685000.0,1081500.0,216400.0,21200.0,25400.0,13900.0,14300.0,2700.0
20231026101730000,SZSE,SZSE.ETF.159901,2.465,2.467,2.477,2.456,0.0,2.727,2.231,53173681.0,0.0,53173681.0,0.0,0.0,0.0,20231026,20231026,101730000,2.479,0.0,0.0,2.465,2.464,2.463,2.462,2.461,2.46,2.459,2.458,2.457,2.456,2.466,2.467,2.468,2.469,2.47,2.471,2.472,2.473,2.474,2.475,65300.0,421100.0,681100.0,670300.0,388000.0,202800.0,74000.0,142200.0,33500.0,58300.0,4600.0,295000.0,635000.0,1096400.0,201500.0,21200.0,25400.0,13900.0,14300.0,2700.0
20231026101733000,SZSE,SZSE.ETF.159901,2.465,2.467,2.477,2.456,0.0,2.727,2.231,53173681.0,0.0,53173681.0,0.0,0.0,0.0,20231026,20231026,101733000,2.479,0.0,0.0,2.465,2.464,2.463,2.462,2.461,2.46,2.459,2.458,2.457,2.456,2.466,2.467,2.468,2.469,2.47,2.471,2.472,2.473,2.474,2.475,65400.0,331100.0,811800.0,529600.0,388000.0,202800.0,74000.0,22300.0,33500.0,58300.0,101400.0,558600.0,495000.0,1087100.0,290600.0,21200.0,25400.0,13900.0,14300.0,2700.0
20231026101736000,SZSE,SZSE.ETF.159901,2.465,2.467,2.477,2.456,0.0,2.727,2.231,53330701.0,157020.0,53330701.0,157020.0,0.0,0.0,20231026,20231026,101736000,2.479,0.0,0.0,2.465,2.464,2.463,2.462,2.461,2.46,2.459,2.458,2.457,2.456,2.466,2.467,2.468,2.469,2.47,2.471,2.472,2.473,2.474,2.475,7300.0,251200.0,821100.0,650300.0,388000.0,202800.0,74000.0,22300.0,33500.0,58300.0,155000.0,585000.0,495000.0,1231500.0,116400.0,21200.0,25400.0,13900.0,14300.0,2700.0
20231026101739000,SZSE,SZSE.ETF.159901,2.465,2.467,2.477,2.456,0.0,2.727,2.231,53344998.0,14297.0,53344998.0,14297.0,0.0,0.0,20231026,20231026,101739000,2.479,0.0,0.0,2.464,2.463,2.462,2.461,2.46,2.459,2.458,2.457,2.456,2.455,2.465,2.466,2.467,2.468,2.469,2.47,2.471,2.472,2.473,2.474,254800.0,741200.0,601500.0,516800.0,202800.0,74000.0,22300.0,33500.0,58300.0,139600.0,3700.0,155000.0,585000.0,495000.0,631500.0,116400.0,21200.0,25400.0,13900.0,14300.0
20231026101742000,SZSE,SZSE.ETF.159901,2.465,2.467,2.477,2.456,0.0,2.727,2.231,53354858.0,9860.0,53354858.0,9860.0,0.0,0.0,20231026,20231026,101742000,2.479,0.0,0.0,2.464,2.463,2.462,2.461,2.46,2.459,2.458,2.457,2.456,2.455,2.465,2.466,2.467,2.468,2.469,2.47,2.471,2.472,2.473,2.474,610100.0,671200.0,615400.0,572900.0,202800.0,25000.0,71300.0,33500.0,58300.0,139600.0,700.0,170000.0,554000.0,632100.0,525400.0,116400.0,21200.0,25400.0,13900.0,14300.0
20231026101745000,SZSE,SZSE.ETF.159901,2.465,2.467,2.477,2.456,0.0,2.727,2.231,53368909.0,14051.0,53368909.0,14051.0,0.0,0.0,20231026,20231026,101745000,2.479,0.0,0.0,2.464,2.463,2.462,2.461,2.46,2.459,2.458,2.457,2.456,2.455,2.465,2.466,2.467,2.468,2.469,2.47,2.471,2.472,2.473,2.474,520100.0,581200.0,1405400.0,572900.0,202800.0,25000.0,71300.0,33500.0,58300.0,139600.0,48700.0,210000.0,464000.0,532100.0,440500.0,201500.0,21200.0,25400.0,13900.0,14300.0
20231026101748000,SZSE,SZSE.ETF.159901,2.464,2.467,2.477,2.456,0.0,2.727,2.231,53398477.0,29568.0,53398477.0,29568.0,0.0,0.0,20231026,20231026,101748000,2.479,0.0,0.0,2.464,2.463,2.462,2.461,2.46,2.459,2.458,2.457,2.456,2.455,2.465,2.466,2.467,2.468,2.469,2.47,2.471,2.472,2.473,2.474,508100.0,671200.0,1365400.0,572900.0,302800.0,25000.0,71300.0,33500.0,58300.0,139600.0,46000.0,120000.0,654000.0,382100.0,440500.0,201500.0,21200.0,25400.0,13900.0,14300.0
20231026101751000,SZSE,SZSE.ETF.159901,2.464,2.467,2.477,2.456,0.0,2.727,2.231,53398477.0,0.0,53398477.0,0.0,0.0,0.0,20231026,20231026,101751000,2.479,0.0,0.0,2.464,2.463,2.462,2.461,2.46,2.459,2.458,2.457,2.456,2.455,2.465,2.466,2.467,2.468,2.469,2.47,2.471,2.472,2.473,2.474,508100.0,581200.0,1405400.0,572900.0,402800.0,25000.0,71300.0,33500.0,58300.0,139600.0,46000.0,410000.0,464000.0,382100.0,340500.0,201500.0,21200.0,25400.0,13900.0,14300.0
20231026101754000,SZSE,SZSE.ETF.159901,2.464,2.467,2.477,2.456,0.0,2.727,2.231,53644877.0,246400.0,53644877.0,246400.0,0.0,0.0,20231026,20231026,101754000,2.479,0.0,0.0,2.464,2.463,2.462,2.461,2.46,2.459,2.458,2.457,2.456,2.455,2.465,2.466,2.467,2.468,2.469,2.47,2.471,2.472,2.473,2.474,511700.0,671200.0,1315400.0,572900.0,402800.0,25000.0,71300.0,33500.0,178300.0,139600.0,1000.0,170000.0,554000.0,532100.0,425600.0,116400.0,21200.0,25400.0,13900.0,14300.0
20231026101757000,SZSE,SZSE.ETF.159901,2.464,2.467,2.477,2.456,0.0,2.727,2.231,54384077.0,739200.0,54384077.0,739200.0,0.0,0.0,20231026,20231026,101757000,2.479,0.0,0.0,2.464,2.463,2.462,2.461,2.46,2.459,2.458,2.457,2.456,2.455,2.465,2.466,2.467,2.468,2.469,2.47,2.471,2.472,2.473,2.474,111700.0,621200.0,1365400.0,472900.0,402800.0,25000.0,71300.0,33500.0,178300.0,139600.0,151000.0,120000.0,554000.0,432100.0,425600.0,116400.0,157400.0,25400.0,13900.0,14300.0
20231026101800000,SZSE,SZSE.ETF.159901,2.464,2.467,2.477,2.456,0.0,2.727,2.231,54384077.0,0.0,54384077.0,0.0,0.0,0.0,20231026,20231026,101800000,2.479,0.0,0.0,2.464,2.463,2.462,2.461,2.46,2.459,2.458,2.457,2.456,2.455,2.465,2.466,2.467,2.468,2.469,2.47,2.471,2.472,2.473,2.474,211700.0,581200.0,1264700.0,428200.0,388300.0,125000.0,71300.0,33500.0,178300.0,139600.0,54600.0,586400.0,444000.0,726500.0,71200.0,116400.0,157400.0,25400.0,13900.0,14300.0
20231026101803000,SZSE,SZSE.ETF.159901,2.464,2.467,2.477,2.456,0.0,2.727,2.231,54384077.0,0.0,54384077.0,0.0,0.0,0.0,20231026,20231026,101803000,2.479,0.0,0.0,2.464,2.463,2.462,2.461,2.46,2.459,2.458,2.457,2.456,2.455,2.465,2.466,2.467,2.468,2.469,2.47,2.471,2.472,2.473,2.474,111700.0,531200.0,614700.0,678200.0,438300.0,125000.0,71300.0,33500.0,178300.0,139600.0,154600.0,506400.0,444000.0,621400.0,156300.0,116400.0,157400.0,25400.0,13900.0,14300.0
20231026101806000,SZSE,SZSE.ETF.159901,2.464,2.467,2.477,2.456,0.0,2.727,2.231,54384077.0,0.0,54384077.0,0.0,0.0,0.0,20231026,20231026,101806000,2.479,0.0,0.0,2.464,2.463,2.462,2.461,2.46,2.459,2.458,2.457,2.456,2.455,2.465,2.466,2.467,2.468,2.469,2.47,2.471,2.472,2.473,2.474,111700.0,621200.0,1374700.0,678200.0,238300.0,125000.0,71300.0,33500.0,178300.0,139600.0,154600.0,296400.0,534000.0,576500.0,71200.0,116400.0,157400.0,25400.0,13900.0,14300.0
20231026101809000,SZSE,SZSE.ETF.159901,2.464,2.467,2.477,2.456,0.0,2.727,2.231,54384077.0,0.0,54384077.0,0.0,0.0,0.0,20231026,20231026,101809000,2.479,0.0,0.0,2.464,2.463,2.462,2.461,2.46,2.459,2.458,2.457,2.456,2.455,2.465,2.466,2.467,2.468,2.469,2.47,2.471,2.472,2.473,2.474,291700.0,671200.0,1094700.0,713600.0,102800.0,125000.0,71300.0,153500.0,178300.0,139600.0,4600.0,266400.0,334000.0,921400.0,156300.0,116400.0,157400.0,25400.0,13900.0,14300.0
20231026101812000,SZSE,SZSE.ETF.159901,2.464,2.467,2.477,2.456,0.0,2.727,2.231,54384077.0,0.0,54384077.0,0.0,0.0,0.0,20231026,20231026,101812000,2.479,0.0,0.0,2.464,2.463,2.462,2.461,2.46,2.459,2.458,2.457,2.456,2.455,2.465,2.466,2.467,2.468,2.469,2.47,2.471,2.472,2.473,2.474,291700.0,671200.0,1135400.0,672900.0,102800.0,125000.0,71300.0,153500.0,178300.0,139600.0,1000.0,270000.0,254000.0,752100.0,240500.0,281500.0,157400.0,25400.0,13900.0,14300.0
20231026101815000,SZSE,SZSE.ETF.159901,2.464,2.467,2.477,2.456,0.0,2.727,2.231,54384077.0,0.0,54384077.0,0.0,0.0,0.0,20231026,20231026,101815000,2.479,0.0,0.0,2.464,2.463,2.462,2.461,2.46,2.459,2.458,2.457,2.456,2.455,2.465,2.466,2.467,2.468,2.469,2.47,2.471,2.472,2.473,2.474,211700.0,671200.0,1415400.0,672900.0,102800.0,125000.0,71300.0,153500.0,178300.0,139600.0,51000.0,220000.0,254000.0,782400.0,290500.0,201500.0,157400.0,25400.0,13900.0,14300.0
20231026101818000,SZSE,SZSE.ETF.159901,2.464,2.467,2.477,2.456,0.0,2.727,2.231,54384077.0,0.0,54384077.0,0.0,0.0,0.0,20231026,20231026,101818000,2.479,0.0,0.0,2.464,2.463,2.462,2.461,2.46,2.459,2.458,2.457,2.456,2.455,2.465,2.466,2.467,2.468,2.469,2.47,2.471,2.472,2.473,2.474,211700.0,671200.0,1174700.0,713600.0,102800.0,125000.0,71300.0,153500.0,178300.0,139600.0,54600.0,216400.0,454000.0,823000.0,335000.0,116400.0,157400.0,25400.0,13900.0,14300.0
20231026101821000,SZSE,SZSE.ETF.159901,2.464,2.467,2.477,2.456,0.0,2.727,2.231,54384077.0,0.0,54384077.0,0.0,0.0,0.0,20231026,20231026,101821000,2.479,0.0,0.0,2.464,2.463,2.462,2.461,2.46,2.459,2.458,2.457,2.456,2.455,2.465,2.466,2.467,2.468,2.469,2.47,2.471,2.472,2.473,2.474,211700.0,671200.0,1124700.0,713600.0,103200.0,125000.0,71300.0,33500.0,178300.0,139600.0,54600.0,216500.0,534000.0,871700.0,156300.0,116400.0,157400.0,25400.0,13900.0,14300.0
20231026101824000,SZSE,SZSE.ETF.159901,2.464,2.467,2.477,2.456,0.0,2.727,2.231,54384077.0,0.0,54384077.0,0.0,0.0,0.0,20231026,20231026,101824000,2.479,0.0,0.0,2.464,2.463,2.462,2.461,2.46,2.459,2.458,2.457,2.456,2.455,2.465,2.466,2.467,2.468,2.469,2.47,2.471,2.472,2.473,2.474,113700.0,621200.0,1174700.0,763600.0,153300.0,125000.0,91300.0,33500.0,178300.0,139600.0,154600.0,216500.0,534000.0,771700.0,206300.0,116400.0,157400.0,25400.0,13900.0,14300.0
20231026101827000,SZSE,SZSE.ETF.159901,2.464,2.467,2.477,2.456,0.0,2.727,2.231,54384077.0,0.0,54384077.0,0.0,0.0,0.0,20231026,20231026,101827000,2.479,0.0,0.0,2.464,2.463,2.462,2.461,2.46,2.459,2.458,2.457,2.456,2.455,2.465,2.466,2.467,2.468,2.469,2.47,2.471,2.472,2.473,2.474,113700.0,531200.0,1314700.0,728200.0,188800.0,125000.0,91300.0,33500.0,178300.0,139600.0,154600.0,386500.0,444000.0,691700.0,206300.0,116400.0,157400.0,25400.0,13900.0,14300.0
20231026101830000,SZSE,SZSE.ETF.159901,2.464,2.467,2.477,2.456,0.0,2.727,2.231,54384077.0,0.0,54384077.0,0.0,0.0,0.0,20231026,20231026,101830000,2.479,0.0,0.0,2.464,2.463,2.462,2.461,2.46,2.459,2.458,2.457,2.456,2.455,2.465,2.466,2.467,2.468,2.469,2.47,2.471,2.472,2.473,2.474,113700.0,621200.0,1224700.0,678200.0,238800.0,125000.0,91300.0,33500.0,158300.0,139600.0,254600.0,296500.0,584000.0,691700.0,156300.0,116400.0,157400.0,25400.0,13900.0,14300.0
20231026101833000,SZSE,SZSE.ETF.159901,2.464,2.467,2.477,2.456,0.0,2.727,2.231,54384077.0,0.0,54384077.0,0.0,0.0,0.0,20231026,20231026,101833000,2.479,0.0,0.0,2.464,2.463,2.462,2.461,2.46,2.459,2.458,2.457,2.456,2.455,2.465,2.466,2.467,2.468,2.469,2.47,2.471,2.472,2.473,2.474,113700.0,451200.0,1314700.0,758200.0,238800.0,125000.0,91300.0,33500.0,158300.0,139600.0,254600.0,386500.0,494000.0,691700.0,156300.0,116400.0,157400.0,25400.0,13900.0,14300.0
20231026101836000,SZSE,SZSE.ETF.159901,2.464,2.467,2.477,2.456,0.0,2.727,2.231,54384077.0,0.0,54384077.0,0.0,0.0,0.0,20231026,20231026,101836000,2.479,0.0,0.0,2.464,2.463,2.462,2.461,2.46,2.459,2.458,2.457,2.456,2.455,2.465,2.466,2.467,2.468,2.469,2.47,2.471,2.472,2.473,2.474,113700.0,451200.0,1264700.0,758200.0,238800.0,125000.0,91300.0,33500.0,158300.0,139300.0,254600.0,386500.0,444000.0,691700.0,156300.0,116400.0,157400.0,25400.0,13900.0,14300.0
20231026101839000,SZSE,SZSE.ETF.159901,2.464,2.467,2.477,2.456,0.0,2.727,2.231,54384077.0,0.0,54384077.0,0.0,0.0,0.0,20231026,20231026,101839000,2.479,0.0,0.0,2.464,2.463,2.462,2.461,2.46,2.459,2.458,2.457,2.456,2.455,2.465,2.466,2.467,2.468,2.469,2.47,2.471,2.472,2.473,2.474,113700.0,451200.0,614700.0,558200.0,448800.0,125000.0,91300.0,33500.0,158300.0,139300.0,254600.0,586500.0,444000.0,591700.0,156300.0,116400.0,157400.0,25400.0,13900.0,14300.0
20231026101842000,SZSE,SZSE.ETF.159901,2.465,2.467,2.477,2.456,0.0,2.727,2.231,54395662.0,11585.0,54395662.0,11585.0,0.0,0.0,20231026,20231026,101842000,2.479,0.0,0.0,2.464,2.463,2.462,2.461,2.46,2.459,2.458,2.457,2.456,2.455,2.465,2.466,2.467,2.468,2.469,2.47,2.471,2.472,2.473,2.474,113700.0,451200.0,484700.0,558200.0,528800.0,125000.0,91300.0,33500.0,158300.0,139300.0,331600.0,586500.0,414000.0,576800.0,71200.0,116400.0,157400.0,25400.0,13900.0,14300.0
20231026101845000,SZSE,SZSE.ETF.159901,2.464,2.467,2.477,2.456,0.0,2.727,2.231,54420302.0,24640.0,54420302.0,24640.0,0.0,0.0,20231026,20231026,101845000,2.479,0.0,0.0,2.464,2.463,2.462,2.461,2.46,2.459,2.458,2.457,2.456,2.455,2.465,2.466,2.467,2.468,2.469,2.47,2.471,2.472,2.473,2.474,103700.0,451200.0,564700.0,608200.0,448800.0,125000.0,91300.0,33500.0,158300.0,139300.0,331600.0,586500.0,414000.0,576800.0,71200.0,116400.0,157400.0,25400.0,13900.0,14300.0
20231026101848000,SZSE,SZSE.ETF.159901,2.464,2.467,2.477,2.456,0.0,2.727,2.231,54675819.0,255517.0,54675819.0,255517.0,0.0,0.0,20231026,20231026,101848000,2.479,0.0,0.0,2.463,2.462,2.461,2.46,2.459,2.458,2.457,2.456,2.455,2.454,2.464,2.465,2.466,2.467,2.468,2.469,2.47,2.471,2.472,2.473,401300.0,434700.0,608200.0,628800.0,125000.0,91300.0,33500.0,158300.0,139300.0,60500.0,56700.0,285300.0,636500.0,914000.0,576800.0,71200.0,116400.0,157400.0,25400.0,13900.0
20231026101851000,SZSE,SZSE.ETF.159901,2.464,2.467,2.477,2.456,0.0,2.727,2.231,54675819.0,0.0,54675819.0,0.0,0.0,0.0,20231026,20231026,101851000,2.479,0.0,0.0,2.463,2.462,2.461,2.46,2.459,2.458,2.457,2.456,2.455,2.454,2.464,2.465,2.466,2.467,2.468,2.469,2.47,2.471,2.472,2.473,404900.0,320000.0,523300.0,594900.0,410500.0,92300.0,33500.0,38300.0,139300.0,60500.0,12700.0,220300.0,606500.0,975800.0,470700.0,26500.0,66400.0,157400.0,25400.0,13900.0
20231026101854000,SZSE,SZSE.ETF.159901,2.464,2.467,2.477,2.456,0.0,2.727,2.231,54675819.0,0.0,54675819.0,0.0,0.0,0.0,20231026,20231026,101854000,2.479,0.0,0.0,2.463,2.462,2.461,2.46,2.459,2.458,2.457,2.456,2.455,2.454,2.464,2.465,2.466,2.467,2.468,2.469,2.47,2.471,2.472,2.473,404900.0,320000.0,523300.0,694900.0,410500.0,92300.0,82500.0,38300.0,139300.0,60500.0,112700.0,220300.0,655500.0,1025800.0,420700.0,26500.0,66400.0,157400.0,25400.0,13900.0
20231026101857000,SZSE,SZSE.ETF.159901,2.464,2.467,2.477,2.456,0.0,2.727,2.231,54675819.0,0.0,54675819.0,0.0,0.0,0.0,20231026,20231026,101857000,2.479,0.0,0.0,2.463,2.462,2.461,2.46,2.459,2.458,2.457,2.456,2.455,2.454,2.464,2.465,2.466,2.467,2.468,2.469,2.47,2.471,2.472,2.473,404900.0,320000.0,382600.0,835600.0,310500.0,192300.0,82500.0,38300.0,139300.0,60500.0,216300.0,324800.0,635500.0,1215100.0,151400.0,26500.0,66400.0,157400.0,25400.0,13900.0
20231026101900000,SZSE,SZSE.ETF.159901,2.464,2.467,2.477,2.456,0.0,2.727,2.231,54675819.0,0.0,54675819.0,0.0,0.0,0.0,20231026,20231026,101900000,2.479,0.0,0.0,2.463,2.462,2.461,2.46,2.459,2.458,2.457,2.456,2.455,2.454,2.464,2.465,2.466,2.467,2.468,2.469,2.47,2.471,2.472,2.473,354900.0,370000.0,332600.0,835600.0,310500.0,192300.0,82500.0,38300.0,139300.0,60500.0,216300.0,374800.0,585500.0,650300.0,66300.0,26500.0,66400.0,157400.0,25400.0,13900.0
20231026101903000,SZSE,SZSE.ETF.159901,2.464,2.467,2.477,2.456,0.0,2.727,2.231,54675819.0,0.0,54675819.0,0.0,0.0,0.0,20231026,20231026,101903000,2.479,0.0,0.0,2.463,2.462,2.461,2.46,2.459,2.458,2.457,2.456,2.455,2.454,2.464,2.465,2.466,2.467,2.468,2.469,2.47,2.471,2.472,2.473,354900.0,200000.0,422600.0,765600.0,310500.0,192300.0,82500.0,38300.0,139300.0,60500.0,216300.0,744800.0,495500.0,535100.0,151400.0,26500.0,66400.0,157400.0,25400.0,13900.0
20231026101906000,SZSE,SZSE.ETF.159901,2.464,2.467,2.477,2.456,0.0,2.727,2.231,54675819.0,0.0,54675819.0,0.0,0.0,0.0,20231026,20231026,101906000,2.479,0.0,0.0,2.463,2.462,2.461,2.46,2.459,2.458,2.457,2.456,2.455,2.454,2.464,2.465,2.466,2.467,2.468,2.469,2.47,2.471,2.472,2.473,354800.0,200000.0,422600.0,765600.0,110500.0,392300.0,82500.0,38300.0,139300.0,60500.0,416300.0,744800.0,895500.0,620300.0,66300.0,26500.0,66400.0,157400.0,25400.0,13900.0
20231026101909000,SZSE,SZSE.ETF.159901,2.463,2.467,2.477,2.456,0.0,2.727,2.231,55558558.0,882739.0,55558558.0,882739.0,0.0,0.0,20231026,20231026,101909000,2.479,0.0,0.0,2.462,2.461,2.46,2.459,2.458,2.457,2.456,2.455,2.454,2.453,2.463,2.464,2.465,2.466,2.467,2.468,2.469,2.47,2.471,2.472,100100.0,332600.0,755600.0,425000.0,377800.0,182500.0,38300.0,139300.0,60500.0,53900.0,372900.0,486300.0,554800.0,865500.0,470300.0,66300.0,26500.0,66400.0,157400.0,25400.0
20231026101912000,SZSE,SZSE.ETF.159901,2.462,2.467,2.477,2.456,0.0,2.727,2.231,55693230.0,134672.0,55693230.0,134672.0,0.0,0.0,20231026,20231026,101912000,2.479,0.0,0.0,2.461,2.46,2.459,2.458,2.457,2.456,2.455,2.454,2.453,2.452,2.462,2.463,2.464,2.465,2.466,2.467,2.468,2.469,2.47,2.471,152600.0,635300.0,530700.0,337000.0,219100.0,38300.0,139300.0,60500.0,53900.0,324500.0,90000.0,217300.0,697700.0,549500.0,1177100.0,65000.0,66300.0,26500.0,66400.0,157400.0
20231026101915000,SZSE,SZSE.ETF.159901,2.462,2.467,2.477,2.456,0.0,2.727,2.231,55693230.0,0.0,55693230.0,0.0,0.0,0.0,20231026,20231026,101915000,2.479,0.0,0.0,2.461,2.46,2.459,2.458,2.457,2.456,2.455,2.454,2.453,2.452,2.462,2.463,2.464,2.465,2.466,2.467,2.468,2.469,2.47,2.471,106200.0,485300.0,445700.0,522000.0,219100.0,38300.0,188300.0,60500.0,53900.0,324500.0,68300.0,213700.0,750700.0,711400.0,257100.0,65000.0,66300.0,26500.0,66400.0,157400.0
20231026101918000,SZSE,SZSE.ETF.159901,2.462,2.467,2.477,2.456,0.0,2.727,2.231,55693230.0,0.0,55693230.0,0.0,0.0,0.0,20231026,20231026,101918000,2.479,0.0,0.0,2.461,2.46,2.459,2.458,2.457,2.456,2.455,2.454,2.453,2.452,2.462,2.463,2.464,2.465,2.466,2.467,2.468,2.469,2.47,2.471,187200.0,435300.0,1165700.0,522000.0,219100.0,38300.0,188300.0,60500.0,53900.0,324500.0,168300.0,213700.0,700700.0,676200.0,342300.0,65000.0,16300.0,26500.0,66400.0,157400.0
20231026101921000,SZSE,SZSE.ETF.159901,2.461,2.467,2.477,2.456,0.0,2.727,2.231,55799545.0,106315.0,55799545.0,106315.0,0.0,0.0,20231026,20231026,101921000,2.479,0.0,0.0,2.46,2.459,2.458,2.457,2.456,2.455,2.454,2.453,2.452,2.451,2.462,2.463,2.464,2.465,2.466,2.467,2.468,2.469,2.47,2.471,435300.0,1205000.0,648200.0,133500.0,38300.0,188300.0,60500.0,53900.0,324500.0,31700.0,218300.0,243700.0,700700.0,636800.0,301700.0,65000.0,16300.0,26500.0,66400.0,157400.0
20231026101924000,SZSE,SZSE.ETF.159901,2.461,2.467,2.477,2.456,0.0,2.727,2.231,55799545.0,0.0,55799545.0,0.0,0.0,0.0,20231026,20231026,101924000,2.479,0.0,0.0,2.461,2.46,2.459,2.458,2.457,2.456,2.455,2.454,2.453,2.452,2.462,2.463,2.464,2.465,2.466,2.467,2.468,2.469,2.47,2.471,3600.0,286400.0,1149700.0,623000.0,314100.0,88300.0,188300.0,60500.0,53900.0,324500.0,254600.0,163700.0,750700.0,522100.0,346400.0,65000.0,16300.0,26500.0,66400.0,157400.0
20231026101927000,SZSE,SZSE.ETF.159901,2.461,2.467,2.477,2.456,0.0,2.727,2.231,55808404.0,8859.0,55808404.0,8859.0,0.0,0.0,20231026,20231026,101927000,2.479,0.0,0.0,2.46,2.459,2.458,2.457,2.456,2.455,2.454,2.453,2.452,2.451,2.461,2.462,2.463,2.464,2.465,2.466,2.467,2.468,2.469,2.47,210000.0,519700.0,1349100.0,348000.0,88300.0,188300.0,60500.0,53900.0,324500.0,31700.0,25400.0,254600.0,243700.0,700700.0,542100.0,296400.0,65000.0,16300.0,26500.0,66400.0
20231026101930000,SZSE,SZSE.ETF.159901,2.461,2.467,2.477,2.456,0.0,2.727,2.231,55808404.0,0.0,55808404.0,0.0,0.0,0.0,20231026,20231026,101930000,2.479,0.0,0.0,2.46,2.459,2.458,2.457,2.456,2.455,2.454,2.453,2.452,2.451,2.461,2.462,2.463,2.464,2.465,2.466,2.467,2.468,2.469,2.47,120000.0,445000.0,1257800.0,504200.0,188300.0,139300.0,109500.0,53900.0,324500.0,31700.0,25400.0,269600.0,602700.0,647900.0,466000.0,66500.0,65000.0,16300.0,26500.0,41400.0
20231026101933000,SZSE,SZSE.ETF.159901,2.461,2.467,2.477,2.456,0.0,2.727,2.231,55808404.0,0.0,55808404.0,0.0,0.0,0.0,20231026,20231026,101933000,2.479,0.0,0.0,2.46,2.459,2.458,2.457,2.456,2.455,2.454,2.453,2.452,2.451,2.461,2.462,2.463,2.464,2.465,2.466,2.467,2.468,2.469,2.47,200000.0,345100.0,1227800.0,418600.0,273900.0,139300.0,109500.0,53900.0,324500.0,31700.0,16900.0,269600.0,602700.0,647900.0,416000.0,116500.0,15000.0,16300.0,26500.0,41400.0
20231026101936000,SZSE,SZSE.ETF.159901,2.461,2.467,2.477,2.456,0.0,2.727,2.231,55808404.0,0.0,55808404.0,0.0,0.0,0.0,20231026,20231026,101936000,2.479,0.0,0.0,2.46,2.459,2.458,2.457,2.456,2.455,2.454,2.453,2.452,2.451,2.461,2.462,2.463,2.464,2.465,2.466,2.467,2.468,2.469,2.47,200600.0,345100.0,777900.0,504200.0,188300.0,139300.0,109500.0,53900.0,324500.0,31700.0,16900.0,269600.0,402700.0,567900.0,466000.0,196500.0,15000.0,16300.0,26500.0,41400.0
20231026101939000,SZSE,SZSE.ETF.159901,2.461,2.467,2.477,2.456,0.0,2.727,2.231,55808404.0,0.0,55808404.0,0.0,0.0,0.0,20231026,20231026,101939000,2.479,0.0,0.0,2.46,2.459,2.458,2.457,2.456,2.455,2.454,2.453,2.452,2.451,2.461,2.462,2.463,2.464,2.465,2.466,2.467,2.468,2.469,2.47,204700.0,345100.0,1477900.0,504200.0,188300.0,139300.0,109500.0,53900.0,324500.0,31700.0,16900.0,269600.0,402700.0,697900.0,416000.0,116500.0,15000.0,16300.0,26500.0,41400.0
20231026101942000,SZSE,SZSE.ETF.159901,2.461,2.467,2.477,2.456,0.0,2.727,2.231,55852456.0,44052.0,55852456.0,44052.0,0.0,0.0,20231026,20231026,101942000,2.479,0.0,0.0,2.461,2.46,2.459,2.458,2.457,2.456,2.455,2.454,2.453,2.452,2.462,2.463,2.464,2.465,2.466,2.467,2.468,2.469,2.47,2.471,12800.0,204700.0,345100.0,1477900.0,504200.0,188300.0,139300.0,109500.0,53900.0,324500.0,269600.0,402700.0,567900.0,380800.0,281700.0,15000.0,16300.0,26500.0,41400.0,142400.0
20231026101945000,SZSE,SZSE.ETF.159901,2.461,2.467,2.477,2.456,0.0,2.727,2.231,55852456.0,0.0,55852456.0,0.0,0.0,0.0,20231026,20231026,101945000,2.479,0.0,0.0,2.461,2.46,2.459,2.458,2.457,2.456,2.455,2.454,2.453,2.452,2.462,2.463,2.464,2.465,2.466,2.467,2.468,2.469,2.47,2.471,1000.0,227700.0,319800.0,1564200.0,448000.0,188300.0,188300.0,60500.0,53900.0,324500.0,169600.0,343700.0,600700.0,442100.0,246400.0,15000.0,16300.0,26500.0,41400.0,142400.0
