time,exchg,code,price,open,high,low,settle_price,upper_limit,lower_limit,total_volume,volume,total_turnover,turnover,open_interest,diff_interest,trading_date,action_date,action_time,pre_close,pre_settle,pre_interest,bid_price_0,bid_price_1,bid_price_2,bid_price_3,bid_price_4,bid_price_5,bid_price_6,bid_price_7,bid_price_8,bid_price_9,ask_price_0,ask_price_1,ask_price_2,ask_price_3,ask_price_4,ask_price_5,ask_price_6,ask_price_7,ask_price_8,ask_price_9,bid_qty_0,bid_qty_1,bid_qty_2,bid_qty_3,bid_qty_4,bid_qty_5,bid_qty_6,bid_qty_7,bid_qty_8,bid_qty_9,ask_qty_0,ask_qty_1,ask_qty_2,ask_qty_3,ask_qty_4,ask_qty_5,ask_qty_6,ask_qty_7,ask_qty_8,ask_qty_9
20231026093648000,SZSE,SZSE.ETF.159922,5.565,5.584,5.584,5.556,0.0,6.142,5.026,34370350.0,34214954.0,34370350.0,34214954.0,0.0,0.0,20231026,20231026,93648000,5.584,0.0,0.0,5.564,5.563,5.562,5.561,5.56,5.559,5.558,5.557,5.556,5.555,5.565,5.566,5.567,5.568,5.569,5.57,5.572,5.573,5.574,5.575,277900.0,380600.0,1013900.0,289700.0,180800.0,40000.0,322200.0,140100.0,200.0,1000.0,35700.0,300000.0,349900.0,75800.0,290000.0,160000.0,140100.0,122000.0,506200.0,40000.0
20231026093651000,SZSE,SZSE.ETF.159922,5.565,5.584,5.584,5.556,0.0,6.142,5.026,34375915.0,5565.0,34375915.0,5565.0,0.0,0.0,20231026,20231026,93651000,5.584,0.0,0.0,5.564,5.563,5.562,5.561,5.56,5.559,5.558,5.557,5.556,5.555,5.565,5.567,5.568,5.569,5.57,5.571,5.572,5.573,5.574,5.576,213500.0,1215000.0,443900.0,39700.0,180800.0,40000.0,246000.0,58100.0,18400.0,21000.0,34700.0,374900.0,270800.0,350000.0,320000.0,22000.0,298300.0,138000.0,190000.0,50000.0
20231026093654000,SZSE,SZSE.ETF.159922,5.564,5.584,5.584,5.556,0.0,6.142,5.026,34568986.0,193071.0,34568986.0,193071.0,0.0,0.0,20231026,20231026,93654000,5.584,0.0,0.0,5.564,5.563,5.562,5.561,5.56,5.559,5.558,5.557,5.556,5.555,5.565,5.566,5.567,5.568,5.569,5.57,5.571,5.572,5.573,5.574,48200.0,1110000.0,528900.0,39700.0,361400.0,40000.0,146000.0,176300.0,100200.0,21000.0,19900.0,84900.0,309900.0,350900.0,290000.0,220000.0,22000.0,280100.0,156200.0,190000.0
20231026093657000,SZSE,SZSE.ETF.159922,5.564,5.584,5.584,5.556,0.0,6.142,5.026,34568986.0,0.0,34568986.0,0.0,0.0,0.0,20231026,20231026,93657000,5.584,0.0,0.0,5.564,5.563,5.562,5.561,5.56,5.559,5.558,5.557,5.556,5.555,5.565,5.566,5.567,5.568,5.569,5.57,5.571,5.572,5.573,5.574,148200.0,920600.0,568900.0,309700.0,180800.0,40000.0,146000.0,76300.0,100200.0,21000.0,19900.0,434900.0,489900.0,40900.0,150000.0,180000.0,22000.0,280100.0,156200.0,190000.0
20231026093700000,SZSE,SZSE.ETF.159922,5.564,5.584,5.584,5.556,0.0,6.142,5.026,34568986.0,0.0,34568986.0,0.0,0.0,0.0,20231026,20231026,93700000,5.584,0.0,0.0,5.563,5.562,5.561,5.56,5.559,5.558,5.557,5.556,5.555,5.553,5.565,5.566,5.567,5.568,5.569,5.57,5.571,5.572,5.573,5.574,320600.0,1128900.0,399700.0,240800.0,40000.0,186500.0,76300.0,200.0,21000.0,100000.0,19900.0,434900.0,449900.0,190700.0,40200.0,180000.0,122000.0,280100.0,56200.0,190000.0
20231026093703000,SZSE,SZSE.ETF.159922,5.565,5.584,5.584,5.556,0.0,6.142,5.026,34574551.0,5565.0,34574551.0,5565.0,0.0,0.0,20231026,20231026,93703000,5.584,0.0,0.0,5.563,5.562,5.561,5.56,5.559,5.558,5.557,5.556,5.555,5.551,5.565,5.566,5.567,5.568,5.569,5.57,5.571,5.572,5.573,5.574,321600.0,1128900.0,399700.0,100800.0,59800.0,186500.0,18100.0,298400.0,121000.0,21600.0,18900.0,434900.0,449900.0,100900.0,189800.0,240000.0,122000.0,198300.0,38000.0,190000.0
20231026093706000,SZSE,SZSE.ETF.159922,5.565,5.584,5.584,5.556,0.0,6.142,5.026,34574551.0,0.0,34574551.0,0.0,0.0,0.0,20231026,20231026,93706000,5.584,0.0,0.0,5.562,5.561,5.56,5.559,5.558,5.557,5.556,5.555,5.553,5.551,5.564,5.565,5.566,5.567,5.568,5.569,5.57,5.571,5.572,5.573,208900.0,401300.0,1070800.0,289800.0,146500.0,58100.0,238400.0,21000.0,100000.0,1600.0,400000.0,368900.0,74900.0,289700.0,40900.0,20000.0,240000.0,122000.0,388300.0,38000.0
20231026093709000,SZSE,SZSE.ETF.159922,5.562,5.584,5.584,5.556,0.0,6.142,5.026,35240324.0,665773.0,35240324.0,665773.0,0.0,0.0,20231026,20231026,93709000,5.584,0.0,0.0,5.561,5.56,5.559,5.558,5.557,5.556,5.555,5.554,5.551,5.55,5.563,5.564,5.565,5.566,5.567,5.568,5.569,5.57,5.571,5.572,319700.0,882400.0,320000.0,436300.0,40100.0,180200.0,77300.0,20000.0,101600.0,110300.0,100000.0,358100.0,308900.0,169700.0,40000.0,160700.0,200.0,162000.0,176200.0,210100.0
20231026093712000,SZSE,SZSE.ETF.159922,5.56,5.584,5.584,5.556,0.0,6.142,5.026,36131846.0,891522.0,36131846.0,891522.0,0.0,0.0,20231026,20231026,93712000,5.584,0.0,0.0,5.56,5.559,5.558,5.557,5.556,5.555,5.554,5.553,5.551,5.55,5.561,5.563,5.564,5.565,5.566,5.567,5.568,5.569,5.57,5.571,355800.0,920000.0,456500.0,59900.0,140200.0,1000.0,216300.0,20000.0,1600.0,110300.0,33900.0,340500.0,268900.0,208700.0,220000.0,59800.0,240900.0,22200.0,216200.0,210000.0
20231026093715000,SZSE,SZSE.ETF.159922,5.56,5.584,5.584,5.556,0.0,6.142,5.026,36131846.0,0.0,36131846.0,0.0,0.0,0.0,20231026,20231026,93715000,5.584,0.0,0.0,5.56,5.558,5.557,5.556,5.555,5.554,5.553,5.551,5.55,5.546,5.561,5.562,5.563,5.564,5.566,5.567,5.568,5.569,5.57,5.571,40100.0,328100.0,1110100.0,520000.0,41000.0,140000.0,76300.0,121600.0,110300.0,20000.0,152800.0,370000.0,318900.0,149800.0,379800.0,102000.0,280900.0,56400.0,240000.0,50000.0
20231026093742000,SZSE,SZSE.ETF.159922,5.56,5.584,5.584,5.556,0.0,6.142,5.026,37278697.0,110644.0,37278697.0,110644.0,0.0,0.0,20231026,20231026,93742000,5.584,0.0,0.0,5.56,5.559,5.558,5.557,5.556,5.555,5.554,5.553,5.552,5.551,5.561,5.562,5.563,5.564,5.565,5.566,5.567,5.568,5.569,5.57,59900.0,110000.0,1227500.0,440100.0,320000.0,1000.0,240000.0,158200.0,18100.0,21600.0,31200.0,320900.0,310000.0,269800.0,179800.0,380000.0,62000.0,218000.0,38400.0,190000.0
20231026093745000,SZSE,SZSE.ETF.159922,5.561,5.584,5.584,5.556,0.0,6.142,5.026,37482786.0,204089.0,37482786.0,204089.0,0.0,0.0,20231026,20231026,93745000,5.584,0.0,0.0,5.561,5.56,5.559,5.558,5.557,5.556,5.555,5.554,5.553,5.551,5.562,5.563,5.564,5.565,5.566,5.567,5.568,5.569,5.57,5.571,50000.0,69900.0,192500.0,1291500.0,390100.0,279800.0,101000.0,240000.0,76300.0,21600.0,300900.0,325000.0,160000.0,169600.0,380000.0,102000.0,180000.0,56400.0,190000.0,20000.0
20231026093748000,SZSE,SZSE.ETF.159922,5.562,5.584,5.584,5.556,0.0,6.142,5.026,37766398.0,283612.0,37766398.0,283612.0,0.0,0.0,20231026,20231026,93748000,5.584,0.0,0.0,5.559,5.558,5.557,5.556,5.555,5.554,5.553,5.552,5.551,5.55,5.56,5.561,5.562,5.563,5.564,5.566,5.567,5.568,5.569,5.57,15000.0,211500.0,285900.0,417500.0,851000.0,448200.0,18100.0,160000.0,41600.0,11300.0,250000.0,300000.0,189800.0,215000.0,160000.0,259800.0,230000.0,162000.0,158200.0,38200.0
20231026093751000,SZSE,SZSE.ETF.159922,5.558,5.584,5.584,5.556,0.0,6.142,5.026,37972615.0,206217.0,37972615.0,206217.0,0.0,0.0,20231026,20231026,93751000,5.584,0.0,0.0,5.558,5.557,5.556,5.555,5.554,5.553,5.552,5.551,5.55,5.547,5.559,5.56,5.561,5.562,5.563,5.564,5.565,5.566,5.567,5.568,100000.0,183600.0,1110000.0,470800.0,140000.0,100000.0,180000.0,77900.0,31300.0,100.0,35600.0,250000.0,323800.0,90000.0,129800.0,299800.0,100000.0,240000.0,306200.0,20000.0
20231026093754000,SZSE,SZSE.ETF.159922,5.56,5.584,5.584,5.556,0.0,6.142,5.026,38226671.0,254056.0,38226671.0,254056.0,0.0,0.0,20231026,20231026,93754000,5.584,0.0,0.0,5.559,5.558,5.557,5.556,5.555,5.554,5.553,5.552,5.551,5.55,5.561,5.562,5.563,5.564,5.565,5.566,5.567,5.568,5.569,5.571,14400.0,69800.0,428600.0,910000.0,451000.0,159800.0,100000.0,140000.0,77900.0,11300.0,298800.0,290000.0,219600.0,280000.0,262000.0,280000.0,96200.0,190000.0,200.0,70000.0
20231026093757000,SZSE,SZSE.ETF.159922,5.56,5.584,5.584,5.556,0.0,6.142,5.026,38226671.0,0.0,38226671.0,0.0,0.0,0.0,20231026,20231026,93757000,5.584,0.0,0.0,5.56,5.559,5.558,5.557,5.555,5.554,5.553,5.552,5.551,5.55,5.561,5.562,5.563,5.564,5.565,5.566,5.567,5.568,5.569,5.57,50000.0,151800.0,1124800.0,416100.0,160800.0,140000.0,140000.0,256300.0,21600.0,11300.0,13800.0,365000.0,380000.0,369800.0,219800.0,140000.0,40000.0,216200.0,20200.0,210000.0
20231026093951000,SZSE,SZSE.ETF.159922,5.563,5.584,5.584,5.556,0.0,6.142,5.026,44484784.0,2782.0,44484784.0,2782.0,0.0,0.0,20231026,20231026,93951000,5.584,0.0,0.0,5.562,5.561,5.56,5.559,5.558,5.557,5.556,5.555,5.554,5.553,5.564,5.565,5.566,5.567,5.568,5.569,5.57,5.571,5.572,5.574,63100.0,209700.0,477600.0,977000.0,450300.0,100.0,180000.0,99200.0,118100.0,120000.0,330000.0,514800.0,300900.0,119800.0,180000.0,122200.0,388000.0,88200.0,100.0,50000.0
20231026093954000,SZSE,SZSE.ETF.159922,5.563,5.584,5.584,5.556,0.0,6.142,5.026,44485340.0,556.0,44485340.0,556.0,0.0,0.0,20231026,20231026,93954000,5.584,0.0,0.0,5.562,5.561,5.56,5.559,5.558,5.557,5.556,5.555,5.554,5.551,5.564,5.565,5.566,5.567,5.568,5.569,5.57,5.571,5.572,5.575,83000.0,469700.0,1017600.0,107000.0,450300.0,40100.0,180000.0,177300.0,20000.0,1600.0,30000.0,435000.0,550900.0,229800.0,199800.0,100200.0,352000.0,126200.0,20100.0,50000.0
20231026093957000,SZSE,SZSE.ETF.159922,5.563,5.584,5.584,5.556,0.0,6.142,5.026,44763490.0,278150.0,44763490.0,278150.0,0.0,0.0,20231026,20231026,93957000,5.584,0.0,0.0,5.562,5.561,5.56,5.559,5.558,5.557,5.556,5.555,5.554,5.551,5.564,5.565,5.566,5.567,5.568,5.569,5.57,5.571,5.572,5.574,83000.0,209700.0,1117600.0,547000.0,260300.0,100.0,240000.0,177300.0,20000.0,1600.0,330000.0,285000.0,290700.0,60000.0,259800.0,140200.0,202000.0,316200.0,20100.0,50000.0
20231026094000000,SZSE,SZSE.ETF.159922,5.565,5.584,5.584,5.556,0.0,6.142,5.026,44931523.0,168033.0,44931523.0,168033.0,0.0,0.0,20231026,20231026,94000000,5.584,0.0,0.0,5.563,5.562,5.561,5.56,5.559,5.558,5.557,5.556,5.555,5.554,5.565,5.566,5.567,5.568,5.569,5.57,5.571,5.572,5.574,5.575,19900.0,83000.0,469700.0,1047600.0,377000.0,260300.0,100.0,240000.0,177300.0,20000.0,314900.0,310900.0,289800.0,399800.0,100200.0,162000.0,316200.0,20100.0,50000.0,70000.0
20231026094542000,SZSE,SZSE.ETF.159922,5.559,5.584,5.584,5.556,0.0,6.142,5.026,60887986.0,0.0,60887986.0,0.0,0.0,0.0,20231026,20231026,94542000,5.584,0.0,0.0,5.559,5.558,5.557,5.556,5.555,5.554,5.553,5.552,5.551,5.55,5.56,5.561,5.562,5.563,5.564,5.565,5.566,5.567,5.568,5.569,169800.0,150400.0,468400.0,400000.0,111000.0,1007000.0,120000.0,198100.0,119800.0,46400.0,40000.0,155000.0,946400.0,350000.0,199800.0,267000.0,62000.0,98200.0,58000.0,413200.0
20231026094545000,SZSE,SZSE.ETF.159922,5.559,5.584,5.584,5.556,0.0,6.142,5.026,60887986.0,0.0,60887986.0,0.0,0.0,0.0,20231026,20231026,94545000,5.584,0.0,0.0,5.559,5.558,5.557,5.556,5.555,5.554,5.553,5.552,5.551,5.55,5.56,5.561,5.562,5.563,5.564,5.565,5.566,5.567,5.568,5.569,89800.0,95500.0,190200.0,543200.0,381000.0,457000.0,720000.0,198100.0,119800.0,46400.0,40000.0,440000.0,611400.0,300000.0,199800.0,267000.0,22000.0,98200.0,148000.0,413200.0
20231026094548000,SZSE,SZSE.ETF.159922,5.559,5.584,5.584,5.556,0.0,6.142,5.026,60887986.0,0.0,60887986.0,0.0,0.0,0.0,20231026,20231026,94548000,5.584,0.0,0.0,5.559,5.558,5.557,5.556,5.555,5.554,5.553,5.552,5.551,5.55,5.56,5.561,5.562,5.563,5.564,5.565,5.566,5.567,5.568,5.569,109800.0,493600.0,455200.0,130000.0,661000.0,407000.0,120000.0,198100.0,119800.0,46400.0,40000.0,155000.0,200000.0,530000.0,576200.0,117000.0,202000.0,248200.0,58000.0,363200.0
20231026094551000,SZSE,SZSE.ETF.159922,5.559,5.584,5.584,5.556,0.0,6.142,5.026,60887986.0,0.0,60887986.0,0.0,0.0,0.0,20231026,20231026,94551000,5.584,0.0,0.0,5.559,5.558,5.557,5.556,5.555,5.554,5.553,5.552,5.551,5.55,5.56,5.561,5.562,5.563,5.564,5.565,5.566,5.567,5.568,5.569,89700.0,543600.0,455200.0,40000.0,661000.0,407000.0,220000.0,198100.0,19800.0,46400.0,40000.0,155000.0,350000.0,436400.0,569800.0,77000.0,202000.0,288200.0,58000.0,363200.0
20231026094554000,SZSE,SZSE.ETF.159922,5.559,5.584,5.584,5.556,0.0,6.142,5.026,60887986.0,0.0,60887986.0,0.0,0.0,0.0,20231026,20231026,94554000,5.584,0.0,0.0,5.559,5.558,5.557,5.556,5.555,5.554,5.553,5.552,5.551,5.55,5.56,5.561,5.562,5.563,5.564,5.565,5.566,5.567,5.568,5.569,69800.0,55500.0,140200.0,613200.0,361000.0,217000.0,220000.0,406300.0,1600.0,46400.0,190000.0,390000.0,511400.0,300000.0,239800.0,307000.0,162000.0,40000.0,76200.0,413200.0
20231026094557000,SZSE,SZSE.ETF.159922,5.559,5.584,5.584,5.556,0.0,6.142,5.026,60887986.0,0.0,60887986.0,0.0,0.0,0.0,20231026,20231026,94557000,5.584,0.0,0.0,5.559,5.558,5.557,5.556,5.555,5.554,5.553,5.552,5.551,5.55,5.56,5.561,5.562,5.563,5.564,5.565,5.566,5.567,5.568,5.569,69800.0,40500.0,375200.0,543100.0,171000.0,307000.0,820000.0,388200.0,19700.0,46400.0,160000.0,205000.0,570000.0,516400.0,199800.0,267000.0,22000.0,58000.0,108200.0,413200.0
20231026094600000,SZSE,SZSE.ETF.159922,5.559,5.584,5.584,5.556,0.0,6.142,5.026,60887986.0,0.0,60887986.0,0.0,0.0,0.0,20231026,20231026,94600000,5.584,0.0,0.0,5.559,5.558,5.557,5.556,5.555,5.554,5.553,5.552,5.551,5.55,5.56,5.561,5.562,5.563,5.564,5.565,5.566,5.567,5.568,5.569,69800.0,40500.0,608400.0,399900.0,151000.0,1047000.0,200000.0,218200.0,19700.0,46400.0,160000.0,205000.0,750000.0,496400.0,199800.0,267000.0,22000.0,58000.0,58200.0,413200.0
20231026094603000,SZSE,SZSE.ETF.159922,5.559,5.584,5.584,5.556,0.0,6.142,5.026,60887986.0,0.0,60887986.0,0.0,0.0,0.0,20231026,20231026,94603000,5.584,0.0,0.0,5.559,5.558,5.557,5.556,5.555,5.554,5.553,5.552,5.551,5.55,5.56,5.561,5.562,5.563,5.564,5.565,5.566,5.567,5.568,5.569,109800.0,60400.0,608400.0,399900.0,151000.0,1047000.0,200000.0,200000.0,37900.0,46400.0,160000.0,405000.0,550000.0,516400.0,199800.0,267000.0,22000.0,76200.0,40000.0,413200.0
20231026100942000,SZSE,SZSE.ETF.159922,5.569,5.584,5.584,5.556,0.0,6.142,5.026,126874886.0,0.0,126874886.0,0.0,0.0,0.0,20231026,20231026,100942000,5.584,0.0,0.0,5.568,5.567,5.566,5.565,5.564,5.563,5.562,5.561,5.56,5.557,5.57,5.571,5.572,5.573,5.574,5.575,5.576,5.577,5.578,5.579,109900.0,1255000.0,840000.0,140900.0,299800.0,37000.0,1300.0,58000.0,38300.0,1800.0,50000.0,163000.0,701400.0,430200.0,299800.0,77500.0,18300.0,108000.0,40000.0,190000.0
20231026100945000,SZSE,SZSE.ETF.159922,5.569,5.584,5.584,5.556,0.0,6.142,5.026,126874886.0,0.0,126874886.0,0.0,0.0,0.0,20231026,20231026,100945000,5.584,0.0,0.0,5.568,5.567,5.566,5.565,5.564,5.563,5.562,5.561,5.56,5.557,5.57,5.571,5.572,5.573,5.574,5.575,5.576,5.577,5.578,5.579,89900.0,1105000.0,800000.0,430900.0,299800.0,77000.0,1300.0,58000.0,38300.0,1800.0,50000.0,183000.0,561400.0,330200.0,339800.0,217500.0,180300.0,108000.0,40000.0,190000.0
20231026100948000,SZSE,SZSE.ETF.159922,5.569,5.584,5.584,5.556,0.0,6.142,5.026,126874886.0,0.0,126874886.0,0.0,0.0,0.0,20231026,20231026,100948000,5.584,0.0,0.0,5.569,5.568,5.567,5.566,5.565,5.564,5.563,5.562,5.561,5.56,5.571,5.572,5.573,5.574,5.575,5.576,5.577,5.578,5.579,5.58,69900.0,549900.0,1255000.0,690000.0,180900.0,159800.0,37000.0,1300.0,58000.0,38300.0,123000.0,561400.0,400200.0,299800.0,217500.0,260300.0,108000.0,40000.0,190000.0,300.0
20231026100951000,SZSE,SZSE.ETF.159922,5.569,5.584,5.584,5.556,0.0,6.142,5.026,126874886.0,0.0,126874886.0,0.0,0.0,0.0,20231026,20231026,100951000,5.584,0.0,0.0,5.569,5.568,5.567,5.566,5.565,5.564,5.562,5.561,5.56,5.557,5.571,5.572,5.573,5.574,5.575,5.576,5.577,5.578,5.579,5.58,69900.0,364900.0,1220000.0,810000.0,240700.0,77000.0,59300.0,20000.0,18300.0,1800.0,128000.0,450000.0,566600.0,320000.0,160300.0,235300.0,72000.0,78000.0,210000.0,300.0
20231026100954000,SZSE,SZSE.ETF.159922,5.569,5.584,5.584,5.556,0.0,6.142,5.026,126874886.0,0.0,126874886.0,0.0,0.0,0.0,20231026,20231026,100954000,5.584,0.0,0.0,5.569,5.568,5.567,5.566,5.565,5.564,5.562,5.561,5.56,5.557,5.571,5.572,5.573,5.574,5.575,5.576,5.577,5.578,5.579,5.58,69900.0,414900.0,1120000.0,810000.0,240700.0,77000.0,59300.0,20000.0,18300.0,1800.0,28000.0,500000.0,566600.0,320000.0,160300.0,235300.0,72000.0,78000.0,210000.0,300.0
20231026100957000,SZSE,SZSE.ETF.159922,5.569,5.584,5.584,5.556,0.0,6.142,5.026,126874886.0,0.0,126874886.0,0.0,0.0,0.0,20231026,20231026,100957000,5.584,0.0,0.0,5.57,5.569,5.568,5.567,5.566,5.565,5.564,5.563,5.562,5.561,5.571,5.572,5.573,5.574,5.575,5.576,5.577,5.578,5.579,5.58,50000.0,109900.0,404900.0,1210000.0,730000.0,160700.0,37000.0,18000.0,41300.0,20000.0,58000.0,536400.0,360200.0,330000.0,200300.0,275300.0,72000.0,60000.0,228000.0,300.0
20231026101000000,SZSE,SZSE.ETF.159922,5.569,5.584,5.584,5.556,0.0,6.142,5.026,126874886.0,0.0,126874886.0,0.0,0.0,0.0,20231026,20231026,101000000,5.584,0.0,0.0,5.569,5.568,5.567,5.566,5.565,5.564,5.563,5.562,5.561,5.56,5.571,5.572,5.573,5.574,5.575,5.576,5.577,5.578,5.579,5.58,109900.0,1024900.0,680000.0,789800.0,177900.0,40000.0,40000.0,19300.0,20000.0,18300.0,108000.0,536400.0,440200.0,360000.0,160300.0,235300.0,72000.0,58000.0,230000.0,300.0
20231026101003000,SZSE,SZSE.ETF.159922,5.569,5.584,5.584,5.556,0.0,6.142,5.026,126874886.0,0.0,126874886.0,0.0,0.0,0.0,20231026,20231026,101003000,5.584,0.0,0.0,5.57,5.569,5.568,5.567,5.566,5.565,5.564,5.562,5.561,5.56,5.571,5.572,5.573,5.574,5.575,5.576,5.577,5.578,5.579,5.58,50000.0,229900.0,954900.0,900000.0,570000.0,60700.0,77000.0,59300.0,20000.0,18300.0,28000.0,210000.0,566600.0,660000.0,160300.0,235300.0,72000.0,58000.0,230000.0,300.0
20231026101006000,SZSE,SZSE.ETF.159922,5.569,5.584,5.584,5.556,0.0,6.142,5.026,126874886.0,0.0,126874886.0,0.0,0.0,0.0,20231026,20231026,101006000,5.584,0.0,0.0,5.57,5.569,5.568,5.567,5.566,5.565,5.563,5.562,5.561,5.56,5.571,5.572,5.573,5.574,5.575,5.576,5.577,5.578,5.579,5.58,19900.0,759900.0,1284900.0,140000.0,299800.0,37900.0,58000.0,1300.0,20000.0,18300.0,8000.0,50000.0,160200.0,676400.0,370300.0,235300.0,112000.0,40000.0,58000.0,300.0
20231026101009000,SZSE,SZSE.ETF.159922,5.571,5.584,5.584,5.556,0.0,6.142,5.026,126919454.0,44568.0,126919454.0,44568.0,0.0,0.0,20231026,20231026,101009000,5.584,0.0,0.0,5.571,5.57,5.569,5.568,5.567,5.566,5.565,5.563,5.562,5.561,5.572,5.573,5.574,5.575,5.576,5.577,5.578,5.579,5.58,5.581,42000.0,969900.0,699900.0,650000.0,140000.0,159800.0,37900.0,58000.0,1300.0,20000.0,35000.0,140200.0,486400.0,440300.0,235300.0,212000.0,180000.0,58000.0,300.0,192300.0
20231026101012000,SZSE,SZSE.ETF.159922,5.571,5.584,5.584,5.556,0.0,6.142,5.026,126919454.0,0.0,126919454.0,0.0,0.0,0.0,20231026,20231026,101012000,5.584,0.0,0.0,5.571,5.57,5.569,5.568,5.567,5.566,5.565,5.564,5.562,5.56,5.572,5.573,5.574,5.575,5.576,5.577,5.579,5.58,5.581,5.583,42000.0,169900.0,1274900.0,790000.0,119800.0,37000.0,900.0,58000.0,21300.0,18300.0,35000.0,135200.0,666400.0,380500.0,178100.0,287000.0,40000.0,58300.0,192300.0,4300.0
20231026101015000,SZSE,SZSE.ETF.159922,5.572,5.584,5.584,5.556,0.0,6.142,5.026,127030336.0,110882.0,127030336.0,110882.0,0.0,0.0,20231026,20231026,101015000,5.584,0.0,0.0,5.571,5.57,5.569,5.568,5.567,5.566,5.565,5.564,5.562,5.56,5.572,5.573,5.574,5.575,5.576,5.577,5.578,5.579,5.58,5.581,282000.0,1479900.0,570000.0,320000.0,159800.0,77000.0,900.0,58000.0,21300.0,18300.0,35000.0,60200.0,200000.0,546900.0,508100.0,327000.0,162000.0,40000.0,58300.0,192300.0
20231026101018000,SZSE,SZSE.ETF.159922,5.572,5.584,5.584,5.556,0.0,6.142,5.026,127225356.0,195020.0,127225356.0,195020.0,0.0,0.0,20231026,20231026,101018000,5.584,0.0,0.0,5.572,5.571,5.57,5.569,5.568,5.567,5.566,5.565,5.564,5.562,5.573,5.574,5.575,5.576,5.577,5.578,5.579,5.58,5.581,5.583,319900.0,162000.0,1494900.0,550000.0,180000.0,159800.0,37000.0,900.0,58000.0,21300.0,200.0,215000.0,526900.0,518100.0,327000.0,202000.0,40000.0,78300.0,252300.0,4300.0
20231026101021000,SZSE,SZSE.ETF.159922,5.572,5.584,5.584,5.556,0.0,6.142,5.026,127225356.0,0.0,127225356.0,0.0,0.0,0.0,20231026,20231026,101021000,5.584,0.0,0.0,5.572,5.571,5.57,5.569,5.568,5.567,5.565,5.563,5.562,5.56,5.573,5.574,5.575,5.576,5.577,5.578,5.579,5.58,5.581,5.583,339900.0,257000.0,1399900.0,580000.0,199800.0,177000.0,58900.0,20000.0,1300.0,18300.0,50200.0,180000.0,541900.0,328300.0,309800.0,217000.0,22000.0,220300.0,290300.0,4300.0
20231026101024000,SZSE,SZSE.ETF.159922,5.572,5.584,5.584,5.556,0.0,6.142,5.026,127225356.0,0.0,127225356.0,0.0,0.0,0.0,20231026,20231026,101024000,5.584,0.0,0.0,5.572,5.571,5.57,5.569,5.568,5.567,5.565,5.563,5.562,5.56,5.573,5.574,5.575,5.576,5.577,5.578,5.579,5.58,5.581,5.583,40000.0,217000.0,1149900.0,640000.0,549800.0,177000.0,58900.0,20000.0,1300.0,18300.0,50200.0,160000.0,501900.0,348300.0,309800.0,217000.0,62000.0,80300.0,250300.0,4300.0
20231026101027000,SZSE,SZSE.ETF.159922,5.572,5.584,5.584,5.556,0.0,6.142,5.026,127225356.0,0.0,127225356.0,0.0,0.0,0.0,20231026,20231026,101027000,5.584,0.0,0.0,5.572,5.571,5.57,5.569,5.568,5.567,5.565,5.564,5.563,5.562,5.573,5.574,5.575,5.576,5.577,5.578,5.579,5.58,5.581,5.583,40000.0,117000.0,1239900.0,440000.0,749800.0,177000.0,40900.0,18000.0,20000.0,1300.0,50200.0,486400.0,455500.0,278300.0,309800.0,217000.0,22000.0,58300.0,232300.0,4300.0
20231026101030000,SZSE,SZSE.ETF.159922,5.572,5.584,5.584,5.556,0.0,6.142,5.026,127225356.0,0.0,127225356.0,0.0,0.0,0.0,20231026,20231026,101030000,5.584,0.0,0.0,5.571,5.57,5.569,5.568,5.567,5.566,5.565,5.564,5.563,5.562,5.572,5.573,5.574,5.575,5.576,5.577,5.578,5.579,5.58,5.581,215000.0,1439900.0,580000.0,349800.0,177000.0,40000.0,40900.0,18000.0,20000.0,1300.0,50000.0,90200.0,160000.0,531900.0,528300.0,309800.0,177000.0,22000.0,58300.0,212300.0
20231026101033000,SZSE,SZSE.ETF.159922,5.572,5.584,5.584,5.556,0.0,6.142,5.026,127225356.0,0.0,127225356.0,0.0,0.0,0.0,20231026,20231026,101033000,5.584,0.0,0.0,5.572,5.571,5.57,5.569,5.568,5.567,5.566,5.565,5.564,5.562,5.573,5.574,5.575,5.576,5.577,5.578,5.579,5.58,5.581,5.582,140000.0,330000.0,1184900.0,550000.0,530000.0,159800.0,37000.0,900.0,58000.0,21300.0,200.0,175000.0,526900.0,508100.0,327000.0,202000.0,40000.0,38300.0,232300.0,40000.0
20231026101036000,SZSE,SZSE.ETF.159922,5.572,5.584,5.584,5.556,0.0,6.142,5.026,127225356.0,0.0,127225356.0,0.0,0.0,0.0,20231026,20231026,101036000,5.584,0.0,0.0,5.572,5.571,5.57,5.569,5.568,5.567,5.565,5.563,5.562,5.56,5.573,5.574,5.575,5.576,5.577,5.578,5.579,5.58,5.581,5.583,189900.0,160000.0,1564900.0,330000.0,199800.0,177000.0,58900.0,20000.0,1300.0,18300.0,200.0,105000.0,576900.0,358300.0,309800.0,217000.0,62000.0,100300.0,230300.0,4300.0
20231026101039000,SZSE,SZSE.ETF.159922,5.572,5.584,5.584,5.556,0.0,6.142,5.026,127225356.0,0.0,127225356.0,0.0,0.0,0.0,20231026,20231026,101039000,5.584,0.0,0.0,5.572,5.571,5.57,5.569,5.568,5.567,5.565,5.563,5.562,5.56,5.573,5.574,5.575,5.576,5.577,5.578,5.579,5.58,5.581,5.583,39900.0,110000.0,1374900.0,720000.0,299800.0,77000.0,58900.0,20000.0,1300.0,18300.0,50200.0,175000.0,486900.0,488300.0,309800.0,217000.0,62000.0,80300.0,230300.0,4300.0
20231026101042000,SZSE,SZSE.ETF.159922,5.572,5.584,5.584,5.556,0.0,6.142,5.026,127225356.0,0.0,127225356.0,0.0,0.0,0.0,20231026,20231026,101042000,5.584,0.0,0.0,5.572,5.571,5.57,5.569,5.568,5.567,5.565,5.564,5.563,5.562,5.573,5.574,5.575,5.576,5.577,5.578,5.579,5.58,5.581,5.583,409900.0,265000.0,589900.0,630000.0,409800.0,77000.0,40900.0,18000.0,20000.0,1300.0,200.0,140000.0,581900.0,598300.0,309800.0,217000.0,22000.0,58300.0,212300.0,4300.0
20231026101045000,SZSE,SZSE.ETF.159922,5.572,5.584,5.584,5.556,0.0,6.142,5.026,127225356.0,0.0,127225356.0,0.0,0.0,0.0,20231026,20231026,101045000,5.584,0.0,0.0,5.572,5.571,5.57,5.569,5.568,5.567,5.565,5.563,5.562,5.56,5.573,5.574,5.575,5.576,5.577,5.578,5.579,5.58,5.581,5.582,79900.0,425000.0,1439900.0,680000.0,299800.0,77000.0,58900.0,20000.0,1300.0,18300.0,50200.0,140000.0,541900.0,508300.0,309800.0,217000.0,22000.0,80300.0,270300.0,20000.0
20231026101048000,SZSE,SZSE.ETF.159922,5.572,5.584,5.584,5.556,0.0,6.142,5.026,127225356.0,0.0,127225356.0,0.0,0.0,0.0,20231026,20231026,101048000,5.584,0.0,0.0,5.572,5.571,5.57,5.569,5.568,5.567,5.565,5.563,5.562,5.56,5.573,5.574,5.575,5.576,5.577,5.578,5.579,5.58,5.581,5.582,40000.0,865000.0,839900.0,640000.0,159800.0,77000.0,58900.0,20000.0,1300.0,18300.0,50200.0,140000.0,415500.0,454700.0,309800.0,257000.0,62000.0,40300.0,230300.0,20000.0
20231026101051000,SZSE,SZSE.ETF.159922,5.573,5.584,5.584,5.556,0.0,6.142,5.026,127226471.0,1115.0,127226471.0,1115.0,0.0,0.0,20231026,20231026,101051000,5.584,0.0,0.0,5.572,5.571,5.57,5.569,5.568,5.567,5.565,5.564,5.563,5.562,5.574,5.575,5.576,5.577,5.578,5.579,5.58,5.581,5.582,5.583,449700.0,1355000.0,760000.0,180000.0,159800.0,77000.0,40900.0,18000.0,40000.0,1300.0,50200.0,215500.0,584700.0,599800.0,217000.0,62000.0,198300.0,42300.0,20000.0,194300.0
20231026101054000,SZSE,SZSE.ETF.159922,5.573,5.584,5.584,5.556,0.0,6.142,5.026,127226471.0,0.0,127226471.0,0.0,0.0,0.0,20231026,20231026,101054000,5.584,0.0,0.0,5.573,5.572,5.571,5.57,5.569,5.568,5.567,5.565,5.564,5.562,5.575,5.576,5.577,5.578,5.579,5.58,5.581,5.582,5.583,5.584,69700.0,1009700.0,655000.0,790000.0,180000.0,59800.0,37000.0,58900.0,20000.0,1300.0,115700.0,584700.0,590000.0,199800.0,77000.0,202300.0,100300.0,80000.0,194300.0,40000.0
20231026101057000,SZSE,SZSE.ETF.159922,5.573,5.584,5.584,5.556,0.0,6.142,5.026,127226471.0,0.0,127226471.0,0.0,0.0,0.0,20231026,20231026,101057000,5.584,0.0,0.0,5.573,5.572,5.571,5.57,5.569,5.568,5.566,5.565,5.562,5.56,5.575,5.576,5.577,5.578,5.579,5.58,5.581,5.582,5.583,5.584,109700.0,964700.0,860000.0,610000.0,199800.0,77000.0,58000.0,20900.0,1300.0,18300.0,160700.0,473300.0,516400.0,220000.0,299800.0,177300.0,2300.0,58000.0,234300.0,40000.0
20231026101100000,SZSE,SZSE.ETF.159922,5.573,5.584,5.584,5.556,0.0,6.142,5.026,127226471.0,0.0,127226471.0,0.0,0.0,0.0,20231026,20231026,101100000,5.584,0.0,0.0,5.574,5.573,5.572,5.571,5.57,5.569,5.568,5.566,5.565,5.562,5.575,5.576,5.577,5.578,5.579,5.58,5.581,5.582,5.583,5.584,319700.0,169700.0,1494700.0,560000.0,180000.0,199800.0,77000.0,58000.0,20900.0,1300.0,70700.0,273300.0,536400.0,330000.0,299800.0,217300.0,24300.0,58000.0,234300.0,40000.0
20231026101103000,SZSE,SZSE.ETF.159922,5.573,5.584,5.584,5.556,0.0,6.142,5.026,127226471.0,0.0,127226471.0,0.0,0.0,0.0,20231026,20231026,101103000,5.584,0.0,0.0,5.574,5.573,5.572,5.571,5.57,5.569,5.567,5.565,5.562,5.56,5.575,5.576,5.577,5.578,5.579,5.58,5.581,5.582,5.583,5.584,20000.0,269700.0,1114700.0,750000.0,589800.0,177000.0,58000.0,20900.0,1300.0,18300.0,100700.0,433300.0,536400.0,180000.0,259800.0,217300.0,64300.0,80000.0,252300.0,40000.0
20231026101106000,SZSE,SZSE.ETF.159922,5.573,5.584,5.584,5.556,0.0,6.142,5.026,127226471.0,0.0,127226471.0,0.0,0.0,0.0,20231026,20231026,101106000,5.584,0.0,0.0,5.573,5.572,5.571,5.57,5.569,5.568,5.567,5.566,5.565,5.562,5.575,5.576,5.577,5.578,5.579,5.58,5.581,5.582,5.583,5.584,109700.0,1224700.0,580000.0,549800.0,177000.0,40000.0,80000.0,18000.0,20900.0,1300.0,50700.0,193300.0,576400.0,510000.0,259800.0,217300.0,24300.0,58000.0,234300.0,40000.0
20231026101109000,SZSE,SZSE.ETF.159922,5.573,5.584,5.584,5.556,0.0,6.142,5.026,127226471.0,0.0,127226471.0,0.0,0.0,0.0,20231026,20231026,101109000,5.584,0.0,0.0,5.574,5.573,5.572,5.571,5.57,5.569,5.568,5.566,5.565,5.562,5.575,5.576,5.577,5.578,5.579,5.58,5.581,5.582,5.583,5.584,40000.0,169700.0,1284700.0,570000.0,530000.0,159800.0,37000.0,58000.0,20900.0,1300.0,700.0,193300.0,576400.0,470000.0,259800.0,257300.0,64300.0,58000.0,234300.0,40000.0
20231026101112000,SZSE,SZSE.ETF.159922,5.574,5.584,5.584,5.556,0.0,6.142,5.026,127227586.0,1115.0,127227586.0,1115.0,0.0,0.0,20231026,20231026,101112000,5.584,0.0,0.0,5.572,5.571,5.57,5.569,5.568,5.567,5.565,5.562,5.56,5.559,5.575,5.576,5.577,5.578,5.579,5.58,5.581,5.582,5.583,5.584,474700.0,840000.0,809800.0,427000.0,40000.0,58000.0,20900.0,1300.0,18300.0,42000.0,120500.0,519700.0,380000.0,220000.0,259800.0,257300.0,64300.0,60000.0,232300.0,40000.0
20231026101115000,SZSE,SZSE.ETF.159922,5.574,5.584,5.584,5.556,0.0,6.142,5.026,127227586.0,0.0,127227586.0,0.0,0.0,0.0,20231026,20231026,101115000,5.584,0.0,0.0,5.572,5.571,5.57,5.569,5.568,5.567,5.566,5.565,5.564,5.562,5.573,5.574,5.575,5.576,5.577,5.578,5.579,5.58,5.581,5.582,115000.0,150000.0,1350000.0,660000.0,449800.0,77000.0,18000.0,40900.0,20000.0,1300.0,50000.0,160000.0,506900.0,463300.0,230000.0,220000.0,159800.0,37300.0,214300.0,78000.0
20231026101118000,SZSE,SZSE.ETF.159922,5.572,5.584,5.584,5.556,0.0,6.142,5.026,127506186.0,278600.0,127506186.0,278600.0,0.0,0.0,20231026,20231026,101118000,5.584,0.0,0.0,5.572,5.571,5.57,5.569,5.568,5.567,5.566,5.565,5.563,5.562,5.573,5.574,5.575,5.576,5.577,5.578,5.579,5.58,5.581,5.582,10000.0,40000.0,540000.0,940000.0,699800.0,327000.0,140000.0,58900.0,20000.0,1300.0,486400.0,710000.0,55500.0,198300.0,349800.0,157000.0,22000.0,40300.0,230300.0,20000.0
20231026101121000,SZSE,SZSE.ETF.159922,5.572,5.584,5.584,5.556,0.0,6.142,5.026,127561906.0,55720.0,127561906.0,55720.0,0.0,0.0,20231026,20231026,101121000,5.584,0.0,0.0,5.571,5.57,5.569,5.568,5.567,5.566,5.565,5.564,5.563,5.562,5.572,5.573,5.574,5.575,5.576,5.577,5.578,5.579,5.58,5.581,150000.0,234900.0,1040000.0,769800.0,327000.0,180000.0,40900.0,58000.0,60000.0,1300.0,46900.0,170000.0,891400.0,420500.0,198300.0,309800.0,77000.0,22000.0,248300.0,42300.0
20231026101124000,SZSE,SZSE.ETF.159922,5.572,5.584,5.584,5.556,0.0,6.142,5.026,127823213.0,261307.0,127823213.0,261307.0,0.0,0.0,20231026,20231026,101124000,5.584,0.0,0.0,5.572,5.571,5.57,5.569,5.568,5.567,5.566,5.565,5.564,5.562,5.573,5.574,5.575,5.576,5.577,5.578,5.579,5.58,5.581,5.582,83000.0,439900.0,1239900.0,450000.0,280000.0,59800.0,177000.0,900.0,58000.0,21300.0,40000.0,250000.0,606900.0,568100.0,227000.0,120000.0,80000.0,38300.0,22300.0,190000.0
20231026101127000,SZSE,SZSE.ETF.159922,5.574,5.584,5.584,5.556,0.0,6.142,5.026,128324240.0,501027.0,128324240.0,501027.0,0.0,0.0,20231026,20231026,101127000,5.584,0.0,0.0,5.574,5.573,5.572,5.571,5.57,5.569,5.568,5.567,5.565,5.563,5.575,5.576,5.577,5.578,5.579,5.58,5.581,5.582,5.583,5.584,135000.0,105000.0,1290000.0,530000.0,605300.0,140000.0,59800.0,37000.0,58900.0,20000.0,80500.0,128300.0,806200.0,517000.0,80000.0,80300.0,40300.0,20000.0,194300.0,40000.0
20231026101130000,SZSE,SZSE.ETF.159922,5.576,5.584,5.584,5.556,0.0,6.142,5.026,128660990.0,336750.0,128660990.0,336750.0,0.0,0.0,20231026,20231026,101130000,5.584,0.0,0.0,5.575,5.574,5.573,5.572,5.571,5.57,5.569,5.567,5.565,5.562,5.577,5.578,5.579,5.58,5.581,5.582,5.583,5.584,5.585,5.588,118500.0,950000.0,915100.0,490000.0,40000.0,300100.0,137000.0,58000.0,20900.0,1300.0,180000.0,550000.0,686200.0,217300.0,82300.0,80000.0,62300.0,40000.0,190100.0,10000.0
20231026101133000,SZSE,SZSE.ETF.159922,5.577,5.584,5.584,5.556,0.0,6.142,5.026,129664273.0,1003283.0,129664273.0,1003283.0,0.0,0.0,20231026,20231026,101133000,5.584,0.0,0.0,5.576,5.575,5.574,5.573,5.572,5.571,5.57,5.568,5.567,5.565,5.578,5.579,5.58,5.581,5.582,5.583,5.584,5.585,5.586,5.588,180000.0,758500.0,980000.0,370000.0,380000.0,99800.0,300.0,58000.0,20000.0,900.0,150000.0,636400.0,330300.0,202100.0,180000.0,4300.0,238000.0,40100.0,190000.0,10000.0
20231026101136000,SZSE,SZSE.ETF.159922,5.577,5.584,5.584,5.556,0.0,6.142,5.026,129998843.0,334570.0,129998843.0,334570.0,0.0,0.0,20231026,20231026,101136000,5.584,0.0,0.0,5.575,5.574,5.573,5.572,5.571,5.57,5.569,5.568,5.565,5.562,5.577,5.578,5.579,5.58,5.581,5.582,5.583,5.584,5.585,5.586,118500.0,350000.0,1130000.0,729800.0,367000.0,40300.0,58000.0,20000.0,900.0,23300.0,110000.0,526400.0,520000.0,80300.0,142300.0,199800.0,41300.0,62000.0,268100.0,20000.0
20231026101139000,SZSE,SZSE.ETF.159922,5.577,5.584,5.584,5.556,0.0,6.142,5.026,129998843.0,0.0,129998843.0,0.0,0.0,0.0,20231026,20231026,101139000,5.584,0.0,0.0,5.575,5.574,5.573,5.572,5.571,5.57,5.568,5.567,5.565,5.562,5.576,5.577,5.578,5.579,5.58,5.581,5.582,5.583,5.584,5.585,98500.0,150000.0,910000.0,930000.0,549800.0,217300.0,58000.0,20000.0,900.0,1300.0,50000.0,496400.0,580000.0,270000.0,180300.0,162100.0,37000.0,46300.0,288000.0,20100.0
20231026101142000,SZSE,SZSE.ETF.159922,5.577,5.584,5.584,5.556,0.0,6.142,5.026,129998843.0,0.0,129998843.0,0.0,0.0,0.0,20231026,20231026,101142000,5.584,0.0,0.0,5.575,5.574,5.573,5.572,5.571,5.57,5.568,5.566,5.565,5.562,5.576,5.577,5.578,5.579,5.58,5.581,5.582,5.583,5.584,5.585,78500.0,150000.0,870000.0,1130000.0,349800.0,217300.0,58000.0,20000.0,900.0,1300.0,50000.0,100000.0,626400.0,520000.0,240100.0,179300.0,22000.0,44300.0,268000.0,100.0
20231026101145000,SZSE,SZSE.ETF.159922,5.575,5.584,5.584,5.556,0.0,6.142,5.026,130157730.0,158887.0,130157730.0,158887.0,0.0,0.0,20231026,20231026,101145000,5.584,0.0,0.0,5.574,5.573,5.572,5.571,5.57,5.569,5.568,5.566,5.565,5.562,5.576,5.577,5.578,5.579,5.58,5.581,5.582,5.583,5.584,5.585,55000.0,150000.0,540000.0,749800.0,857300.0,290000.0,198000.0,20000.0,900.0,1300.0,496400.0,490000.0,180500.0,260000.0,240100.0,179300.0,22000.0,254300.0,78000.0,100.0
20231026101148000,SZSE,SZSE.ETF.159922,5.574,5.584,5.584,5.556,0.0,6.142,5.026,130436430.0,278700.0,130436430.0,278700.0,0.0,0.0,20231026,20231026,101148000,5.584,0.0,0.0,5.574,5.573,5.572,5.571,5.57,5.569,5.568,5.567,5.566,5.565,5.575,5.576,5.577,5.578,5.579,5.58,5.581,5.582,5.583,5.584,5000.0,195000.0,270000.0,660000.0,1060100.0,327000.0,140000.0,58000.0,60000.0,40900.0,20000.0,546400.0,445000.0,220500.0,280000.0,200100.0,39300.0,42000.0,252300.0,60000.0
20231026101151000,SZSE,SZSE.ETF.159922,5.573,5.584,5.584,5.556,0.0,6.142,5.026,130547895.0,111465.0,130547895.0,111465.0,0.0,0.0,20231026,20231026,101151000,5.584,0.0,0.0,5.573,5.572,5.571,5.57,5.569,5.568,5.567,5.565,5.562,5.56,5.574,5.575,5.576,5.577,5.578,5.579,5.58,5.581,5.582,5.583,40000.0,285000.0,160000.0,1260100.0,567000.0,470000.0,58000.0,20900.0,1300.0,18300.0,426400.0,520000.0,355000.0,80000.0,220500.0,299800.0,37300.0,192300.0,60000.0,42300.0
20231026101154000,SZSE,SZSE.ETF.159922,5.573,5.584,5.584,5.556,0.0,6.142,5.026,130547895.0,0.0,130547895.0,0.0,0.0,0.0,20231026,20231026,101154000,5.584,0.0,0.0,5.573,5.572,5.571,5.57,5.569,5.568,5.567,5.566,5.565,5.564,5.574,5.575,5.576,5.577,5.578,5.579,5.58,5.581,5.582,5.583,199900.0,265000.0,730000.0,720300.0,509800.0,317000.0,40000.0,80000.0,18900.0,20000.0,46900.0,340000.0,415000.0,300000.0,240300.0,343400.0,22300.0,60300.0,40000.0,194300.0
20231026101157000,SZSE,SZSE.ETF.159922,5.573,5.584,5.584,5.556,0.0,6.142,5.026,130547895.0,0.0,130547895.0,0.0,0.0,0.0,20231026,20231026,101157000,5.584,0.0,0.0,5.573,5.572,5.571,5.57,5.569,5.568,5.566,5.565,5.564,5.562,5.574,5.575,5.576,5.577,5.578,5.579,5.58,5.581,5.582,5.583,219900.0,250000.0,780100.0,920300.0,309800.0,317000.0,58000.0,900.0,20000.0,1300.0,26900.0,105000.0,626400.0,390000.0,240300.0,277000.0,22300.0,82300.0,78000.0,214300.0
20231026101200000,SZSE,SZSE.ETF.159922,5.574,5.584,5.584,5.556,0.0,6.142,5.026,130808758.0,260863.0,130808758.0,260863.0,0.0,0.0,20231026,20231026,101200000,5.584,0.0,0.0,5.573,5.572,5.571,5.57,5.569,5.568,5.566,5.565,5.564,5.562,5.575,5.576,5.577,5.578,5.579,5.58,5.581,5.582,5.583,5.584,109900.0,575000.0,810000.0,900300.0,509800.0,77000.0,76200.0,900.0,20000.0,1300.0,426400.0,445000.0,150000.0,220300.0,277000.0,242300.0,82300.0,76200.0,194300.0,40000.0
20231026101203000,SZSE,SZSE.ETF.159922,5.574,5.584,5.584,5.556,0.0,6.142,5.026,130808758.0,0.0,130808758.0,0.0,0.0,0.0,20231026,20231026,101203000,5.584,0.0,0.0,5.573,5.572,5.571,5.57,5.569,5.568,5.566,5.565,5.562,5.56,5.575,5.576,5.577,5.578,5.579,5.58,5.581,5.582,5.583,5.584,69900.0,175000.0,270000.0,1360300.0,549800.0,357000.0,76200.0,20900.0,1300.0,18300.0,446400.0,625000.0,290000.0,200500.0,159800.0,77300.0,24300.0,96200.0,214300.0,40000.0
20231026101206000,SZSE,SZSE.ETF.159922,5.574,5.584,5.584,5.556,0.0,6.142,5.026,130808758.0,0.0,130808758.0,0.0,0.0,0.0,20231026,20231026,101206000,5.584,0.0,0.0,5.573,5.572,5.571,5.57,5.569,5.568,5.567,5.566,5.565,5.562,5.574,5.575,5.576,5.577,5.578,5.579,5.58,5.581,5.582,5.583,50000.0,125000.0,320000.0,990300.0,509800.0,567000.0,40000.0,116200.0,20900.0,1300.0,250000.0,716400.0,345000.0,290000.0,180500.0,159800.0,37300.0,214300.0,96200.0,24300.0
20231026101209000,SZSE,SZSE.ETF.159922,5.574,5.584,5.584,5.556,0.0,6.142,5.026,130808758.0,0.0,130808758.0,0.0,0.0,0.0,20231026,20231026,101209000,5.584,0.0,0.0,5.572,5.571,5.57,5.569,5.568,5.566,5.565,5.564,5.562,5.56,5.574,5.575,5.576,5.577,5.578,5.579,5.58,5.581,5.582,5.583,125000.0,220000.0,1090300.0,409800.0,767000.0,98200.0,58900.0,20000.0,1300.0,18300.0,396400.0,430000.0,345000.0,160000.0,200300.0,177000.0,22300.0,250300.0,58200.0,4300.0
20231026101212000,SZSE,SZSE.ETF.159922,5.574,5.584,5.584,5.556,0.0,6.142,5.026,130808758.0,0.0,130808758.0,0.0,0.0,0.0,20231026,20231026,101212000,5.584,0.0,0.0,5.572,5.571,5.57,5.569,5.568,5.567,5.565,5.564,5.562,5.56,5.573,5.574,5.575,5.576,5.577,5.578,5.579,5.58,5.581,5.582,80000.0,175000.0,1200300.0,630000.0,589800.0,77000.0,77100.0,20000.0,1300.0,18300.0,6600.0,506400.0,405000.0,240000.0,240000.0,200300.0,137000.0,22300.0,268500.0,40000.0
20231026101215000,SZSE,SZSE.ETF.159922,5.574,5.584,5.584,5.556,0.0,6.142,5.026,130808758.0,0.0,130808758.0,0.0,0.0,0.0,20231026,20231026,101215000,5.584,0.0,0.0,5.572,5.571,5.57,5.569,5.568,5.567,5.565,5.563,5.562,5.56,5.573,5.574,5.575,5.576,5.577,5.578,5.579,5.58,5.581,5.583,120000.0,125000.0,1610300.0,530000.0,299800.0,77000.0,77100.0,20000.0,1300.0,18300.0,6600.0,90000.0,481400.0,590000.0,219800.0,217500.0,162000.0,80300.0,268500.0,4300.0
20231026101218000,SZSE,SZSE.ETF.159922,5.573,5.584,5.584,5.556,0.0,6.142,5.026,130845540.0,36782.0,130845540.0,36782.0,0.0,0.0,20231026,20231026,101218000,5.584,0.0,0.0,5.572,5.571,5.57,5.569,5.568,5.567,5.565,5.563,5.562,5.56,5.574,5.575,5.576,5.577,5.578,5.579,5.58,5.581,5.582,5.583,173300.0,425000.0,1710300.0,290000.0,299800.0,37000.0,77100.0,20000.0,1300.0,18300.0,50000.0,448000.0,590000.0,219800.0,217500.0,162000.0,120300.0,288500.0,20000.0,4300.0
20231026101221000,SZSE,SZSE.ETF.159922,5.573,5.584,5.584,5.556,0.0,6.142,5.026,130845540.0,0.0,130845540.0,0.0,0.0,0.0,20231026,20231026,101221000,5.584,0.0,0.0,5.573,5.572,5.571,5.57,5.569,5.568,5.567,5.565,5.564,5.562,5.575,5.576,5.577,5.578,5.579,5.58,5.581,5.582,5.583,5.584,13300.0,180000.0,265000.0,1660300.0,290000.0,299800.0,37000.0,77100.0,20000.0,1300.0,448000.0,590000.0,200000.0,240300.0,217000.0,62300.0,288500.0,20000.0,4300.0,40000.0
20231026101224000,SZSE,SZSE.ETF.159922,5.573,5.584,5.584,5.556,0.0,6.142,5.026,130845540.0,0.0,130845540.0,0.0,0.0,0.0,20231026,20231026,101224000,5.584,0.0,0.0,5.574,5.573,5.572,5.571,5.57,5.569,5.568,5.567,5.566,5.565,5.575,5.576,5.577,5.578,5.579,5.58,5.581,5.582,5.583,5.584,13300.0,110000.0,1000000.0,750000.0,710300.0,59800.0,37000.0,40000.0,116200.0,20900.0,70000.0,563000.0,386600.0,280500.0,259800.0,217300.0,24300.0,266200.0,44300.0,40000.0
20231026101227000,SZSE,SZSE.ETF.159922,5.573,5.584,5.584,5.556,0.0,6.142,5.026,130845540.0,0.0,130845540.0,0.0,0.0,0.0,20231026,20231026,101227000,5.584,0.0,0.0,5.575,5.574,5.573,5.572,5.571,5.57,5.569,5.568,5.567,5.566,5.576,5.577,5.578,5.579,5.58,5.581,5.582,5.583,5.584,5.585,90000.0,103300.0,160000.0,1375000.0,497000.0,440100.0,37000.0,40000.0,98200.0,18000.0,15000.0,523000.0,580500.0,369800.0,217300.0,64300.0,58000.0,62500.0,230000.0,100.0
20231026101230000,SZSE,SZSE.ETF.159922,5.573,5.584,5.584,5.556,0.0,6.142,5.026,130845540.0,0.0,130845540.0,0.0,0.0,0.0,20231026,20231026,101230000,5.584,0.0,0.0,5.575,5.574,5.573,5.572,5.571,5.57,5.568,5.566,5.565,5.562,5.576,5.577,5.578,5.579,5.58,5.581,5.582,5.583,5.584,5.585,40000.0,118300.0,180000.0,1520000.0,556800.0,357300.0,76200.0,20000.0,900.0,1300.0,56600.0,576400.0,555500.0,240000.0,200100.0,79300.0,40000.0,104300.0,286200.0,100.0
20231026101233000,SZSE,SZSE.ETF.159922,5.573,5.584,5.584,5.556,0.0,6.142,5.026,130845540.0,0.0,130845540.0,0.0,0.0,0.0,20231026,20231026,101233000,5.584,0.0,0.0,5.574,5.573,5.572,5.571,5.57,5.569,5.568,5.567,5.566,5.565,5.576,5.577,5.578,5.579,5.58,5.581,5.582,5.583,5.584,5.585,118300.0,220000.0,1320000.0,516800.0,608300.0,40000.0,58200.0,18000.0,20000.0,900.0,50000.0,563000.0,595500.0,300000.0,200100.0,79300.0,22000.0,62300.0,268200.0,20100.0
20231026101236000,SZSE,SZSE.ETF.159922,5.578,5.584,5.584,5.556,0.0,6.142,5.026,131403285.0,557745.0,131403285.0,557745.0,0.0,0.0,20231026,20231026,101236000,5.584,0.0,0.0,5.576,5.575,5.574,5.573,5.572,5.571,5.57,5.569,5.567,5.566,5.578,5.579,5.58,5.581,5.582,5.583,5.584,5.585,5.587,5.588,50000.0,143300.0,970000.0,515000.0,640000.0,47000.0,301100.0,37000.0,76200.0,20000.0,135500.0,440000.0,633100.0,229300.0,152000.0,120500.0,80000.0,100.0,190000.0,10000.0
20231026101239000,SZSE,SZSE.ETF.159922,5.576,5.584,5.584,5.556,0.0,6.142,5.026,131682085.0,278800.0,131682085.0,278800.0,0.0,0.0,20231026,20231026,101239000,5.584,0.0,0.0,5.577,5.576,5.575,5.574,5.573,5.572,5.571,5.57,5.569,5.568,5.578,5.579,5.58,5.581,5.582,5.583,5.584,5.585,5.586,5.587,118300.0,93300.0,1010000.0,610000.0,270000.0,479800.0,44000.0,141300.0,76200.0,20000.0,195500.0,190000.0,703300.0,502300.0,59800.0,81300.0,62000.0,96300.0,20000.0,190000.0
20231026101242000,SZSE,SZSE.ETF.159922,5.577,5.584,5.584,5.556,0.0,6.142,5.026,132423876.0,741791.0,132423876.0,741791.0,0.0,0.0,20231026,20231026,101242000,5.584,0.0,0.0,5.577,5.576,5.575,5.574,5.573,5.572,5.571,5.57,5.568,5.565,5.578,5.579,5.58,5.581,5.582,5.583,5.584,5.585,5.586,5.587,31800.0,750000.0,735000.0,490000.0,139800.0,397000.0,7000.0,217500.0,20000.0,900.0,145500.0,155000.0,270300.0,655300.0,329800.0,101300.0,62000.0,40100.0,56200.0,190000.0
20231026101245000,SZSE,SZSE.ETF.159922,5.578,5.584,5.584,5.556,0.0,6.142,5.026,132768596.0,344720.0,132768596.0,344720.0,0.0,0.0,20231026,20231026,101245000,5.584,0.0,0.0,5.576,5.575,5.574,5.573,5.572,5.571,5.57,5.569,5.568,5.565,5.578,5.579,5.58,5.581,5.582,5.583,5.584,5.585,5.586,5.587,130000.0,685000.0,640000.0,99800.0,357000.0,47000.0,239500.0,18000.0,20000.0,900.0,133700.0,224900.0,716700.0,392300.0,59800.0,181300.0,82000.0,58100.0,38200.0,190000.0
20231026101248000,SZSE,SZSE.ETF.159922,5.578,5.584,5.584,5.556,0.0,6.142,5.026,132768596.0,0.0,132768596.0,0.0,0.0,0.0,20231026,20231026,101248000,5.584,0.0,0.0,5.576,5.575,5.574,5.573,5.572,5.571,5.57,5.569,5.568,5.565,5.578,5.579,5.58,5.581,5.582,5.583,5.584,5.585,5.586,5.588,20000.0,125000.0,760000.0,670000.0,299800.0,84000.0,141300.0,76200.0,20000.0,900.0,143700.0,541300.0,490300.0,102300.0,159800.0,181300.0,82000.0,76300.0,210000.0,10000.0
20231026101251000,SZSE,SZSE.ETF.159922,5.575,5.584,5.584,5.556,0.0,6.142,5.026,132964856.0,196260.0,132964856.0,196260.0,0.0,0.0,20231026,20231026,101251000,5.584,0.0,0.0,5.574,5.573,5.572,5.571,5.57,5.569,5.568,5.567,5.565,5.562,5.575,5.576,5.577,5.578,5.579,5.58,5.581,5.582,5.583,5.584,250000.0,850000.0,459800.0,84000.0,41300.0,116200.0,60000.0,40000.0,900.0,23300.0,55000.0,110000.0,109900.0,419900.0,349900.0,80300.0,102300.0,246200.0,41300.0,82000.0
20231026101254000,SZSE,SZSE.ETF.159922,5.575,5.584,5.584,5.556,0.0,6.142,5.026,132964856.0,0.0,132964856.0,0.0,0.0,0.0,20231026,20231026,101254000,5.584,0.0,0.0,5.574,5.573,5.572,5.571,5.57,5.569,5.567,5.565,5.562,5.56,5.575,5.576,5.577,5.578,5.579,5.58,5.581,5.582,5.583,5.584,40000.0,490000.0,580000.0,457000.0,21100.0,37000.0,76200.0,20900.0,1300.0,18300.0,35000.0,50000.0,369900.0,289900.0,39800.0,177300.0,164300.0,206400.0,120500.0,40000.0
20231026101257000,SZSE,SZSE.ETF.159922,5.574,5.584,5.584,5.556,0.0,6.142,5.026,133076336.0,111480.0,133076336.0,111480.0,0.0,0.0,20231026,20231026,101257000,5.584,0.0,0.0,5.574,5.573,5.572,5.571,5.57,5.569,5.567,5.566,5.565,5.562,5.575,5.576,5.577,5.578,5.579,5.58,5.581,5.582,5.583,5.584,200000.0,340000.0,780000.0,257000.0,21100.0,37000.0,58000.0,18200.0,20900.0,1300.0,35000.0,50000.0,69900.0,536300.0,329800.0,137300.0,164300.0,58200.0,42300.0,60000.0
20231026101300000,SZSE,SZSE.ETF.159922,5.574,5.584,5.584,5.556,0.0,6.142,5.026,133076336.0,0.0,133076336.0,0.0,0.0,0.0,20231026,20231026,101300000,5.584,0.0,0.0,5.574,5.573,5.572,5.571,5.57,5.569,5.567,5.566,5.565,5.562,5.575,5.576,5.577,5.578,5.579,5.58,5.581,5.582,5.583,5.584,110000.0,590000.0,880000.0,57000.0,21100.0,37000.0,58000.0,18200.0,20900.0,1300.0,85000.0,50000.0,90000.0,446300.0,289800.0,157300.0,164300.0,58200.0,82300.0,100000.0
20231026101303000,SZSE,SZSE.ETF.159922,5.574,5.584,5.584,5.556,0.0,6.142,5.026,133076336.0,0.0,133076336.0,0.0,0.0,0.0,20231026,20231026,101303000,5.584,0.0,0.0,5.574,5.573,5.572,5.571,5.57,5.569,5.567,5.565,5.562,5.56,5.575,5.576,5.577,5.578,5.579,5.58,5.581,5.582,5.583,5.584,20000.0,160000.0,1070000.0,347000.0,61100.0,37000.0,76200.0,20900.0,1300.0,18300.0,85000.0,90000.0,576300.0,269900.0,49800.0,137300.0,164300.0,40000.0,270500.0,40000.0
20231026101306000,SZSE,SZSE.ETF.159922,5.574,5.584,5.584,5.556,0.0,6.142,5.026,133076336.0,0.0,133076336.0,0.0,0.0,0.0,20231026,20231026,101306000,5.584,0.0,0.0,5.573,5.572,5.571,5.57,5.569,5.568,5.567,5.566,5.565,5.562,5.575,5.576,5.577,5.578,5.579,5.58,5.581,5.582,5.583,5.584,50000.0,720000.0,667000.0,121100.0,37000.0,40000.0,98200.0,18000.0,20900.0,1300.0,85000.0,119900.0,526300.0,349900.0,129800.0,137300.0,24300.0,58000.0,252500.0,40000.0
20231026101309000,SZSE,SZSE.ETF.159922,5.574,5.584,5.584,5.556,0.0,6.142,5.026,133076336.0,0.0,133076336.0,0.0,0.0,0.0,20231026,20231026,101309000,5.584,0.0,0.0,5.574,5.573,5.572,5.571,5.57,5.569,5.568,5.566,5.565,5.562,5.575,5.576,5.577,5.578,5.579,5.58,5.581,5.582,5.583,5.584,50000.0,510000.0,870000.0,147000.0,181300.0,59800.0,77000.0,76200.0,20900.0,1300.0,75000.0,90000.0,180000.0,439900.0,606200.0,177300.0,24300.0,76200.0,214300.0,60000.0
20231026101312000,SZSE,SZSE.ETF.159922,5.576,5.584,5.584,5.556,0.0,6.142,5.026,133633861.0,557525.0,133633861.0,557525.0,0.0,0.0,20231026,20231026,101312000,5.584,0.0,0.0,5.576,5.575,5.574,5.573,5.572,5.571,5.57,5.569,5.567,5.566,5.577,5.578,5.579,5.58,5.581,5.582,5.583,5.584,5.585,5.586,15000.0,169300.0,640000.0,540000.0,360000.0,127000.0,61100.0,37000.0,40000.0,36200.0,130000.0,180000.0,379800.0,513700.0,224300.0,176200.0,44300.0,60000.0,100.0,190000.0
20231026101315000,SZSE,SZSE.ETF.159922,5.576,5.584,5.584,5.556,0.0,6.142,5.026,133633861.0,0.0,133633861.0,0.0,0.0,0.0,20231026,20231026,101315000,5.584,0.0,0.0,5.576,5.575,5.574,5.573,5.572,5.571,5.57,5.569,5.568,5.567,5.577,5.578,5.579,5.58,5.581,5.582,5.583,5.584,5.585,5.587,315000.0,1038600.0,610000.0,140000.0,259800.0,204000.0,41300.0,58200.0,18000.0,20000.0,60000.0,130000.0,160000.0,526700.0,472100.0,177000.0,4300.0,98000.0,58300.0,190000.0
20231026101318000,SZSE,SZSE.ETF.159922,5.577,5.584,5.584,5.556,0.0,6.142,5.026,133853038.0,219177.0,133853038.0,219177.0,0.0,0.0,20231026,20231026,101318000,5.584,0.0,0.0,5.577,5.576,5.575,5.574,5.573,5.572,5.571,5.57,5.569,5.567,5.578,5.579,5.58,5.581,5.582,5.583,5.584,5.585,5.586,5.587,39300.0,314300.0,750000.0,810000.0,430000.0,159800.0,84000.0,1300.0,76200.0,20000.0,100000.0,150000.0,526700.0,432100.0,177000.0,66300.0,80000.0,116300.0,40000.0,190000.0
20231026101321000,SZSE,SZSE.ETF.159922,5.577,5.584,5.584,5.556,0.0,6.142,5.026,133853038.0,0.0,133853038.0,0.0,0.0,0.0,20231026,20231026,101321000,5.584,0.0,0.0,5.577,5.576,5.575,5.574,5.573,5.572,5.571,5.57,5.569,5.568,5.578,5.579,5.58,5.581,5.582,5.583,5.584,5.585,5.586,5.587,39300.0,354300.0,980000.0,830000.0,139800.0,217000.0,7000.0,59500.0,18000.0,20000.0,120000.0,150000.0,566700.0,452300.0,159800.0,81300.0,40000.0,58100.0,58200.0,190000.0
20231026101324000,SZSE,SZSE.ETF.159922,5.578,5.584,5.584,5.556,0.0,6.142,5.026,134072253.0,219215.0,134072253.0,219215.0,0.0,0.0,20231026,20231026,101324000,5.584,0.0,0.0,5.576,5.575,5.574,5.573,5.572,5.571,5.57,5.569,5.568,5.565,5.578,5.579,5.58,5.581,5.582,5.583,5.584,5.585,5.586,5.587,294300.0,730000.0,850000.0,389800.0,217000.0,47000.0,59500.0,18000.0,20000.0,900.0,120000.0,150000.0,566700.0,452300.0,159800.0,81300.0,62000.0,58100.0,58200.0,190000.0
20231026101327000,SZSE,SZSE.ETF.159922,5.578,5.584,5.584,5.556,0.0,6.142,5.026,134072253.0,0.0,134072253.0,0.0,0.0,0.0,20231026,20231026,101327000,5.584,0.0,0.0,5.577,5.576,5.575,5.574,5.573,5.572,5.571,5.57,5.569,5.568,5.578,5.579,5.58,5.581,5.582,5.583,5.584,5.585,5.586,5.587,1000.0,354300.0,800000.0,860000.0,430000.0,59800.0,44000.0,1300.0,76200.0,20000.0,70000.0,200000.0,526700.0,412300.0,199800.0,121300.0,62000.0,76300.0,40000.0,190000.0
20231026101330000,SZSE,SZSE.ETF.159922,5.578,5.584,5.584,5.556,0.0,6.142,5.026,134072253.0,0.0,134072253.0,0.0,0.0,0.0,20231026,20231026,101330000,5.584,0.0,0.0,5.577,5.576,5.575,5.574,5.573,5.572,5.571,5.57,5.569,5.568,5.578,5.579,5.58,5.581,5.582,5.583,5.584,5.585,5.586,5.587,1000.0,334300.0,1030000.0,880000.0,59800.0,77000.0,47000.0,99500.0,18000.0,20000.0,50000.0,160000.0,526700.0,492300.0,159800.0,81300.0,62000.0,58100.0,58200.0,190000.0
20231026101333000,SZSE,SZSE.ETF.159922,5.578,5.584,5.584,5.556,0.0,6.142,5.026,134072253.0,0.0,134072253.0,0.0,0.0,0.0,20231026,20231026,101333000,5.584,0.0,0.0,5.577,5.576,5.575,5.574,5.573,5.572,5.571,5.57,5.569,5.568,5.579,5.58,5.581,5.582,5.583,5.584,5.585,5.586,5.587,5.588,51000.0,1004300.0,620000.0,630000.0,59800.0,117000.0,47000.0,59500.0,18000.0,20000.0,50000.0,200300.0,668700.0,469800.0,81300.0,102000.0,58100.0,58200.0,190000.0,10000.0
20231026101336000,SZSE,SZSE.ETF.159922,5.577,5.584,5.584,5.556,0.0,6.142,5.026,134079503.0,7250.0,134079503.0,7250.0,0.0,0.0,20231026,20231026,101336000,5.584,0.0,0.0,5.578,5.577,5.576,5.575,5.574,5.573,5.572,5.571,5.57,5.569,5.58,5.581,5.582,5.583,5.584,5.585,5.586,5.587,5.588,5.59,100000.0,959700.0,654300.0,200000.0,280000.0,59800.0,77000.0,7000.0,77500.0,20000.0,90300.0,152300.0,676400.0,454100.0,117000.0,40100.0,76200.0,230000.0,10000.0,100.0
20231026101339000,SZSE,SZSE.ETF.159922,5.58,5.584,5.584,5.556,0.0,6.142,5.026,134304377.0,224874.0,134304377.0,224874.0,0.0,0.0,20231026,20231026,101339000,5.584,0.0,0.0,5.579,5.578,5.577,5.576,5.575,5.574,5.573,5.571,5.57,5.565,5.58,5.581,5.582,5.583,5.584,5.585,5.586,5.587,5.588,5.589,40000.0,110000.0,280000.0,604300.0,530000.0,199800.0,137000.0,83200.0,21300.0,900.0,100000.0,548700.0,400000.0,164300.0,99800.0,177100.0,22000.0,96100.0,30000.0,190000.0
20231026101342000,SZSE,SZSE.ETF.159922,5.579,5.584,5.584,5.556,0.0,6.142,5.026,134527537.0,223160.0,134527537.0,223160.0,0.0,0.0,20231026,20231026,101342000,5.584,0.0,0.0,5.577,5.576,5.575,5.574,5.573,5.572,5.571,5.57,5.565,5.564,5.579,5.58,5.581,5.582,5.583,5.584,5.585,5.586,5.587,5.588,760000.0,804300.0,579800.0,177000.0,80000.0,138200.0,25000.0,21300.0,900.0,22000.0,89400.0,150000.0,452200.0,436400.0,44300.0,99800.0,257100.0,22000.0,57900.0,238200.0
20231026101345000,SZSE,SZSE.ETF.159922,5.579,5.584,5.584,5.556,0.0,6.142,5.026,134527537.0,0.0,134527537.0,0.0,0.0,0.0,20231026,20231026,101345000,5.584,0.0,0.0,5.577,5.576,5.575,5.574,5.573,5.572,5.571,5.57,5.569,5.565,5.579,5.58,5.581,5.582,5.583,5.584,5.585,5.586,5.587,5.588,820000.0,1044300.0,400000.0,180000.0,59800.0,77000.0,7000.0,77500.0,20000.0,900.0,89400.0,109900.0,538600.0,350000.0,104100.0,117000.0,240100.0,136200.0,20000.0,200000.0
20231026101348000,SZSE,SZSE.ETF.159922,5.577,5.584,5.584,5.556,0.0,6.142,5.026,134747271.0,219734.0,134747271.0,219734.0,0.0,0.0,20231026,20231026,101348000,5.584,0.0,0.0,5.577,5.576,5.575,5.574,5.573,5.572,5.571,5.57,5.569,5.565,5.579,5.58,5.581,5.582,5.583,5.584,5.585,5.586,5.587,5.588,130000.0,424300.0,1260000.0,610000.0,59800.0,77000.0,7000.0,77500.0,20000.0,900.0,159900.0,486300.0,362200.0,80000.0,204100.0,117000.0,162100.0,136200.0,210000.0,10000.0
20231026101424000,SZSE,SZSE.ETF.159922,5.575,5.584,5.584,5.556,0.0,6.142,5.026,135273605.0,0.0,135273605.0,0.0,0.0,0.0,20231026,20231026,101424000,5.584,0.0,0.0,5.572,5.571,5.57,5.569,5.568,5.567,5.566,5.565,5.564,5.563,5.573,5.574,5.575,5.576,5.577,5.578,5.579,5.58,5.581,5.583,19900.0,192000.0,211300.0,1350000.0,570000.0,99800.0,77000.0,37100.0,40000.0,20000.0,90000.0,360000.0,541400.0,179900.0,180000.0,159800.0,37000.0,42000.0,288500.0,4300.0
20231026101427000,SZSE,SZSE.ETF.159922,5.575,5.584,5.584,5.556,0.0,6.142,5.026,135273605.0,0.0,135273605.0,0.0,0.0,0.0,20231026,20231026,101427000,5.584,0.0,0.0,5.572,5.571,5.57,5.569,5.568,5.567,5.565,5.564,5.563,5.562,5.573,5.574,5.575,5.576,5.577,5.578,5.58,5.581,5.583,5.584,69900.0,157000.0,846300.0,830000.0,449800.0,77000.0,99100.0,58000.0,20000.0,1300.0,90000.0,145000.0,506400.0,439900.0,199800.0,177000.0,78000.0,230500.0,4300.0,40000.0
20231026101430000,SZSE,SZSE.ETF.159922,5.572,5.584,5.584,5.556,0.0,6.142,5.026,135384488.0,110883.0,135384488.0,110883.0,0.0,0.0,20231026,20231026,101430000,5.584,0.0,0.0,5.571,5.57,5.569,5.568,5.567,5.566,5.565,5.564,5.563,5.562,5.573,5.574,5.575,5.576,5.577,5.578,5.579,5.58,5.581,5.583,137000.0,276300.0,300000.0,689800.0,467000.0,40000.0,59100.0,18000.0,20000.0,1300.0,149900.0,591400.0,360000.0,119900.0,199800.0,177000.0,42000.0,58000.0,230500.0,4300.0
20231026101433000,SZSE,SZSE.ETF.159922,5.572,5.584,5.584,5.556,0.0,6.142,5.026,135384488.0,0.0,135384488.0,0.0,0.0,0.0,20231026,20231026,101433000,5.584,0.0,0.0,5.571,5.57,5.569,5.568,5.567,5.566,5.565,5.564,5.563,5.562,5.573,5.574,5.575,5.576,5.577,5.578,5.579,5.58,5.581,5.583,167000.0,206300.0,960000.0,790000.0,309800.0,77000.0,900.0,76200.0,20000.0,1300.0,129900.0,541400.0,450000.0,79900.0,199800.0,177000.0,22000.0,96200.0,212300.0,4300.0
20231026101436000,SZSE,SZSE.ETF.159922,5.572,5.584,5.584,5.556,0.0,6.142,5.026,135384488.0,0.0,135384488.0,0.0,0.0,0.0,20231026,20231026,101436000,5.584,0.0,0.0,5.571,5.57,5.569,5.568,5.567,5.566,5.565,5.564,5.563,5.562,5.572,5.573,5.574,5.575,5.576,5.577,5.578,5.579,5.58,5.581,67000.0,206300.0,220000.0,490000.0,549800.0,327000.0,900.0,76200.0,20000.0,1300.0,59900.0,596300.0,415000.0,80000.0,79900.0,159800.0,137000.0,22000.0,266200.0,22300.0
20231026101439000,SZSE,SZSE.ETF.159922,5.572,5.584,5.584,5.556,0.0,6.142,5.026,135384488.0,0.0,135384488.0,0.0,0.0,0.0,20231026,20231026,101439000,5.584,0.0,0.0,5.571,5.57,5.569,5.568,5.567,5.566,5.565,5.564,5.562,5.56,5.572,5.573,5.574,5.575,5.576,5.577,5.578,5.579,5.58,5.581,47000.0,241300.0,785000.0,730000.0,549800.0,177000.0,900.0,76200.0,21300.0,18300.0,90000.0,414900.0,576400.0,180000.0,139700.0,77000.0,142000.0,40000.0,246200.0,2300.0
20231026101442000,SZSE,SZSE.ETF.159922,5.572,5.584,5.584,5.556,0.0,6.142,5.026,135384488.0,0.0,135384488.0,0.0,0.0,0.0,20231026,20231026,101442000,5.584,0.0,0.0,5.571,5.57,5.569,5.568,5.567,5.566,5.565,5.564,5.563,5.562,5.572,5.573,5.574,5.575,5.576,5.577,5.578,5.579,5.58,5.581,147000.0,191300.0,1325000.0,550000.0,99800.0,217000.0,900.0,58200.0,18000.0,21300.0,40000.0,124900.0,400000.0,716400.0,139700.0,77000.0,122000.0,78000.0,38200.0,192300.0
20231026101445000,SZSE,SZSE.ETF.159922,5.572,5.584,5.584,5.556,0.0,6.142,5.026,135384488.0,0.0,135384488.0,0.0,0.0,0.0,20231026,20231026,101445000,5.584,0.0,0.0,5.571,5.57,5.569,5.568,5.567,5.566,5.565,5.564,5.562,5.56,5.572,5.573,5.574,5.575,5.576,5.577,5.578,5.579,5.58,5.581,117000.0,861300.0,750000.0,670000.0,59800.0,77000.0,900.0,76200.0,21300.0,18300.0,40000.0,90000.0,410000.0,526400.0,179700.0,217000.0,122000.0,60000.0,56200.0,192300.0
20231026101448000,SZSE,SZSE.ETF.159922,5.572,5.584,5.584,5.556,0.0,6.142,5.026,135384488.0,0.0,135384488.0,0.0,0.0,0.0,20231026,20231026,101448000,5.584,0.0,0.0,5.571,5.57,5.569,5.568,5.567,5.566,5.565,5.564,5.562,5.56,5.572,5.573,5.574,5.575,5.576,5.577,5.578,5.579,5.58,5.581,117000.0,876300.0,750000.0,670000.0,59800.0,77000.0,900.0,76200.0,21300.0,18300.0,40000.0,109900.0,591400.0,360000.0,179700.0,217000.0,122000.0,60000.0,56200.0,192300.0
20231026101451000,SZSE,SZSE.ETF.159922,5.572,5.584,5.584,5.556,0.0,6.142,5.026,135384488.0,0.0,135384488.0,0.0,0.0,0.0,20231026,20231026,101451000,5.584,0.0,0.0,5.571,5.57,5.569,5.568,5.567,5.566,5.565,5.564,5.562,5.56,5.572,5.573,5.574,5.575,5.576,5.577,5.578,5.579,5.58,5.581,97000.0,256300.0,1100000.0,630000.0,309800.0,77000.0,900.0,76200.0,21300.0,18300.0,40000.0,109900.0,591400.0,360000.0,139700.0,217000.0,122000.0,40000.0,76200.0,192300.0
20231026101454000,SZSE,SZSE.ETF.159922,5.572,5.584,5.584,5.556,0.0,6.142,5.026,135607368.0,222880.0,135607368.0,222880.0,0.0,0.0,20231026,20231026,101454000,5.584,0.0,0.0,5.571,5.57,5.569,5.568,5.567,5.566,5.565,5.564,5.562,5.56,5.574,5.575,5.576,5.577,5.578,5.579,5.58,5.581,5.582,5.583,247000.0,1306300.0,610000.0,180000.0,59800.0,37000.0,900.0,76200.0,41300.0,18300.0,165000.0,576400.0,419700.0,217000.0,202000.0,40000.0,96200.0,2300.0,190000.0,4300.0
20231026101457000,SZSE,SZSE.ETF.159922,5.572,5.584,5.584,5.556,0.0,6.142,5.026,135607368.0,0.0,135607368.0,0.0,0.0,0.0,20231026,20231026,101457000,5.584,0.0,0.0,5.573,5.572,5.571,5.57,5.569,5.568,5.567,5.566,5.565,5.564,5.574,5.575,5.576,5.577,5.578,5.579,5.58,5.581,5.583,5.584,90000.0,760000.0,817000.0,546300.0,100000.0,180000.0,19800.0,37000.0,37100.0,40000.0,75000.0,130000.0,239900.0,626400.0,409800.0,77000.0,42000.0,98500.0,194300.0,40000.0
20231026101500000,SZSE,SZSE.ETF.159922,5.572,5.584,5.584,5.556,0.0,6.142,5.026,135607368.0,0.0,135607368.0,0.0,0.0,0.0,20231026,20231026,101500000,5.584,0.0,0.0,5.573,5.572,5.571,5.57,5.569,5.568,5.566,5.565,5.564,5.562,5.575,5.576,5.577,5.578,5.579,5.58,5.581,5.582,5.583,5.584,90000.0,802000.0,957000.0,491300.0,59800.0,117000.0,58000.0,19100.0,20000.0,1300.0,145000.0,279900.0,526400.0,329800.0,177000.0,122000.0,80500.0,38000.0,194300.0,40000.0
20231026101503000,SZSE,SZSE.ETF.159922,5.572,5.584,5.584,5.556,0.0,6.142,5.026,135607368.0,0.0,135607368.0,0.0,0.0,0.0,20231026,20231026,101503000,5.584,0.0,0.0,5.573,5.572,5.571,5.57,5.569,5.568,5.566,5.565,5.564,5.562,5.574,5.575,5.576,5.577,5.578,5.579,5.58,5.581,5.582,5.583,900000.0,712000.0,357000.0,281300.0,99800.0,117000.0,76200.0,900.0,20000.0,1300.0,49800.0,100000.0,169900.0,200000.0,526400.0,429800.0,137000.0,44300.0,96200.0,4300.0
20231026101506000,SZSE,SZSE.ETF.159922,5.572,5.584,5.584,5.556,0.0,6.142,5.026,135607368.0,0.0,135607368.0,0.0,0.0,0.0,20231026,20231026,101506000,5.584,0.0,0.0,5.573,5.572,5.571,5.57,5.569,5.568,5.566,5.565,5.564,5.562,5.574,5.575,5.576,5.577,5.578,5.579,5.58,5.581,5.582,5.583,940000.0,767000.0,557000.0,81300.0,59800.0,77000.0,76200.0,900.0,20000.0,1300.0,49800.0,90000.0,254800.0,526400.0,329800.0,177000.0,100000.0,42300.0,116200.0,44300.0
20231026101509000,SZSE,SZSE.ETF.159922,5.574,5.584,5.584,5.556,0.0,6.142,5.026,135884953.0,277585.0,135884953.0,277585.0,0.0,0.0,20231026,20231026,101509000,5.584,0.0,0.0,5.574,5.573,5.572,5.571,5.57,5.569,5.568,5.566,5.565,5.564,5.575,5.576,5.577,5.578,5.579,5.58,5.581,5.582,5.583,5.584,10200.0,1190000.0,797000.0,147000.0,181300.0,59800.0,77000.0,76200.0,900.0,20000.0,40000.0,184900.0,150000.0,506200.0,477000.0,122000.0,82300.0,96200.0,24300.0,230000.0
20231026101512000,SZSE,SZSE.ETF.159922,5.576,5.584,5.584,5.556,0.0,6.142,5.026,136163753.0,278800.0,136163753.0,278800.0,0.0,0.0,20231026,20231026,101512000,5.584,0.0,0.0,5.575,5.574,5.573,5.572,5.571,5.57,5.569,5.568,5.567,5.566,5.576,5.577,5.578,5.579,5.58,5.581,5.582,5.583,5.584,5.585,60200.0,1200000.0,610000.0,317000.0,47000.0,101100.0,77500.0,40000.0,58200.0,18000.0,5000.0,160000.0,189700.0,479800.0,523400.0,42300.0,158000.0,62500.0,40000.0,100.0
20231026101515000,SZSE,SZSE.ETF.159922,5.576,5.584,5.584,5.556,0.0,6.142,5.026,136191633.0,27880.0,136191633.0,27880.0,0.0,0.0,20231026,20231026,101515000,5.584,0.0,0.0,5.576,5.575,5.574,5.573,5.572,5.571,5.57,5.569,5.568,5.566,5.577,5.578,5.579,5.58,5.581,5.582,5.583,5.584,5.585,5.586,15000.0,700200.0,850000.0,510000.0,222000.0,106800.0,78300.0,500.0,76200.0,20000.0,180000.0,99700.0,486400.0,329800.0,179300.0,102000.0,84300.0,216200.0,100.0,190000.0
20231026101518000,SZSE,SZSE.ETF.159922,5.576,5.584,5.584,5.556,0.0,6.142,5.026,136275273.0,83640.0,136275273.0,83640.0,0.0,0.0,20231026,20231026,101518000,5.584,0.0,0.0,5.575,5.574,5.573,5.572,5.571,5.57,5.569,5.568,5.567,5.566,5.576,5.577,5.578,5.579,5.58,5.581,5.582,5.583,5.584,5.585,50000.0,210000.0,210000.0,711800.0,534000.0,41300.0,40500.0,36200.0,60000.0,40000.0,125200.0,199700.0,486400.0,360000.0,40000.0,162100.0,37000.0,4300.0,236200.0,210100.0
20231026101521000,SZSE,SZSE.ETF.159922,5.574,5.584,5.584,5.556,0.0,6.142,5.026,136498233.0,222960.0,136498233.0,222960.0,0.0,0.0,20231026,20231026,101521000,5.584,0.0,0.0,5.575,5.574,5.573,5.572,5.571,5.57,5.569,5.568,5.567,5.566,5.576,5.577,5.578,5.579,5.58,5.581,5.582,5.583,5.584,5.585,50000.0,715200.0,470000.0,942000.0,206800.0,118300.0,40500.0,58200.0,18000.0,20000.0,55200.0,189700.0,415000.0,526400.0,99800.0,179300.0,142000.0,62300.0,78200.0,190100.0
20231026101524000,SZSE,SZSE.ETF.159922,5.574,5.584,5.584,5.556,0.0,6.142,5.026,136498233.0,0.0,136498233.0,0.0,0.0,0.0,20231026,20231026,101524000,5.584,0.0,0.0,5.574,5.573,5.572,5.571,5.57,5.569,5.568,5.567,5.566,5.565,5.576,5.577,5.578,5.579,5.58,5.581,5.582,5.583,5.584,5.585,900200.0,635000.0,702000.0,106800.0,78300.0,40500.0,58200.0,18000.0,20000.0,900.0,85200.0,154700.0,200000.0,436400.0,349800.0,179300.0,142000.0,62300.0,78200.0,100.0
20231026101527000,SZSE,SZSE.ETF.159922,5.574,5.584,5.584,5.556,0.0,6.142,5.026,136498233.0,0.0,136498233.0,0.0,0.0,0.0,20231026,20231026,101527000,5.584,0.0,0.0,5.574,5.573,5.572,5.571,5.57,5.569,5.567,5.566,5.565,5.562,5.576,5.577,5.578,5.579,5.58,5.581,5.582,5.583,5.584,5.585,960200.0,695000.0,702000.0,47000.0,61100.0,37500.0,76200.0,20000.0,900.0,1300.0,85200.0,114700.0,450000.0,436400.0,99800.0,179300.0,162000.0,140500.0,60000.0,100.0
20231026101530000,SZSE,SZSE.ETF.159922,5.574,5.584,5.584,5.556,0.0,6.142,5.026,136498233.0,0.0,136498233.0,0.0,0.0,0.0,20231026,20231026,101530000,5.584,0.0,0.0,5.575,5.574,5.573,5.572,5.571,5.57,5.569,5.567,5.566,5.565,5.576,5.577,5.578,5.579,5.58,5.581,5.582,5.583,5.584,5.585,750200.0,630000.0,745000.0,262000.0,47000.0,61100.0,37500.0,76200.0,20000.0,900.0,85300.0,55000.0,139700.0,410000.0,546200.0,179300.0,122000.0,100500.0,100000.0,40100.0
20231026101533000,SZSE,SZSE.ETF.159922,5.576,5.584,5.584,5.556,0.0,6.142,5.026,136778148.0,279915.0,136778148.0,279915.0,0.0,0.0,20231026,20231026,101533000,5.584,0.0,0.0,5.575,5.574,5.573,5.572,5.571,5.57,5.569,5.568,5.566,5.565,5.576,5.577,5.578,5.579,5.58,5.581,5.582,5.583,5.584,5.585,900000.0,705000.0,470000.0,162000.0,66800.0,78300.0,500.0,76200.0,20000.0,900.0,35100.0,90000.0,214900.0,110000.0,456200.0,429300.0,122000.0,44300.0,96200.0,60100.0
20231026101536000,SZSE,SZSE.ETF.159922,5.576,5.584,5.584,5.556,0.0,6.142,5.026,136973866.0,195718.0,136973866.0,195718.0,0.0,0.0,20231026,20231026,101536000,5.584,0.0,0.0,5.576,5.575,5.574,5.573,5.572,5.571,5.57,5.569,5.568,5.567,5.577,5.578,5.579,5.58,5.581,5.582,5.583,5.584,5.585,5.588,614900.0,620000.0,775000.0,220000.0,122000.0,66800.0,78300.0,500.0,58000.0,18200.0,40000.0,105000.0,200000.0,379800.0,555700.0,62000.0,102500.0,178000.0,20100.0,200000.0
20231026101539000,SZSE,SZSE.ETF.159922,5.576,5.584,5.584,5.556,0.0,6.142,5.026,136973866.0,0.0,136973866.0,0.0,0.0,0.0,20231026,20231026,101539000,5.584,0.0,0.0,5.576,5.575,5.574,5.573,5.572,5.571,5.57,5.569,5.568,5.567,5.578,5.579,5.58,5.581,5.582,5.583,5.584,5.585,5.588,5.59,669300.0,750000.0,645000.0,220000.0,141800.0,84000.0,1300.0,58500.0,18200.0,20000.0,155000.0,150000.0,360000.0,438500.0,117000.0,184300.0,198200.0,58100.0,200000.0,100.0
20231026101542000,SZSE,SZSE.ETF.159922,5.578,5.584,5.584,5.556,0.0,6.142,5.026,137165749.0,191883.0,137165749.0,191883.0,0.0,0.0,20231026,20231026,101542000,5.584,0.0,0.0,5.576,5.575,5.574,5.573,5.572,5.571,5.57,5.569,5.568,5.565,5.578,5.579,5.58,5.581,5.582,5.583,5.584,5.585,5.586,5.588,654900.0,545000.0,830000.0,240000.0,141800.0,84000.0,1300.0,76700.0,20000.0,900.0,160000.0,165000.0,360000.0,418700.0,99800.0,221300.0,162000.0,96300.0,20000.0,200000.0
20231026101545000,SZSE,SZSE.ETF.159922,5.578,5.584,5.584,5.556,0.0,6.142,5.026,137165749.0,0.0,137165749.0,0.0,0.0,0.0,20231026,20231026,101545000,5.584,0.0,0.0,5.576,5.575,5.574,5.573,5.572,5.571,5.57,5.569,5.568,5.565,5.578,5.579,5.58,5.581,5.582,5.583,5.584,5.585,5.586,5.588,90000.0,895000.0,830000.0,490000.0,141800.0,84000.0,1300.0,76700.0,20000.0,900.0,229800.0,165000.0,486400.0,292300.0,99800.0,221300.0,162000.0,96300.0,20000.0,200000.0
20231026101548000,SZSE,SZSE.ETF.159922,5.578,5.584,5.584,5.556,0.0,6.142,5.026,137165749.0,0.0,137165749.0,0.0,0.0,0.0,20231026,20231026,101548000,5.584,0.0,0.0,5.575,5.574,5.573,5.572,5.571,5.57,5.569,5.568,5.565,5.562,5.577,5.578,5.579,5.58,5.581,5.582,5.583,5.584,5.585,5.586,855000.0,830000.0,540000.0,61800.0,84000.0,81300.0,116700.0,20000.0,900.0,23300.0,50000.0,329800.0,165000.0,436400.0,332300.0,59800.0,141300.0,162000.0,76300.0,40000.0
20231026101551000,SZSE,SZSE.ETF.159922,5.578,5.584,5.584,5.556,0.0,6.142,5.026,137165749.0,0.0,137165749.0,0.0,0.0,0.0,20231026,20231026,101551000,5.584,0.0,0.0,5.576,5.575,5.574,5.573,5.572,5.571,5.57,5.569,5.568,5.567,5.578,5.579,5.58,5.581,5.582,5.583,5.584,5.585,5.586,5.588,50000.0,1200000.0,775000.0,260000.0,82000.0,66800.0,38300.0,500.0,76200.0,20000.0,134800.0,160000.0,486400.0,352100.0,77000.0,206300.0,256200.0,20100.0,20000.0,200000.0
20231026101554000,SZSE,SZSE.ETF.159922,5.578,5.584,5.584,5.556,0.0,6.142,5.026,137165749.0,0.0,137165749.0,0.0,0.0,0.0,20231026,20231026,101554000,5.584,0.0,0.0,5.577,5.576,5.575,5.574,5.573,5.572,5.571,5.57,5.569,5.568,5.578,5.579,5.58,5.581,5.582,5.583,5.584,5.585,5.586,5.588,50000.0,50000.0,1195000.0,730000.0,240000.0,61800.0,124000.0,41300.0,76700.0,20000.0,129800.0,255000.0,486400.0,382300.0,59800.0,181300.0,140000.0,76300.0,40000.0,200000.0
20231026101557000,SZSE,SZSE.ETF.159922,5.578,5.584,5.584,5.556,0.0,6.142,5.026,137165749.0,0.0,137165749.0,0.0,0.0,0.0,20231026,20231026,101557000,5.584,0.0,0.0,5.576,5.575,5.574,5.573,5.572,5.571,5.57,5.569,5.568,5.565,5.578,5.579,5.58,5.581,5.582,5.583,5.584,5.585,5.586,5.588,50000.0,1435000.0,560000.0,239800.0,79000.0,87000.0,99500.0,18500.0,20000.0,900.0,179800.0,255000.0,486400.0,332300.0,59800.0,181300.0,162000.0,58100.0,58200.0,200000.0
20231026101600000,SZSE,SZSE.ETF.159922,5.578,5.584,5.584,5.556,0.0,6.142,5.026,137165749.0,0.0,137165749.0,0.0,0.0,0.0,20231026,20231026,101600000,5.584,0.0,0.0,5.577,5.576,5.575,5.574,5.573,5.572,5.571,5.57,5.569,5.568,5.578,5.579,5.58,5.581,5.582,5.583,5.584,5.585,5.586,5.588,50000.0,740000.0,765000.0,530000.0,180000.0,101800.0,84000.0,1300.0,76700.0,20000.0,89800.0,205000.0,200000.0,468700.0,309800.0,181300.0,162000.0,76300.0,40000.0,200000.0
20231026101603000,SZSE,SZSE.ETF.159922,5.579,5.584,5.584,5.556,0.0,6.142,5.026,137945594.0,779845.0,137945594.0,779845.0,0.0,0.0,20231026,20231026,101603000,5.584,0.0,0.0,5.579,5.578,5.577,5.576,5.575,5.574,5.573,5.572,5.571,5.57,5.58,5.581,5.582,5.583,5.584,5.585,5.586,5.587,5.588,5.589,10000.0,551200.0,780000.0,325000.0,60000.0,380000.0,139800.0,79000.0,7000.0,41300.0,75000.0,242300.0,419800.0,607700.0,162000.0,76300.0,20000.0,20000.0,10000.0,190000.0
20231026101606000,SZSE,SZSE.ETF.159922,5.579,5.584,5.584,5.556,0.0,6.142,5.026,137945594.0,0.0,137945594.0,0.0,0.0,0.0,20231026,20231026,101606000,5.584,0.0,0.0,5.578,5.577,5.576,5.575,5.574,5.573,5.572,5.571,5.57,5.569,5.579,5.58,5.581,5.582,5.583,5.584,5.585,5.586,5.587,5.588,50000.0,915000.0,810000.0,369800.0,177000.0,80000.0,42000.0,83200.0,61300.0,500.0,19900.0,240000.0,207300.0,466400.0,394300.0,99800.0,37100.0,122000.0,76100.0,50000.0
20231026101609000,SZSE,SZSE.ETF.159922,5.579,5.584,5.584,5.556,0.0,6.142,5.026,137945594.0,0.0,137945594.0,0.0,0.0,0.0,20231026,20231026,101609000,5.584,0.0,0.0,5.577,5.576,5.575,5.574,5.573,5.572,5.571,5.57,5.569,5.565,5.579,5.58,5.581,5.582,5.583,5.584,5.585,5.586,5.587,5.588,895000.0,830000.0,440000.0,199800.0,117000.0,42000.0,83200.0,1300.0,20500.0,900.0,69900.0,200000.0,167300.0,456400.0,454100.0,117000.0,100.0,140000.0,56100.0,30000.0
20231026101612000,SZSE,SZSE.ETF.159922,5.579,5.584,5.584,5.556,0.0,6.142,5.026,137945594.0,0.0,137945594.0,0.0,0.0,0.0,20231026,20231026,101612000,5.584,0.0,0.0,5.577,5.576,5.575,5.574,5.573,5.572,5.571,5.57,5.569,5.565,5.579,5.58,5.581,5.582,5.583,5.584,5.585,5.586,5.587,5.588,900000.0,825000.0,410000.0,180000.0,99800.0,79000.0,7000.0,77500.0,20500.0,900.0,19900.0,215000.0,152300.0,416400.0,414100.0,117000.0,62100.0,216200.0,20000.0,30000.0
20231026101615000,SZSE,SZSE.ETF.159922,5.579,5.584,5.584,5.556,0.0,6.142,5.026,137945594.0,0.0,137945594.0,0.0,0.0,0.0,20231026,20231026,101615000,5.584,0.0,0.0,5.578,5.577,5.576,5.575,5.574,5.573,5.572,5.571,5.57,5.569,5.58,5.581,5.582,5.583,5.584,5.585,5.586,5.587,5.588,5.589,690000.0,840000.0,575000.0,240000.0,80000.0,59800.0,39000.0,25000.0,59500.0,20500.0,125000.0,162300.0,486400.0,414100.0,117000.0,102100.0,198200.0,37900.0,30000.0,190000.0
20231026101618000,SZSE,SZSE.ETF.159922,5.579,5.584,5.584,5.556,0.0,6.142,5.026,138001384.0,55790.0,138001384.0,55790.0,0.0,0.0,20231026,20231026,101618000,5.584,0.0,0.0,5.578,5.577,5.576,5.575,5.574,5.573,5.572,5.571,5.57,5.569,5.579,5.58,5.581,5.582,5.583,5.584,5.585,5.586,5.587,5.588,900000.0,625000.0,610000.0,180000.0,99800.0,77000.0,2000.0,83200.0,21300.0,500.0,30100.0,80000.0,177300.0,190000.0,520700.0,349800.0,77100.0,162000.0,76100.0,30000.0
20231026101621000,SZSE,SZSE.ETF.159922,5.579,5.584,5.584,5.556,0.0,6.142,5.026,138001384.0,0.0,138001384.0,0.0,0.0,0.0,20231026,20231026,101621000,5.584,0.0,0.0,5.578,5.577,5.576,5.575,5.574,5.573,5.572,5.571,5.57,5.569,5.579,5.58,5.581,5.582,5.583,5.584,5.585,5.586,5.587,5.588,880000.0,625000.0,610000.0,180000.0,99800.0,77000.0,2000.0,65000.0,19500.0,20500.0,30100.0,60000.0,177300.0,440000.0,590500.0,117000.0,22100.0,198200.0,77900.0,10000.0
20231026101624000,SZSE,SZSE.ETF.159922,5.579,5.584,5.584,5.556,0.0,6.142,5.026,138001384.0,0.0,138001384.0,0.0,0.0,0.0,20231026,20231026,101624000,5.584,0.0,0.0,5.578,5.577,5.576,5.575,5.574,5.573,5.572,5.571,5.57,5.569,5.579,5.58,5.581,5.582,5.583,5.584,5.585,5.586,5.587,5.588,880000.0,610000.0,625000.0,180000.0,99800.0,77000.0,2000.0,83200.0,1300.0,20500.0,30100.0,75000.0,162300.0,190000.0,590500.0,367000.0,62100.0,180000.0,56100.0,10000.0
20231026101627000,SZSE,SZSE.ETF.159922,5.579,5.584,5.584,5.556,0.0,6.142,5.026,138001384.0,0.0,138001384.0,0.0,0.0,0.0,20231026,20231026,101627000,5.584,0.0,0.0,5.578,5.577,5.576,5.575,5.574,5.573,5.572,5.571,5.57,5.569,5.579,5.58,5.581,5.582,5.583,5.584,5.585,5.586,5.587,5.588,830000.0,560000.0,725000.0,80000.0,99800.0,77000.0,2000.0,65000.0,19500.0,20500.0,30100.0,75000.0,112300.0,140000.0,540500.0,367000.0,22100.0,198200.0,77900.0,10000.0
20231026101630000,SZSE,SZSE.ETF.159922,5.579,5.584,5.584,5.556,0.0,6.142,5.026,138001384.0,0.0,138001384.0,0.0,0.0,0.0,20231026,20231026,101630000,5.584,0.0,0.0,5.578,5.577,5.576,5.575,5.574,5.573,5.572,5.571,5.57,5.569,5.579,5.58,5.581,5.582,5.583,5.584,5.585,5.586,5.587,5.588,1080000.0,575000.0,320000.0,120000.0,159800.0,77000.0,2000.0,65000.0,19500.0,20500.0,30100.0,60000.0,127300.0,100000.0,440500.0,367000.0,162100.0,198200.0,37900.0,10000.0
20231026101633000,SZSE,SZSE.ETF.159922,5.579,5.584,5.584,5.556,0.0,6.142,5.026,138001384.0,0.0,138001384.0,0.0,0.0,0.0,20231026,20231026,101633000,5.584,0.0,0.0,5.578,5.577,5.576,5.575,5.574,5.573,5.572,5.571,5.57,5.569,5.579,5.58,5.581,5.582,5.583,5.584,5.585,5.586,5.587,5.588,1120000.0,575000.0,360000.0,120000.0,159800.0,77000.0,2000.0,83200.0,1300.0,20500.0,30100.0,60000.0,167300.0,100000.0,440500.0,367000.0,122100.0,180000.0,96100.0,10000.0
20231026101636000,SZSE,SZSE.ETF.159922,5.579,5.584,5.584,5.556,0.0,6.142,5.026,138169312.0,167928.0,138169312.0,167928.0,0.0,0.0,20231026,20231026,101636000,5.584,0.0,0.0,5.579,5.578,5.577,5.576,5.575,5.574,5.573,5.572,5.571,5.57,5.58,5.581,5.582,5.583,5.584,5.585,5.586,5.587,5.588,5.589,759900.0,540000.0,325000.0,340000.0,220000.0,59800.0,77000.0,2000.0,83200.0,1300.0,40000.0,117300.0,150000.0,460500.0,367000.0,122100.0,180000.0,116100.0,10000.0,20000.0
20231026101639000,SZSE,SZSE.ETF.159922,5.579,5.584,5.584,5.556,0.0,6.142,5.026,138169312.0,0.0,138169312.0,0.0,0.0,0.0,20231026,20231026,101639000,5.584,0.0,0.0,5.579,5.578,5.577,5.576,5.575,5.574,5.572,5.571,5.57,5.569,5.581,5.582,5.583,5.584,5.585,5.586,5.587,5.588,5.59,5.591,1029900.0,660000.0,135000.0,220000.0,199800.0,77000.0,60000.0,25200.0,21300.0,500.0,57300.0,150000.0,64300.0,496200.0,427100.0,162000.0,98200.0,87900.0,210100.0,6900.0
20231026101642000,SZSE,SZSE.ETF.159922,5.579,5.584,5.584,5.556,0.0,6.142,5.026,138169312.0,0.0,138169312.0,0.0,0.0,0.0,20231026,20231026,101642000,5.584,0.0,0.0,5.579,5.578,5.577,5.576,5.575,5.574,5.572,5.571,5.57,5.569,5.58,5.581,5.582,5.583,5.584,5.585,5.586,5.587,5.588,5.589,799900.0,505000.0,620000.0,140000.0,159800.0,77000.0,78200.0,27000.0,1300.0,500.0,19900.0,112200.0,75000.0,420700.0,330000.0,59900.0,217000.0,140000.0,86100.0,20000.0
20231026101645000,SZSE,SZSE.ETF.159922,5.579,5.584,5.584,5.556,0.0,6.142,5.026,138280334.0,111022.0,138280334.0,111022.0,0.0,0.0,20231026,20231026,101645000,5.584,0.0,0.0,5.579,5.578,5.577,5.576,5.575,5.574,5.572,5.571,5.57,5.569,5.58,5.581,5.582,5.583,5.584,5.585,5.586,5.587,5.588,5.59,20100.0,174900.0,870000.0,700000.0,449800.0,117000.0,78200.0,7000.0,21300.0,500.0,50000.0,312200.0,451400.0,44300.0,139800.0,217100.0,162000.0,40000.0,256100.0,20100.0
20231026101648000,SZSE,SZSE.ETF.159922,5.579,5.584,5.584,5.556,0.0,6.142,5.026,138280334.0,0.0,138280334.0,0.0,0.0,0.0,20231026,20231026,101648000,5.584,0.0,0.0,5.578,5.577,5.576,5.575,5.574,5.573,5.572,5.571,5.57,5.569,5.581,5.582,5.583,5.584,5.585,5.586,5.587,5.588,5.589,5.59,19900.0,1225000.0,650000.0,259800.0,77000.0,80000.0,100200.0,25000.0,21300.0,500.0,147300.0,516400.0,314300.0,139800.0,177100.0,122000.0,57900.0,48200.0,20000.0,190100.0
20231026101651000,SZSE,SZSE.ETF.159922,5.578,5.584,5.584,5.556,0.0,6.142,5.026,138391336.0,111002.0,138391336.0,111002.0,0.0,0.0,20231026,20231026,101651000,5.584,0.0,0.0,5.578,5.577,5.576,5.575,5.574,5.573,5.572,5.571,5.57,5.569,5.579,5.58,5.581,5.582,5.583,5.584,5.585,5.586,5.587,5.588,40000.0,935000.0,670000.0,490000.0,59800.0,77000.0,20200.0,105000.0,61300.0,500.0,19900.0,19900.0,417300.0,496400.0,44300.0,120000.0,159900.0,137000.0,39900.0,88200.0
20231026101654000,SZSE,SZSE.ETF.159922,5.579,5.584,5.584,5.556,0.0,6.142,5.026,138391894.0,558.0,138391894.0,558.0,0.0,0.0,20231026,20231026,101654000,5.584,0.0,0.0,5.577,5.576,5.575,5.574,5.573,5.572,5.571,5.57,5.569,5.565,5.579,5.58,5.581,5.582,5.583,5.584,5.585,5.586,5.587,5.588,895100.0,670000.0,450000.0,199800.0,77000.0,42000.0,83200.0,1300.0,20500.0,900.0,19800.0,59900.0,503700.0,370000.0,104100.0,157000.0,122100.0,140000.0,56100.0,200000.0
20231026101657000,SZSE,SZSE.ETF.159922,5.579,5.584,5.584,5.556,0.0,6.142,5.026,138391894.0,0.0,138391894.0,0.0,0.0,0.0,20231026,20231026,101657000,5.584,0.0,0.0,5.577,5.576,5.575,5.574,5.573,5.572,5.571,5.57,5.569,5.565,5.579,5.58,5.581,5.582,5.583,5.584,5.585,5.586,5.587,5.588,900100.0,625000.0,470000.0,180000.0,59800.0,79000.0,25000.0,59500.0,20500.0,900.0,19800.0,79900.0,488700.0,330000.0,64100.0,217000.0,162100.0,98200.0,37900.0,200000.0
20231026101700000,SZSE,SZSE.ETF.159922,5.579,5.584,5.584,5.556,0.0,6.142,5.026,138391894.0,0.0,138391894.0,0.0,0.0,0.0,20231026,20231026,101700000,5.584,0.0,0.0,5.578,5.577,5.576,5.575,5.574,5.573,5.572,5.571,5.57,5.569,5.58,5.581,5.582,5.583,5.584,5.585,5.586,5.587,5.588,5.59,50000.0,1120100.0,625000.0,260000.0,220000.0,59800.0,39000.0,25000.0,59500.0,20500.0,79900.0,102300.0,506400.0,314100.0,217000.0,162100.0,98200.0,37900.0,220000.0,100.0
20231026101703000,SZSE,SZSE.ETF.159922,5.579,5.584,5.584,5.556,0.0,6.142,5.026,138391894.0,0.0,138391894.0,0.0,0.0,0.0,20231026,20231026,101703000,5.584,0.0,0.0,5.578,5.577,5.576,5.575,5.574,5.573,5.572,5.571,5.57,5.569,5.579,5.58,5.581,5.582,5.583,5.584,5.585,5.586,5.587,5.588,50000.0,1095100.0,630000.0,200000.0,199800.0,117000.0,42000.0,83200.0,21300.0,500.0,19800.0,64900.0,157300.0,506400.0,294300.0,199800.0,177100.0,22000.0,76100.0,240000.0
20231026101706000,SZSE,SZSE.ETF.159922,5.579,5.584,5.584,5.556,0.0,6.142,5.026,138391894.0,0.0,138391894.0,0.0,0.0,0.0,20231026,20231026,101706000,5.584,0.0,0.0,5.578,5.577,5.576,5.575,5.574,5.573,5.572,5.571,5.57,5.569,5.579,5.58,5.581,5.582,5.583,5.584,5.585,5.586,5.587,5.588,50000.0,790100.0,605000.0,450000.0,99800.0,137000.0,2000.0,83200.0,1300.0,20500.0,19800.0,39900.0,438700.0,380000.0,64100.0,177000.0,122100.0,40000.0,56100.0,220000.0
20231026101709000,SZSE,SZSE.ETF.159922,5.578,5.584,5.584,5.556,0.0,6.142,5.026,138558128.0,166234.0,138558128.0,166234.0,0.0,0.0,20231026,20231026,101709000,5.584,0.0,0.0,5.576,5.575,5.574,5.573,5.572,5.571,5.57,5.569,5.565,5.563,5.579,5.58,5.581,5.582,5.583,5.584,5.585,5.586,5.587,5.588,225100.0,210000.0,449800.0,527000.0,102000.0,65000.0,19500.0,20500.0,900.0,22000.0,309800.0,416300.0,102300.0,80000.0,124100.0,177000.0,22100.0,58200.0,227900.0,30000.0
20231026101712000,SZSE,SZSE.ETF.159922,5.578,5.584,5.584,5.556,0.0,6.142,5.026,138558128.0,0.0,138558128.0,0.0,0.0,0.0,20231026,20231026,101712000,5.584,0.0,0.0,5.576,5.575,5.574,5.573,5.572,5.571,5.57,5.569,5.568,5.565,5.577,5.578,5.579,5.58,5.581,5.582,5.583,5.584,5.585,5.586,35000.0,100000.0,129900.0,110000.0,611800.0,334000.0,37500.0,40500.0,20000.0,900.0,40000.0,476400.0,290000.0,20000.0,2300.0,40000.0,124100.0,177000.0,22100.0,96200.0
20231026101715000,SZSE,SZSE.ETF.159922,5.576,5.584,5.584,5.556,0.0,6.142,5.026,138753288.0,195160.0,138753288.0,195160.0,0.0,0.0,20231026,20231026,101715000,5.584,0.0,0.0,5.575,5.574,5.573,5.572,5.571,5.57,5.569,5.568,5.567,5.565,5.576,5.577,5.578,5.579,5.58,5.581,5.582,5.583,5.584,5.585,9900.0,130000.0,1340000.0,471800.0,44000.0,101300.0,58700.0,18000.0,20000.0,900.0,35000.0,10000.0,396400.0,380000.0,45000.0,122100.0,177000.0,4300.0,98000.0,228300.0
20231026101718000,SZSE,SZSE.ETF.159922,5.575,5.584,5.584,5.556,0.0,6.142,5.026,138864788.0,111500.0,138864788.0,111500.0,0.0,0.0,20231026,20231026,101718000,5.584,0.0,0.0,5.575,5.574,5.573,5.572,5.571,5.57,5.569,5.568,5.567,5.566,5.576,5.577,5.578,5.579,5.58,5.581,5.582,5.583,5.584,5.585,39900.0,1100000.0,490000.0,282000.0,166800.0,38300.0,500.0,58200.0,18000.0,20000.0,15900.0,19900.0,20000.0,566400.0,414800.0,139300.0,22000.0,62300.0,78200.0,100.0
20231026101721000,SZSE,SZSE.ETF.159922,5.576,5.584,5.584,5.556,0.0,6.142,5.026,138953447.0,88659.0,138953447.0,88659.0,0.0,0.0,20231026,20231026,101721000,5.584,0.0,0.0,5.576,5.575,5.574,5.573,5.572,5.571,5.57,5.569,5.568,5.566,5.578,5.579,5.58,5.581,5.582,5.583,5.584,5.585,5.586,5.588,34100.0,749900.0,790000.0,270000.0,242000.0,126800.0,38300.0,500.0,76200.0,20000.0,70000.0,450000.0,471200.0,139300.0,162000.0,84300.0,96200.0,100.0,210000.0,10000.0
20231026101724000,SZSE,SZSE.ETF.159922,5.576,5.584,5.584,5.556,0.0,6.142,5.026,138953447.0,0.0,138953447.0,0.0,0.0,0.0,20231026,20231026,101724000,5.584,0.0,0.0,5.575,5.574,5.573,5.572,5.571,5.57,5.569,5.568,5.565,5.562,5.577,5.578,5.579,5.58,5.581,5.582,5.583,5.584,5.585,5.586,600000.0,720000.0,520000.0,201800.0,184000.0,1300.0,76700.0,20000.0,900.0,1400.0,50000.0,120000.0,516400.0,295000.0,102300.0,119800.0,41300.0,40000.0,76300.0,230000.0
20231026101727000,SZSE,SZSE.ETF.159922,5.576,5.584,5.584,5.556,0.0,6.142,5.026,138997497.0,44050.0,138997497.0,44050.0,0.0,0.0,20231026,20231026,101727000,5.584,0.0,0.0,5.575,5.574,5.573,5.572,5.571,5.57,5.569,5.568,5.567,5.565,5.577,5.578,5.579,5.58,5.581,5.582,5.583,5.584,5.585,5.586,80000.0,1005000.0,520000.0,592000.0,26800.0,38300.0,500.0,76200.0,20000.0,900.0,50000.0,135000.0,476400.0,255000.0,122100.0,137000.0,26300.0,156200.0,60100.0,210000.0
20231026101730000,SZSE,SZSE.ETF.159922,5.576,5.584,5.584,5.556,0.0,6.142,5.026,138997497.0,0.0,138997497.0,0.0,0.0,0.0,20231026,20231026,101730000,5.584,0.0,0.0,5.575,5.574,5.573,5.572,5.571,5.57,5.569,5.568,5.567,5.565,5.578,5.579,5.58,5.581,5.582,5.583,5.584,5.585,5.586,5.588,710000.0,815000.0,310000.0,302000.0,26800.0,38300.0,500.0,76200.0,20000.0,900.0,135000.0,486400.0,355000.0,122100.0,77000.0,66300.0,116200.0,20100.0,210000.0,10000.0
20231026101733000,SZSE,SZSE.ETF.159922,5.576,5.584,5.584,5.556,0.0,6.142,5.026,138997497.0,0.0,138997497.0,0.0,0.0,0.0,20231026,20231026,101733000,5.584,0.0,0.0,5.575,5.574,5.573,5.572,5.571,5.57,5.569,5.568,5.567,5.565,5.577,5.578,5.579,5.58,5.581,5.582,5.583,5.584,5.585,5.586,710000.0,715000.0,580000.0,142000.0,26800.0,138300.0,36700.0,40000.0,20000.0,900.0,50000.0,155000.0,486400.0,315000.0,102300.0,119900.0,41300.0,80000.0,136300.0,210000.0
20231026101736000,SZSE,SZSE.ETF.159922,5.576,5.584,5.584,5.556,0.0,6.142,5.026,138997497.0,0.0,138997497.0,0.0,0.0,0.0,20231026,20231026,101736000,5.584,0.0,0.0,5.575,5.574,5.573,5.572,5.571,5.57,5.569,5.568,5.567,5.565,5.576,5.577,5.578,5.579,5.58,5.581,5.582,5.583,5.584,5.585,40000.0,825000.0,660000.0,662000.0,126800.0,38300.0,500.0,76200.0,20000.0,900.0,50000.0,119900.0,461400.0,310000.0,45000.0,122100.0,137100.0,66300.0,156200.0,210100.0
20231026101739000,SZSE,SZSE.ETF.159922,5.576,5.584,5.584,5.556,0.0,6.142,5.026,138997497.0,0.0,138997497.0,0.0,0.0,0.0,20231026,20231026,101739000,5.584,0.0,0.0,5.574,5.573,5.572,5.571,5.57,5.569,5.568,5.567,5.566,5.565,5.576,5.577,5.578,5.579,5.58,5.581,5.582,5.583,5.584,5.585,210000.0,1025000.0,662000.0,376800.0,38300.0,500.0,58200.0,18000.0,20000.0,900.0,69900.0,134900.0,486400.0,330000.0,164800.0,139300.0,100.0,62300.0,78200.0,190100.0
20231026101742000,SZSE,SZSE.ETF.159922,5.574,5.584,5.584,5.556,0.0,6.142,5.026,139220457.0,222960.0,139220457.0,222960.0,0.0,0.0,20231026,20231026,101742000,5.584,0.0,0.0,5.573,5.572,5.571,5.57,5.569,5.567,5.566,5.565,5.564,5.562,5.574,5.575,5.576,5.577,5.578,5.58,5.581,5.582,5.583,5.584,845000.0,572000.0,727000.0,71100.0,37500.0,76200.0,20000.0,900.0,200000.0,1400.0,10000.0,50000.0,119900.0,411300.0,270000.0,204800.0,179300.0,22100.0,280500.0,60000.0
20231026101745000,SZSE,SZSE.ETF.159922,5.574,5.584,5.584,5.556,0.0,6.142,5.026,139228818.0,8361.0,139228818.0,8361.0,0.0,0.0,20231026,20231026,101745000,5.584,0.0,0.0,5.573,5.572,5.571,5.57,5.569,5.568,5.566,5.565,5.564,5.562,5.574,5.575,5.576,5.577,5.578,5.579,5.58,5.581,5.582,5.583,930000.0,717000.0,427000.0,101300.0,20300.0,37000.0,76200.0,900.0,220000.0,1400.0,18500.0,50000.0,104900.0,496300.0,329800.0,37000.0,27000.0,142300.0,196300.0,244300.0
20231026101748000,SZSE,SZSE.ETF.159922,5.574,5.584,5.584,5.556,0.0,6.142,5.026,139228818.0,0.0,139228818.0,0.0,0.0,0.0,20231026,20231026,101748000,5.584,0.0,0.0,5.573,5.572,5.571,5.57,5.569,5.568,5.566,5.565,5.564,5.562,5.574,5.575,5.576,5.577,5.578,5.579,5.58,5.581,5.582,5.583,280000.0,1152000.0,662000.0,141300.0,20300.0,37000.0,76200.0,900.0,220000.0,1400.0,18500.0,84900.0,119900.0,486300.0,309800.0,137000.0,127000.0,42300.0,96300.0,244300.0
20231026101751000,SZSE,SZSE.ETF.159922,5.574,5.584,5.584,5.556,0.0,6.142,5.026,139228818.0,0.0,139228818.0,0.0,0.0,0.0,20231026,20231026,101751000,5.584,0.0,0.0,5.573,5.572,5.571,5.57,5.569,5.568,5.566,5.565,5.564,5.562,5.574,5.575,5.576,5.577,5.578,5.579,5.58,5.581,5.582,5.583,90000.0,1057000.0,697000.0,391300.0,20300.0,37000.0,76200.0,900.0,220000.0,1400.0,18500.0,119900.0,461300.0,359900.0,59800.0,137000.0,127000.0,42300.0,96300.0,434300.0
20231026101754000,SZSE,SZSE.ETF.159922,5.573,5.584,5.584,5.556,0.0,6.142,5.026,139331918.0,103100.0,139331918.0,103100.0,0.0,0.0,20231026,20231026,101754000,5.584,0.0,0.0,5.573,5.572,5.571,5.57,5.569,5.568,5.566,5.565,5.564,5.562,5.575,5.576,5.577,5.578,5.579,5.58,5.581,5.582,5.583,5.584,71500.0,1397000.0,727000.0,181300.0,60300.0,77000.0,76200.0,900.0,220000.0,1400.0,70200.0,174900.0,526300.0,349800.0,177000.0,167000.0,42300.0,296300.0,234300.0,60000.0
20231026101757000,SZSE,SZSE.ETF.159922,5.573,5.584,5.584,5.556,0.0,6.142,5.026,139331918.0,0.0,139331918.0,0.0,0.0,0.0,20231026,20231026,101757000,5.584,0.0,0.0,5.573,5.572,5.571,5.57,5.569,5.568,5.566,5.565,5.564,5.562,5.574,5.575,5.576,5.577,5.578,5.579,5.58,5.581,5.582,5.583,40000.0,1057000.0,777000.0,381300.0,160300.0,77000.0,76200.0,20900.0,200000.0,1400.0,50000.0,160200.0,124900.0,516300.0,330000.0,159800.0,142000.0,2300.0,276300.0,214300.0
20231026101800000,SZSE,SZSE.ETF.159922,5.573,5.584,5.584,5.556,0.0,6.142,5.026,139331918.0,0.0,139331918.0,0.0,0.0,0.0,20231026,20231026,101800000,5.584,0.0,0.0,5.573,5.572,5.571,5.57,5.569,5.568,5.566,5.565,5.564,5.563,5.575,5.576,5.577,5.578,5.579,5.58,5.581,5.582,5.583,5.584,40000.0,1057000.0,817000.0,331300.0,160300.0,77000.0,58200.0,18900.0,20000.0,200000.0,160200.0,501300.0,429900.0,99800.0,177000.0,127000.0,60300.0,238300.0,194300.0,60000.0
20231026101803000,SZSE,SZSE.ETF.159922,5.573,5.584,5.584,5.556,0.0,6.142,5.026,139331918.0,0.0,139331918.0,0.0,0.0,0.0,20231026,20231026,101803000,5.584,0.0,0.0,5.573,5.572,5.571,5.57,5.569,5.568,5.567,5.566,5.565,5.563,5.574,5.575,5.576,5.577,5.578,5.579,5.58,5.581,5.582,5.583,90100.0,397000.0,1327000.0,501300.0,60300.0,77000.0,40000.0,116200.0,20900.0,200000.0,50000.0,130200.0,501300.0,480000.0,180000.0,159800.0,42000.0,24300.0,276300.0,214300.0
20231026101806000,SZSE,SZSE.ETF.159922,5.573,5.584,5.584,5.556,0.0,6.142,5.026,139613355.0,281437.0,139613355.0,281437.0,0.0,0.0,20231026,20231026,101806000,5.584,0.0,0.0,5.573,5.572,5.571,5.57,5.569,5.568,5.567,5.566,5.565,5.564,5.574,5.575,5.576,5.577,5.578,5.579,5.58,5.581,5.582,5.583,40000.0,1492000.0,542000.0,231300.0,60300.0,77000.0,40000.0,76200.0,900.0,20000.0,50000.0,125200.0,109900.0,516400.0,409800.0,177000.0,67000.0,82300.0,256300.0,194300.0
20231026101809000,SZSE,SZSE.ETF.159922,5.575,5.584,5.584,5.556,0.0,6.142,5.026,139977352.0,363997.0,139977352.0,363997.0,0.0,0.0,20231026,20231026,101809000,5.584,0.0,0.0,5.575,5.574,5.573,5.572,5.571,5.57,5.569,5.568,5.566,5.565,5.577,5.578,5.579,5.58,5.581,5.582,5.583,5.584,5.585,5.588,65000.0,990000.0,600000.0,392000.0,207000.0,181300.0,20300.0,37000.0,58200.0,18900.0,130000.0,529700.0,563400.0,127000.0,200300.0,278300.0,4300.0,60000.0,190100.0,10000.0
20231026101812000,SZSE,SZSE.ETF.159922,5.575,5.584,5.584,5.556,0.0,6.142,5.026,139977352.0,0.0,139977352.0,0.0,0.0,0.0,20231026,20231026,101812000,5.584,0.0,0.0,5.575,5.574,5.573,5.572,5.571,5.57,5.569,5.568,5.567,5.565,5.576,5.577,5.578,5.579,5.58,5.581,5.582,5.583,5.584,5.585,15000.0,230000.0,820000.0,642000.0,556800.0,118300.0,500.0,76200.0,20000.0,900.0,69900.0,179900.0,476300.0,370000.0,45000.0,162100.0,337100.0,26300.0,136200.0,210100.0
20231026101815000,SZSE,SZSE.ETF.159922,5.575,5.584,5.584,5.556,0.0,6.142,5.026,140060977.0,83625.0,140060977.0,83625.0,0.0,0.0,20231026,20231026,101815000,5.584,0.0,0.0,5.574,5.573,5.572,5.571,5.57,5.569,5.568,5.567,5.566,5.565,5.575,5.576,5.577,5.578,5.579,5.58,5.581,5.582,5.583,5.584,205000.0,820000.0,802000.0,466800.0,78300.0,80500.0,98200.0,18000.0,20000.0,900.0,50000.0,99800.0,159900.0,491300.0,390000.0,204800.0,179300.0,100.0,262300.0,78200.0
20231026101818000,SZSE,SZSE.ETF.159922,5.575,5.584,5.584,5.556,0.0,6.142,5.026,140060977.0,0.0,140060977.0,0.0,0.0,0.0,20231026,20231026,101818000,5.584,0.0,0.0,5.574,5.573,5.572,5.571,5.57,5.569,5.567,5.565,5.564,5.562,5.575,5.576,5.577,5.578,5.579,5.58,5.581,5.582,5.583,5.584,20000.0,995000.0,362000.0,647000.0,411100.0,77500.0,76200.0,20900.0,200000.0,1400.0,50000.0,209700.0,501300.0,309900.0,99800.0,222000.0,124300.0,80100.0,300500.0,230000.0
20231026101821000,SZSE,SZSE.ETF.159922,5.575,5.584,5.584,5.556,0.0,6.142,5.026,140060977.0,0.0,140060977.0,0.0,0.0,0.0,20231026,20231026,101821000,5.584,0.0,0.0,5.573,5.572,5.571,5.57,5.569,5.568,5.567,5.566,5.565,5.564,5.574,5.575,5.576,5.577,5.578,5.579,5.58,5.581,5.582,5.583,145000.0,872000.0,857000.0,501100.0,117500.0,40000.0,58200.0,18000.0,20900.0,200000.0,50000.0,90000.0,409700.0,541300.0,100000.0,99800.0,182000.0,124300.0,58100.0,242500.0
20231026101824000,SZSE,SZSE.ETF.159922,5.575,5.584,5.584,5.556,0.0,6.142,5.026,140060977.0,0.0,140060977.0,0.0,0.0,0.0,20231026,20231026,101824000,5.584,0.0,0.0,5.574,5.573,5.572,5.571,5.57,5.569,5.568,5.566,5.565,5.564,5.575,5.576,5.577,5.578,5.579,5.58,5.581,5.582,5.583,5.584,50000.0,940000.0,657000.0,507000.0,241300.0,60300.0,77000.0,76200.0,900.0,220000.0,50000.0,214700.0,359900.0,506200.0,177000.0,225000.0,82300.0,56300.0,204300.0,250000.0
20231026101827000,SZSE,SZSE.ETF.159922,5.575,5.584,5.584,5.556,0.0,6.142,5.026,140060977.0,0.0,140060977.0,0.0,0.0,0.0,20231026,20231026,101827000,5.584,0.0,0.0,5.574,5.573,5.572,5.571,5.57,5.569,5.567,5.565,5.564,5.562,5.575,5.576,5.577,5.578,5.579,5.58,5.581,5.582,5.583,5.584,50000.0,320000.0,787000.0,707000.0,511100.0,77500.0,76200.0,20900.0,200000.0,1400.0,69900.0,214700.0,486300.0,380000.0,99800.0,182000.0,124300.0,40100.0,260500.0,250000.0
20231026101830000,SZSE,SZSE.ETF.159922,5.575,5.584,5.584,5.556,0.0,6.142,5.026,140060977.0,0.0,140060977.0,0.0,0.0,0.0,20231026,20231026,101830000,5.584,0.0,0.0,5.574,5.573,5.572,5.571,5.57,5.569,5.567,5.566,5.565,5.564,5.575,5.576,5.577,5.578,5.579,5.58,5.581,5.582,5.583,5.584,50000.0,320000.0,787000.0,747000.0,511100.0,77500.0,58200.0,18000.0,20900.0,200000.0,72400.0,464700.0,486300.0,170000.0,199800.0,182000.0,24300.0,258100.0,42500.0,250000.0
20231026101833000,SZSE,SZSE.ETF.159922,5.574,5.584,5.584,5.556,0.0,6.142,5.026,140338563.0,277586.0,140338563.0,277586.0,0.0,0.0,20231026,20231026,101833000,5.584,0.0,0.0,5.574,5.573,5.572,5.571,5.57,5.569,5.567,5.566,5.565,5.563,5.575,5.576,5.577,5.578,5.579,5.58,5.581,5.582,5.583,5.584,200.0,145000.0,962000.0,847000.0,411100.0,77500.0,58200.0,18000.0,20900.0,200000.0,87400.0,399900.0,501300.0,170000.0,199800.0,182000.0,24300.0,258100.0,232500.0,40000.0
20231026101836000,SZSE,SZSE.ETF.159922,5.574,5.584,5.584,5.556,0.0,6.142,5.026,140339120.0,557.0,140339120.0,557.0,0.0,0.0,20231026,20231026,101836000,5.584,0.0,0.0,5.574,5.573,5.572,5.571,5.57,5.569,5.568,5.567,5.566,5.565,5.575,5.576,5.577,5.578,5.579,5.58,5.581,5.582,5.583,5.584,100.0,125000.0,1372000.0,587000.0,161100.0,77500.0,40000.0,98200.0,18000.0,20900.0,67500.0,109900.0,501300.0,440000.0,199800.0,182000.0,24300.0,258100.0,232500.0,40000.0
20231026101839000,SZSE,SZSE.ETF.159922,5.574,5.584,5.584,5.556,0.0,6.142,5.026,140339120.0,0.0,140339120.0,0.0,0.0,0.0,20231026,20231026,101839000,5.584,0.0,0.0,5.574,5.573,5.572,5.571,5.57,5.569,5.568,5.567,5.566,5.565,5.575,5.576,5.577,5.578,5.579,5.58,5.581,5.582,5.583,5.584,100.0,90000.0,1077000.0,647000.0,411100.0,77500.0,40000.0,98200.0,18000.0,20900.0,67500.0,374900.0,566300.0,130000.0,59800.0,182000.0,124300.0,258100.0,232500.0,40000.0
20231026101842000,SZSE,SZSE.ETF.159922,5.574,5.584,5.584,5.556,0.0,6.142,5.026,140339677.0,557.0,140339677.0,557.0,0.0,0.0,20231026,20231026,101842000,5.584,0.0,0.0,5.573,5.572,5.571,5.57,5.569,5.568,5.567,5.566,5.565,5.563,5.574,5.575,5.576,5.577,5.578,5.579,5.58,5.581,5.582,5.583,40000.0,1127000.0,707000.0,461100.0,77500.0,80000.0,98200.0,18000.0,40900.0,200000.0,49900.0,127400.0,424900.0,516400.0,120000.0,159800.0,142000.0,24300.0,258100.0,252500.0
20231026101845000,SZSE,SZSE.ETF.159922,5.574,5.584,5.584,5.556,0.0,6.142,5.026,140339677.0,0.0,140339677.0,0.0,0.0,0.0,20231026,20231026,101845000,5.584,0.0,0.0,5.573,5.572,5.571,5.57,5.569,5.568,5.566,5.565,5.564,5.563,5.574,5.575,5.576,5.577,5.578,5.579,5.58,5.581,5.582,5.583,40000.0,1047000.0,767000.0,541300.0,60300.0,77000.0,58200.0,18900.0,20000.0,200000.0,49900.0,127400.0,424900.0,516400.0,139800.0,177000.0,127000.0,60300.0,238300.0,194300.0
20231026101848000,SZSE,SZSE.ETF.159922,5.574,5.584,5.584,5.556,0.0,6.142,5.026,140339677.0,0.0,140339677.0,0.0,0.0,0.0,20231026,20231026,101848000,5.584,0.0,0.0,5.573,5.572,5.571,5.57,5.569,5.568,5.566,5.565,5.564,5.563,5.574,5.575,5.576,5.577,5.578,5.579,5.58,5.581,5.582,5.583,40000.0,1032000.0,782000.0,541300.0,60300.0,77000.0,58200.0,18900.0,20000.0,200000.0,135200.0,142400.0,409900.0,516400.0,139800.0,177000.0,127000.0,60300.0,238300.0,194300.0
20231026101851000,SZSE,SZSE.ETF.159922,5.573,5.584,5.584,5.556,0.0,6.142,5.026,140423272.0,83595.0,140423272.0,83595.0,0.0,0.0,20231026,20231026,101851000,5.584,0.0,0.0,5.573,5.572,5.571,5.57,5.569,5.568,5.566,5.565,5.564,5.563,5.574,5.575,5.576,5.577,5.578,5.579,5.58,5.581,5.582,5.583,25000.0,882000.0,592000.0,761300.0,100300.0,117000.0,58200.0,18900.0,20000.0,200000.0,155200.0,177400.0,526300.0,350000.0,99800.0,177000.0,127000.0,60300.0,238300.0,214300.0
20231026101854000,SZSE,SZSE.ETF.159922,5.573,5.584,5.584,5.556,0.0,6.142,5.026,140423272.0,0.0,140423272.0,0.0,0.0,0.0,20231026,20231026,101854000,5.584,0.0,0.0,5.573,5.572,5.571,5.57,5.569,5.568,5.567,5.566,5.565,5.564,5.574,5.575,5.576,5.577,5.578,5.579,5.58,5.581,5.582,5.583,25000.0,282000.0,1192000.0,801300.0,60300.0,77000.0,40000.0,98200.0,18900.0,20000.0,175100.0,177400.0,526300.0,370100.0,99800.0,177000.0,127000.0,60300.0,238300.0,214300.0
20231026101857000,SZSE,SZSE.ETF.159922,5.573,5.584,5.584,5.556,0.0,6.142,5.026,140423272.0,0.0,140423272.0,0.0,0.0,0.0,20231026,20231026,101857000,5.584,0.0,0.0,5.573,5.572,5.571,5.57,5.569,5.568,5.567,5.566,5.565,5.564,5.574,5.575,5.576,5.577,5.578,5.579,5.58,5.581,5.582,5.583,25000.0,297000.0,1477000.0,501300.0,60300.0,77000.0,40000.0,98200.0,18900.0,20000.0,155200.0,162400.0,581300.0,390100.0,59800.0,177000.0,127000.0,260300.0,38300.0,214300.0
20231026101900000,SZSE,SZSE.ETF.159922,5.573,5.584,5.584,5.556,0.0,6.142,5.026,140423272.0,0.0,140423272.0,0.0,0.0,0.0,20231026,20231026,101900000,5.584,0.0,0.0,5.573,5.572,5.571,5.57,5.569,5.568,5.567,5.566,5.565,5.564,5.574,5.575,5.576,5.577,5.578,5.579,5.58,5.581,5.582,5.583,25000.0,282000.0,1192000.0,701300.0,160300.0,77000.0,40000.0,98200.0,18900.0,40000.0,155200.0,177400.0,566300.0,390100.0,59800.0,177000.0,127000.0,260300.0,58300.0,214300.0
20231026101903000,SZSE,SZSE.ETF.159922,5.573,5.584,5.584,5.556,0.0,6.142,5.026,140562597.0,139325.0,140562597.0,139325.0,0.0,0.0,20231026,20231026,101903000,5.584,0.0,0.0,5.572,5.571,5.57,5.569,5.568,5.567,5.566,5.565,5.564,5.562,5.573,5.574,5.575,5.576,5.577,5.578,5.579,5.58,5.581,5.582,57000.0,257000.0,1341300.0,580300.0,177000.0,40000.0,98200.0,58900.0,40000.0,201400.0,150300.0,179800.0,528800.0,404900.0,80100.0,159800.0,137000.0,27000.0,260300.0,248300.0
20231026101906000,SZSE,SZSE.ETF.159922,5.573,5.584,5.584,5.556,0.0,6.142,5.026,140562597.0,0.0,140562597.0,0.0,0.0,0.0,20231026,20231026,101906000,5.584,0.0,0.0,5.572,5.571,5.57,5.569,5.568,5.567,5.565,5.564,5.563,5.562,5.573,5.574,5.575,5.576,5.577,5.578,5.579,5.58,5.581,5.582,42000.0,162000.0,151300.0,350500.0,769800.0,367000.0,59100.0,18000.0,20000.0,201400.0,490200.0,486200.0,137500.0,80000.0,59900.0,177000.0,122000.0,63000.0,430500.0,20100.0
20231026101909000,SZSE,SZSE.ETF.159922,5.572,5.584,5.584,5.556,0.0,6.142,5.026,140796621.0,234024.0,140796621.0,234024.0,0.0,0.0,20231026,20231026,101909000,5.584,0.0,0.0,5.571,5.57,5.569,5.568,5.567,5.566,5.565,5.564,5.563,5.562,5.572,5.573,5.574,5.575,5.576,5.577,5.578,5.579,5.58,5.581,47000.0,166300.0,1090500.0,779800.0,327000.0,40000.0,80900.0,76200.0,20000.0,1400.0,109900.0,510200.0,541200.0,122500.0,80000.0,159900.0,137000.0,22000.0,281200.0,232300.0
20231026101912000,SZSE,SZSE.ETF.159922,5.571,5.584,5.584,5.556,0.0,6.142,5.026,141059016.0,262395.0,141059016.0,262395.0,0.0,0.0,20231026,20231026,101912000,5.584,0.0,0.0,5.57,5.569,5.568,5.567,5.566,5.565,5.564,5.563,5.562,5.56,5.571,5.572,5.573,5.574,5.575,5.576,5.577,5.578,5.579,5.58,96300.0,490500.0,1060000.0,669800.0,117000.0,900.0,58200.0,18000.0,21400.0,218300.0,19900.0,129800.0,596600.0,345000.0,122500.0,99800.0,177100.0,122000.0,258000.0,43200.0
20231026101915000,SZSE,SZSE.ETF.159922,5.571,5.584,5.584,5.556,0.0,6.142,5.026,141059016.0,0.0,141059016.0,0.0,0.0,0.0,20231026,20231026,101915000,5.584,0.0,0.0,5.57,5.569,5.568,5.567,5.566,5.565,5.563,5.562,5.561,5.56,5.571,5.572,5.573,5.574,5.575,5.576,5.577,5.578,5.579,5.58,41300.0,485500.0,870000.0,650000.0,309800.0,77900.0,58000.0,19600.0,20000.0,218300.0,59900.0,359800.0,611600.0,40000.0,102300.0,117000.0,100100.0,198200.0,278000.0,5000.0
20231026101918000,SZSE,SZSE.ETF.159922,5.571,5.584,5.584,5.556,0.0,6.142,5.026,141059016.0,0.0,141059016.0,0.0,0.0,0.0,20231026,20231026,101918000,5.584,0.0,0.0,5.57,5.569,5.568,5.567,5.566,5.565,5.563,5.562,5.561,5.56,5.571,5.572,5.573,5.574,5.575,5.576,5.577,5.578,5.579,5.58,1300.0,280500.0,975000.0,700000.0,409800.0,77900.0,40000.0,37600.0,20000.0,218300.0,209700.0,374800.0,636600.0,80000.0,162300.0,217000.0,22100.0,76200.0,410000.0,5000.0
20231026101921000,SZSE,SZSE.ETF.159922,5.571,5.584,5.584,5.556,0.0,6.142,5.026,141059016.0,0.0,141059016.0,0.0,0.0,0.0,20231026,20231026,101921000,5.584,0.0,0.0,5.57,5.569,5.568,5.567,5.566,5.565,5.563,5.562,5.561,5.56,5.571,5.572,5.573,5.574,5.575,5.576,5.577,5.578,5.579,5.58,1300.0,90500.0,1005000.0,760000.0,429800.0,77900.0,98200.0,59400.0,20000.0,218300.0,229700.0,424800.0,626600.0,84600.0,162300.0,177000.0,22100.0,58000.0,428200.0,25000.0
20231026101924000,SZSE,SZSE.ETF.159922,5.571,5.584,5.584,5.556,0.0,6.142,5.026,141059016.0,0.0,141059016.0,0.0,0.0,0.0,20231026,20231026,101924000,5.584,0.0,0.0,5.57,5.569,5.568,5.567,5.566,5.565,5.564,5.563,5.562,5.561,5.571,5.572,5.573,5.574,5.575,5.576,5.577,5.578,5.579,5.58,1300.0,105500.0,990000.0,800000.0,429800.0,77900.0,40000.0,98200.0,19400.0,20000.0,249700.0,536200.0,515200.0,124600.0,162300.0,177000.0,22100.0,258000.0,228200.0,25000.0
20231026101927000,SZSE,SZSE.ETF.159922,5.57,5.584,5.584,5.556,0.0,6.142,5.026,141066257.0,7241.0,141066257.0,7241.0,0.0,0.0,20231026,20231026,101927000,5.584,0.0,0.0,5.569,5.568,5.567,5.566,5.565,5.564,5.563,5.562,5.561,5.56,5.57,5.571,5.572,5.573,5.574,5.575,5.576,5.577,5.578,5.579,90500.0,1005000.0,750000.0,409800.0,77900.0,80000.0,98200.0,19400.0,20000.0,218300.0,99000.0,199700.0,424800.0,566300.0,124600.0,162300.0,137000.0,22100.0,58000.0,428200.0
20231026101930000,SZSE,SZSE.ETF.159922,5.57,5.584,5.584,5.556,0.0,6.142,5.026,141066257.0,0.0,141066257.0,0.0,0.0,0.0,20231026,20231026,101930000,5.584,0.0,0.0,5.569,5.568,5.567,5.566,5.565,5.564,5.562,5.561,5.56,5.559,5.57,5.571,5.572,5.573,5.574,5.575,5.576,5.577,5.578,5.579,500.0,375000.0,960000.0,710000.0,310700.0,77000.0,59600.0,18000.0,38300.0,200000.0,99000.0,259700.0,541200.0,370000.0,104400.0,184100.0,100000.0,58100.0,238200.0,190000.0
20231026101933000,SZSE,SZSE.ETF.159922,5.569,5.584,5.584,5.556,0.0,6.142,5.026,141291801.0,225544.0,141291801.0,225544.0,0.0,0.0,20231026,20231026,101933000,5.584,0.0,0.0,5.568,5.567,5.566,5.565,5.564,5.563,5.562,5.561,5.56,5.559,5.569,5.57,5.571,5.572,5.573,5.574,5.575,5.576,5.577,5.578,305000.0,870000.0,760000.0,310700.0,77000.0,40000.0,99600.0,58000.0,38300.0,200000.0,99300.0,159000.0,149900.0,591200.0,310000.0,104400.0,144100.0,122000.0,58100.0,238200.0
20231026101936000,SZSE,SZSE.ETF.159922,5.569,5.584,5.584,5.556,0.0,6.142,5.026,141532939.0,241138.0,141532939.0,241138.0,0.0,0.0,20231026,20231026,101936000,5.584,0.0,0.0,5.568,5.567,5.566,5.565,5.564,5.563,5.562,5.561,5.56,5.559,5.569,5.57,5.571,5.572,5.573,5.574,5.575,5.576,5.577,5.578,260000.0,1265000.0,630000.0,120900.0,99800.0,40000.0,1400.0,76200.0,18300.0,220000.0,56000.0,109000.0,174900.0,479800.0,546200.0,44600.0,129100.0,140000.0,56300.0,200000.0
20231026101939000,SZSE,SZSE.ETF.159922,5.569,5.584,5.584,5.556,0.0,6.142,5.026,141532939.0,0.0,141532939.0,0.0,0.0,0.0,20231026,20231026,101939000,5.584,0.0,0.0,5.568,5.567,5.566,5.565,5.564,5.563,5.562,5.561,5.56,5.559,5.569,5.57,5.571,5.572,5.573,5.574,5.575,5.576,5.577,5.578,300000.0,1450000.0,465000.0,120900.0,59800.0,40000.0,1400.0,76200.0,18300.0,220000.0,56000.0,124000.0,159900.0,439800.0,506200.0,44600.0,169100.0,180000.0,56300.0,200000.0
20231026101942000,SZSE,SZSE.ETF.159922,5.569,5.584,5.584,5.556,0.0,6.142,5.026,141532939.0,0.0,141532939.0,0.0,0.0,0.0,20231026,20231026,101942000,5.584,0.0,0.0,5.568,5.567,5.566,5.565,5.564,5.563,5.562,5.561,5.56,5.559,5.569,5.57,5.571,5.572,5.573,5.574,5.575,5.576,5.577,5.578,300000.0,1150000.0,215000.0,120900.0,59800.0,40000.0,1400.0,76200.0,18300.0,220000.0,56000.0,124000.0,109900.0,189800.0,256200.0,44600.0,169100.0,180000.0,56300.0,200000.0
20231026101945000,SZSE,SZSE.ETF.159922,5.569,5.584,5.584,5.556,0.0,6.142,5.026,141532939.0,0.0,141532939.0,0.0,0.0,0.0,20231026,20231026,101945000,5.584,0.0,0.0,5.568,5.567,5.566,5.565,5.564,5.563,5.562,5.561,5.56,5.559,5.569,5.57,5.571,5.572,5.573,5.574,5.575,5.576,5.577,5.578,280000.0,950000.0,465000.0,120900.0,59800.0,40000.0,1400.0,76200.0,18300.0,220000.0,56000.0,174000.0,109900.0,316200.0,129800.0,44600.0,169100.0,180000.0,56300.0,200000.0
