minute,TradeDate,OrigTime,OfferPx1,BidPx1,OfferSize1,BidSize1,OfferPx2,BidPx2,OfferSize2,BidSize2,OfferPx3,BidPx3,OfferSize3,BidSize3,OfferPx4,BidPx4,OfferSize4,BidSize4,OfferPx5,BidPx5,OfferSize5,BidSize5,DownLimitPx,HighPx,LastPx,LowPx,OpenPx,PreClosePx,TotalValueTrade,TotalVolumeTrade,UpLimitPx,ticker,datetime,wap1,price_spread,price_spread2,bid_spread,ask_spread,bid_ask_spread,total_bid_qty,total_ask_qty,total_qty_diff,weighted_bid_prc,weighted_ask_prc,total_volume,volume_imbalance,log_return,PxChange1,PxChange2,mid,open,high,low,close,volume,amount,vwap,tendency,f_max,f_min,df_max,df_min,abs_diff,energy,iqr_p,abs_diff_v,energy_v,iqr_p_v,bOF1,aOF1,OFI1,bOF2,aOF2,OFI2,bOF3,aOF3,OFI3,bOF4,aOF4,OFI4,bOF5,aOF5,OFI5,volatility_QMLE,volatility
0.0,0.0,0.0,0.0,0.0,0.0,0.0,0.0,0.0,0.0,0.0,0.0,0.0,0.0,0.0,0.0,0.0,0.0,0.0,0.0,0.0,0.0,0.0,0.0,0.0,0.0,0.0,0.0,0.0,0.0,0.0,0.0,0.0,0.0,0.0,0.0,0.0,0.0,0.0,0.0,0.0,0.0,0.0,0.0,0.0,0.0,0.0,0.0,0.0,0.0,0.0,0.0,0.0,0.0,0.0,0.0,0.0,0.0,0.0,0.0,0.0,0.0,0.0,0.0,0.0,0.0,0.0,0.0,0.0,0.0,0.0,0.0,0.0,0.0,0.0,0.0,0.0,0.0,0.0,0.0,0.0,0.0,0.0,0.0,0.0,0.0
0.0,0.0,0.0,0.0,0.0,0.0,0.0,0.0,0.0,0.0,0.0,0.0,0.0,0.0,0.0,0.0,0.0,0.0,0.0,0.0,0.0,0.0,0.0,0.0,0.0,0.0,0.0,0.0,0.0,0.0,0.0,0.0,0.0,0.0,0.0,0.0,0.0,0.0,0.0,0.0,0.0,0.0,0.0,0.0,0.0,0.0,0.0,0.0,0.0,0.0,0.0,0.0,0.0,0.0,0.0,0.0,0.0,0.0,0.0,0.0,0.0,0.0,0.0,0.0,0.0,0.0,0.0,0.0,0.0,0.0,0.0,0.0,0.0,0.0,0.0,0.0,0.0,0.0,0.0,0.0,0.0,0.0,0.0,0.0,0.0,0.0
0.0,0.0,0.0,0.0,0.0,0.0,0.0,0.0,0.0,0.0,0.0,0.0,0.0,0.0,0.0,0.0,0.0,0.0,0.0,0.0,0.0,0.0,0.0,0.0,0.0,0.0,0.0,0.0,0.0,0.0,0.0,0.0,0.0,0.0,0.0,0.0,0.0,0.0,0.0,0.0,0.0,0.0,0.0,0.0,0.0,0.0,0.0,0.0,0.0,0.0,0.0,0.0,0.0,0.0,0.0,0.0,0.0,0.0,0.0,0.0,0.0,0.0,0.0,0.0,0.0,0.0,0.0,0.0,0.0,0.0,0.0,0.0,0.0,0.0,0.0,0.0,0.0,0.0,0.0,0.0,0.0,0.0,0.0,0.0,0.0,0.0
0.0,0.0,0.0,0.0,0.0,0.0,0.0,0.0,0.0,0.0,0.0,0.0,0.0,0.0,0.0,0.0,0.0,0.0,0.0,0.0,0.0,0.0,0.0,0.0,0.0,0.0,0.0,0.0,0.0,0.0,0.0,0.0,0.0,0.0,0.0,0.0,0.0,0.0,0.0,0.0,0.0,0.0,0.0,0.0,0.0,0.0,0.0,0.0,0.0,0.0,0.0,0.0,0.0,0.0,0.0,0.0,0.0,0.0,0.0,0.0,0.0,0.0,0.0,0.0,0.0,0.0,0.0,0.0,0.0,0.0,0.0,0.0,0.0,0.0,0.0,0.0,0.0,0.0,0.0,0.0,0.0,0.0,0.0,0.0,0.0,0.0
0.0,0.0,0.0,0.0,0.0,0.0,0.0,0.0,0.0,0.0,0.0,0.0,0.0,0.0,0.0,0.0,0.0,0.0,0.0,0.0,0.0,0.0,0.0,0.0,0.0,0.0,0.0,0.0,0.0,0.0,0.0,0.0,0.0,0.0,0.0,0.0,0.0,0.0,0.0,0.0,0.0,0.0,0.0,0.0,0.0,0.0,0.0,0.0,0.0,0.0,0.0,0.0,0.0,0.0,0.0,0.0,0.0,0.0,0.0,0.0,0.0,0.0,0.0,0.0,0.0,0.0,0.0,0.0,0.0,0.0,0.0,0.0,0.0,0.0,0.0,0.0,0.0,0.0,0.0,0.0,0.0,0.0,0.0,0.0,0.0,0.0
0.0,0.0,0.0,0.0,0.0,0.0,0.0,0.0,0.0,0.0,0.0,0.0,0.0,0.0,0.0,0.0,0.0,0.0,0.0,0.0,0.0,0.0,0.0,0.0,0.0,0.0,0.0,0.0,0.0,0.0,0.0,0.0,0.0,0.0,0.0,0.0,0.0,0.0,0.0,0.0,0.0,0.0,0.0,0.0,0.0,0.0,0.0,0.0,0.0,0.0,0.0,0.0,0.0,0.0,0.0,0.0,0.0,0.0,0.0,0.0,0.0,0.0,0.0,0.0,0.0,0.0,0.0,0.0,0.0,0.0,0.0,0.0,0.0,0.0,0.0,0.0,0.0,0.0,0.0,0.0,0.0,0.0,0.0,0.0,0.0,0.0
0.0,0.0,0.0,0.0,0.0,0.0,0.0,0.0,0.0,0.0,0.0,0.0,0.0,0.0,0.0,0.0,0.0,0.0,0.0,0.0,0.0,0.0,0.0,0.0,0.0,0.0,0.0,0.0,0.0,0.0,0.0,0.0,0.0,0.0,0.0,0.0,0.0,0.0,0.0,0.0,0.0,0.0,0.0,0.0,0.0,0.0,0.0,0.0,0.0,0.0,0.0,0.0,0.0,0.0,0.0,0.0,0.0,0.0,0.0,0.0,0.0,0.0,0.0,0.0,0.0,0.0,0.0,0.0,0.0,0.0,0.0,0.0,0.0,0.0,0.0,0.0,0.0,0.0,0.0,0.0,0.0,0.0,0.0,0.0,0.0,0.0
0.0,0.0,0.0,0.0,0.0,0.0,0.0,0.0,0.0,0.0,0.0,0.0,0.0,0.0,0.0,0.0,0.0,0.0,0.0,0.0,0.0,0.0,0.0,0.0,0.0,0.0,0.0,0.0,0.0,0.0,0.0,0.0,0.0,0.0,0.0,0.0,0.0,0.0,0.0,0.0,0.0,0.0,0.0,0.0,0.0,0.0,0.0,0.0,0.0,0.0,0.0,0.0,0.0,0.0,0.0,0.0,0.0,0.0,0.0,0.0,0.0,0.0,0.0,0.0,0.0,0.0,0.0,0.0,0.0,0.0,0.0,0.0,0.0,0.0,0.0,0.0,0.0,0.0,0.0,0.0,0.0,0.0,0.0,0.0,0.0,0.0
0.0,0.0,0.0,0.0,0.0,0.0,0.0,0.0,0.0,0.0,0.0,0.0,0.0,0.0,0.0,0.0,0.0,0.0,0.0,0.0,0.0,0.0,0.0,0.0,0.0,0.0,0.0,0.0,0.0,0.0,0.0,0.0,0.0,0.0,0.0,0.0,0.0,0.0,0.0,0.0,0.0,0.0,0.0,0.0,0.0,0.0,0.0,0.0,0.0,0.0,0.0,0.0,0.0,0.0,0.0,0.0,0.0,0.0,0.0,0.0,0.0,0.0,0.0,0.0,0.0,0.0,0.0,0.0,0.0,0.0,0.0,0.0,0.0,0.0,0.0,0.0,0.0,0.0,0.0,0.0,0.0,0.0,0.0,0.0,0.0,0.0
0.0,0.0,0.0,0.0,0.0,0.0,0.0,0.0,0.0,0.0,0.0,0.0,0.0,0.0,0.0,0.0,0.0,0.0,0.0,0.0,0.0,0.0,0.0,0.0,0.0,0.0,0.0,0.0,0.0,0.0,0.0,0.0,0.0,0.0,0.0,0.0,0.0,0.0,0.0,0.0,0.0,0.0,0.0,0.0,0.0,0.0,0.0,0.0,0.0,0.0,0.0,0.0,0.0,0.0,0.0,0.0,0.0,0.0,0.0,0.0,0.0,0.0,0.0,0.0,0.0,0.0,0.0,0.0,0.0,0.0,0.0,0.0,0.0,0.0,0.0,0.0,0.0,0.0,0.0,0.0,0.0,0.0,0.0,0.0,0.0,0.0
0.0,0.0,0.0,0.0,0.0,0.0,0.0,0.0,0.0,0.0,0.0,0.0,0.0,0.0,0.0,0.0,0.0,0.0,0.0,0.0,0.0,0.0,0.0,0.0,0.0,0.0,0.0,0.0,0.0,0.0,0.0,0.0,0.0,0.0,0.0,0.0,0.0,0.0,0.0,0.0,0.0,0.0,0.0,0.0,0.0,0.0,0.0,0.0,0.0,0.0,0.0,0.0,0.0,0.0,0.0,0.0,0.0,0.0,0.0,0.0,0.0,0.0,0.0,0.0,0.0,0.0,0.0,0.0,0.0,0.0,0.0,0.0,0.0,0.0,0.0,0.0,0.0,0.0,0.0,0.0,0.0,0.0,0.0,0.0,0.0,0.0
0.0,0.0,0.0,0.0,0.0,0.0,0.0,0.0,0.0,0.0,0.0,0.0,0.0,0.0,0.0,0.0,0.0,0.0,0.0,0.0,0.0,0.0,0.0,0.0,0.0,0.0,0.0,0.0,0.0,0.0,0.0,0.0,0.0,0.0,0.0,0.0,0.0,0.0,0.0,0.0,0.0,0.0,0.0,0.0,0.0,0.0,0.0,0.0,0.0,0.0,0.0,0.0,0.0,0.0,0.0,0.0,0.0,0.0,0.0,0.0,0.0,0.0,0.0,0.0,0.0,0.0,0.0,0.0,0.0,0.0,0.0,0.0,0.0,0.0,0.0,0.0,0.0,0.0,0.0,0.0,0.0,0.0,0.0,0.0,0.0,0.0
0.0,0.0,0.0,0.0,0.0,0.0,0.0,0.0,0.0,0.0,0.0,0.0,0.0,0.0,0.0,0.0,0.0,0.0,0.0,0.0,0.0,0.0,0.0,0.0,0.0,0.0,0.0,0.0,0.0,0.0,0.0,0.0,0.0,0.0,0.0,0.0,0.0,0.0,0.0,0.0,0.0,0.0,0.0,0.0,0.0,0.0,0.0,0.0,0.0,0.0,0.0,0.0,0.0,0.0,0.0,0.0,0.0,0.0,0.0,0.0,0.0,0.0,0.0,0.0,0.0,0.0,0.0,0.0,0.0,0.0,0.0,0.0,0.0,0.0,0.0,0.0,0.0,0.0,0.0,0.0,0.0,0.0,0.0,0.0,0.0,0.0
0.0,0.0,0.0,0.0,0.0,0.0,0.0,0.0,0.0,0.0,0.0,0.0,0.0,0.0,0.0,0.0,0.0,0.0,0.0,0.0,0.0,0.0,0.0,0.0,0.0,0.0,0.0,0.0,0.0,0.0,0.0,0.0,0.0,0.0,0.0,0.0,0.0,0.0,0.0,0.0,0.0,0.0,0.0,0.0,0.0,0.0,0.0,0.0,0.0,0.0,0.0,0.0,0.0,0.0,0.0,0.0,0.0,0.0,0.0,0.0,0.0,0.0,0.0,0.0,0.0,0.0,0.0,0.0,0.0,0.0,0.0,0.0,0.0,0.0,0.0,0.0,0.0,0.0,0.0,0.0,0.0,0.0,0.0,0.0,0.0,0.0
0.0,0.0,0.0,0.0,0.0,0.0,0.0,0.0,0.0,0.0,0.0,0.0,0.0,0.0,0.0,0.0,0.0,0.0,0.0,0.0,0.0,0.0,0.0,0.0,0.0,0.0,0.0,0.0,0.0,0.0,0.0,0.0,0.0,0.0,0.0,0.0,0.0,0.0,0.0,0.0,0.0,0.0,0.0,0.0,0.0,0.0,0.0,0.0,0.0,0.0,0.0,0.0,0.0,0.0,0.0,0.0,0.0,0.0,0.0,0.0,0.0,0.0,0.0,0.0,0.0,0.0,0.0,0.0,0.0,0.0,0.0,0.0,0.0,0.0,0.0,0.0,0.0,0.0,0.0,0.0,0.0,0.0,0.0,0.0,0.0,0.0
0.0,0.0,0.0,0.0,0.0,0.0,0.0,0.0,0.0,0.0,0.0,0.0,0.0,0.0,0.0,0.0,0.0,0.0,0.0,0.0,0.0,0.0,0.0,0.0,0.0,0.0,0.0,0.0,0.0,0.0,0.0,0.0,0.0,0.0,0.0,0.0,0.0,0.0,0.0,0.0,0.0,0.0,0.0,0.0,0.0,0.0,0.0,0.0,0.0,0.0,0.0,0.0,0.0,0.0,0.0,0.0,0.0,0.0,0.0,0.0,0.0,0.0,0.0,0.0,0.0,0.0,0.0,0.0,0.0,0.0,0.0,0.0,0.0,0.0,0.0,0.0,0.0,0.0,0.0,0.0,0.0,0.0,0.0,0.0,0.0,0.0
0.0,0.0,0.0,0.0,0.0,0.0,0.0,0.0,0.0,0.0,0.0,0.0,0.0,0.0,0.0,0.0,0.0,0.0,0.0,0.0,0.0,0.0,0.0,0.0,0.0,0.0,0.0,0.0,0.0,0.0,0.0,0.0,0.0,0.0,0.0,0.0,0.0,0.0,0.0,0.0,0.0,0.0,0.0,0.0,0.0,0.0,0.0,0.0,0.0,0.0,0.0,0.0,0.0,0.0,0.0,0.0,0.0,0.0,0.0,0.0,0.0,0.0,0.0,0.0,0.0,0.0,0.0,0.0,0.0,0.0,0.0,0.0,0.0,0.0,0.0,0.0,0.0,0.0,0.0,0.0,0.0,0.0,0.0,0.0,0.0,0.0
0.0,0.0,0.0,0.0,0.0,0.0,0.0,0.0,0.0,0.0,0.0,0.0,0.0,0.0,0.0,0.0,0.0,0.0,0.0,0.0,0.0,0.0,0.0,0.0,0.0,0.0,0.0,0.0,0.0,0.0,0.0,0.0,0.0,0.0,0.0,0.0,0.0,0.0,0.0,0.0,0.0,0.0,0.0,0.0,0.0,0.0,0.0,0.0,0.0,0.0,0.0,0.0,0.0,0.0,0.0,0.0,0.0,0.0,0.0,0.0,0.0,0.0,0.0,0.0,0.0,0.0,0.0,0.0,0.0,0.0,0.0,0.0,0.0,0.0,0.0,0.0,0.0,0.0,0.0,0.0,0.0,0.0,0.0,0.0,0.0,0.0
0.0,0.0,0.0,0.0,0.0,0.0,0.0,0.0,0.0,0.0,0.0,0.0,0.0,0.0,0.0,0.0,0.0,0.0,0.0,0.0,0.0,0.0,0.0,0.0,0.0,0.0,0.0,0.0,0.0,0.0,0.0,0.0,0.0,0.0,0.0,0.0,0.0,0.0,0.0,0.0,0.0,0.0,0.0,0.0,0.0,0.0,0.0,0.0,0.0,0.0,0.0,0.0,0.0,0.0,0.0,0.0,0.0,0.0,0.0,0.0,0.0,0.0,0.0,0.0,0.0,0.0,0.0,0.0,0.0,0.0,0.0,0.0,0.0,0.0,0.0,0.0,0.0,0.0,0.0,0.0,0.0,0.0,0.0,0.0,0.0,0.0
0.0,0.0,0.0,0.0,0.0,0.0,0.0,0.0,0.0,0.0,0.0,0.0,0.0,0.0,0.0,0.0,0.0,0.0,0.0,0.0,0.0,0.0,0.0,0.0,0.0,0.0,0.0,0.0,0.0,0.0,0.0,0.0,0.0,0.0,0.0,0.0,0.0,0.0,0.0,0.0,0.0,0.0,0.0,0.0,0.0,0.0,0.0,0.0,0.0,0.0,0.0,0.0,0.0,0.0,0.0,0.0,0.0,0.0,0.0,0.0,0.0,0.0,0.0,0.0,0.0,0.0,0.0,0.0,0.0,0.0,0.0,0.0,0.0,0.0,0.0,0.0,0.0,0.0,0.0,0.0,0.0,0.0,0.0,0.0,0.0,0.0
0.0,0.0,0.0,0.0,0.0,0.0,0.0,0.0,0.0,0.0,0.0,0.0,0.0,0.0,0.0,0.0,0.0,0.0,0.0,0.0,0.0,0.0,0.0,0.0,0.0,0.0,0.0,0.0,0.0,0.0,0.0,0.0,0.0,0.0,0.0,0.0,0.0,0.0,0.0,0.0,0.0,0.0,0.0,0.0,0.0,0.0,0.0,0.0,0.0,0.0,0.0,0.0,0.0,0.0,0.0,0.0,0.0,0.0,0.0,0.0,0.0,0.0,0.0,0.0,0.0,0.0,0.0,0.0,0.0,0.0,0.0,0.0,0.0,0.0,0.0,0.0,0.0,0.0,0.0,0.0,0.0,0.0,0.0,0.0,0.0,0.0
0.0,0.0,0.0,0.0,0.0,0.0,0.0,0.0,0.0,0.0,0.0,0.0,0.0,0.0,0.0,0.0,0.0,0.0,0.0,0.0,0.0,0.0,0.0,0.0,0.0,0.0,0.0,0.0,0.0,0.0,0.0,0.0,0.0,0.0,0.0,0.0,0.0,0.0,0.0,0.0,0.0,0.0,0.0,0.0,0.0,0.0,0.0,0.0,0.0,0.0,0.0,0.0,0.0,0.0,0.0,0.0,0.0,0.0,0.0,0.0,0.0,0.0,0.0,0.0,0.0,0.0,0.0,0.0,0.0,0.0,0.0,0.0,0.0,0.0,0.0,0.0,0.0,0.0,0.0,0.0,0.0,0.0,0.0,0.0,0.0,0.0
0.0,0.0,0.0,0.0,0.0,0.0,0.0,0.0,0.0,0.0,0.0,0.0,0.0,0.0,0.0,0.0,0.0,0.0,0.0,0.0,0.0,0.0,0.0,0.0,0.0,0.0,0.0,0.0,0.0,0.0,0.0,0.0,0.0,0.0,0.0,0.0,0.0,0.0,0.0,0.0,0.0,0.0,0.0,0.0,0.0,0.0,0.0,0.0,0.0,0.0,0.0,0.0,0.0,0.0,0.0,0.0,0.0,0.0,0.0,0.0,0.0,0.0,0.0,0.0,0.0,0.0,0.0,0.0,0.0,0.0,0.0,0.0,0.0,0.0,0.0,0.0,0.0,0.0,0.0,0.0,0.0,0.0,0.0,0.0,0.0,0.0
0.0,0.0,0.0,0.0,0.0,0.0,0.0,0.0,0.0,0.0,0.0,0.0,0.0,0.0,0.0,0.0,0.0,0.0,0.0,0.0,0.0,0.0,0.0,0.0,0.0,0.0,0.0,0.0,0.0,0.0,0.0,0.0,0.0,0.0,0.0,0.0,0.0,0.0,0.0,0.0,0.0,0.0,0.0,0.0,0.0,0.0,0.0,0.0,0.0,0.0,0.0,0.0,0.0,0.0,0.0,0.0,0.0,0.0,0.0,0.0,0.0,0.0,0.0,0.0,0.0,0.0,0.0,0.0,0.0,0.0,0.0,0.0,0.0,0.0,0.0,0.0,0.0,0.0,0.0,0.0,0.0,0.0,0.0,0.0,0.0,0.0
0.0,0.0,0.0,0.0,0.0,0.0,0.0,0.0,0.0,0.0,0.0,0.0,0.0,0.0,0.0,0.0,0.0,0.0,0.0,0.0,0.0,0.0,0.0,0.0,0.0,0.0,0.0,0.0,0.0,0.0,0.0,0.0,0.0,0.0,0.0,0.0,0.0,0.0,0.0,0.0,0.0,0.0,0.0,0.0,0.0,0.0,0.0,0.0,0.0,0.0,0.0,0.0,0.0,0.0,0.0,0.0,0.0,0.0,0.0,0.0,0.0,0.0,0.0,0.0,0.0,0.0,0.0,0.0,0.0,0.0,0.0,0.0,0.0,0.0,0.0,0.0,0.0,0.0,0.0,0.0,0.0,0.0,0.0,0.0,0.0,0.0
0.0,0.0,0.0,0.0,0.0,0.0,0.0,0.0,0.0,0.0,0.0,0.0,0.0,0.0,0.0,0.0,0.0,0.0,0.0,0.0,0.0,0.0,0.0,0.0,0.0,0.0,0.0,0.0,0.0,0.0,0.0,0.0,0.0,0.0,0.0,0.0,0.0,0.0,0.0,0.0,0.0,0.0,0.0,0.0,0.0,0.0,0.0,0.0,0.0,0.0,0.0,0.0,0.0,0.0,0.0,0.0,0.0,0.0,0.0,0.0,0.0,0.0,0.0,0.0,0.0,0.0,0.0,0.0,0.0,0.0,0.0,0.0,0.0,0.0,0.0,0.0,0.0,0.0,0.0,0.0,0.0,0.0,0.0,0.0,0.0,0.0
0.0,0.0,0.0,0.0,0.0,0.0,0.0,0.0,0.0,0.0,0.0,0.0,0.0,0.0,0.0,0.0,0.0,0.0,0.0,0.0,0.0,0.0,0.0,0.0,0.0,0.0,0.0,0.0,0.0,0.0,0.0,0.0,0.0,0.0,0.0,0.0,0.0,0.0,0.0,0.0,0.0,0.0,0.0,0.0,0.0,0.0,0.0,0.0,0.0,0.0,0.0,0.0,0.0,0.0,0.0,0.0,0.0,0.0,0.0,0.0,0.0,0.0,0.0,0.0,0.0,0.0,0.0,0.0,0.0,0.0,0.0,0.0,0.0,0.0,0.0,0.0,0.0,0.0,0.0,0.0,0.0,0.0,0.0,0.0,0.0,0.0
0.0,0.0,0.0,0.0,0.0,0.0,0.0,0.0,0.0,0.0,0.0,0.0,0.0,0.0,0.0,0.0,0.0,0.0,0.0,0.0,0.0,0.0,0.0,0.0,0.0,0.0,0.0,0.0,0.0,0.0,0.0,0.0,0.0,0.0,0.0,0.0,0.0,0.0,0.0,0.0,0.0,0.0,0.0,0.0,0.0,0.0,0.0,0.0,0.0,0.0,0.0,0.0,0.0,0.0,0.0,0.0,0.0,0.0,0.0,0.0,0.0,0.0,0.0,0.0,0.0,0.0,0.0,0.0,0.0,0.0,0.0,0.0,0.0,0.0,0.0,0.0,0.0,0.0,0.0,0.0,0.0,0.0,0.0,0.0,0.0,0.0
0.0,0.0,0.0,0.0,0.0,0.0,0.0,0.0,0.0,0.0,0.0,0.0,0.0,0.0,0.0,0.0,0.0,0.0,0.0,0.0,0.0,0.0,0.0,0.0,0.0,0.0,0.0,0.0,0.0,0.0,0.0,0.0,0.0,0.0,0.0,0.0,0.0,0.0,0.0,0.0,0.0,0.0,0.0,0.0,0.0,0.0,0.0,0.0,0.0,0.0,0.0,0.0,0.0,0.0,0.0,0.0,0.0,0.0,0.0,0.0,0.0,0.0,0.0,0.0,0.0,0.0,0.0,0.0,0.0,0.0,0.0,0.0,0.0,0.0,0.0,0.0,0.0,0.0,0.0,0.0,0.0,0.0,0.0,0.0,0.0,0.0
0.0,0.0,0.0,0.0,0.0,0.0,0.0,0.0,0.0,0.0,0.0,0.0,0.0,0.0,0.0,0.0,0.0,0.0,0.0,0.0,0.0,0.0,0.0,0.0,0.0,0.0,0.0,0.0,0.0,0.0,0.0,0.0,0.0,0.0,0.0,0.0,0.0,0.0,0.0,0.0,0.0,0.0,0.0,0.0,0.0,0.0,0.0,0.0,0.0,0.0,0.0,0.0,0.0,0.0,0.0,0.0,0.0,0.0,0.0,0.0,0.0,0.0,0.0,0.0,0.0,0.0,0.0,0.0,0.0,0.0,0.0,0.0,0.0,0.0,0.0,0.0,0.0,0.0,0.0,0.0,0.0,0.0,0.0,0.0,0.0,0.0
0.0,0.0,0.0,0.0,0.0,0.0,0.0,0.0,0.0,0.0,0.0,0.0,0.0,0.0,0.0,0.0,0.0,0.0,0.0,0.0,0.0,0.0,0.0,0.0,0.0,0.0,0.0,0.0,0.0,0.0,0.0,0.0,0.0,0.0,0.0,0.0,0.0,0.0,0.0,0.0,0.0,0.0,0.0,0.0,0.0,0.0,0.0,0.0,0.0,0.0,0.0,0.0,0.0,0.0,0.0,0.0,0.0,0.0,0.0,0.0,0.0,0.0,0.0,0.0,0.0,0.0,0.0,0.0,0.0,0.0,0.0,0.0,0.0,0.0,0.0,0.0,0.0,0.0,0.0,0.0,0.0,0.0,0.0,0.0,0.0,0.0
0.0,0.0,0.0,0.0,0.0,0.0,0.0,0.0,0.0,0.0,0.0,0.0,0.0,0.0,0.0,0.0,0.0,0.0,0.0,0.0,0.0,0.0,0.0,0.0,0.0,0.0,0.0,0.0,0.0,0.0,0.0,0.0,0.0,0.0,0.0,0.0,0.0,0.0,0.0,0.0,0.0,0.0,0.0,0.0,0.0,0.0,0.0,0.0,0.0,0.0,0.0,0.0,0.0,0.0,0.0,0.0,0.0,0.0,0.0,0.0,0.0,0.0,0.0,0.0,0.0,0.0,0.0,0.0,0.0,0.0,0.0,0.0,0.0,0.0,0.0,0.0,0.0,0.0,0.0,0.0,0.0,0.0,0.0,0.0,0.0,0.0
0.0,0.0,0.0,0.0,0.0,0.0,0.0,0.0,0.0,0.0,0.0,0.0,0.0,0.0,0.0,0.0,0.0,0.0,0.0,0.0,0.0,0.0,0.0,0.0,0.0,0.0,0.0,0.0,0.0,0.0,0.0,0.0,0.0,0.0,0.0,0.0,0.0,0.0,0.0,0.0,0.0,0.0,0.0,0.0,0.0,0.0,0.0,0.0,0.0,0.0,0.0,0.0,0.0,0.0,0.0,0.0,0.0,0.0,0.0,0.0,0.0,0.0,0.0,0.0,0.0,0.0,0.0,0.0,0.0,0.0,0.0,0.0,0.0,0.0,0.0,0.0,0.0,0.0,0.0,0.0,0.0,0.0,0.0,0.0,0.0,0.0
0.0,0.0,0.0,0.0,0.0,0.0,0.0,0.0,0.0,0.0,0.0,0.0,0.0,0.0,0.0,0.0,0.0,0.0,0.0,0.0,0.0,0.0,0.0,0.0,0.0,0.0,0.0,0.0,0.0,0.0,0.0,0.0,0.0,0.0,0.0,0.0,0.0,0.0,0.0,0.0,0.0,0.0,0.0,0.0,0.0,0.0,0.0,0.0,0.0,0.0,0.0,0.0,0.0,0.0,0.0,0.0,0.0,0.0,0.0,0.0,0.0,0.0,0.0,0.0,0.0,0.0,0.0,0.0,0.0,0.0,0.0,0.0,0.0,0.0,0.0,0.0,0.0,0.0,0.0,0.0,0.0,0.0,0.0,0.0,0.0,0.0
0.0,0.0,0.0,0.0,0.0,0.0,0.0,0.0,0.0,0.0,0.0,0.0,0.0,0.0,0.0,0.0,0.0,0.0,0.0,0.0,0.0,0.0,0.0,0.0,0.0,0.0,0.0,0.0,0.0,0.0,0.0,0.0,0.0,0.0,0.0,0.0,0.0,0.0,0.0,0.0,0.0,0.0,0.0,0.0,0.0,0.0,0.0,0.0,0.0,0.0,0.0,0.0,0.0,0.0,0.0,0.0,0.0,0.0,0.0,0.0,0.0,0.0,0.0,0.0,0.0,0.0,0.0,0.0,0.0,0.0,0.0,0.0,0.0,0.0,0.0,0.0,0.0,0.0,0.0,0.0,0.0,0.0,0.0,0.0,0.0,0.0
0.0,0.0,0.0,0.0,0.0,0.0,0.0,0.0,0.0,0.0,0.0,0.0,0.0,0.0,0.0,0.0,0.0,0.0,0.0,0.0,0.0,0.0,0.0,0.0,0.0,0.0,0.0,0.0,0.0,0.0,0.0,0.0,0.0,0.0,0.0,0.0,0.0,0.0,0.0,0.0,0.0,0.0,0.0,0.0,0.0,0.0,0.0,0.0,0.0,0.0,0.0,0.0,0.0,0.0,0.0,0.0,0.0,0.0,0.0,0.0,0.0,0.0,0.0,0.0,0.0,0.0,0.0,0.0,0.0,0.0,0.0,0.0,0.0,0.0,0.0,0.0,0.0,0.0,0.0,0.0,0.0,0.0,0.0,0.0,0.0,0.0
0.0,0.0,0.0,0.0,0.0,0.0,0.0,0.0,0.0,0.0,0.0,0.0,0.0,0.0,0.0,0.0,0.0,0.0,0.0,0.0,0.0,0.0,0.0,0.0,0.0,0.0,0.0,0.0,0.0,0.0,0.0,0.0,0.0,0.0,0.0,0.0,0.0,0.0,0.0,0.0,0.0,0.0,0.0,0.0,0.0,0.0,0.0,0.0,0.0,0.0,0.0,0.0,0.0,0.0,0.0,0.0,0.0,0.0,0.0,0.0,0.0,0.0,0.0,0.0,0.0,0.0,0.0,0.0,0.0,0.0,0.0,0.0,0.0,0.0,0.0,0.0,0.0,0.0,0.0,0.0,0.0,0.0,0.0,0.0,0.0,0.0
0.0,0.0,0.0,0.0,0.0,0.0,0.0,0.0,0.0,0.0,0.0,0.0,0.0,0.0,0.0,0.0,0.0,0.0,0.0,0.0,0.0,0.0,0.0,0.0,0.0,0.0,0.0,0.0,0.0,0.0,0.0,0.0,0.0,0.0,0.0,0.0,0.0,0.0,0.0,0.0,0.0,0.0,0.0,0.0,0.0,0.0,0.0,0.0,0.0,0.0,0.0,0.0,0.0,0.0,0.0,0.0,0.0,0.0,0.0,0.0,0.0,0.0,0.0,0.0,0.0,0.0,0.0,0.0,0.0,0.0,0.0,0.0,0.0,0.0,0.0,0.0,0.0,0.0,0.0,0.0,0.0,0.0,0.0,0.0,0.0,0.0
0.0,0.0,0.0,0.0,0.0,0.0,0.0,0.0,0.0,0.0,0.0,0.0,0.0,0.0,0.0,0.0,0.0,0.0,0.0,0.0,0.0,0.0,0.0,0.0,0.0,0.0,0.0,0.0,0.0,0.0,0.0,0.0,0.0,0.0,0.0,0.0,0.0,0.0,0.0,0.0,0.0,0.0,0.0,0.0,0.0,0.0,0.0,0.0,0.0,0.0,0.0,0.0,0.0,0.0,0.0,0.0,0.0,0.0,0.0,0.0,0.0,0.0,0.0,0.0,0.0,0.0,0.0,0.0,0.0,0.0,0.0,0.0,0.0,0.0,0.0,0.0,0.0,0.0,0.0,0.0,0.0,0.0,0.0,0.0,0.0,0.0
1010.0,20231026.0,2.0231026100957e+16,1.802,1.801,1503200.0,1806000.0,1.803,1.8,1097600.0,1825000.0,1.804,1.799,4368100.0,5193600.0,1.805,1.798,1341000.0,4204500.0,1.806,1.797,774400.0,1099500.0,1.452,1.812,1.802,1.793,1.802,1.815,461307395.0,461307395.0,2.178,159915.0,2023-10-26 10:09:57,1.8015457512389697,0.0005550929780738,0.0016652789342214,0.0009999999999998,-0.0009999999999998,0.0019999999999997,14128600.0,9084300.0,-5044300.0,1.798931592656031,1.803866340829784,23212900.0,5044300.0,0.0003117309793128,-0.0129999999999999,0.0,1.8015,1.801,1.802,1.801,1.802,461307395.0,461307395.0,1.0,25599744.450613298,1.0,5.0,1.0,0.0,0.0001666666666664,3.2442014999999995,0.0,115602.33333333334,323062598787.0,168928.75,-1806000.0,1503200.0,-3309200.0,-1825000.0,1097600.0,-2922600.0,-5193600.0,4368100.0,-9561700.0,-4204500.0,1341000.0,-5545500.0,-1099500.0,774400.0,-1873900.0,0.1064011821232306,0.103046563503314
1011.0,20231026.0,2.0231026101057e+16,1.805,1.804,1615000.0,10400.0,1.806,1.803,1787000.0,1056800.0,1.807,1.802,3061600.0,3286600.0,1.808,1.801,1590200.0,2023300.0,1.809,1.8,932200.0,975100.0,1.452,1.812,1.804,1.793,1.802,1.815,468661588.0,468661588.0,2.178,159915.0,2023-10-26 10:10:57,1.804006398425003,0.0005541701302299,0.00166251039069,0.0010000000000001,-0.0010000000000001,0.0020000000000002,7352200.0,8986000.0,1633800.0,1.801606117896684,1.806826129534832,16338200.0,1633800.0,0.0013649213579007,-0.0109999999999998,0.002,1.8045,1.802,1.804,1.802,1.804,7354193.0,7354193.0,1.0,51625830.45057331,14.0,6.0,3.0,1.0,0.0009499999999997,3.25062925,0.0012499999999999,354724.15,14589937569663.0,168562.25,10400.0,-1615000.0,1625400.0,1056800.0,-1787000.0,2843800.0,3286600.0,-3061600.0,6348200.0,2023300.0,-1590200.0,3613500.0,975100.0,-932200.0,1907300.0,0.155613592434958,0.1406271494712687
1012.0,20231026.0,2.0231026101157e+16,1.806,1.805,892100.0,1324600.0,1.807,1.804,1990800.0,2008400.0,1.808,1.803,3348100.0,3310100.0,1.809,1.802,1002500.0,2362300.0,1.81,1.801,1831100.0,198300.0,1.452,1.812,1.805,1.793,1.802,1.815,476685690.0,476685690.0,2.178,159915.0,2023-10-26 10:11:57,1.8055975549239864,0.0005538631957907,0.0016615895873718,0.0009999999999998,-0.0009999999999998,0.0019999999999997,9203700.0,9064600.0,-139100.0,1.8032062974673229,1.8080981510491363,18268300.0,139100.0,0.0008816239247348,-0.01,0.0009999999999998,1.8055,1.805,1.805,1.803,1.805,8024102.0,8024102.0,1.0,303347.1019847281,4.0,16.0,4.0,4.0,4.999999999966143e-05,3.25459675,0.0,326782.6,11808257435754.0,282920.0,1324600.0,-892100.0,2216700.0,2008400.0,-1990800.0,3999200.0,3310100.0,-3348100.0,6658200.0,2362300.0,-1002500.0,3364800.0,198300.0,-1831100.0,2029400.0,0.2142872946083571,0.1670346299677743
0.0,0.0,0.0,0.0,0.0,0.0,0.0,0.0,0.0,0.0,0.0,0.0,0.0,0.0,0.0,0.0,0.0,0.0,0.0,0.0,0.0,0.0,0.0,0.0,0.0,0.0,0.0,0.0,0.0,0.0,0.0,0.0,0.0,0.0,0.0,0.0,0.0,0.0,0.0,0.0,0.0,0.0,0.0,0.0,0.0,0.0,0.0,0.0,0.0,0.0,0.0,0.0,0.0,0.0,0.0,0.0,0.0,0.0,0.0,0.0,0.0,0.0,0.0,0.0,0.0,0.0,0.0,0.0,0.0,0.0,0.0,0.0,0.0,0.0,0.0,0.0,0.0,0.0,0.0,0.0,0.0,0.0,0.0,0.0,0.0,0.0
1014.0,20231026.0,2.0231026101348e+16,1.807,1.806,500500.0,1140100.0,1.808,1.805,642400.0,3619100.0,1.809,1.804,2570700.0,2298700.0,1.81,1.803,5309700.0,401200.0,1.811,1.802,885400.0,151400.0,1.452,1.812,1.807,1.793,1.802,1.815,494534840.0,494534840.0,2.178,159915.0,2023-10-26 10:13:48,1.806694928684628,0.0005535566011624,0.0016606698034874,0.0010000000000001,-0.0010000000000001,0.0020000000000002,7610500.0,9908700.0,2298200.0,1.8046826489718155,1.8095487198118825,17519200.0,2298200.0,0.0004513265099069,-0.008,0.0009999999999998,1.8065,1.806,1.808,1.806,1.807,11243658.0,11243658.0,1.0,27026269.48542975,9.0,8.0,2.0,1.0,0.0005882352941173,3.2637614117647047,0.0009999999999998,618047.6470588235,30018628306710.0,400813.0,1140100.0,-500500.0,1640600.0,3619100.0,-642400.0,4261500.0,2298700.0,-2570700.0,4869400.0,401200.0,-5309700.0,5710900.0,151400.0,-885400.0,1036800.0,0.180079043876509,0.1546135929519575
0.0,0.0,0.0,0.0,0.0,0.0,0.0,0.0,0.0,0.0,0.0,0.0,0.0,0.0,0.0,0.0,0.0,0.0,0.0,0.0,0.0,0.0,0.0,0.0,0.0,0.0,0.0,0.0,0.0,0.0,0.0,0.0,0.0,0.0,0.0,0.0,0.0,0.0,0.0,0.0,0.0,0.0,0.0,0.0,0.0,0.0,0.0,0.0,0.0,0.0,0.0,0.0,0.0,0.0,0.0,0.0,0.0,0.0,0.0,0.0,0.0,0.0,0.0,0.0,0.0,0.0,0.0,0.0,0.0,0.0,0.0,0.0,0.0,0.0,0.0,0.0,0.0,0.0,0.0,0.0,0.0,0.0,0.0,0.0,0.0,0.0
1016.0,20231026.0,2.0231026101557e+16,1.807,1.806,1100600.0,1983700.0,1.808,1.805,1181000.0,1492300.0,1.809,1.804,4430600.0,4164300.0,1.81,1.803,2525400.0,1805200.0,1.811,1.802,785100.0,1209500.0,1.452,1.812,1.807,1.793,1.802,1.815,508426547.0,508426547.0,2.178,159915.0,2023-10-26 10:15:57,1.806643160522647,0.0005535566011624,0.0016606698034874,0.0010000000000001,-0.0010000000000001,0.0020000000000002,10655000.0,10022700.0,-632300.0,1.8041159549507275,1.8090711784249756,20677700.0,632300.0,0.0015330685077525,-0.008,0.004,1.8065,1.804,1.807,1.804,1.807,5172192.0,5172192.0,1.0,84102480.3351062,9.0,11.0,5.0,2.0,0.0005999999999999,3.2594696999999995,0.0010000000000001,185843.1,3034134919826.0,302565.0,1983700.0,-1100600.0,3084300.0,1492300.0,-1181000.0,2673300.0,4164300.0,-4430600.0,8594900.0,1805200.0,-2525400.0,4330600.0,1209500.0,-785100.0,1994600.0,0.3556717293884279,0.3098280486156859
1017.0,20231026.0,2.0231026101657e+16,1.809,1.808,198900.0,313600.0,1.81,1.807,1220200.0,3188700.0,1.811,1.806,3019100.0,2033400.0,1.812,1.805,2829200.0,755300.0,1.813,1.804,563100.0,323700.0,1.452,1.812,1.809,1.793,1.802,1.815,518738274.0,518738274.0,2.178,159915.0,2023-10-26 10:16:57,1.8086119024390248,0.0005529444290848,0.0016588332872546,0.0010000000000001,-0.0010000000000001,0.0020000000000002,6614700.0,7830500.0,1215800.0,1.8063648238015328,1.8112984994572503,14445200.0,1215800.0,0.0010891304080634,-0.006,0.002,1.8085,1.807,1.81,1.807,1.809,10311727.0,10311727.0,1.0,56770704.52511892,11.0,9.0,3.0,1.0,0.0005999999999999,3.2703113000000004,0.0009999999999998,431026.0,9227013328737.0,844868.0,313600.0,-198900.0,512500.0,3188700.0,-1220200.0,4408900.0,2033400.0,-3019100.0,5052500.0,755300.0,-2829200.0,3584500.0,323700.0,-563100.0,886800.0,0.3471104953729439,0.3042795573065985
1018.0,20231026.0,2.0231026101757e+16,1.806,1.805,1188400.0,571900.0,1.807,1.804,2091500.0,2066500.0,1.808,1.803,2586300.0,2095600.0,1.809,1.802,1679800.0,1625300.0,1.81,1.801,1554600.0,525600.0,1.452,1.812,1.806,1.793,1.802,1.815,527075003.0,527075003.0,2.178,159915.0,2023-10-26 10:17:57,1.8053248878032155,0.0005538631957907,0.0016615895873718,0.0009999999999998,-0.0009999999999998,0.0019999999999997,6884900.0,9100600.0,2215700.0,1.8030775319902976,1.8080352394347623,15985500.0,2215700.0,-0.0018190774952623,-0.0089999999999998,-0.0029999999999998,1.8055,1.808,1.809,1.806,1.806,8336729.0,8336729.0,1.0,-58114411.56429529,11.0,9.0,3.0,5.0,0.00085,3.2647077500000004,0.0012499999999999,268165.95,8395294736127.0,323088.5,-571900.0,1188400.0,-1760300.0,-2066500.0,2091500.0,-4158000.0,-2095600.0,2586300.0,-4681900.0,-1625300.0,1679800.0,-3305100.0,-525600.0,1554600.0,-2080200.0,0.3665620216763139,0.3161669532186578
1019.0,20231026.0,2.0231026101857e+16,1.806,1.805,1602000.0,857600.0,1.807,1.804,2939500.0,779400.0,1.808,1.803,2908200.0,2230900.0,1.809,1.802,736200.0,1719900.0,1.81,1.801,1660300.0,1175000.0,1.452,1.812,1.805,1.793,1.802,1.815,537086785.0,537086785.0,2.178,159915.0,2023-10-26 10:18:57,1.8053486745812328,0.0005538631957907,0.0016615895873718,0.0009999999999998,-0.0009999999999998,0.0019999999999997,6762800.0,9846200.0,3083400.0,1.8027670639380136,1.8077880705246687,16609000.0,3083400.0,1.3175811995558284e-05,-0.01,-0.0010000000000001,1.8055,1.805,1.807,1.805,1.805,10011782.0,10011782.0,1.0,-1014575.7553838044,8.0,12.0,6.0,6.0,0.0004999999999999,3.262720100000001,0.0009999999999998,462211.1,25828243220412.0,312323.75,285700.0,413600.0,-127900.0,-1287100.0,848000.0,-2135100.0,135300.0,321900.0,-186600.0,94600.0,-943600.0,1038200.0,649400.0,105700.0,543700.0,0.2359427098284156,0.2011035760610636
1020.0,20231026.0,2.0231026101957e+16,1.804,1.803,717000.0,345300.0,1.805,1.802,950100.0,1265400.0,1.806,1.801,3926700.0,3776200.0,1.807,1.8,871100.0,3044200.0,1.808,1.799,924000.0,1442500.0,1.452,1.812,1.804,1.793,1.802,1.815,540108764.0,540108764.0,2.178,159915.0,2023-10-26 10:19:57,1.803325049421068,0.0005544774050458,0.0016634322151371,0.0009999999999998,-0.0009999999999998,0.0019999999999997,9873600.0,7388900.0,-2484700.0,1.8005975935828875,1.8060453382776869,17262500.0,2484700.0,-0.0011215341297393,-0.0109999999999998,-0.0009999999999998,1.8035,1.805,1.805,1.803,1.804,3021979.0,3021979.0,1.0,-29874269.921647377,11.0,9.0,2.0,3.0,0.0006499999999998,3.25315375,0.0010000000000001,130178.45,2052510364931.0,170209.75,-345300.0,717000.0,-1062300.0,-1265400.0,950100.0,-2215500.0,-3776200.0,3926700.0,-7702900.0,-3044200.0,871100.0,-3915300.0,-1442500.0,924000.0,-2366500.0,0.2096470975359924,0.1834918151798935
1021.0,20231026.0,2.0231026102057e+16,1.805,1.804,452400.0,1249300.0,1.806,1.803,489500.0,2034900.0,1.807,1.802,3672300.0,4402800.0,1.808,1.801,1422100.0,2090500.0,1.809,1.8,567200.0,1544700.0,1.452,1.812,1.804,1.793,1.802,1.815,543116922.0,543116922.0,2.178,159915.0,2023-10-26 10:20:57,1.8047341482047363,0.0005541701302299,0.00166251039069,0.0010000000000001,-0.0010000000000001,0.0020000000000002,11322200.0,6603500.0,-4718700.0,1.8019429086219996,1.8071759975770425,17925700.0,4718700.0,0.0007810841109459,-0.0109999999999998,0.0,1.8045,1.803,1.804,1.803,1.804,3008158.0,3008158.0,1.0,30058480.993063703,10.0,10.0,2.0,1.0,0.0005,3.2526124999999992,0.0010000000000001,140126.9,2397569106428.0,171238.25,1249300.0,-452400.0,1701700.0,2034900.0,-489500.0,2524400.0,4402800.0,-3672300.0,8075100.0,2090500.0,-1422100.0,3512600.0,1544700.0,-567200.0,2111900.0,0.1948304340602432,0.1709876471469869
1022.0,20231026.0,2.0231026102157e+16,1.805,1.804,383600.0,259200.0,1.806,1.803,2198500.0,1620300.0,1.807,1.802,4047100.0,3642800.0,1.808,1.801,2313700.0,2079000.0,1.809,1.8,517400.0,1640800.0,1.452,1.812,1.805,1.793,1.802,1.815,545574817.0,545574817.0,2.178,159915.0,2023-10-26 10:21:57,1.8044032358431856,0.0005541701302299,0.00166251039069,0.0010000000000001,-0.0010000000000001,0.0020000000000002,9242100.0,9460300.0,218200.0,1.8016513887536385,1.8070404638330704,18702400.0,218200.0,-0.0001833747664694,-0.01,0.0009999999999998,1.8045,1.804,1.806,1.804,1.805,2457895.0,2457895.0,1.0,30058420.400815114,5.0,15.0,3.0,2.0,0.0001999999999999,3.2587473000000005,0.00025,101144.75,1377273440363.0,87990.25,-990100.0,-68800.0,-921300.0,-414600.0,1709000.0,-2123600.0,-760000.0,374800.0,-1134800.0,-11500.0,891600.0,-903100.0,96100.0,-49800.0,145900.0,0.1944013566569626,0.1744443832998291
1023.0,20231026.0,2.0231026102257e+16,1.805,1.804,884100.0,1590400.0,1.806,1.803,1411900.0,2073900.0,1.807,1.802,4333700.0,3296900.0,1.808,1.801,2478900.0,2084100.0,1.809,1.8,579600.0,1659800.0,1.452,1.812,1.804,1.793,1.802,1.815,548509718.0,548509718.0,2.178,159915.0,2023-10-26 10:22:57,1.8046427157001417,0.0005541701302299,0.00166251039069,0.0010000000000001,-0.0010000000000001,0.0020000000000002,10705100.0,9688200.0,-1016900.0,1.801986081400454,1.807047274003427,20393300.0,1016900.0,0.0001327108939718,-0.0109999999999998,-0.0009999999999998,1.8045,1.804,1.805,1.804,1.804,2934901.0,2934901.0,1.0,-209505.3707058914,7.0,13.0,4.0,4.0,0.00035,3.25567915,0.0009999999999998,128700.05,2465212547629.0,77496.25,1331200.0,500500.0,830700.0,453600.0,-786600.0,1240200.0,-345900.0,286600.0,-632500.0,5100.0,165200.0,-160100.0,19000.0,62200.0,-43200.0,0.1593317594757702,0.1621119825144276
1024.0,20231026.0,2.0231026102357e+16,1.806,1.805,1110300.0,185400.0,1.807,1.804,2068400.0,1540900.0,1.808,1.803,3765800.0,4700700.0,1.809,1.802,852600.0,2537400.0,1.81,1.801,2169700.0,816300.0,1.452,1.812,1.806,1.793,1.802,1.815,551578696.0,551578696.0,2.178,159915.0,2023-10-26 10:23:57,1.8051430886779347,0.0005538631957907,0.0016615895873718,0.0009999999999998,-0.0009999999999998,0.0019999999999997,9780700.0,9966800.0,186100.0,1.8027691065056692,1.808090600794638,19747500.0,186100.0,0.0002772313971598,-0.0089999999999998,0.002,1.8055,1.804,1.806,1.804,1.806,3068978.0,3068978.0,1.0,60905566.033842295,11.0,9.0,6.0,4.0,0.0005500000000002,3.25965015,0.0010000000000001,145413.4,3585631146378.0,47658.0,185400.0,-1110300.0,1295700.0,1540900.0,-2068400.0,3609300.0,4700700.0,-3765800.0,8466500.0,2537400.0,-852600.0,3390000.0,816300.0,-2169700.0,2986000.0,0.1297363013004288,0.1399216011648857
1025.0,20231026.0,2.0231026102457e+16,1.804,1.803,2576400.0,610000.0,1.805,1.802,4085600.0,802200.0,1.806,1.801,2220200.0,2149900.0,1.807,1.8,608300.0,2786900.0,1.808,1.799,1976400.0,1646000.0,1.452,1.812,1.804,1.793,1.802,1.815,554033631.0,554033631.0,2.178,159915.0,2023-10-26 10:24:57,1.80319143861411,0.0005544774050458,0.0016634322151371,0.0009999999999998,-0.0009999999999998,0.0019999999999997,7995000.0,11466900.0,3471900.0,1.8004925953721076,1.8055921042304373,19461900.0,3471900.0,-0.0010817457413536,-0.0109999999999998,-0.002,1.8035,1.806,1.806,1.803,1.804,2454935.0,2454935.0,1.0,-61243967.30880426,6.0,14.0,4.0,6.0,0.001,3.2547778999999992,0.002,116883.25,755540813959.0,184749.25,-610000.0,2576400.0,-3186400.0,-802200.0,4085600.0,-4887800.0,-2149900.0,2220200.0,-4370100.0,-2786900.0,608300.0,-3395200.0,-1646000.0,1976400.0,-3622400.0,0.1290442850769009,0.1378736735412651
1026.0,20231026.0,2.0231026102557e+16,1.802,1.801,32800.0,969200.0,1.803,1.8,2095500.0,2393700.0,1.804,1.799,4418200.0,1957000.0,1.805,1.798,1293000.0,2822800.0,1.806,1.797,843900.0,1139900.0,1.452,1.812,1.802,1.793,1.802,1.815,557763887.0,557763887.0,2.178,159915.0,2023-10-26 10:25:57,1.8019672654690624,0.0005550929780738,0.0016652789342214,0.0009999999999998,-0.0009999999999998,0.0019999999999997,9282600.0,8683400.0,-599200.0,1.798916995238403,1.8040943985074969,17966000.0,599200.0,-0.0006791230525919,-0.0129999999999999,-0.002,1.8015,1.803,1.803,1.802,1.802,3730256.0,3730256.0,1.0,-30841586.99829701,9.0,11.0,1.0,2.0,0.0004499999999998,3.2488262500000005,0.0009999999999998,158213.3,2376264000136.0,166192.0,-969200.0,32800.0,-1002000.0,-2393700.0,2095500.0,-4489200.0,-1957000.0,4418200.0,-6375200.0,-2822800.0,1293000.0,-4115800.0,-1139900.0,843900.0,-1983800.0,0.1222826802424278,0.1297584667299548
1027.0,20231026.0,2.0231026102657e+16,1.802,1.801,79100.0,1455800.0,1.803,1.8,1287300.0,3384400.0,1.804,1.799,4218100.0,2070900.0,1.805,1.798,838800.0,3132100.0,1.806,1.797,1042500.0,1201900.0,1.452,1.812,1.802,1.793,1.802,1.815,559926828.0,559926828.0,2.178,159915.0,2023-10-26 10:26:57,1.8019484656980915,0.0005550929780738,0.0016652789342214,0.0009999999999998,-0.0009999999999998,0.0019999999999997,11245100.0,7465800.0,-3779300.0,1.7990675938853369,1.8041980095903989,18710900.0,3779300.0,-1.0432969233198364e-05,-0.0129999999999999,0.0,1.8015,1.802,1.803,1.802,1.802,2162941.0,2162941.0,1.0,-112992.61340236291,2.0,18.0,2.0,2.0,9.9999999999989e-05,3.2475645,0.0,102470.55,2128684051909.0,39193.25,486600.0,46300.0,440300.0,990700.0,-808200.0,1798900.0,113900.0,-200100.0,314000.0,309300.0,-454200.0,763500.0,62000.0,198600.0,-136600.0,0.1016231619158842,0.1089492915883855
1028.0,20231026.0,2.0231026102757e+16,1.801,1.8,564700.0,2182200.0,1.802,1.799,1592800.0,4118200.0,1.803,1.798,3846700.0,4520900.0,1.804,1.797,1874000.0,1055500.0,1.805,1.796,686800.0,1247800.0,1.452,1.812,1.801,1.793,1.802,1.815,562932236.0,562932236.0,2.178,159915.0,2023-10-26 10:27:57,1.8007944228038877,0.0005554012774228,0.0016662038322688,0.0010000000000001,-0.0010000000000001,0.0020000000000002,13124600.0,8565000.0,-4559600.0,1.798375744784603,1.803061342673672,21689600.0,4559600.0,-0.0006406468456895,-0.014,-0.0010000000000001,1.8005,1.802,1.802,1.801,1.801,3005408.0,3005408.0,1.0,-31184952.436404284,8.0,12.0,3.0,4.0,0.0003999999999999,3.245042199999999,0.0010000000000001,144504.4,1521377763968.0,233769.75,-2182200.0,564700.0,-2746900.0,-4118200.0,1592800.0,-5711000.0,-4520900.0,3846700.0,-8367600.0,-1055500.0,1874000.0,-2929500.0,-1247800.0,686800.0,-1934600.0,0.1015846292892645,0.0869001916026777
1029.0,20231026.0,2.0231026102857e+16,1.8,1.799,1405800.0,1329600.0,1.801,1.798,2270400.0,3563100.0,1.802,1.797,4665700.0,4128600.0,1.803,1.796,1215300.0,2715900.0,1.804,1.795,791100.0,1953100.0,1.452,1.812,1.799,1.793,1.802,1.815,567821115.0,567821115.0,2.178,159915.0,2023-10-26 10:28:57,1.7994860715069092,0.0005557099194221,0.0016671297582661,0.0009999999999998,-0.0009999999999998,0.0019999999999997,13690300.0,10348300.0,-3342000.0,1.7969707968415591,1.8017792391020748,24038600.0,3342000.0,-0.0007268052345589,-0.016,-0.002,1.7995,1.8,1.801,1.799,1.799,4888879.0,4888879.0,1.0,-31642067.510340065,7.0,13.0,3.0,4.0,0.00025,3.2409004500000007,0.0009999999999998,197377.95,5884613327493.0,164813.25,-1329600.0,1405800.0,-2735400.0,-3563100.0,2270400.0,-5833500.0,-4128600.0,4665700.0,-8794300.0,-2715900.0,1215300.0,-3931200.0,-1953100.0,791100.0,-2744200.0,0.1037521011249048,0.0903399308806742
1030.0,20231026.0,2.0231026102957e+16,1.8,1.799,1564500.0,1522300.0,1.801,1.798,1117800.0,4855000.0,1.802,1.797,4470600.0,3019000.0,1.803,1.796,1213300.0,2633600.0,1.804,1.795,831600.0,2077900.0,1.452,1.812,1.799,1.793,1.802,1.815,568814826.0,568814826.0,2.178,159915.0,2023-10-26 10:29:57,1.7994931644421408,0.0005557099194221,0.0016671297582661,0.0009999999999998,-0.0009999999999998,0.0019999999999997,14107800.0,9197800.0,-4910000.0,1.7970786940557706,1.8018510187218684,23305600.0,4910000.0,3.941637206961168e-06,-0.016,0.0,1.7995,1.799,1.8,1.799,1.799,993711.0,993711.0,1.0,-107125.98761659488,10.0,10.0,4.0,4.0,0.0005,3.2382005,0.0010000000000001,31685.550000000003,135798082211.0,46277.5,192700.0,158700.0,34000.0,1291900.0,-1152600.0,2444500.0,-1109600.0,-195100.0,-914500.0,-82300.0,-2000.0,-80300.0,124800.0,40500.0,84300.0,0.0804590592845392,0.0784976113165224
1031.0,20231026.0,2.0231026103057e+16,1.801,1.8,230400.0,1441300.0,1.802,1.799,928400.0,2187700.0,1.803,1.798,4167600.0,5585000.0,1.804,1.797,1380600.0,1770600.0,1.805,1.796,499200.0,1418300.0,1.452,1.812,1.8,1.793,1.802,1.815,573508492.0,573508492.0,2.178,159915.0,2023-10-26 10:30:57,1.800862176227792,0.0005554012774228,0.0016662038322688,0.0010000000000001,-0.0010000000000001,0.0020000000000002,12402900.0,7206200.0,-5196700.0,1.7980373380419097,1.8031373539452136,19609100.0,5196700.0,0.000760487075354,-0.0149999999999999,0.0010000000000001,1.8005,1.8,1.801,1.799,1.8,4693666.0,4693666.0,1.0,-48387.18930225074,3.0,17.0,4.0,4.0,9.9999999999989e-05,3.2403602000000005,0.0,222713.3,5355615682896.0,136125.5,1441300.0,-230400.0,1671700.0,2187700.0,-928400.0,3116100.0,5585000.0,-4167600.0,9752600.0,1770600.0,-1380600.0,3151200.0,1418300.0,-499200.0,1917500.0,0.1114937454942935,0.094638005315399
1032.0,20231026.0,2.0231026103157e+16,1.801,1.8,964000.0,1267200.0,1.802,1.799,1298600.0,1933400.0,1.803,1.798,5064000.0,5318300.0,1.804,1.797,659700.0,2811600.0,1.805,1.796,421200.0,1417500.0,1.452,1.812,1.801,1.793,1.802,1.815,574781694.0,574781694.0,2.178,159915.0,2023-10-26 10:31:57,1.800567945500179,0.0005554012774228,0.0016662038322688,0.0010000000000001,-0.0010000000000001,0.0020000000000002,12748000.0,8407500.0,-4340500.0,1.7979075305930343,1.802794885518882,21155500.0,4340500.0,-0.0001633966054165,-0.014,0.0009999999999998,1.8005,1.8,1.801,1.8,1.801,1273202.0,1273202.0,1.0,31821713.375775408,14.0,6.0,5.0,4.0,0.0002999999999997,3.242520699999999,0.0009999999999998,54655.1,252520886804.0,69326.0,-174100.0,733600.0,-907700.0,-254300.0,370200.0,-624500.0,-266700.0,896400.0,-1163100.0,1041000.0,-720900.0,1761900.0,-800.0,-78000.0,77200.0,0.1073638727866661,0.0938816086138429
1033.0,20231026.0,2.0231026103257e+16,1.802,1.801,712300.0,1688000.0,1.803,1.8,1388900.0,2209900.0,1.804,1.799,4007500.0,4695500.0,1.805,1.798,620100.0,4389400.0,1.806,1.797,379400.0,1588600.0,1.452,1.812,1.802,1.793,1.802,1.815,580108014.0,580108014.0,2.178,159915.0,2023-10-26 10:32:57,1.8017032454276547,0.0005550929780738,0.0016652789342214,0.0009999999999998,-0.0009999999999998,0.0019999999999997,14571400.0,7108200.0,-7463200.0,1.7988640693413125,1.8037981767536084,21679600.0,7463200.0,0.0006303245396536,-0.0129999999999999,0.0010000000000001,1.8015,1.801,1.802,1.799,1.802,5326320.0,5326320.0,1.0,32124300.03935192,17.0,3.0,4.0,3.0,0.00015,3.24306105,0.0,251370.5,8102910154854.0,48699.25,1688000.0,-712300.0,2400300.0,2209900.0,-1388900.0,3598800.0,4695500.0,-4007500.0,8703000.0,4389400.0,-620100.0,5009500.0,1588600.0,-379400.0,1968000.0,0.1113128940447269,0.0955336295009937
0.0,0.0,0.0,0.0,0.0,0.0,0.0,0.0,0.0,0.0,0.0,0.0,0.0,0.0,0.0,0.0,0.0,0.0,0.0,0.0,0.0,0.0,0.0,0.0,0.0,0.0,0.0,0.0,0.0,0.0,0.0,0.0,0.0,0.0,0.0,0.0,0.0,0.0,0.0,0.0,0.0,0.0,0.0,0.0,0.0,0.0,0.0,0.0,0.0,0.0,0.0,0.0,0.0,0.0,0.0,0.0,0.0,0.0,0.0,0.0,0.0,0.0,0.0,0.0,0.0,0.0,0.0,0.0,0.0,0.0,0.0,0.0,0.0,0.0,0.0,0.0,0.0,0.0,0.0,0.0,0.0,0.0,0.0,0.0,0.0,0.0
1035.0,20231026.0,2.0231026103457e+16,1.803,1.802,963300.0,584700.0,1.804,1.801,1772000.0,1228200.0,1.805,1.8,2188800.0,4475200.0,1.806,1.799,535100.0,2842600.0,1.807,1.798,676100.0,2810500.0,1.452,1.812,1.803,1.793,1.802,1.815,584309914.0,584309914.0,2.178,159915.0,2023-10-26 10:34:57,1.8023777131782948,0.0005547850208043,0.0016643550624133,0.0010000000000001,-0.0010000000000001,0.0020000000000002,11941200.0,6135300.0,-5805900.0,1.799492010853181,1.8047047740126807,18076500.0,5805900.0,0.0004627889362069,-0.012,0.0009999999999998,1.8025,1.802,1.803,1.801,1.803,2467704.0,2467704.0,1.0,32260457.647384997,10.0,10.0,4.0,3.0,0.00055,3.2488263500000003,0.0009999999999998,118157.2,2772084302120.0,59426.75,584700.0,-963300.0,1548000.0,1228200.0,-1772000.0,3000200.0,4475200.0,-2188800.0,6664000.0,2842600.0,-535100.0,3377700.0,2810500.0,-676100.0,3486600.0,0.1166415198419079,0.105597345282304
1036.0,20231026.0,2.0231026103557e+16,1.803,1.802,800.0,932500.0,1.804,1.801,2621000.0,1560700.0,1.805,1.8,2860800.0,4053000.0,1.806,1.799,485600.0,2734900.0,1.807,1.798,679700.0,3021400.0,1.452,1.812,1.802,1.793,1.802,1.815,587020759.0,587020759.0,2.178,159915.0,2023-10-26 10:35:57,1.8029991428265293,0.0005547850208043,0.0016643550624133,0.0010000000000001,-0.0010000000000001,0.0020000000000002,12302500.0,6647900.0,-5654600.0,1.7995649664702296,1.8048830307315091,18950400.0,5654600.0,0.0003447238273323,-0.0129999999999999,-0.0009999999999998,1.8025,1.803,1.803,1.802,1.802,2710845.0,2710845.0,1.0,-32509851.67835589,9.0,11.0,4.0,5.0,0.0004499999999998,3.2488262500000005,0.0009999999999998,123642.75,3513497453951.0,91847.75,347800.0,-962500.0,1310300.0,332500.0,849000.0,-516500.0,-422200.0,672000.0,-1094200.0,-107700.0,-49500.0,-58200.0,210900.0,3600.0,207300.0,0.0839582261024003,0.0917974961407896
1037.0,20231026.0,2.0231026103657e+16,1.802,1.801,580000.0,942000.0,1.803,1.8,1989900.0,1115000.0,1.804,1.799,3445000.0,2528400.0,1.805,1.798,624300.0,3307700.0,1.806,1.797,421600.0,1428600.0,1.452,1.812,1.802,1.793,1.802,1.815,590826402.0,590826402.0,2.178,159915.0,2023-10-26 10:36:57,1.801618922470433,0.0005550929780738,0.0016652789342214,0.0009999999999998,-0.0009999999999998,0.0019999999999997,9321700.0,7060800.0,-2260900.0,1.7986603731079096,1.8037617267165191,16382500.0,2260900.0,-0.0007658067504224,-0.0129999999999999,0.0,1.8015,1.803,1.803,1.801,1.802,3805643.0,3805643.0,1.0,-32620838.665141128,6.0,14.0,2.0,3.0,0.00025,3.2481053500000003,0.0009999999999998,187126.65,6171625224161.0,39136.0,-942000.0,580000.0,-1522000.0,-1115000.0,1989900.0,-3104900.0,-2528400.0,3445000.0,-5973400.0,-3307700.0,624300.0,-3932000.0,-1428600.0,421600.0,-1850200.0,0.0900024154046568,0.0962040309464184
1038.0,20231026.0,2.0231026103757e+16,1.802,1.801,329600.0,1030000.0,1.803,1.8,660800.0,2772000.0,1.804,1.799,3800800.0,4842000.0,1.805,1.798,884200.0,2928600.0,1.806,1.797,312500.0,1568600.0,1.452,1.812,1.801,1.793,1.802,1.815,593460506.0,593460506.0,2.178,159915.0,2023-10-26 10:37:57,1.801757575757576,0.0005550929780738,0.0016652789342214,0.0009999999999998,-0.0009999999999998,0.0019999999999997,13141200.0,5987900.0,-7153300.0,1.7989061120750007,1.8040315970540588,19129100.0,7153300.0,7.695742439295383e-05,-0.014,-0.0010000000000001,1.8015,1.801,1.802,1.8,1.801,2634104.0,2634104.0,1.0,-49634.66000055522,17.0,3.0,4.0,4.0,2.220446049250313e-16,3.2436013000000004,0.0,125127.7,1283879000344.0,181001.25,88000.0,-250400.0,338400.0,1657000.0,-1329100.0,2986100.0,2313600.0,355800.0,1957800.0,-379100.0,259900.0,-639000.0,140000.0,-109100.0,249100.0,0.0911835431821998,0.1113134824311678
1039.0,20231026.0,2.0231026103857e+16,1.803,1.802,958200.0,434900.0,1.804,1.801,1477100.0,1880300.0,1.805,1.8,3798900.0,4236900.0,1.806,1.799,558200.0,2630100.0,1.807,1.798,683600.0,2853700.0,1.452,1.812,1.803,1.793,1.802,1.815,598309745.0,598309745.0,2.178,159915.0,2023-10-26 10:38:57,1.802312181465796,0.0005547850208043,0.0016643550624133,0.0010000000000001,-0.0010000000000001,0.0020000000000002,12035900.0,7476000.0,-4559900.0,1.7995357721483232,1.8048036249331196,19511900.0,4559900.0,0.0003077663585651,-0.012,0.002,1.8025,1.802,1.803,1.802,1.803,4849239.0,4849239.0,1.0,33062897.58307254,12.0,8.0,3.0,2.0,0.0003999999999999,3.2493669999999986,0.0009999999999998,237322.95,6446740472231.0,183588.0,434900.0,-958200.0,1393100.0,1880300.0,-1477100.0,3357400.0,4236900.0,-3798900.0,8035800.0,2630100.0,-558200.0,3188300.0,2853700.0,-683600.0,3537300.0,0.0987795980570187,0.1148010741705129
1040.0,20231026.0,2.0231026103957e+16,1.801,1.8,422500.0,666400.0,1.802,1.799,1836300.0,2146900.0,1.803,1.798,3618600.0,5476100.0,1.804,1.797,871900.0,2874800.0,1.805,1.796,346800.0,1650400.0,1.452,1.812,1.801,1.793,1.802,1.815,601135592.0,601135592.0,2.178,159915.0,2023-10-26 10:39:57,1.8006119937551657,0.0005554012774228,0.0016662038322688,0.0010000000000001,-0.0010000000000001,0.0020000000000002,12814600.0,7096100.0,-5718500.0,1.797789622774023,1.80284275869844,19910700.0,5718500.0,-0.0009437821914339,-0.014,-0.002,1.8005,1.803,1.803,1.8,1.801,2825847.0,2825847.0,1.0,-66541306.51623112,8.0,12.0,2.0,4.0,0.0005,3.2450425999999992,0.0010000000000001,127506.35,1421608689075.0,226589.5,-666400.0,422500.0,-1088900.0,-2146900.0,1836300.0,-3983200.0,-5476100.0,3618600.0,-9094700.0,-2874800.0,871900.0,-3746700.0,-1650400.0,346800.0,-1997200.0,0.11009008012839,0.12600583508489
1041.0,20231026.0,2.0231026104057e+16,1.801,1.8,2210500.0,383600.0,1.802,1.799,3655200.0,1961900.0,1.803,1.798,1421400.0,4153500.0,1.804,1.797,873300.0,3275600.0,1.805,1.796,371000.0,1916800.0,1.452,1.812,1.8,1.793,1.802,1.815,603242831.0,603242831.0,2.178,159915.0,2023-10-26 10:40:57,1.8001478740218186,0.0005554012774228,0.0016662038322688,0.0010000000000001,-0.0010000000000001,0.0020000000000002,11691400.0,8531400.0,-3160000.0,1.7976253571000909,1.8022426917035888,20222800.0,3160000.0,-0.000257789884891,-0.0149999999999999,-0.0009999999999998,1.8005,1.801,1.801,1.799,1.8,2107239.0,2107239.0,1.0,-33486190.19558381,7.0,13.0,4.0,5.0,0.0002999999999999,3.2410804000000004,0.0009999999999998,97621.95,2289274777039.0,45946.5,-282800.0,1788000.0,-2070800.0,-185000.0,1818900.0,-2003900.0,-1322600.0,-2197200.0,874600.0,400800.0,1400.0,399400.0,266400.0,24200.0,242200.0,0.1182333730266251,0.1293996822685558
1042.0,20231026.0,2.0231026104157e+16,1.801,1.8,1745200.0,62600.0,1.802,1.799,2659600.0,2006100.0,1.803,1.798,1016100.0,4540100.0,1.804,1.797,876200.0,2938100.0,1.805,1.796,351000.0,1888400.0,1.452,1.812,1.8,1.793,1.802,1.815,605200621.0,605200621.0,2.178,159915.0,2023-10-26 10:41:57,1.8000346277243058,0.0005554012774228,0.0016662038322688,0.0010000000000001,-0.0010000000000001,0.0020000000000002,11435300.0,6648100.0,-4787200.0,1.7975991709880803,1.8023123147967088,18083400.0,4787200.0,-6.291142046011e-05,-0.0149999999999999,0.0,1.8005,1.801,1.801,1.799,1.8,1957790.0,1957790.0,1.0,-33675464.410105534,15.0,5.0,4.0,6.0,4.999999999988347e-05,3.2398204500000007,0.00025,88021.0,1002413778984.0,101880.0,-321000.0,-465300.0,144300.0,44200.0,-995600.0,1039800.0,386600.0,-405300.0,791900.0,-337500.0,2900.0,-340400.0,-28400.0,-20000.0,-8400.0,0.1154195803984082,0.1261787553102474
1043.0,20231026.0,2.0231026104257e+16,1.8,1.799,978900.0,2181000.0,1.801,1.798,650800.0,4125300.0,1.802,1.797,3864700.0,2851900.0,1.803,1.796,951900.0,1996600.0,1.804,1.795,744200.0,2309400.0,1.452,1.812,1.8,1.793,1.802,1.815,606609974.0,606609974.0,2.178,159915.0,2023-10-26 10:42:57,1.7996902117155604,0.0005557099194221,0.0016671297582661,0.0009999999999998,-0.0009999999999998,0.0019999999999997,13464200.0,7190500.0,-6273700.0,1.7971390279407613,1.8019765941172377,20654700.0,6273700.0,-0.0001913568537366,-0.0149999999999999,0.0,1.7995,1.8,1.8,1.799,1.8,1409353.0,1409353.0,1.0,-17017.32953493297,19.0,1.0,1.0,1.0,4.999999999988347e-05,3.2398200500000014,0.0,62817.65,313801954337.0,71076.75,-2181000.0,978900.0,-3159900.0,-4125300.0,650800.0,-4776100.0,-2851900.0,3864700.0,-6716600.0,-1996600.0,951900.0,-2948500.0,-2309400.0,744200.0,-3053600.0,0.0939979088585614,0.1017067606147885
1044.0,20231026.0,2.0231026104357e+16,1.801,1.8,4185300.0,164400.0,1.802,1.799,1129800.0,2164500.0,1.803,1.798,877100.0,4291300.0,1.804,1.797,800700.0,1723900.0,1.805,1.796,356000.0,2413800.0,1.452,1.812,1.8,1.793,1.802,1.815,608133473.0,608133473.0,2.178,159915.0,2023-10-26 10:43:57,1.800037795710049,0.0005554012774228,0.0016662038322688,0.0010000000000001,-0.0010000000000001,0.0020000000000002,10757900.0,7348900.0,-3409000.0,1.797622770243263,1.8019130754262545,18106800.0,3409000.0,0.0001931168104101,-0.0149999999999999,0.0,1.8005,1.8,1.801,1.799,1.8,1523499.0,1523499.0,1.0,-80157.11415693164,3.0,17.0,4.0,4.0,4.999999999988347e-05,3.2401802500000008,0.0,62579.95,305856514469.0,88507.5,164400.0,-4185300.0,4349700.0,2164500.0,-1129800.0,3294300.0,4291300.0,-877100.0,5168400.0,1723900.0,-800700.0,2524600.0,2413800.0,-356000.0,2769800.0,0.093722230951058,0.0919838291089947
1045.0,20231026.0,2.0231026104457e+16,1.801,1.8,1837100.0,2588800.0,1.802,1.799,2505600.0,2557600.0,1.803,1.798,2527100.0,5050600.0,1.804,1.797,1240700.0,3146300.0,1.805,1.796,520200.0,1894500.0,1.452,1.812,1.8,1.793,1.802,1.815,614434583.0,614434583.0,2.178,159915.0,2023-10-26 10:44:57,1.8005849205811246,0.0005554012774228,0.0016662038322688,0.0010000000000001,-0.0010000000000001,0.0020000000000002,15237800.0,8630700.0,-6607100.0,1.79805249445458,1.802548275342672,23868500.0,6607100.0,0.0003039056954292,-0.0149999999999999,0.0,1.8005,1.801,1.802,1.8,1.8,6301110.0,6301110.0,1.0,-34248962.95379071,9.0,11.0,6.0,6.0,0.0005499999999998,3.24198075,0.0009999999999998,309652.5,17706485017448.0,128855.25,2424400.0,-2348200.0,4772600.0,393100.0,1375800.0,-982700.0,759300.0,1650000.0,-890700.0,1422400.0,440000.0,982400.0,-519300.0,164200.0,-683500.0,0.0765250538464343,0.0903354440347804
1046.0,20231026.0,2.0231026104557e+16,1.802,1.801,805300.0,887600.0,1.803,1.8,1673000.0,2087600.0,1.804,1.799,3246400.0,5772400.0,1.805,1.798,756100.0,4657300.0,1.806,1.797,473700.0,1637500.0,1.452,1.812,1.801,1.793,1.802,1.815,617066186.0,617066186.0,2.178,159915.0,2023-10-26 10:45:57,1.8015243074015004,0.0005550929780738,0.0016652789342214,0.0009999999999998,-0.0009999999999998,0.0019999999999997,15042400.0,6954500.0,-8087900.0,1.7987294647130778,1.8037727945934288,21996900.0,8087900.0,0.0005215759890756,-0.014,0.0009999999999998,1.8015,1.801,1.802,1.8,1.801,2631603.0,2631603.0,1.0,-34596.83616710454,16.0,4.0,5.0,5.0,9.9999999999989e-05,3.2432411,0.0,128067.15,2064582811175.0,55470.0,887600.0,-805300.0,1692900.0,2087600.0,-1673000.0,3760600.0,5772400.0,-3246400.0,9018800.0,4657300.0,-756100.0,5413400.0,1637500.0,-473700.0,2111200.0,0.0671740872532005,0.0834513221266087
1047.0,20231026.0,2.0231026104657e+16,1.801,1.8,683700.0,2151800.0,1.802,1.799,725000.0,3136200.0,1.803,1.798,3923900.0,5061800.0,1.804,1.797,1461700.0,1691500.0,1.805,1.796,574100.0,1427800.0,1.452,1.812,1.801,1.793,1.802,1.815,619178403.0,619178403.0,2.178,159915.0,2023-10-26 10:46:57,1.8007588785046729,0.0005554012774228,0.0016662038322688,0.0010000000000001,-0.0010000000000001,0.0020000000000002,13469100.0,7368400.0,-6100700.0,1.7982147656487812,1.8030702323435208,20837500.0,6100700.0,-0.0004249687594478,-0.014,0.0,1.8005,1.801,1.802,1.801,1.801,2112217.0,2112217.0,1.0,-144875.3301440179,6.0,14.0,4.0,4.0,0.0002999999999995,3.2446819000000007,0.0010000000000001,101646.35,943139245931.0,114719.75,-2151800.0,683700.0,-2835500.0,-3136200.0,725000.0,-3861200.0,-5061800.0,3923900.0,-8985700.0,-1691500.0,1461700.0,-3153200.0,-1427800.0,574100.0,-2001900.0,0.0632883672642014,0.08624864825174
1048.0,20231026.0,2.0231026104757e+16,1.801,1.8,114600.0,1562600.0,1.802,1.799,3271900.0,2665300.0,1.803,1.798,2040900.0,5033400.0,1.804,1.797,1041700.0,2143900.0,1.805,1.796,574100.0,1649400.0,1.452,1.812,1.8,1.793,1.802,1.815,620870538.0,620870538.0,2.178,159915.0,2023-10-26 10:47:57,1.8009316718340092,0.0005554012774228,0.0016662038322688,0.0010000000000001,-0.0010000000000001,0.0020000000000002,13054600.0,7043200.0,-6011400.0,1.7980266419499642,1.8028138346206268,20097800.0,6011400.0,9.595123570660392e-05,-0.0149999999999999,-0.0009999999999998,1.8005,1.801,1.802,1.8,1.8,1692135.0,1692135.0,1.0,-34546102.123653635,14.0,6.0,3.0,4.0,0.00015,3.24306115,0.0009999999999998,84606.75,518892210941.0,112600.0,-589200.0,-569100.0,-20100.0,-470900.0,2546900.0,-3017800.0,-28400.0,-1883000.0,1854600.0,452400.0,-420000.0,872400.0,221600.0,0.0,221600.0,0.063413274081027,0.0922384066231896
1049.0,20231026.0,2.0231026104857e+16,1.801,1.8,1538700.0,1125300.0,1.802,1.799,4546200.0,2109000.0,1.803,1.798,1660900.0,3635300.0,1.804,1.797,906700.0,2140400.0,1.805,1.796,404100.0,1786400.0,1.452,1.812,1.801,1.793,1.802,1.815,621574445.0,621574445.0,2.178,159915.0,2023-10-26 10:48:57,1.8004224099099098,0.0005554012774228,0.0016662038322688,0.0010000000000001,-0.0010000000000001,0.0020000000000002,10796400.0,9056600.0,-1739800.0,1.7978746248749584,1.8023475807698253,19853000.0,1739800.0,-0.0002828169160457,-0.014,0.0009999999999998,1.8005,1.8,1.801,1.8,1.801,703907.0,703907.0,1.0,34451558.739215165,10.0,10.0,4.0,3.0,0.0004999999999999,3.241800500000001,0.0009999999999998,34655.35,138528108283.0,22595.25,-437300.0,1424100.0,-1861400.0,-556300.0,1274300.0,-1830600.0,-1398100.0,-380000.0,-1018100.0,-3500.0,-135000.0,131500.0,137000.0,-170000.0,307000.0,0.0683521372744526,0.0955496963010806
1050.0,20231026.0,2.0231026104957e+16,1.801,1.8,268500.0,778800.0,1.802,1.799,3682900.0,2826800.0,1.803,1.798,1980900.0,6636900.0,1.804,1.797,760700.0,3164600.0,1.805,1.796,534100.0,1753900.0,1.452,1.812,1.801,1.793,1.802,1.815,625376386.0,625376386.0,2.178,159915.0,2023-10-26 10:49:57,1.8007436264680607,0.0005554012774228,0.0016662038322688,0.0010000000000001,-0.0010000000000001,0.0020000000000002,15161000.0,7227100.0,-7933900.0,1.7978490864718686,1.8026691619044983,22388100.0,7933900.0,0.0001783958616503,-0.014,0.0,1.8005,1.801,1.801,1.799,1.801,3801941.0,3801941.0,1.0,102321.52282050252,11.0,9.0,4.0,4.0,0.0004999999999999,3.2418006000000004,0.0009999999999998,190007.05,3824610859783.0,155189.5,-346500.0,-1270200.0,923700.0,717800.0,-863300.0,1581100.0,3001600.0,320000.0,2681600.0,1024200.0,-146000.0,1170200.0,-32500.0,130000.0,-162500.0,0.0737830186232362,0.0827137800177531
1051.0,20231026.0,2.0231026105057e+16,1.803,1.802,1883900.0,1378600.0,1.804,1.801,3396100.0,1266000.0,1.805,1.8,771100.0,1859400.0,1.806,1.799,455500.0,4975300.0,1.807,1.798,688400.0,4805200.0,1.452,1.812,1.802,1.793,1.802,1.815,628051497.0,628051497.0,2.178,159915.0,2023-10-26 10:50:57,1.8024225593869727,0.0005547850208043,0.0016643550624133,0.0010000000000001,-0.0010000000000001,0.0020000000000002,14284500.0,7195000.0,-7089500.0,1.7992605621477824,1.804258985406532,21479500.0,7089500.0,0.0009319209571919,-0.0129999999999999,0.0010000000000001,1.8025,1.8,1.802,1.8,1.802,2675111.0,2675111.0,1.0,69613756.39963871,10.0,10.0,2.0,0.0,0.0005499999999998,3.24198065,0.0009999999999998,110136.0,1919206974219.0,179350.0,1378600.0,-1883900.0,3262500.0,1266000.0,-3396100.0,4662100.0,1859400.0,-771100.0,2630500.0,4975300.0,-455500.0,5430800.0,4805200.0,-688400.0,5493600.0,0.0989221117904018,0.1062423884163021
1052.0,20231026.0,2.0231026105157e+16,1.804,1.803,836800.0,657400.0,1.805,1.802,1727400.0,2083100.0,1.806,1.801,3577400.0,3705600.0,1.807,1.8,1050000.0,2333500.0,1.808,1.799,1779700.0,1635300.0,1.452,1.812,1.804,1.793,1.802,1.815,630405950.0,630405950.0,2.178,159915.0,2023-10-26 10:51:57,1.8034399678757864,0.0005544774050458,0.0016634322151371,0.0009999999999998,-0.0009999999999998,0.0019999999999997,10414900.0,8971300.0,-1443600.0,1.8007881688734408,1.8061346961978757,19386200.0,1443600.0,0.0005643079890704,-0.0109999999999998,0.002,1.8035,1.802,1.804,1.802,1.804,2354453.0,2354453.0,1.0,69749041.13066673,16.0,4.0,3.0,1.0,0.0002500000000005,3.253514349999999,0.0,112490.65,1158934099117.0,81285.5,657400.0,-836800.0,1494200.0,2083100.0,-1727400.0,3810500.0,3705600.0,-3577400.0,7283000.0,2333500.0,-1050000.0,3383500.0,1635300.0,-1779700.0,3415000.0,0.106885850978704,0.1088739481250593
1053.0,20231026.0,2.0231026105257e+16,1.802,1.801,1460300.0,422800.0,1.803,1.8,1909200.0,1204200.0,1.804,1.799,2401200.0,3262600.0,1.805,1.798,1227100.0,3810800.0,1.806,1.797,351900.0,1991000.0,1.452,1.812,1.801,1.793,1.802,1.815,632654323.0,632654323.0,2.178,159915.0,2023-10-26 10:52:57,1.8012245233922786,0.0005550929780738,0.0016652789342214,0.0009999999999998,-0.0009999999999998,0.0019999999999997,10691400.0,7349700.0,-3341700.0,1.7984628392913933,1.803605575737785,18041100.0,3341700.0,-0.0012292099682663,-0.014,-0.0030000000000001,1.8015,1.804,1.804,1.801,1.801,2248373.0,2248373.0,1.0,-105260865.68707776,3.0,17.0,2.0,5.0,5.000000000010552e-05,3.24738465,0.0,110346.65,2006657159455.0,28070.0,-422800.0,1460300.0,-1883100.0,-1204200.0,1909200.0,-3113400.0,-3262600.0,2401200.0,-5663800.0,-3810800.0,1227100.0,-5037900.0,-1991000.0,351900.0,-2342900.0,0.1255865189502937,0.1186299806246911
1054.0,20231026.0,2.0231026105357e+16,1.803,1.802,1447500.0,349300.0,1.804,1.801,2923600.0,1960700.0,1.805,1.8,2269800.0,4285200.0,1.806,1.799,563000.0,3235300.0,1.807,1.798,693700.0,3623000.0,1.452,1.812,1.803,1.793,1.802,1.815,634234990.0,634234990.0,2.178,159915.0,2023-10-26 10:53:57,1.8021944011576132,0.0005547850208043,0.0016643550624133,0.0010000000000001,-0.0010000000000001,0.0020000000000002,13453500.0,7897600.0,-5555900.0,1.7994185899580035,1.8045102056320907,21351100.0,5555900.0,0.0005383097602934,-0.012,0.002,1.8025,1.801,1.803,1.801,1.803,1580667.0,1580667.0,1.0,70269623.86406958,11.0,9.0,3.0,1.0,0.0005,3.2457629000000003,0.0010000000000001,78943.35,952337167693.0,21481.0,349300.0,-1447500.0,1796800.0,1960700.0,-2923600.0,4884300.0,4285200.0,-2269800.0,6555000.0,3235300.0,-563000.0,3798300.0,3623000.0,-693700.0,4316700.0,0.1266412365274111,0.1204954518544952
0.0,0.0,0.0,0.0,0.0,0.0,0.0,0.0,0.0,0.0,0.0,0.0,0.0,0.0,0.0,0.0,0.0,0.0,0.0,0.0,0.0,0.0,0.0,0.0,0.0,0.0,0.0,0.0,0.0,0.0,0.0,0.0,0.0,0.0,0.0,0.0,0.0,0.0,0.0,0.0,0.0,0.0,0.0,0.0,0.0,0.0,0.0,0.0,0.0,0.0,0.0,0.0,0.0,0.0,0.0,0.0,0.0,0.0,0.0,0.0,0.0,0.0,0.0,0.0,0.0,0.0,0.0,0.0,0.0,0.0,0.0,0.0,0.0,0.0,0.0,0.0,0.0,0.0,0.0,0.0,0.0,0.0,0.0,0.0,0.0,0.0
1056.0,20231026.0,2.0231026105557e+16,1.802,1.801,949300.0,1038600.0,1.803,1.8,2610800.0,1880300.0,1.804,1.799,3232500.0,3482100.0,1.805,1.798,797200.0,3950000.0,1.806,1.797,430900.0,1341800.0,1.452,1.812,1.802,1.793,1.802,1.815,636055244.0,636055244.0,2.178,159915.0,2023-10-26 10:55:57,1.8015224608883744,0.0005550929780738,0.0016652789342214,0.0009999999999998,-0.0009999999999998,0.0019999999999997,11692800.0,8020700.0,-3672100.0,1.7987711326628353,1.8036446195469225,19713500.0,3672100.0,-0.0002819576497922,-0.0129999999999999,0.0,1.8015,1.802,1.803,1.802,1.802,648218.0,648218.0,1.0,-52089.18099873513,8.0,12.0,1.0,1.0,0.0003999999999999,3.248646,0.0009999999999998,30788.9,236412874764.0,12035.0,-1038600.0,949300.0,-1987900.0,-1880300.0,2610800.0,-4491100.0,-3482100.0,3232500.0,-6714600.0,-3950000.0,797200.0,-4747200.0,-1341800.0,430900.0,-1772700.0,0.1100760509698973,0.0999637442762438
1057.0,20231026.0,2.0231026105657e+16,1.802,1.801,1717900.0,1288700.0,1.803,1.8,3824600.0,1903800.0,1.804,1.799,1140800.0,3134100.0,1.805,1.798,748300.0,4100000.0,1.806,1.797,491500.0,1425000.0,1.452,1.812,1.801,1.793,1.802,1.815,636334274.0,636334274.0,2.178,159915.0,2023-10-26 10:56:57,1.8014286236945387,0.0005550929780738,0.0016652789342214,0.0009999999999998,-0.0009999999999998,0.0019999999999997,11851600.0,7923100.0,-3928500.0,1.7987916905734245,1.8033021544597445,19774700.0,3928500.0,-5.20890745693281e-05,-0.014,-0.0010000000000001,1.8015,1.802,1.802,1.801,1.801,279030.0,279030.0,1.0,-35369133.952346385,11.0,9.0,2.0,3.0,0.00045,3.24558265,0.0010000000000001,13411.0,20610705766.0,9548.75,250100.0,768600.0,-518500.0,23500.0,1213800.0,-1190300.0,-348000.0,-2091700.0,1743700.0,150000.0,-48900.0,198900.0,83200.0,60600.0,22600.0,0.1020781551297132,0.0910534515287712
1058.0,20231026.0,2.0231026105757e+16,1.801,1.8,325600.0,1557300.0,1.802,1.799,2349600.0,2741300.0,1.803,1.798,2828400.0,4808500.0,1.804,1.797,1202400.0,2058000.0,1.805,1.796,616300.0,1783600.0,1.452,1.812,1.8,1.793,1.802,1.815,638922040.0,638922040.0,2.178,159915.0,2023-10-26 10:57:57,1.8008270752562536,0.0005554012774228,0.0016662038322688,0.0010000000000001,-0.0010000000000001,0.0020000000000002,12948700.0,7322300.0,-5626400.0,1.7980178164603398,1.8029227291971104,20271000.0,5626400.0,-0.0003339843110259,-0.0149999999999999,-0.0009999999999998,1.8005,1.801,1.801,1.8,1.8,2587766.0,2587766.0,1.0,-35528750.45221399,12.0,8.0,2.0,3.0,0.0004000000000001,3.2421606,0.0009999999999998,128307.8,2733088452092.0,33583.5,-1557300.0,325600.0,-1882900.0,-2741300.0,2349600.0,-5090900.0,-4808500.0,2828400.0,-7636900.0,-2058000.0,1202400.0,-3260400.0,-1783600.0,616300.0,-2399900.0,0.079591195506967,0.0717247582367043
1059.0,20231026.0,2.0231026105857e+16,1.801,1.8,1764100.0,8800.0,1.802,1.799,4265600.0,2173000.0,1.803,1.798,1030000.0,3467900.0,1.804,1.797,861300.0,1767500.0,1.805,1.796,445300.0,2580700.0,1.452,1.812,1.8,1.793,1.802,1.815,640902114.0,640902114.0,2.178,159915.0,2023-10-26 10:58:57,1.8000049636189293,0.0005554012774228,0.0016662038322688,0.0010000000000001,-0.0010000000000001,0.0020000000000002,9997900.0,8366300.0,-1631600.0,1.7975260704747995,1.8022778289088368,18364200.0,1631600.0,-0.0004566231597216,-0.0149999999999999,0.0,1.8005,1.801,1.801,1.8,1.8,1980074.0,1980074.0,1.0,-35645140.57180802,5.0,15.0,3.0,4.0,0.00025,3.24090025,0.00025,80548.7,1080021223626.0,42794.75,-1548500.0,1438500.0,-2987000.0,-568300.0,1916000.0,-2484300.0,-1340600.0,-1798400.0,457800.0,-290500.0,-341100.0,50600.0,797100.0,-171000.0,968100.0,0.0726545529514832,0.0629761942968994
1100.0,20231026.0,2.0231026105957e+16,1.8,1.799,1464300.0,1344300.0,1.801,1.798,2057100.0,3915900.0,1.802,1.797,3000800.0,2966100.0,1.803,1.796,831500.0,2496900.0,1.804,1.795,729300.0,2445800.0,1.452,1.812,1.799,1.793,1.802,1.815,641349811.0,641349811.0,2.178,159915.0,2023-10-26 10:59:57,1.7994786370433666,0.0005557099194221,0.0016671297582661,0.0009999999999998,-0.0009999999999998,0.0019999999999997,13169000.0,8083000.0,-5086000.0,1.796940466246488,1.801666509959173,21252000.0,5086000.0,-0.0002924456048177,-0.016,-0.0010000000000001,1.7995,1.8,1.8,1.799,1.799,447697.0,447697.0,1.0,-35678757.59366715,13.0,7.0,2.0,3.0,0.0003499999999998,3.2387403500000005,0.0010000000000001,20429.0,22404192799.0,36838.75,-1344300.0,1464300.0,-2808600.0,-3915900.0,2057100.0,-5973000.0,-2966100.0,3000800.0,-5966900.0,-2496900.0,831500.0,-3328400.0,-2445800.0,729300.0,-3175100.0,0.0804079618849906,0.0674751966576718
1101.0,20231026.0,2.0231026110057e+16,1.8,1.799,1803000.0,1417400.0,1.801,1.798,3521000.0,4258200.0,1.802,1.797,1460800.0,3023400.0,1.803,1.796,795900.0,2088000.0,1.804,1.795,729300.0,2788900.0,1.452,1.812,1.799,1.793,1.802,1.815,641789345.0,641789345.0,2.178,159915.0,2023-10-26 11:00:57,1.7994401316606632,0.0005557099194221,0.0016671297582661,0.0009999999999998,-0.0009999999999998,0.0019999999999997,13575900.0,8310000.0,-5265900.0,1.7969578075855008,1.8014136582430806,21885900.0,5265900.0,-2.1398306091158226e-05,-0.016,0.0,1.7995,1.799,1.8,1.799,1.799,439534.0,439534.0,1.0,-52402.67441789806,8.0,12.0,2.0,2.0,0.0003999999999999,3.2378406000000006,0.0010000000000001,21976.7,23609983662.0,35845.5,73100.0,338700.0,-265600.0,342300.0,1463900.0,-1121600.0,57300.0,-1540000.0,1597300.0,-408900.0,-35600.0,-373300.0,343100.0,0.0,343100.0,0.061695410792951,0.0557314593999094
1102.0,20231026.0,2.0231026110157e+16,1.8,1.799,2830500.0,293572.0,1.801,1.798,2612300.0,4210300.0,1.802,1.797,1544800.0,1511800.0,1.803,1.796,796400.0,2276900.0,1.804,1.795,629300.0,3430500.0,1.452,1.812,1.799,1.793,1.802,1.815,644305146.0,644305146.0,2.178,159915.0,2023-10-26 11:01:57,1.799093970945612,0.0005557099194221,0.0016671297582661,0.0009999999999998,-0.0009999999999998,0.0019999999999997,11723072.0,8413300.0,-3309772.0,1.7966297509731235,1.8012608964377832,20136372.0,3309772.0,-0.0001923898488932,-0.016,0.0,1.7995,1.8,1.8,1.799,1.799,2515801.0,2515801.0,1.0,-35839781.35134117,7.0,13.0,5.0,6.0,0.0003499999999998,3.23766065,0.0010000000000001,104648.55,1544656068223.0,77213.25,-1123828.0,1027500.0,-2151328.0,-47900.0,-908700.0,860800.0,-1511600.0,84000.0,-1595600.0,188900.0,500.0,188400.0,641600.0,-100000.0,741600.0,0.0654451342816726,0.0579115971534075
0.0,0.0,0.0,0.0,0.0,0.0,0.0,0.0,0.0,0.0,0.0,0.0,0.0,0.0,0.0,0.0,0.0,0.0,0.0,0.0,0.0,0.0,0.0,0.0,0.0,0.0,0.0,0.0,0.0,0.0,0.0,0.0,0.0,0.0,0.0,0.0,0.0,0.0,0.0,0.0,0.0,0.0,0.0,0.0,0.0,0.0,0.0,0.0,0.0,0.0,0.0,0.0,0.0,0.0,0.0,0.0,0.0,0.0,0.0,0.0,0.0,0.0,0.0,0.0,0.0,0.0,0.0,0.0,0.0,0.0,0.0,0.0,0.0,0.0,0.0,0.0,0.0,0.0,0.0,0.0,0.0,0.0,0.0,0.0,0.0,0.0
1104.0,20231026.0,2.0231026110357e+16,1.799,1.798,3581200.0,1443800.0,1.8,1.797,1297400.0,2087000.0,1.801,1.796,828900.0,2214400.0,1.802,1.795,1162500.0,3038000.0,1.803,1.794,633700.0,2083500.0,1.452,1.812,1.798,1.793,1.802,1.815,648907181.0,648907181.0,2.178,159915.0,2023-10-26 11:03:57,1.7982873233830847,0.0005560189046426,0.0016680567139283,0.0010000000000001,-0.0010000000000001,0.0020000000000002,10866700.0,7503700.0,-3363000.0,1.7957947490958617,1.8001964097711796,18370400.0,3363000.0,-0.0002967711433492,-0.0169999999999999,-0.0009999999999998,1.7985,1.798,1.799,1.798,1.798,3473971.0,3473971.0,1.0,-155200.76099004596,10.0,10.0,4.0,4.0,0.0004999999999999,3.2346025000000003,0.0009999999999998,166596.55,3024005898023.0,121228.5,-2596500.0,2700800.0,-5297300.0,-571800.0,-2030400.0,1458600.0,-1139800.0,-299000.0,-840800.0,-223300.0,-318000.0,94700.0,447000.0,29200.0,417800.0,0.0560375519993831,0.051215203914547
1105.0,20231026.0,2.0231026110457e+16,1.798,1.797,2457200.0,1262600.0,1.799,1.796,4417900.0,2803500.0,1.8,1.795,946500.0,3074500.0,1.801,1.794,485600.0,1809500.0,1.802,1.793,971500.0,4230300.0,1.452,1.812,1.797,1.793,1.802,1.815,652915534.0,652915534.0,2.178,159915.0,2023-10-26 11:04:57,1.7973394268509058,0.0005563282336579,0.0016689847009735,0.0009999999999998,-0.0009999999999998,0.0019999999999997,13180400.0,9278700.0,-3901700.0,1.794625094837789,1.799255962580965,22459100.0,3901700.0,-0.000527249695245,-0.018,-0.0010000000000001,1.7975,1.798,1.798,1.797,1.797,4008353.0,4008353.0,1.0,-36326469.59489183,14.0,6.0,2.0,3.0,0.0002999999999997,3.2317255000000005,0.0010000000000001,161692.15,7113762081499.0,88738.75,-1262600.0,2457200.0,-3719800.0,-2803500.0,4417900.0,-7221400.0,-3074500.0,946500.0,-4021000.0,-1809500.0,485600.0,-2295100.0,-4230300.0,971500.0,-5201800.0,0.066146092634947,0.0550285620117338
1106.0,20231026.0,2.0231026110557e+16,1.797,1.796,674600.0,2649600.0,1.798,1.795,5106500.0,3835600.0,1.799,1.794,1903300.0,3221300.0,1.8,1.793,924600.0,4419500.0,1.801,1.792,283600.0,3891800.0,1.452,1.812,1.796,1.793,1.802,1.815,656688653.0,656688653.0,2.178,159915.0,2023-10-26 11:05:57,1.7967970639552375,0.0005566379070414,0.0016699137211244,0.0010000000000001,-0.0010000000000001,0.0020000000000002,18017800.0,8892600.0,-9125200.0,1.7938297072894582,1.7984417943008797,26910400.0,9125200.0,-0.0003018042866053,-0.0189999999999999,-0.0009999999999998,1.7965,1.797,1.798,1.796,1.796,3773119.0,3773119.0,1.0,-36590588.74277978,6.0,14.0,1.0,2.0,0.0001500000000003,3.22974855,0.0010000000000001,172662.95,5061619376221.0,117015.75,-2649600.0,674600.0,-3324200.0,-3835600.0,5106500.0,-8942100.0,-3221300.0,1903300.0,-5124600.0,-4419500.0,924600.0,-5344100.0,-3891800.0,283600.0,-4175400.0,0.071756759272634,0.0591236053297347
1107.0,20231026.0,2.0231026110657e+16,1.797,1.796,598600.0,1965000.0,1.798,1.795,4727500.0,4094500.0,1.799,1.794,2435500.0,2189400.0,1.8,1.793,878800.0,4656200.0,1.801,1.792,285400.0,3881800.0,1.452,1.812,1.797,1.793,1.802,1.815,658255566.0,658255566.0,2.178,159915.0,2023-10-26 11:06:57,1.7967665002340458,0.0005566379070414,0.0016699137211244,0.0010000000000001,-0.0010000000000001,0.0020000000000002,16786900.0,8925800.0,-7861100.0,1.7937381708355922,1.7984986331757378,25712700.0,7861100.0,-1.7010257726934874e-05,-0.018,0.0009999999999998,1.7965,1.797,1.797,1.796,1.797,1566913.0,1566913.0,1.0,-98490.1867811978,10.0,10.0,6.0,6.0,0.0004999999999999,3.2274125000000007,0.0009999999999998,74572.65,491833102283.0,65298.5,-684600.0,-76000.0,-608600.0,258900.0,-379000.0,637900.0,-1031900.0,532200.0,-1564100.0,236700.0,-45800.0,282500.0,-10000.0,1800.0,-11800.0,0.0651637602101219,0.0544650245946672
1108.0,20231026.0,2.0231026110757e+16,1.798,1.797,1688600.0,309000.0,1.799,1.796,4130400.0,2785200.0,1.8,1.795,1519000.0,4915800.0,1.801,1.794,593600.0,4209900.0,1.802,1.793,457900.0,5028200.0,1.452,1.812,1.798,1.793,1.802,1.815,660632359.0,660632359.0,2.178,159915.0,2023-10-26 11:07:57,1.7971546856227472,0.0005563282336579,0.0016689847009735,0.0009999999999998,-0.0009999999999998,0.0019999999999997,17248100.0,8389500.0,-8858600.0,1.7943701857016134,1.79928503486501,25637600.0,8858600.0,0.0002160233183401,-0.0169999999999999,0.0010000000000001,1.7975,1.796,1.798,1.796,1.798,2376793.0,2376793.0,1.0,73345852.2785801,16.0,4.0,5.0,3.0,4.999999999966143e-05,3.22902965,0.0,92258.65,909249266685.0,80199.5,309000.0,-1688600.0,1997600.0,2785200.0,-4130400.0,6915600.0,4915800.0,-1519000.0,6434800.0,4209900.0,-593600.0,4803500.0,5028200.0,-457900.0,5486100.0,0.0676829116437894,0.0566677348785624
1109.0,20231026.0,2.0231026110857e+16,1.797,1.796,1479900.0,3055700.0,1.798,1.795,3506100.0,4077400.0,1.799,1.794,2971800.0,4297600.0,1.8,1.793,1069700.0,5336500.0,1.801,1.792,381800.0,4087000.0,1.452,1.812,1.796,1.793,1.802,1.815,662747420.0,662747420.0,2.178,159915.0,2023-10-26 11:08:57,1.7966737146132814,0.0005566379070414,0.0016699137211244,0.0010000000000001,-0.0010000000000001,0.0020000000000002,20854200.0,9409300.0,-11444900.0,1.793840717936914,1.7985076573177603,30263500.0,11444900.0,-0.0002676649849534,-0.0189999999999999,-0.002,1.7965,1.798,1.798,1.796,1.796,2115061.0,2115061.0,1.0,-73744001.69005388,15.0,5.0,2.0,4.0,0.0001999999999999,3.2284904999999995,0.00025,87338.55,861038021005.0,79584.0,-3055700.0,1479900.0,-4535600.0,-4077400.0,3506100.0,-7583500.0,-4297600.0,2971800.0,-7269400.0,-5336500.0,1069700.0,-6406200.0,-4087000.0,381800.0,-4468800.0,0.0587264404365622,0.0541043351876447
1110.0,20231026.0,2.0231026110957e+16,1.798,1.797,1020800.0,1190200.0,1.799,1.796,2899700.0,2845500.0,1.8,1.795,2781000.0,6660200.0,1.801,1.794,510300.0,3189400.0,1.802,1.793,668700.0,4200900.0,1.452,1.812,1.798,1.793,1.802,1.815,664704527.0,664704527.0,2.178,159915.0,2023-10-26 11:09:57,1.7975383084577117,0.0005563282336579,0.0016689847009735,0.0009999999999998,-0.0009999999999998,0.0019999999999997,18086200.0,7880500.0,-10205700.0,1.7946480576351032,1.7996074360763912,25966700.0,10205700.0,0.0004811034271527,-0.0169999999999999,0.002,1.7975,1.797,1.798,1.797,1.798,1957107.0,1957107.0,1.0,36917594.82427868,7.0,13.0,3.0,2.0,0.0003499999999998,3.23046725,0.0010000000000001,86617.85,493876149481.0,164313.0,1190200.0,-1020800.0,2211000.0,2845500.0,-2899700.0,5745200.0,6660200.0,-2781000.0,9441200.0,3189400.0,-510300.0,3699700.0,4200900.0,-668700.0,4869600.0,0.0592760055215865,0.0536189302650708
1111.0,20231026.0,2.0231026111057e+16,1.798,1.797,2026100.0,1870600.0,1.799,1.796,2107100.0,2821600.0,1.8,1.795,3181000.0,6628500.0,1.801,1.794,550300.0,3160000.0,1.802,1.793,608700.0,4303500.0,1.452,1.812,1.798,1.793,1.802,1.815,665162424.0,665162424.0,2.178,159915.0,2023-10-26 11:10:57,1.797480047219442,0.0005563282336579,0.0016689847009735,0.0009999999999998,-0.0009999999999998,0.0019999999999997,18784200.0,8473200.0,-10311000.0,1.7947229480094973,1.7994817070292215,27257400.0,10311000.0,-3.241220628680264e-05,-0.0169999999999999,0.0,1.7975,1.798,1.798,1.797,1.798,457897.0,457897.0,1.0,-73523.73864363134,14.0,6.0,4.0,4.0,0.0003000000000004,3.2317255,0.0010000000000001,13996.85,25449814103.0,22924.25,680400.0,1005300.0,-324900.0,-23900.0,-792600.0,768700.0,-31700.0,400000.0,-431700.0,-29400.0,40000.0,-69400.0,102600.0,-60000.0,162600.0,0.0568559923568033,0.0468265386700786
0.0,0.0,0.0,0.0,0.0,0.0,0.0,0.0,0.0,0.0,0.0,0.0,0.0,0.0,0.0,0.0,0.0,0.0,0.0,0.0,0.0,0.0,0.0,0.0,0.0,0.0,0.0,0.0,0.0,0.0,0.0,0.0,0.0,0.0,0.0,0.0,0.0,0.0,0.0,0.0,0.0,0.0,0.0,0.0,0.0,0.0,0.0,0.0,0.0,0.0,0.0,0.0,0.0,0.0,0.0,0.0,0.0,0.0,0.0,0.0,0.0,0.0,0.0,0.0,0.0,0.0,0.0,0.0,0.0,0.0,0.0,0.0,0.0,0.0,0.0,0.0,0.0,0.0,0.0,0.0,0.0,0.0,0.0,0.0,0.0,0.0
1113.0,20231026.0,2.0231026111257e+16,1.798,1.797,339300.0,2193600.0,1.799,1.796,3389100.0,3000700.0,1.8,1.795,2333900.0,6173100.0,1.801,1.794,444900.0,3170800.0,1.802,1.793,718300.0,4424900.0,1.452,1.812,1.797,1.793,1.802,1.815,669808238.0,669808238.0,2.178,159915.0,2023-10-26 11:12:57,1.7978660428757551,0.0005563282336579,0.0016689847009735,0.0009999999999998,-0.0009999999999998,0.0019999999999997,18963100.0,7225500.0,-11737600.0,1.7947556992263922,1.7996974327036193,26188600.0,11737600.0,-5.02435439538873e-05,-0.018,0.0,1.7975,1.798,1.798,1.797,1.797,3063546.0,3063546.0,1.0,-37240278.62867276,15.0,5.0,4.0,5.0,0.00025,3.2319052500000005,0.00025,141670.3,4416532604482.0,72423.0,-551200.0,214100.0,-765300.0,-220000.0,2487300.0,-2707300.0,-594100.0,-1722200.0,1128100.0,219300.0,-460000.0,679300.0,224300.0,0.0,224300.0,0.0599543471177,0.0525627345641072
1114.0,20231026.0,2.0231026111357e+16,1.798,1.797,1138700.0,1488100.0,1.799,1.796,3835900.0,2885600.0,1.8,1.795,1528100.0,4249900.0,1.801,1.794,514900.0,2229500.0,1.802,1.793,648800.0,4339400.0,1.452,1.812,1.798,1.793,1.802,1.815,672093470.0,672093470.0,2.178,159915.0,2023-10-26 11:13:57,1.7975665067763058,0.0005563282336579,0.0016689847009735,0.0009999999999998,-0.0009999999999998,0.0019999999999997,15192500.0,7666400.0,-7526100.0,1.7946678295211451,1.7994390065741417,22858900.0,7526100.0,-0.000166620341784,-0.0169999999999999,0.0010000000000001,1.7975,1.798,1.798,1.797,1.798,2285232.0,2285232.0,1.0,-19101.25737928599,19.0,1.0,1.0,1.0,4.999999999988347e-05,3.2326242500000006,0.0,114261.6,1862970846820.0,54164.75,-705500.0,799400.0,-1504900.0,-115100.0,446800.0,-561900.0,-1923200.0,-805800.0,-1117400.0,-941300.0,70000.0,-1011300.0,-85500.0,-69500.0,-16000.0,0.0511845527020653,0.0479492592928677
1115.0,20231026.0,2.0231026111457e+16,1.798,1.797,486800.0,1922700.0,1.799,1.796,2139800.0,3341600.0,1.8,1.795,3408100.0,6130100.0,1.801,1.794,734800.0,3299500.0,1.802,1.793,718800.0,4335400.0,1.452,1.812,1.798,1.793,1.802,1.815,675133295.0,675133295.0,2.178,159915.0,2023-10-26 11:14:57,1.7977979663830672,0.0005563282336579,0.0016689847009735,0.0009999999999998,-0.0009999999999998,0.0019999999999997,19029300.0,7488300.0,-11541000.0,1.794748634999711,1.7998743372995205,26517600.0,11541000.0,0.0001287544608113,-0.0169999999999999,0.0,1.7975,1.798,1.798,1.797,1.798,3039825.0,3039825.0,1.0,-40223.034342862666,10.0,10.0,3.0,3.0,0.0005,3.2310065000000003,0.0010000000000001,142104.75,2299620255415.0,41511.5,434600.0,-651900.0,1086500.0,456000.0,-1696100.0,2152100.0,1880200.0,1880000.0,200.0,1070000.0,219900.0,850100.0,-4000.0,70000.0,-74000.0,0.0499991847196722,0.0481550157115041
1116.0,20231026.0,2.0231026111557e+16,1.8,1.799,631100.0,639500.0,1.801,1.798,4191300.0,1857300.0,1.802,1.797,2271600.0,4508000.0,1.803,1.796,836500.0,3816200.0,1.804,1.795,679500.0,3159700.0,1.452,1.812,1.8,1.793,1.802,1.815,679128823.0,679128823.0,2.178,159915.0,2023-10-26 11:15:57,1.7995033055249487,0.0005557099194221,0.0016671297582661,0.0009999999999998,-0.0009999999999998,0.0019999999999997,13980700.0,8610000.0,-5370700.0,1.7964993598317682,1.8016216027874563,22590700.0,5370700.0,0.0009481214614677,-0.0149999999999999,0.002,1.7995,1.798,1.8,1.798,1.8,3995528.0,3995528.0,1.0,75265055.91628072,11.0,9.0,5.0,3.0,0.00065,3.237661050000001,0.0010000000000001,194378.9,4253781378378.0,113849.75,639500.0,-631100.0,1270600.0,1857300.0,-4191300.0,6048600.0,4508000.0,-2271600.0,6779600.0,3816200.0,-836500.0,4652700.0,3159700.0,-679500.0,3839200.0,0.0702012546907126,0.0615507651660522
1117.0,20231026.0,2.0231026111657e+16,1.8,1.799,886900.0,748800.0,1.801,1.798,3792800.0,2541000.0,1.802,1.797,2351600.0,3284300.0,1.803,1.796,739800.0,3125600.0,1.804,1.795,509500.0,3261500.0,1.452,1.812,1.8,1.793,1.802,1.815,679423842.0,679423842.0,2.178,159915.0,2023-10-26 11:16:57,1.7994577856575165,0.0005557099194221,0.0016671297582661,0.0009999999999998,-0.0009999999999998,0.0019999999999997,12961200.0,8280600.0,-4680600.0,1.7965671697065089,1.801540154095114,21241800.0,4680600.0,-2.529611534074494e-05,-0.0149999999999999,0.0,1.7995,1.8,1.8,1.799,1.8,295019.0,295019.0,1.0,-18799.74374652654,19.0,1.0,1.0,1.0,4.999999999988347e-05,3.2398200500000014,0.0,12680.95,14854442041.0,11790.0,109300.0,255800.0,-146500.0,683700.0,-398500.0,1082200.0,-1223700.0,80000.0,-1303700.0,-690600.0,-96700.0,-593900.0,101800.0,-170000.0,271800.0,0.069826472408788,0.0599844825557404
1118.0,20231026.0,2.0231026111757e+16,1.8,1.799,2066700.0,1843400.0,1.801,1.798,4738200.0,1883100.0,1.802,1.797,1192600.0,3504600.0,1.803,1.796,728500.0,3278300.0,1.804,1.795,518900.0,3282800.0,1.452,1.812,1.8,1.793,1.802,1.815,679652910.0,679652910.0,2.178,159915.0,2023-10-26 11:17:57,1.7994714457430756,0.0005557099194221,0.0016671297582661,0.0009999999999998,-0.0009999999999998,0.0019999999999997,13792200.0,9244900.0,-4547300.0,1.796690114702513,1.8012314357105,23037100.0,4547300.0,7.591194314149341e-06,-0.0149999999999999,0.0,1.7995,1.8,1.8,1.799,1.8,229068.0,229068.0,1.0,-20786.373355574902,19.0,1.0,1.0,1.0,4.999999999988347e-05,3.23982005,0.0,11453.4,13957521986.0,7740.0,1094600.0,1179800.0,-85200.0,-657900.0,945400.0,-1603300.0,220300.0,-1159000.0,1379300.0,152700.0,-11300.0,164000.0,21300.0,9400.0,11900.0,0.0665484291898944,0.0574475925252922
1119.0,20231026.0,2.0231026111857e+16,1.799,1.798,3951000.0,228900.0,1.8,1.797,3324200.0,816900.0,1.801,1.796,792700.0,2676200.0,1.802,1.795,708200.0,3731600.0,1.803,1.794,531500.0,2649500.0,1.452,1.812,1.798,1.793,1.802,1.815,685484308.0,685484308.0,2.178,159915.0,2023-10-26 11:18:57,1.7980547620756475,0.0005560189046426,0.0016680567139283,0.0010000000000001,-0.0010000000000001,0.0020000000000002,10103100.0,9307600.0,-795500.0,1.7952323247320128,1.7999841634793077,19410700.0,795500.0,-0.0007875877249088,-0.0169999999999999,-0.002,1.7985,1.8,1.8,1.798,1.798,5831398.0,5831398.0,1.0,-76131155.0412285,13.0,7.0,3.0,5.0,0.0002499999999998,3.2355019500000006,0.0009999999999998,288511.4,6663867849116.0,410125.25,-228900.0,3951000.0,-4179900.0,-816900.0,3324200.0,-4141100.0,-2676200.0,792700.0,-3468900.0,-3731600.0,708200.0,-4439800.0,-2649500.0,531500.0,-3181000.0,0.0860877448490763,0.0771949587757424
1120.0,20231026.0,2.0231026111957e+16,1.799,1.798,4221600.0,171600.0,1.8,1.797,4315000.0,1565100.0,1.801,1.796,826600.0,3473200.0,1.802,1.795,710900.0,6323800.0,1.803,1.794,431500.0,3322500.0,1.452,1.812,1.798,1.793,1.802,1.815,687235121.0,687235121.0,2.178,159915.0,2023-10-26 11:19:57,1.7980390603660203,0.0005560189046426,0.0016680567139283,0.0010000000000001,-0.0010000000000001,0.0020000000000002,14856200.0,10505600.0,-4350600.0,1.795255496021863,1.7999353963600362,25361800.0,4350600.0,-8.732647368447921e-06,-0.0169999999999999,0.0,1.7985,1.798,1.799,1.798,1.798,1750813.0,1750813.0,1.0,-52315.45887251943,4.0,16.0,2.0,2.0,0.0002000000000002,3.2335234000000006,0.0,86282.15,793350238143.0,56097.75,-57300.0,270600.0,-327900.0,748200.0,990800.0,-242600.0,797000.0,33900.0,763100.0,2592200.0,2700.0,2589500.0,673000.0,-100000.0,773000.0,0.0941549615951163,0.0833578521451964
1121.0,20231026.0,2.0231026112057e+16,1.799,1.798,2030800.0,574400.0,1.8,1.797,5122500.0,1567800.0,1.801,1.796,846100.0,3428500.0,1.802,1.795,788100.0,5371800.0,1.803,1.794,431500.0,2328200.0,1.452,1.812,1.798,1.793,1.802,1.815,687364055.0,687364055.0,2.178,159915.0,2023-10-26 11:20:57,1.7982204821126977,0.0005560189046426,0.0016680567139283,0.0010000000000001,-0.0010000000000001,0.0020000000000002,13270700.0,9219000.0,-4051700.0,1.7954490418742042,1.8001828831760494,22489700.0,4051700.0,0.0001008946905463,-0.0169999999999999,0.0,1.7985,1.798,1.799,1.798,1.798,128934.0,128934.0,1.0,-24038.031696006656,4.0,16.0,1.0,1.0,0.0001999999999999,3.2335234000000006,0.0,6446.7,4634819762.0,1887.75,402800.0,-2190800.0,2593600.0,2700.0,807500.0,-804800.0,-44700.0,19500.0,-64200.0,-952000.0,77200.0,-1029200.0,-994300.0,0.0,-994300.0,0.0772293114880045,0.0712677682819192
1122.0,20231026.0,2.0231026112157e+16,1.799,1.798,1027200.0,1250900.0,1.8,1.797,5404100.0,1907600.0,1.801,1.796,1344200.0,3713600.0,1.802,1.795,714100.0,5035200.0,1.803,1.794,431600.0,2057700.0,1.452,1.812,1.799,1.793,1.802,1.815,688652389.0,688652389.0,2.178,159915.0,2023-10-26 11:21:57,1.7985490979324876,0.0005560189046426,0.0016680567139283,0.0010000000000001,-0.0010000000000001,0.0020000000000002,13965000.0,8921200.0,-5043800.0,1.7956604940923742,1.8003407613325562,22886200.0,5043800.0,0.0001827283140557,-0.016,0.0009999999999998,1.7985,1.798,1.799,1.798,1.799,1288334.0,1288334.0,1.0,38198677.40364547,6.0,14.0,3.0,2.0,0.0002999999999999,3.233883100000001,0.0009999999999998,61851.5,343589723486.0,78718.0,676500.0,-1003600.0,1680100.0,339800.0,281600.0,58200.0,285100.0,498100.0,-213000.0,-336600.0,-74000.0,-262600.0,-270500.0,100.0,-270600.0,0.0783329986318925,0.0738250931868906
1123.0,20231026.0,2.0231026112257e+16,1.798,1.797,459400.0,1764700.0,1.799,1.796,445500.0,4852400.0,1.8,1.795,5439600.0,6230200.0,1.801,1.794,1371100.0,2995700.0,1.802,1.793,582200.0,4009500.0,1.452,1.812,1.798,1.793,1.802,1.815,691197098.0,691197098.0,2.178,159915.0,2023-10-26 11:22:57,1.7977934445393642,0.0005563282336579,0.0016689847009735,0.0009999999999998,-0.0009999999999998,0.0019999999999997,19852500.0,8297800.0,-11554700.0,1.794867376904672,1.8001411458458867,28150300.0,11554700.0,-0.0004202343883097,-0.0169999999999999,-0.0009999999999998,1.7975,1.798,1.798,1.798,1.798,2544709.0,2544709.0,1.0,0.0,0.0,0.0,0.0,0.0,0.0,3.2328040000000007,0.0,126426.45,5121491294397.0,18969.0,-1764700.0,459400.0,-2224100.0,-4852400.0,445500.0,-5297900.0,-6230200.0,5439600.0,-11669800.0,-2995700.0,1371100.0,-4366800.0,-4009500.0,582200.0,-4591700.0,0.0914667568005227,0.0947064254930942
1124.0,20231026.0,2.0231026112357e+16,1.798,1.797,1132300.0,1141500.0,1.799,1.796,3383800.0,4670000.0,1.8,1.795,3505100.0,5860900.0,1.801,1.794,931200.0,3288400.0,1.802,1.793,412200.0,4112400.0,1.452,1.812,1.797,1.793,1.802,1.815,692378899.0,692378899.0,2.178,159915.0,2023-10-26 11:23:57,1.7975020230451226,0.0005563282336579,0.0016689847009735,0.0009999999999998,-0.0009999999999998,0.0019999999999997,19073200.0,9364600.0,-9708600.0,1.794760910597068,1.7995843068577408,28437800.0,9708600.0,-0.0001621126817015,-0.018,-0.0010000000000001,1.7975,1.798,1.798,1.797,1.797,1181801.0,1181801.0,1.0,-38587245.32545402,12.0,8.0,3.0,4.0,0.0004000000000001,3.2313660000000004,0.0010000000000001,58460.55,454402359319.0,23770.5,-623200.0,672900.0,-1296100.0,-182400.0,2938300.0,-3120700.0,-369300.0,-1934500.0,1565200.0,292700.0,-439900.0,732600.0,102900.0,-170000.0,272900.0,0.0727449470217644,0.0789815015285787
1125.0,20231026.0,2.0231026112457e+16,1.799,1.798,390700.0,672900.0,1.8,1.797,3163000.0,2138700.0,1.801,1.796,3655500.0,6103300.0,1.802,1.795,644200.0,5651700.0,1.803,1.794,231600.0,1663400.0,1.452,1.812,1.799,1.793,1.802,1.815,694120739.0,694120739.0,2.178,159915.0,2023-10-26 11:24:57,1.7986326626551332,0.0005560189046426,0.0016680567139283,0.0010000000000001,-0.0010000000000001,0.0020000000000002,16230000.0,8085000.0,-8145000.0,1.7956614910659272,1.8006491032776748,24315000.0,8145000.0,0.0006288082878325,-0.016,0.002,1.7985,1.797,1.799,1.797,1.799,1741840.0,1741840.0,1.0,77150393.32595405,13.0,7.0,3.0,1.0,0.0009500000000002,3.23262485,0.002,86732.0,939964163230.0,27911.0,672900.0,-390700.0,1063600.0,2138700.0,-3163000.0,5301700.0,6103300.0,-3655500.0,9758800.0,5651700.0,-644200.0,6295900.0,1663400.0,-231600.0,1895000.0,0.0688964173866173,0.075056816802226
1126.0,20231026.0,2.0231026112557e+16,1.8,1.798,1464000.0,1959300.0,1.801,1.797,4445600.0,1956500.0,1.802,1.796,1084300.0,6338800.0,1.803,1.795,301600.0,4833000.0,1.804,1.794,521900.0,1585900.0,1.452,1.812,1.799,1.793,1.802,1.815,696594853.0,696594853.0,2.178,159915.0,2023-10-26 11:25:57,1.7991446849531154,0.0011117287381878,0.0022234574763757,0.0010000000000001,-0.0009999999999998,0.002,16673500.0,7817400.0,-8856100.0,1.7958722703691483,1.8012288740501956,24490900.0,8856100.0,0.0002846325672595,-0.016,0.0,1.799,1.799,1.799,1.798,1.799,2474114.0,2474114.0,1.0,-52893.01926478744,15.0,5.0,3.0,3.0,0.0002500000000003,3.23550175,0.0002499999999998,95731.7,1101655568938.0,70611.25,1286400.0,-1464000.0,2750400.0,-182200.0,-4445600.0,4263400.0,235500.0,-1084300.0,1319800.0,-818700.0,-301600.0,-517100.0,-77500.0,-521900.0,444400.0,0.0865326446562508,0.0918436015586195
1127.0,20231026.0,2.0231026112657e+16,1.8,1.799,1587800.0,1897700.0,1.801,1.798,4160500.0,1882500.0,1.802,1.797,1028600.0,2031500.0,1.803,1.796,533600.0,5237600.0,1.804,1.795,521900.0,3409400.0,1.452,1.812,1.8,1.793,1.802,1.815,697639551.0,697639551.0,2.178,159915.0,2023-10-26 11:26:57,1.7995444556017786,0.0005557099194221,0.0016671297582661,0.0009999999999998,-0.0009999999999998,0.0019999999999997,14458700.0,7832400.0,-6626300.0,1.796558846922614,1.801264759205352,22291100.0,6626300.0,0.0002221757060383,-0.0149999999999999,0.0010000000000001,1.7995,1.799,1.8,1.799,1.8,1044698.0,1044698.0,1.0,38686617.95423816,13.0,7.0,2.0,1.0,0.0003499999999998,3.2387403500000005,0.0010000000000001,50102.0,379480619364.0,18852.25,1897700.0,123800.0,1773900.0,1882500.0,-285100.0,2167600.0,2031500.0,-55700.0,2087200.0,5237600.0,232000.0,5005600.0,3409400.0,0.0,3409400.0,0.0925206353220763,0.0970778143828586
1128.0,20231026.0,2.0231026112757e+16,1.799,1.798,287300.0,1603000.0,1.8,1.797,1333400.0,1989100.0,1.801,1.796,4195800.0,6546000.0,1.802,1.795,811300.0,4757500.0,1.803,1.794,290900.0,1563000.0,1.452,1.812,1.799,1.793,1.802,1.815,701631388.0,701631388.0,2.178,159915.0,2023-10-26 11:27:57,1.7988480135428238,0.0005560189046426,0.0016680567139283,0.0010000000000001,-0.0010000000000001,0.0020000000000002,16458600.0,6918700.0,-9539900.0,1.7958366568237882,1.8009255785046323,23377300.0,9539900.0,-0.0003870851073763,-0.016,-0.0010000000000001,1.7985,1.8,1.8,1.798,1.799,3991837.0,3991837.0,1.0,-39008391.54842203,5.0,15.0,2.0,3.0,0.0005,3.236401500000001,0.0004999999999999,199321.85,3875866379609.0,52606.5,-1603000.0,287300.0,-1890300.0,-1989100.0,1333400.0,-3322500.0,-6546000.0,4195800.0,-10741800.0,-4757500.0,811300.0,-5568800.0,-1563000.0,290900.0,-1853900.0,0.0890247646427348,0.0841776256827177
0.0,0.0,0.0,0.0,0.0,0.0,0.0,0.0,0.0,0.0,0.0,0.0,0.0,0.0,0.0,0.0,0.0,0.0,0.0,0.0,0.0,0.0,0.0,0.0,0.0,0.0,0.0,0.0,0.0,0.0,0.0,0.0,0.0,0.0,0.0,0.0,0.0,0.0,0.0,0.0,0.0,0.0,0.0,0.0,0.0,0.0,0.0,0.0,0.0,0.0,0.0,0.0,0.0,0.0,0.0,0.0,0.0,0.0,0.0,0.0,0.0,0.0,0.0,0.0,0.0,0.0,0.0,0.0,0.0,0.0,0.0,0.0,0.0,0.0,0.0,0.0,0.0,0.0,0.0,0.0,0.0,0.0,0.0,0.0,0.0,0.0
1130.0,20231026.0,2.0231026112957e+16,1.8,1.799,332200.0,6500.0,1.801,1.798,195000.0,979300.0,1.802,1.797,455400.0,550600.0,1.803,1.796,224200.0,3415900.0,1.804,1.795,596900.0,3247300.0,1.452,1.812,1.799,1.793,1.802,1.815,708324139.0,708324139.0,2.178,159915.0,2023-10-26 11:29:57,1.7990191910245052,0.0005557099194221,0.0016671297582661,0.0009999999999998,-0.0009999999999998,0.0019999999999997,8199600.0,1803700.0,-6395900.0,1.7959123615786137,1.8023096967344905,10003300.0,6395900.0,-0.0005462432134598,-0.016,0.0,1.7995,1.799,1.8,1.799,1.799,2101300.0,2101300.0,1.0,-154073.79982708397,9.0,11.0,2.0,2.0,0.0004500000000002,3.2380205500000003,0.0010000000000001,104255.0,2532758656332.0,29785.25,-6500.0,332200.0,-338700.0,-979300.0,195000.0,-1174300.0,-550600.0,455400.0,-1006000.0,-3415900.0,224200.0,-3640100.0,-3247300.0,596900.0,-3844200.0,0.0962622176008811,0.1026404845179186
1301.0,20231026.0,2.0231026130057e+16,1.8,1.799,1049100.0,204600.0,1.801,1.798,3950700.0,1379800.0,1.802,1.797,792400.0,1567800.0,1.803,1.796,348800.0,4261100.0,1.804,1.795,586300.0,3830500.0,1.452,1.812,1.799,1.793,1.802,1.815,711076991.0,711076991.0,2.178,159915.0,2023-10-26 13:00:57,1.7991631969370665,0.0005557099194221,0.0016671297582661,0.0009999999999998,-0.0009999999999998,0.0019999999999997,11243800.0,6727300.0,-4516500.0,1.7960987833294797,1.8013269959716378,17971100.0,4516500.0,8.004369824032853e-05,-0.016,0.0,1.7995,1.799,1.8,1.799,1.799,2752852.0,2752852.0,1.0,-82780.59437343478,16.0,6.0,2.0,2.0,0.0002727272727269,3.239018454545455,0.00075,123869.63636363635,2328260007226.0,48458.5,198100.0,716900.0,-518800.0,400500.0,3755700.0,-3355200.0,1017200.0,337000.0,680200.0,845200.0,124600.0,720600.0,583200.0,-10600.0,593800.0,0.1022798165914325,0.0987210546517406
1302.0,20231026.0,2.0231026130157e+16,1.801,1.8,429800.0,1653500.0,1.802,1.799,3671900.0,1300800.0,1.803,1.798,1507900.0,2398900.0,1.804,1.797,1042300.0,2534500.0,1.805,1.796,782300.0,3340600.0,1.452,1.812,1.801,1.793,1.802,1.815,713294642.0,713294642.0,2.178,159915.0,2023-10-26 13:01:57,1.8007936926990833,0.0005554012774228,0.0016662038322688,0.0010000000000001,-0.0010000000000001,0.0020000000000002,11228300.0,7434200.0,-3794100.0,1.7975896173062709,1.80274111538565,18662500.0,3794100.0,0.0009058418883864,-0.014,0.002,1.8005,1.799,1.801,1.799,1.801,2217651.0,2217651.0,1.0,79078575.85862914,11.0,9.0,3.0,1.0,0.0006000000000001,3.2414407,0.0009999999999998,106291.55,777050468225.0,153888.0,1653500.0,-429800.0,2083300.0,1300800.0,-3671900.0,4972700.0,2398900.0,-1507900.0,3906800.0,2534500.0,-1042300.0,3576800.0,3340600.0,-782300.0,4122900.0,0.1330428833055801,0.1120359967969743
1303.0,20231026.0,2.0231026130257e+16,1.8,1.799,2627400.0,540800.0,1.801,1.798,4029700.0,1594800.0,1.802,1.797,1152800.0,1520300.0,1.803,1.796,454600.0,4530800.0,1.804,1.795,611100.0,3305300.0,1.452,1.812,1.8,1.793,1.802,1.815,716136216.0,716136216.0,2.178,159915.0,2023-10-26 13:02:57,1.7991706962944258,0.0005557099194221,0.0016671297582661,0.0009999999999998,-0.0009999999999998,0.0019999999999997,11492000.0,8875600.0,-2616400.0,1.7962634006265228,1.8011428523142097,20367600.0,2616400.0,-0.0009016736496503,-0.0149999999999999,-0.0009999999999998,1.7995,1.8,1.801,1.8,1.8,2841574.0,2841574.0,1.0,-47525.75775802136,4.0,16.0,2.0,2.0,0.0001999999999997,3.2407202,0.0,130467.7,6423238294880.0,20305.5,-540800.0,2627400.0,-3168200.0,-1594800.0,4029700.0,-5624500.0,-1520300.0,1152800.0,-2673100.0,-4530800.0,454600.0,-4985400.0,-3305300.0,611100.0,-3916400.0,0.1423683852958345,0.1275840242402508
1304.0,20231026.0,2.0231026130357e+16,1.798,1.797,942800.0,1189100.0,1.799,1.796,3364900.0,4271500.0,1.8,1.795,1896000.0,4635600.0,1.801,1.794,1806200.0,2398500.0,1.802,1.793,598000.0,4083800.0,1.452,1.812,1.797,1.793,1.802,1.815,719165344.0,719165344.0,2.178,159915.0,2023-10-26 13:03:57,1.7975577653736106,0.0005563282336579,0.0016689847009735,0.0009999999999998,-0.0009999999999998,0.0019999999999997,16578500.0,8607900.0,-7970600.0,1.7947637663238531,1.799738809698068,25186400.0,7970600.0,-0.0008968878502373,-0.018,-0.0030000000000001,1.7975,1.8,1.8,1.797,1.797,3029128.0,3029128.0,1.0,-119867514.68317156,10.0,10.0,2.0,5.0,0.0005499999999998,3.2344231500000005,0.0009999999999998,148400.4,1365172932600.0,253159.5,-1189100.0,942800.0,-2131900.0,-4271500.0,3364900.0,-7636400.0,-4635600.0,1896000.0,-6531600.0,-2398500.0,1806200.0,-4204700.0,-4083800.0,598000.0,-4681800.0,0.1415734365975527,0.1275329617454737
1305.0,20231026.0,2.0231026130457e+16,1.797,1.796,753300.0,4033900.0,1.798,1.795,3410400.0,4493600.0,1.799,1.794,1370800.0,3066400.0,1.8,1.793,1338000.0,4815700.0,1.801,1.792,957500.0,2837500.0,1.452,1.812,1.797,1.793,1.802,1.815,723939568.0,723939568.0,2.178,159915.0,2023-10-26 13:04:57,1.796842642881016,0.0005566379070414,0.0016699137211244,0.0010000000000001,-0.0010000000000001,0.0020000000000002,19247100.0,7830000.0,-11417100.0,1.794107585038785,1.7987874840357598,27077100.0,11417100.0,-0.0003979092036534,-0.018,0.0,1.7965,1.797,1.797,1.796,1.797,4774224.0,4774224.0,1.0,-70271.0081018135,12.0,8.0,6.0,6.0,0.0003999999999997,3.2277718,0.0009999999999998,222903.7,4974062897694.0,201917.5,-4033900.0,753300.0,-4787200.0,-4493600.0,3410400.0,-7904000.0,-3066400.0,1370800.0,-4437200.0,-4815700.0,1338000.0,-6153700.0,-2837500.0,957500.0,-3795000.0,0.1418641766143147,0.1257180627419181
1306.0,20231026.0,2.0231026130557e+16,1.797,1.796,968200.0,3004200.0,1.798,1.795,4381000.0,4784500.0,1.799,1.794,793400.0,2662500.0,1.8,1.793,1363800.0,4570500.0,1.801,1.792,791400.0,2908100.0,1.452,1.812,1.797,1.793,1.802,1.815,727223242.0,727223242.0,2.178,159915.0,2023-10-26 13:05:57,1.7967562682509313,0.0005566379070414,0.0016699137211244,0.0010000000000001,-0.0010000000000001,0.0020000000000002,17929800.0,8297800.0,-9632000.0,1.7940226550212497,1.7985937718431393,26227600.0,9632000.0,-4.807138038354086e-05,-0.018,0.0,1.7965,1.797,1.797,1.796,1.797,3283674.0,3283674.0,1.0,682.6880175322294,10.0,10.0,3.0,3.0,0.0004999999999999,3.2274125,0.0009999999999998,164093.7,2872094696626.0,38179.75,-1029700.0,214900.0,-1244600.0,290900.0,970600.0,-679700.0,-403900.0,-577400.0,173500.0,-245200.0,25800.0,-271000.0,70600.0,-166100.0,236700.0,0.1328324353918532,0.119306288641041
1307.0,20231026.0,2.0231026130657e+16,1.798,1.797,1463500.0,901300.0,1.799,1.796,3416900.0,3055800.0,1.8,1.795,2048700.0,5169400.0,1.801,1.794,1078700.0,3582900.0,1.802,1.793,569700.0,4162400.0,1.452,1.812,1.798,1.793,1.802,1.815,732813322.0,732813322.0,2.178,159915.0,2023-10-26 13:06:57,1.7973811315967525,0.0005563282336579,0.0016689847009735,0.0009999999999998,-0.0009999999999998,0.0019999999999997,16871800.0,8577500.0,-8294300.0,1.7945821844735002,1.799518997376858,25449300.0,8294300.0,0.0003477125566448,-0.0169999999999999,0.0010000000000001,1.7975,1.797,1.798,1.796,1.798,5590080.0,5590080.0,1.0,40669960.31541487,12.0,8.0,4.0,3.0,0.0004499999999993,3.23118635,0.0010000000000001,261349.5,9552246602494.0,63488.5,901300.0,-1463500.0,2364800.0,3055800.0,-3416900.0,6472700.0,5169400.0,-2048700.0,7218100.0,3582900.0,-1078700.0,4661600.0,4162400.0,-569700.0,4732100.0,0.1020311750793786,0.1056447008541954
1308.0,20231026.0,2.0231026130757e+16,1.798,1.797,1404500.0,1158600.0,1.799,1.796,2940300.0,2888300.0,1.8,1.795,2559800.0,5280300.0,1.801,1.794,1172500.0,3481800.0,1.802,1.793,589800.0,4200900.0,1.452,1.812,1.797,1.793,1.802,1.815,734451055.0,734451055.0,2.178,159915.0,2023-10-26 13:07:57,1.797452030744021,0.0005563282336579,0.0016689847009735,0.0009999999999998,-0.0009999999999998,0.0019999999999997,17009900.0,8666900.0,-8343000.0,1.794607399220454,1.7996080259377634,25676800.0,8343000.0,3.9445027947504485e-05,-0.018,-0.0010000000000001,1.7975,1.798,1.798,1.797,1.797,1637733.0,1637733.0,1.0,-40915973.83214849,11.0,9.0,3.0,4.0,0.0004500000000002,3.2311862499999995,0.0010000000000001,76312.65,987769271889.0,44700.75,257300.0,-59000.0,316300.0,-167500.0,-476600.0,309100.0,110900.0,511100.0,-400200.0,-101100.0,93800.0,-194900.0,38500.0,20100.0,18400.0,0.0823762756284505,0.0832871056487743
1309.0,20231026.0,2.0231026130857e+16,1.797,1.796,532400.0,2442900.0,1.798,1.795,3718100.0,4572100.0,1.799,1.794,2844000.0,4403600.0,1.8,1.793,1956500.0,5967500.0,1.801,1.792,960500.0,2929000.0,1.452,1.812,1.796,1.793,1.802,1.815,736367797.0,736367797.0,2.178,159915.0,2023-10-26 13:08:57,1.7968210600611705,0.0005566379070414,0.0016699137211244,0.0010000000000001,-0.0010000000000001,0.0020000000000002,20315100.0,10011500.0,-10303600.0,1.793883456148382,1.7989095640013986,30326600.0,10303600.0,-0.0003510978010805,-0.0189999999999999,-0.0009999999999998,1.7965,1.797,1.798,1.796,1.796,1916742.0,1916742.0,1.0,-41094376.14987451,9.0,11.0,2.0,3.0,0.0006500000000002,3.23046745,0.0010000000000001,94130.1,1273677026294.0,42134.5,-2442900.0,532400.0,-2975300.0,-4572100.0,3718100.0,-8290200.0,-4403600.0,2844000.0,-7247600.0,-5967500.0,1956500.0,-7924000.0,-2929000.0,960500.0,-3889500.0,0.0798688915816145,0.0716674962222975
1310.0,20231026.0,2.0231026130957e+16,1.797,1.796,1321200.0,3151400.0,1.798,1.795,4178300.0,4952100.0,1.799,1.794,2503700.0,3994900.0,1.8,1.793,2081500.0,4196000.0,1.801,1.792,952500.0,2875200.0,1.452,1.812,1.796,1.793,1.802,1.815,737473677.0,737473677.0,2.178,159915.0,2023-10-26 13:09:57,1.7967046013504449,0.0005566379070414,0.0016699137211244,0.0010000000000001,-0.0010000000000001,0.0020000000000002,19169600.0,11037200.0,-8132400.0,1.7940682591186043,1.7987432138585877,30206800.0,8132400.0,-6.481585035933435e-05,-0.0189999999999999,0.0,1.7965,1.796,1.797,1.796,1.796,1105880.0,1105880.0,1.0,-125036.9034074098,14.0,6.0,3.0,3.0,0.0002999999999997,3.228131099999999,0.0009999999999998,46758.5,141541017864.0,70772.75,708500.0,788800.0,-80300.0,380000.0,460200.0,-80200.0,-408700.0,-340300.0,-68400.0,-1771500.0,125000.0,-1896500.0,-53800.0,-8000.0,-45800.0,0.0705290958781622,0.0654024274890367
1311.0,20231026.0,2.0231026131057e+16,1.797,1.796,863300.0,3283000.0,1.798,1.795,4202900.0,5059200.0,1.799,1.794,2043700.0,2999500.0,1.8,1.793,2397300.0,4624400.0,1.801,1.792,939500.0,2994800.0,1.452,1.812,1.797,1.793,1.802,1.815,738945801.0,738945801.0,2.178,159915.0,2023-10-26 13:10:57,1.796791790270844,0.0005566379070414,0.0016699137211244,0.0010000000000001,-0.0010000000000001,0.0020000000000002,18960900.0,10446700.0,-8514200.0,1.7940533308018078,1.7988417490690842,29407600.0,8514200.0,4.852595406501514e-05,-0.018,0.0009999999999998,1.7965,1.797,1.797,1.796,1.797,1472124.0,1472124.0,1.0,19618.998968832195,19.0,1.0,1.0,1.0,4.999999999988347e-05,3.22902935,0.0,66148.7,665324739310.0,34227.0,131600.0,-457900.0,589500.0,107100.0,24600.0,82500.0,-995400.0,-460000.0,-535400.0,428400.0,315800.0,112600.0,119600.0,-13000.0,132600.0,0.0681783840928978,0.0642651884444848
1312.0,20231026.0,2.0231026131157e+16,1.796,1.795,169600.0,5243800.0,1.797,1.794,2267900.0,2280200.0,1.798,1.793,3446700.0,5008800.0,1.799,1.792,1995700.0,2995500.0,1.8,1.791,2317500.0,3327900.0,1.452,1.812,1.796,1.793,1.802,1.815,745429592.0,745429592.0,2.178,159915.0,2023-10-26 13:11:57,1.7959686703365725,0.000556947925369,0.0016708437761068,0.0009999999999998,-0.0009999999999998,0.0019999999999997,18856200.0,10197400.0,-8658800.0,1.7931652772032538,1.798394571165199,29053600.0,8658800.0,-0.0004582103136006,-0.0189999999999999,-0.0009999999999998,1.7955,1.797,1.797,1.796,1.796,6483791.0,6483791.0,1.0,-41362137.5430795,12.0,8.0,3.0,4.0,0.0003999999999997,3.2277717999999997,0.0009999999999998,313411.05,9468976295123.0,137160.75,-5243800.0,169600.0,-5413400.0,-2280200.0,2267900.0,-4548100.0,-5008800.0,3446700.0,-8455500.0,-2995500.0,1995700.0,-4991200.0,-3327900.0,2317500.0,-5645400.0,0.0686060923205831,0.0571402265262883
1313.0,20231026.0,2.0231026131257e+16,1.796,1.795,1866500.0,4177500.0,1.797,1.794,4182200.0,3285900.0,1.798,1.793,1728100.0,4609300.0,1.799,1.792,1721400.0,3648600.0,1.8,1.791,2022400.0,3563100.0,1.452,1.812,1.795,1.793,1.802,1.815,747219485.0,747219485.0,2.178,159915.0,2023-10-26 13:12:57,1.795691181336863,0.000556947925369,0.0016708437761068,0.0009999999999998,-0.0009999999999998,0.0019999999999997,19284400.0,11520600.0,-7763800.0,1.7930449119495548,1.7978134645764976,30805000.0,7763800.0,-0.000154518529995,-0.02,-0.0010000000000001,1.7955,1.796,1.796,1.795,1.795,1789893.0,1789893.0,1.0,-41613209.84583973,16.0,4.0,1.0,2.0,0.0002000000000002,3.224897800000001,0.0,70996.15,374286794267.0,98519.25,-1066300.0,1696900.0,-2763200.0,1005700.0,1914300.0,-908600.0,-399500.0,-1718600.0,1319100.0,653100.0,-274300.0,927400.0,235200.0,-295100.0,530300.0,0.0597564177986441,0.0504074968814586
1314.0,20231026.0,2.0231026131357e+16,1.796,1.795,1967300.0,4724500.0,1.797,1.794,3496000.0,3723700.0,1.798,1.793,1850100.0,4760500.0,1.799,1.792,1702900.0,3342100.0,1.8,1.791,1981400.0,3617300.0,1.452,1.812,1.796,1.793,1.802,1.815,748170790.0,748170790.0,2.178,159915.0,2023-10-26 13:13:57,1.7957060133297469,0.000556947925369,0.0016708437761068,0.0009999999999998,-0.0009999999999998,0.0019999999999997,20168100.0,10997700.0,-9170400.0,1.7931287181241662,1.797839520990753,31165800.0,9170400.0,8.259734070148461e-06,-0.0189999999999999,0.0010000000000001,1.7955,1.796,1.796,1.795,1.796,951305.0,951305.0,1.0,-105940.33959714323,12.0,8.0,5.0,5.0,0.0004000000000001,3.2241796,0.0010000000000001,38585.25,151576102713.0,28636.0,547000.0,100800.0,446200.0,437800.0,-686200.0,1124000.0,151200.0,122000.0,29200.0,-306500.0,-18500.0,-288000.0,54200.0,-41000.0,95200.0,0.0441802479658539,0.0384064930348733
1315.0,20231026.0,2.0231026131457e+16,1.796,1.795,1152400.0,4666600.0,1.797,1.794,3711300.0,3565600.0,1.798,1.793,2450100.0,6723700.0,1.799,1.792,1448100.0,4358500.0,1.8,1.791,2068200.0,3602300.0,1.452,1.812,1.796,1.793,1.802,1.815,749681497.0,749681497.0,2.178,159915.0,2023-10-26 13:14:57,1.7958019590995018,0.000556947925369,0.0016708437761068,0.0009999999999998,-0.0009999999999998,0.0019999999999997,22916700.0,10830100.0,-12086600.0,1.7930582850061307,1.7979601481057423,33746800.0,12086600.0,5.342923948059575e-05,-0.0189999999999999,0.0,1.7955,1.796,1.796,1.795,1.796,1510707.0,1510707.0,1.0,-71804.28649863601,15.0,5.0,4.0,4.0,0.00025,3.224718250000001,0.00025,62514.350000000006,231176044373.0,118535.25,-57900.0,-814900.0,757000.0,-158100.0,215300.0,-373400.0,1963200.0,600000.0,1363200.0,1016400.0,-254800.0,1271200.0,-15000.0,86800.0,-101800.0,0.042763845309859,0.0366075436940847
1316.0,20231026.0,2.0231026131557e+16,1.797,1.796,2814300.0,619200.0,1.798,1.795,4051900.0,5045500.0,1.799,1.794,1672400.0,3870900.0,1.8,1.793,2381700.0,6675900.0,1.801,1.792,855300.0,4443500.0,1.452,1.812,1.797,1.793,1.802,1.815,755379855.0,755379855.0,2.178,159915.0,2023-10-26 13:15:57,1.796180340760157,0.0005566379070414,0.0016699137211244,0.0010000000000001,-0.0010000000000001,0.0020000000000002,20655000.0,11775600.0,-8879400.0,1.7935507625272331,1.7985254424403003,32430600.0,8879400.0,0.0002106812508901,-0.018,0.0009999999999998,1.7965,1.796,1.797,1.795,1.797,5698358.0,5698358.0,1.0,41903247.879188046,6.0,14.0,5.0,4.0,0.0002499999999998,3.22651435,0.0009999999999998,278109.0,5108195916348.0,516419.5,619200.0,-2814300.0,3433500.0,5045500.0,-4051900.0,9097400.0,3870900.0,-1672400.0,5543300.0,6675900.0,-2381700.0,9057600.0,4443500.0,-855300.0,5298800.0,0.0461026159784684,0.0363683386867564
1317.0,20231026.0,2.0231026131657e+16,1.797,1.796,191600.0,1692300.0,1.798,1.795,2986200.0,6074300.0,1.799,1.794,3457900.0,6019600.0,1.8,1.793,2371700.0,5510900.0,1.801,1.792,925900.0,3445200.0,1.452,1.812,1.797,1.793,1.802,1.815,758432233.0,758432233.0,2.178,159915.0,2023-10-26 13:16:57,1.7968982960879027,0.0005566379070414,0.0016699137211244,0.0010000000000001,-0.0010000000000001,0.0020000000000002,22742300.0,9933300.0,-12809000.0,1.7938706199460914,1.799085983510012,32675600.0,12809000.0,0.0003996324098993,-0.018,0.0,1.7965,1.797,1.797,1.796,1.797,3052378.0,3052378.0,1.0,-8571.282997019589,12.0,8.0,2.0,2.0,0.0004000000000001,3.2277718,0.0009999999999998,149923.9,3783224390568.0,70504.75,1073100.0,-2622700.0,3695800.0,1028800.0,-1065700.0,2094500.0,2148700.0,1785500.0,363200.0,-1165000.0,-10000.0,-1155000.0,-998300.0,70600.0,-1068900.0,0.0582715786800265,0.0435232001291616
1318.0,20231026.0,2.0231026131757e+16,1.798,1.797,4001900.0,239100.0,1.799,1.796,3094900.0,2463400.0,1.8,1.795,2666000.0,5822700.0,1.801,1.794,1057900.0,5296900.0,1.802,1.793,565800.0,5432600.0,1.452,1.812,1.798,1.793,1.802,1.815,761287545.0,761287545.0,2.178,159915.0,2023-10-26 13:17:57,1.7970563782126856,0.0005563282336579,0.0016689847009735,0.0009999999999998,-0.0009999999999998,0.0019999999999997,19254700.0,11386500.0,-7868200.0,1.7943133884194509,1.7992175646599042,30641200.0,7868200.0,8.797112885994274e-05,-0.0169999999999999,0.0010000000000001,1.7975,1.797,1.798,1.797,1.798,2855312.0,2855312.0,1.0,42256407.2104525,7.0,13.0,4.0,3.0,0.0003499999999998,3.23046725,0.0010000000000001,140338.6,1865165548828.0,95870.0,239100.0,-4001900.0,4241000.0,2463400.0,-3094900.0,5558300.0,5822700.0,-2666000.0,8488700.0,5296900.0,-1057900.0,6354800.0,5432600.0,-565800.0,5998400.0,0.068171995188274,0.0694576313293104
1319.0,20231026.0,2.0231026131857e+16,1.797,1.796,340000.0,2836300.0,1.798,1.795,2577500.0,5479800.0,1.799,1.794,3513600.0,5595600.0,1.8,1.793,2501700.0,5399200.0,1.801,1.792,926200.0,2904800.0,1.452,1.812,1.797,1.793,1.802,1.815,763220510.0,763220510.0,2.178,159915.0,2023-10-26 13:18:57,1.7968929572143688,0.0005566379070414,0.0016699137211244,0.0010000000000001,-0.0010000000000001,0.0020000000000002,22215700.0,9859000.0,-12356700.0,1.7939974612548786,1.7991112283193025,32074700.0,12356700.0,-9.094229393757924e-05,-0.018,-0.0010000000000001,1.7965,1.798,1.798,1.796,1.797,1932965.0,1932965.0,1.0,-42480356.22207447,3.0,17.0,3.0,4.0,9.9999999999989e-05,3.229568599999999,0.0,87303.75,933162263429.0,50591.0,-2836300.0,340000.0,-3176300.0,-5479800.0,2577500.0,-8057300.0,-5595600.0,3513600.0,-9109200.0,-5399200.0,2501700.0,-7900900.0,-2904800.0,926200.0,-3831000.0,0.0814500363771424,0.0812528545221764
