minute,TradeDate,OrigTime,OfferPx1,BidPx1,OfferSize1,BidSize1,OfferPx2,BidPx2,OfferSize2,BidSize2,OfferPx3,BidPx3,OfferSize3,BidSize3,OfferPx4,BidPx4,OfferSize4,BidSize4,OfferPx5,BidPx5,OfferSize5,BidSize5,DownLimitPx,HighPx,LastPx,LowPx,OpenPx,PreClosePx,TotalValueTrade,TotalVolumeTrade,UpLimitPx,ticker,datetime,wap1,price_spread,price_spread2,bid_spread,ask_spread,bid_ask_spread,total_bid_qty,total_ask_qty,total_qty_diff,weighted_bid_prc,weighted_ask_prc,total_volume,volume_imbalance,log_return,PxChange1,PxChange2,mid,open,high,low,close,volume,amount,vwap,tendency,f_max,f_min,df_max,df_min,abs_diff,energy,iqr_p,abs_diff_v,energy_v,iqr_p_v,bOF1,aOF1,OFI1,bOF2,aOF2,OFI2,bOF3,aOF3,OFI3,bOF4,aOF4,OFI4,bOF5,aOF5,OFI5,volatility_QMLE,volatility
0.0,0.0,0.0,0.0,0.0,0.0,0.0,0.0,0.0,0.0,0.0,0.0,0.0,0.0,0.0,0.0,0.0,0.0,0.0,0.0,0.0,0.0,0.0,0.0,0.0,0.0,0.0,0.0,0.0,0.0,0.0,0.0,0.0,0.0,0.0,0.0,0.0,0.0,0.0,0.0,0.0,0.0,0.0,0.0,0.0,0.0,0.0,0.0,0.0,0.0,0.0,0.0,0.0,0.0,0.0,0.0,0.0,0.0,0.0,0.0,0.0,0.0,0.0,0.0,0.0,0.0,0.0,0.0,0.0,0.0,0.0,0.0,0.0,0.0,0.0,0.0,0.0,0.0,0.0,0.0,0.0,0.0,0.0,0.0,0.0,0.0
0.0,0.0,0.0,0.0,0.0,0.0,0.0,0.0,0.0,0.0,0.0,0.0,0.0,0.0,0.0,0.0,0.0,0.0,0.0,0.0,0.0,0.0,0.0,0.0,0.0,0.0,0.0,0.0,0.0,0.0,0.0,0.0,0.0,0.0,0.0,0.0,0.0,0.0,0.0,0.0,0.0,0.0,0.0,0.0,0.0,0.0,0.0,0.0,0.0,0.0,0.0,0.0,0.0,0.0,0.0,0.0,0.0,0.0,0.0,0.0,0.0,0.0,0.0,0.0,0.0,0.0,0.0,0.0,0.0,0.0,0.0,0.0,0.0,0.0,0.0,0.0,0.0,0.0,0.0,0.0,0.0,0.0,0.0,0.0,0.0,0.0
0.0,0.0,0.0,0.0,0.0,0.0,0.0,0.0,0.0,0.0,0.0,0.0,0.0,0.0,0.0,0.0,0.0,0.0,0.0,0.0,0.0,0.0,0.0,0.0,0.0,0.0,0.0,0.0,0.0,0.0,0.0,0.0,0.0,0.0,0.0,0.0,0.0,0.0,0.0,0.0,0.0,0.0,0.0,0.0,0.0,0.0,0.0,0.0,0.0,0.0,0.0,0.0,0.0,0.0,0.0,0.0,0.0,0.0,0.0,0.0,0.0,0.0,0.0,0.0,0.0,0.0,0.0,0.0,0.0,0.0,0.0,0.0,0.0,0.0,0.0,0.0,0.0,0.0,0.0,0.0,0.0,0.0,0.0,0.0,0.0,0.0
0.0,0.0,0.0,0.0,0.0,0.0,0.0,0.0,0.0,0.0,0.0,0.0,0.0,0.0,0.0,0.0,0.0,0.0,0.0,0.0,0.0,0.0,0.0,0.0,0.0,0.0,0.0,0.0,0.0,0.0,0.0,0.0,0.0,0.0,0.0,0.0,0.0,0.0,0.0,0.0,0.0,0.0,0.0,0.0,0.0,0.0,0.0,0.0,0.0,0.0,0.0,0.0,0.0,0.0,0.0,0.0,0.0,0.0,0.0,0.0,0.0,0.0,0.0,0.0,0.0,0.0,0.0,0.0,0.0,0.0,0.0,0.0,0.0,0.0,0.0,0.0,0.0,0.0,0.0,0.0,0.0,0.0,0.0,0.0,0.0,0.0
0.0,0.0,0.0,0.0,0.0,0.0,0.0,0.0,0.0,0.0,0.0,0.0,0.0,0.0,0.0,0.0,0.0,0.0,0.0,0.0,0.0,0.0,0.0,0.0,0.0,0.0,0.0,0.0,0.0,0.0,0.0,0.0,0.0,0.0,0.0,0.0,0.0,0.0,0.0,0.0,0.0,0.0,0.0,0.0,0.0,0.0,0.0,0.0,0.0,0.0,0.0,0.0,0.0,0.0,0.0,0.0,0.0,0.0,0.0,0.0,0.0,0.0,0.0,0.0,0.0,0.0,0.0,0.0,0.0,0.0,0.0,0.0,0.0,0.0,0.0,0.0,0.0,0.0,0.0,0.0,0.0,0.0,0.0,0.0,0.0,0.0
0.0,0.0,0.0,0.0,0.0,0.0,0.0,0.0,0.0,0.0,0.0,0.0,0.0,0.0,0.0,0.0,0.0,0.0,0.0,0.0,0.0,0.0,0.0,0.0,0.0,0.0,0.0,0.0,0.0,0.0,0.0,0.0,0.0,0.0,0.0,0.0,0.0,0.0,0.0,0.0,0.0,0.0,0.0,0.0,0.0,0.0,0.0,0.0,0.0,0.0,0.0,0.0,0.0,0.0,0.0,0.0,0.0,0.0,0.0,0.0,0.0,0.0,0.0,0.0,0.0,0.0,0.0,0.0,0.0,0.0,0.0,0.0,0.0,0.0,0.0,0.0,0.0,0.0,0.0,0.0,0.0,0.0,0.0,0.0,0.0,0.0
0.0,0.0,0.0,0.0,0.0,0.0,0.0,0.0,0.0,0.0,0.0,0.0,0.0,0.0,0.0,0.0,0.0,0.0,0.0,0.0,0.0,0.0,0.0,0.0,0.0,0.0,0.0,0.0,0.0,0.0,0.0,0.0,0.0,0.0,0.0,0.0,0.0,0.0,0.0,0.0,0.0,0.0,0.0,0.0,0.0,0.0,0.0,0.0,0.0,0.0,0.0,0.0,0.0,0.0,0.0,0.0,0.0,0.0,0.0,0.0,0.0,0.0,0.0,0.0,0.0,0.0,0.0,0.0,0.0,0.0,0.0,0.0,0.0,0.0,0.0,0.0,0.0,0.0,0.0,0.0,0.0,0.0,0.0,0.0,0.0,0.0
0.0,0.0,0.0,0.0,0.0,0.0,0.0,0.0,0.0,0.0,0.0,0.0,0.0,0.0,0.0,0.0,0.0,0.0,0.0,0.0,0.0,0.0,0.0,0.0,0.0,0.0,0.0,0.0,0.0,0.0,0.0,0.0,0.0,0.0,0.0,0.0,0.0,0.0,0.0,0.0,0.0,0.0,0.0,0.0,0.0,0.0,0.0,0.0,0.0,0.0,0.0,0.0,0.0,0.0,0.0,0.0,0.0,0.0,0.0,0.0,0.0,0.0,0.0,0.0,0.0,0.0,0.0,0.0,0.0,0.0,0.0,0.0,0.0,0.0,0.0,0.0,0.0,0.0,0.0,0.0,0.0,0.0,0.0,0.0,0.0,0.0
0.0,0.0,0.0,0.0,0.0,0.0,0.0,0.0,0.0,0.0,0.0,0.0,0.0,0.0,0.0,0.0,0.0,0.0,0.0,0.0,0.0,0.0,0.0,0.0,0.0,0.0,0.0,0.0,0.0,0.0,0.0,0.0,0.0,0.0,0.0,0.0,0.0,0.0,0.0,0.0,0.0,0.0,0.0,0.0,0.0,0.0,0.0,0.0,0.0,0.0,0.0,0.0,0.0,0.0,0.0,0.0,0.0,0.0,0.0,0.0,0.0,0.0,0.0,0.0,0.0,0.0,0.0,0.0,0.0,0.0,0.0,0.0,0.0,0.0,0.0,0.0,0.0,0.0,0.0,0.0,0.0,0.0,0.0,0.0,0.0,0.0
0.0,0.0,0.0,0.0,0.0,0.0,0.0,0.0,0.0,0.0,0.0,0.0,0.0,0.0,0.0,0.0,0.0,0.0,0.0,0.0,0.0,0.0,0.0,0.0,0.0,0.0,0.0,0.0,0.0,0.0,0.0,0.0,0.0,0.0,0.0,0.0,0.0,0.0,0.0,0.0,0.0,0.0,0.0,0.0,0.0,0.0,0.0,0.0,0.0,0.0,0.0,0.0,0.0,0.0,0.0,0.0,0.0,0.0,0.0,0.0,0.0,0.0,0.0,0.0,0.0,0.0,0.0,0.0,0.0,0.0,0.0,0.0,0.0,0.0,0.0,0.0,0.0,0.0,0.0,0.0,0.0,0.0,0.0,0.0,0.0,0.0
0.0,0.0,0.0,0.0,0.0,0.0,0.0,0.0,0.0,0.0,0.0,0.0,0.0,0.0,0.0,0.0,0.0,0.0,0.0,0.0,0.0,0.0,0.0,0.0,0.0,0.0,0.0,0.0,0.0,0.0,0.0,0.0,0.0,0.0,0.0,0.0,0.0,0.0,0.0,0.0,0.0,0.0,0.0,0.0,0.0,0.0,0.0,0.0,0.0,0.0,0.0,0.0,0.0,0.0,0.0,0.0,0.0,0.0,0.0,0.0,0.0,0.0,0.0,0.0,0.0,0.0,0.0,0.0,0.0,0.0,0.0,0.0,0.0,0.0,0.0,0.0,0.0,0.0,0.0,0.0,0.0,0.0,0.0,0.0,0.0,0.0
0.0,0.0,0.0,0.0,0.0,0.0,0.0,0.0,0.0,0.0,0.0,0.0,0.0,0.0,0.0,0.0,0.0,0.0,0.0,0.0,0.0,0.0,0.0,0.0,0.0,0.0,0.0,0.0,0.0,0.0,0.0,0.0,0.0,0.0,0.0,0.0,0.0,0.0,0.0,0.0,0.0,0.0,0.0,0.0,0.0,0.0,0.0,0.0,0.0,0.0,0.0,0.0,0.0,0.0,0.0,0.0,0.0,0.0,0.0,0.0,0.0,0.0,0.0,0.0,0.0,0.0,0.0,0.0,0.0,0.0,0.0,0.0,0.0,0.0,0.0,0.0,0.0,0.0,0.0,0.0,0.0,0.0,0.0,0.0,0.0,0.0
0.0,0.0,0.0,0.0,0.0,0.0,0.0,0.0,0.0,0.0,0.0,0.0,0.0,0.0,0.0,0.0,0.0,0.0,0.0,0.0,0.0,0.0,0.0,0.0,0.0,0.0,0.0,0.0,0.0,0.0,0.0,0.0,0.0,0.0,0.0,0.0,0.0,0.0,0.0,0.0,0.0,0.0,0.0,0.0,0.0,0.0,0.0,0.0,0.0,0.0,0.0,0.0,0.0,0.0,0.0,0.0,0.0,0.0,0.0,0.0,0.0,0.0,0.0,0.0,0.0,0.0,0.0,0.0,0.0,0.0,0.0,0.0,0.0,0.0,0.0,0.0,0.0,0.0,0.0,0.0,0.0,0.0,0.0,0.0,0.0,0.0
0.0,0.0,0.0,0.0,0.0,0.0,0.0,0.0,0.0,0.0,0.0,0.0,0.0,0.0,0.0,0.0,0.0,0.0,0.0,0.0,0.0,0.0,0.0,0.0,0.0,0.0,0.0,0.0,0.0,0.0,0.0,0.0,0.0,0.0,0.0,0.0,0.0,0.0,0.0,0.0,0.0,0.0,0.0,0.0,0.0,0.0,0.0,0.0,0.0,0.0,0.0,0.0,0.0,0.0,0.0,0.0,0.0,0.0,0.0,0.0,0.0,0.0,0.0,0.0,0.0,0.0,0.0,0.0,0.0,0.0,0.0,0.0,0.0,0.0,0.0,0.0,0.0,0.0,0.0,0.0,0.0,0.0,0.0,0.0,0.0,0.0
0.0,0.0,0.0,0.0,0.0,0.0,0.0,0.0,0.0,0.0,0.0,0.0,0.0,0.0,0.0,0.0,0.0,0.0,0.0,0.0,0.0,0.0,0.0,0.0,0.0,0.0,0.0,0.0,0.0,0.0,0.0,0.0,0.0,0.0,0.0,0.0,0.0,0.0,0.0,0.0,0.0,0.0,0.0,0.0,0.0,0.0,0.0,0.0,0.0,0.0,0.0,0.0,0.0,0.0,0.0,0.0,0.0,0.0,0.0,0.0,0.0,0.0,0.0,0.0,0.0,0.0,0.0,0.0,0.0,0.0,0.0,0.0,0.0,0.0,0.0,0.0,0.0,0.0,0.0,0.0,0.0,0.0,0.0,0.0,0.0,0.0
0.0,0.0,0.0,0.0,0.0,0.0,0.0,0.0,0.0,0.0,0.0,0.0,0.0,0.0,0.0,0.0,0.0,0.0,0.0,0.0,0.0,0.0,0.0,0.0,0.0,0.0,0.0,0.0,0.0,0.0,0.0,0.0,0.0,0.0,0.0,0.0,0.0,0.0,0.0,0.0,0.0,0.0,0.0,0.0,0.0,0.0,0.0,0.0,0.0,0.0,0.0,0.0,0.0,0.0,0.0,0.0,0.0,0.0,0.0,0.0,0.0,0.0,0.0,0.0,0.0,0.0,0.0,0.0,0.0,0.0,0.0,0.0,0.0,0.0,0.0,0.0,0.0,0.0,0.0,0.0,0.0,0.0,0.0,0.0,0.0,0.0
0.0,0.0,0.0,0.0,0.0,0.0,0.0,0.0,0.0,0.0,0.0,0.0,0.0,0.0,0.0,0.0,0.0,0.0,0.0,0.0,0.0,0.0,0.0,0.0,0.0,0.0,0.0,0.0,0.0,0.0,0.0,0.0,0.0,0.0,0.0,0.0,0.0,0.0,0.0,0.0,0.0,0.0,0.0,0.0,0.0,0.0,0.0,0.0,0.0,0.0,0.0,0.0,0.0,0.0,0.0,0.0,0.0,0.0,0.0,0.0,0.0,0.0,0.0,0.0,0.0,0.0,0.0,0.0,0.0,0.0,0.0,0.0,0.0,0.0,0.0,0.0,0.0,0.0,0.0,0.0,0.0,0.0,0.0,0.0,0.0,0.0
0.0,0.0,0.0,0.0,0.0,0.0,0.0,0.0,0.0,0.0,0.0,0.0,0.0,0.0,0.0,0.0,0.0,0.0,0.0,0.0,0.0,0.0,0.0,0.0,0.0,0.0,0.0,0.0,0.0,0.0,0.0,0.0,0.0,0.0,0.0,0.0,0.0,0.0,0.0,0.0,0.0,0.0,0.0,0.0,0.0,0.0,0.0,0.0,0.0,0.0,0.0,0.0,0.0,0.0,0.0,0.0,0.0,0.0,0.0,0.0,0.0,0.0,0.0,0.0,0.0,0.0,0.0,0.0,0.0,0.0,0.0,0.0,0.0,0.0,0.0,0.0,0.0,0.0,0.0,0.0,0.0,0.0,0.0,0.0,0.0,0.0
0.0,0.0,0.0,0.0,0.0,0.0,0.0,0.0,0.0,0.0,0.0,0.0,0.0,0.0,0.0,0.0,0.0,0.0,0.0,0.0,0.0,0.0,0.0,0.0,0.0,0.0,0.0,0.0,0.0,0.0,0.0,0.0,0.0,0.0,0.0,0.0,0.0,0.0,0.0,0.0,0.0,0.0,0.0,0.0,0.0,0.0,0.0,0.0,0.0,0.0,0.0,0.0,0.0,0.0,0.0,0.0,0.0,0.0,0.0,0.0,0.0,0.0,0.0,0.0,0.0,0.0,0.0,0.0,0.0,0.0,0.0,0.0,0.0,0.0,0.0,0.0,0.0,0.0,0.0,0.0,0.0,0.0,0.0,0.0,0.0,0.0
0.0,0.0,0.0,0.0,0.0,0.0,0.0,0.0,0.0,0.0,0.0,0.0,0.0,0.0,0.0,0.0,0.0,0.0,0.0,0.0,0.0,0.0,0.0,0.0,0.0,0.0,0.0,0.0,0.0,0.0,0.0,0.0,0.0,0.0,0.0,0.0,0.0,0.0,0.0,0.0,0.0,0.0,0.0,0.0,0.0,0.0,0.0,0.0,0.0,0.0,0.0,0.0,0.0,0.0,0.0,0.0,0.0,0.0,0.0,0.0,0.0,0.0,0.0,0.0,0.0,0.0,0.0,0.0,0.0,0.0,0.0,0.0,0.0,0.0,0.0,0.0,0.0,0.0,0.0,0.0,0.0,0.0,0.0,0.0,0.0,0.0
0.0,0.0,0.0,0.0,0.0,0.0,0.0,0.0,0.0,0.0,0.0,0.0,0.0,0.0,0.0,0.0,0.0,0.0,0.0,0.0,0.0,0.0,0.0,0.0,0.0,0.0,0.0,0.0,0.0,0.0,0.0,0.0,0.0,0.0,0.0,0.0,0.0,0.0,0.0,0.0,0.0,0.0,0.0,0.0,0.0,0.0,0.0,0.0,0.0,0.0,0.0,0.0,0.0,0.0,0.0,0.0,0.0,0.0,0.0,0.0,0.0,0.0,0.0,0.0,0.0,0.0,0.0,0.0,0.0,0.0,0.0,0.0,0.0,0.0,0.0,0.0,0.0,0.0,0.0,0.0,0.0,0.0,0.0,0.0,0.0,0.0
0.0,0.0,0.0,0.0,0.0,0.0,0.0,0.0,0.0,0.0,0.0,0.0,0.0,0.0,0.0,0.0,0.0,0.0,0.0,0.0,0.0,0.0,0.0,0.0,0.0,0.0,0.0,0.0,0.0,0.0,0.0,0.0,0.0,0.0,0.0,0.0,0.0,0.0,0.0,0.0,0.0,0.0,0.0,0.0,0.0,0.0,0.0,0.0,0.0,0.0,0.0,0.0,0.0,0.0,0.0,0.0,0.0,0.0,0.0,0.0,0.0,0.0,0.0,0.0,0.0,0.0,0.0,0.0,0.0,0.0,0.0,0.0,0.0,0.0,0.0,0.0,0.0,0.0,0.0,0.0,0.0,0.0,0.0,0.0,0.0,0.0
0.0,0.0,0.0,0.0,0.0,0.0,0.0,0.0,0.0,0.0,0.0,0.0,0.0,0.0,0.0,0.0,0.0,0.0,0.0,0.0,0.0,0.0,0.0,0.0,0.0,0.0,0.0,0.0,0.0,0.0,0.0,0.0,0.0,0.0,0.0,0.0,0.0,0.0,0.0,0.0,0.0,0.0,0.0,0.0,0.0,0.0,0.0,0.0,0.0,0.0,0.0,0.0,0.0,0.0,0.0,0.0,0.0,0.0,0.0,0.0,0.0,0.0,0.0,0.0,0.0,0.0,0.0,0.0,0.0,0.0,0.0,0.0,0.0,0.0,0.0,0.0,0.0,0.0,0.0,0.0,0.0,0.0,0.0,0.0,0.0,0.0
0.0,0.0,0.0,0.0,0.0,0.0,0.0,0.0,0.0,0.0,0.0,0.0,0.0,0.0,0.0,0.0,0.0,0.0,0.0,0.0,0.0,0.0,0.0,0.0,0.0,0.0,0.0,0.0,0.0,0.0,0.0,0.0,0.0,0.0,0.0,0.0,0.0,0.0,0.0,0.0,0.0,0.0,0.0,0.0,0.0,0.0,0.0,0.0,0.0,0.0,0.0,0.0,0.0,0.0,0.0,0.0,0.0,0.0,0.0,0.0,0.0,0.0,0.0,0.0,0.0,0.0,0.0,0.0,0.0,0.0,0.0,0.0,0.0,0.0,0.0,0.0,0.0,0.0,0.0,0.0,0.0,0.0,0.0,0.0,0.0,0.0
0.0,0.0,0.0,0.0,0.0,0.0,0.0,0.0,0.0,0.0,0.0,0.0,0.0,0.0,0.0,0.0,0.0,0.0,0.0,0.0,0.0,0.0,0.0,0.0,0.0,0.0,0.0,0.0,0.0,0.0,0.0,0.0,0.0,0.0,0.0,0.0,0.0,0.0,0.0,0.0,0.0,0.0,0.0,0.0,0.0,0.0,0.0,0.0,0.0,0.0,0.0,0.0,0.0,0.0,0.0,0.0,0.0,0.0,0.0,0.0,0.0,0.0,0.0,0.0,0.0,0.0,0.0,0.0,0.0,0.0,0.0,0.0,0.0,0.0,0.0,0.0,0.0,0.0,0.0,0.0,0.0,0.0,0.0,0.0,0.0,0.0
0.0,0.0,0.0,0.0,0.0,0.0,0.0,0.0,0.0,0.0,0.0,0.0,0.0,0.0,0.0,0.0,0.0,0.0,0.0,0.0,0.0,0.0,0.0,0.0,0.0,0.0,0.0,0.0,0.0,0.0,0.0,0.0,0.0,0.0,0.0,0.0,0.0,0.0,0.0,0.0,0.0,0.0,0.0,0.0,0.0,0.0,0.0,0.0,0.0,0.0,0.0,0.0,0.0,0.0,0.0,0.0,0.0,0.0,0.0,0.0,0.0,0.0,0.0,0.0,0.0,0.0,0.0,0.0,0.0,0.0,0.0,0.0,0.0,0.0,0.0,0.0,0.0,0.0,0.0,0.0,0.0,0.0,0.0,0.0,0.0,0.0
0.0,0.0,0.0,0.0,0.0,0.0,0.0,0.0,0.0,0.0,0.0,0.0,0.0,0.0,0.0,0.0,0.0,0.0,0.0,0.0,0.0,0.0,0.0,0.0,0.0,0.0,0.0,0.0,0.0,0.0,0.0,0.0,0.0,0.0,0.0,0.0,0.0,0.0,0.0,0.0,0.0,0.0,0.0,0.0,0.0,0.0,0.0,0.0,0.0,0.0,0.0,0.0,0.0,0.0,0.0,0.0,0.0,0.0,0.0,0.0,0.0,0.0,0.0,0.0,0.0,0.0,0.0,0.0,0.0,0.0,0.0,0.0,0.0,0.0,0.0,0.0,0.0,0.0,0.0,0.0,0.0,0.0,0.0,0.0,0.0,0.0
0.0,0.0,0.0,0.0,0.0,0.0,0.0,0.0,0.0,0.0,0.0,0.0,0.0,0.0,0.0,0.0,0.0,0.0,0.0,0.0,0.0,0.0,0.0,0.0,0.0,0.0,0.0,0.0,0.0,0.0,0.0,0.0,0.0,0.0,0.0,0.0,0.0,0.0,0.0,0.0,0.0,0.0,0.0,0.0,0.0,0.0,0.0,0.0,0.0,0.0,0.0,0.0,0.0,0.0,0.0,0.0,0.0,0.0,0.0,0.0,0.0,0.0,0.0,0.0,0.0,0.0,0.0,0.0,0.0,0.0,0.0,0.0,0.0,0.0,0.0,0.0,0.0,0.0,0.0,0.0,0.0,0.0,0.0,0.0,0.0,0.0
0.0,0.0,0.0,0.0,0.0,0.0,0.0,0.0,0.0,0.0,0.0,0.0,0.0,0.0,0.0,0.0,0.0,0.0,0.0,0.0,0.0,0.0,0.0,0.0,0.0,0.0,0.0,0.0,0.0,0.0,0.0,0.0,0.0,0.0,0.0,0.0,0.0,0.0,0.0,0.0,0.0,0.0,0.0,0.0,0.0,0.0,0.0,0.0,0.0,0.0,0.0,0.0,0.0,0.0,0.0,0.0,0.0,0.0,0.0,0.0,0.0,0.0,0.0,0.0,0.0,0.0,0.0,0.0,0.0,0.0,0.0,0.0,0.0,0.0,0.0,0.0,0.0,0.0,0.0,0.0,0.0,0.0,0.0,0.0,0.0,0.0
0.0,0.0,0.0,0.0,0.0,0.0,0.0,0.0,0.0,0.0,0.0,0.0,0.0,0.0,0.0,0.0,0.0,0.0,0.0,0.0,0.0,0.0,0.0,0.0,0.0,0.0,0.0,0.0,0.0,0.0,0.0,0.0,0.0,0.0,0.0,0.0,0.0,0.0,0.0,0.0,0.0,0.0,0.0,0.0,0.0,0.0,0.0,0.0,0.0,0.0,0.0,0.0,0.0,0.0,0.0,0.0,0.0,0.0,0.0,0.0,0.0,0.0,0.0,0.0,0.0,0.0,0.0,0.0,0.0,0.0,0.0,0.0,0.0,0.0,0.0,0.0,0.0,0.0,0.0,0.0,0.0,0.0,0.0,0.0,0.0,0.0
0.0,0.0,0.0,0.0,0.0,0.0,0.0,0.0,0.0,0.0,0.0,0.0,0.0,0.0,0.0,0.0,0.0,0.0,0.0,0.0,0.0,0.0,0.0,0.0,0.0,0.0,0.0,0.0,0.0,0.0,0.0,0.0,0.0,0.0,0.0,0.0,0.0,0.0,0.0,0.0,0.0,0.0,0.0,0.0,0.0,0.0,0.0,0.0,0.0,0.0,0.0,0.0,0.0,0.0,0.0,0.0,0.0,0.0,0.0,0.0,0.0,0.0,0.0,0.0,0.0,0.0,0.0,0.0,0.0,0.0,0.0,0.0,0.0,0.0,0.0,0.0,0.0,0.0,0.0,0.0,0.0,0.0,0.0,0.0,0.0,0.0
0.0,0.0,0.0,0.0,0.0,0.0,0.0,0.0,0.0,0.0,0.0,0.0,0.0,0.0,0.0,0.0,0.0,0.0,0.0,0.0,0.0,0.0,0.0,0.0,0.0,0.0,0.0,0.0,0.0,0.0,0.0,0.0,0.0,0.0,0.0,0.0,0.0,0.0,0.0,0.0,0.0,0.0,0.0,0.0,0.0,0.0,0.0,0.0,0.0,0.0,0.0,0.0,0.0,0.0,0.0,0.0,0.0,0.0,0.0,0.0,0.0,0.0,0.0,0.0,0.0,0.0,0.0,0.0,0.0,0.0,0.0,0.0,0.0,0.0,0.0,0.0,0.0,0.0,0.0,0.0,0.0,0.0,0.0,0.0,0.0,0.0
0.0,0.0,0.0,0.0,0.0,0.0,0.0,0.0,0.0,0.0,0.0,0.0,0.0,0.0,0.0,0.0,0.0,0.0,0.0,0.0,0.0,0.0,0.0,0.0,0.0,0.0,0.0,0.0,0.0,0.0,0.0,0.0,0.0,0.0,0.0,0.0,0.0,0.0,0.0,0.0,0.0,0.0,0.0,0.0,0.0,0.0,0.0,0.0,0.0,0.0,0.0,0.0,0.0,0.0,0.0,0.0,0.0,0.0,0.0,0.0,0.0,0.0,0.0,0.0,0.0,0.0,0.0,0.0,0.0,0.0,0.0,0.0,0.0,0.0,0.0,0.0,0.0,0.0,0.0,0.0,0.0,0.0,0.0,0.0,0.0,0.0
0.0,0.0,0.0,0.0,0.0,0.0,0.0,0.0,0.0,0.0,0.0,0.0,0.0,0.0,0.0,0.0,0.0,0.0,0.0,0.0,0.0,0.0,0.0,0.0,0.0,0.0,0.0,0.0,0.0,0.0,0.0,0.0,0.0,0.0,0.0,0.0,0.0,0.0,0.0,0.0,0.0,0.0,0.0,0.0,0.0,0.0,0.0,0.0,0.0,0.0,0.0,0.0,0.0,0.0,0.0,0.0,0.0,0.0,0.0,0.0,0.0,0.0,0.0,0.0,0.0,0.0,0.0,0.0,0.0,0.0,0.0,0.0,0.0,0.0,0.0,0.0,0.0,0.0,0.0,0.0,0.0,0.0,0.0,0.0,0.0,0.0
0.0,0.0,0.0,0.0,0.0,0.0,0.0,0.0,0.0,0.0,0.0,0.0,0.0,0.0,0.0,0.0,0.0,0.0,0.0,0.0,0.0,0.0,0.0,0.0,0.0,0.0,0.0,0.0,0.0,0.0,0.0,0.0,0.0,0.0,0.0,0.0,0.0,0.0,0.0,0.0,0.0,0.0,0.0,0.0,0.0,0.0,0.0,0.0,0.0,0.0,0.0,0.0,0.0,0.0,0.0,0.0,0.0,0.0,0.0,0.0,0.0,0.0,0.0,0.0,0.0,0.0,0.0,0.0,0.0,0.0,0.0,0.0,0.0,0.0,0.0,0.0,0.0,0.0,0.0,0.0,0.0,0.0,0.0,0.0,0.0,0.0
0.0,0.0,0.0,0.0,0.0,0.0,0.0,0.0,0.0,0.0,0.0,0.0,0.0,0.0,0.0,0.0,0.0,0.0,0.0,0.0,0.0,0.0,0.0,0.0,0.0,0.0,0.0,0.0,0.0,0.0,0.0,0.0,0.0,0.0,0.0,0.0,0.0,0.0,0.0,0.0,0.0,0.0,0.0,0.0,0.0,0.0,0.0,0.0,0.0,0.0,0.0,0.0,0.0,0.0,0.0,0.0,0.0,0.0,0.0,0.0,0.0,0.0,0.0,0.0,0.0,0.0,0.0,0.0,0.0,0.0,0.0,0.0,0.0,0.0,0.0,0.0,0.0,0.0,0.0,0.0,0.0,0.0,0.0,0.0,0.0,0.0
0.0,0.0,0.0,0.0,0.0,0.0,0.0,0.0,0.0,0.0,0.0,0.0,0.0,0.0,0.0,0.0,0.0,0.0,0.0,0.0,0.0,0.0,0.0,0.0,0.0,0.0,0.0,0.0,0.0,0.0,0.0,0.0,0.0,0.0,0.0,0.0,0.0,0.0,0.0,0.0,0.0,0.0,0.0,0.0,0.0,0.0,0.0,0.0,0.0,0.0,0.0,0.0,0.0,0.0,0.0,0.0,0.0,0.0,0.0,0.0,0.0,0.0,0.0,0.0,0.0,0.0,0.0,0.0,0.0,0.0,0.0,0.0,0.0,0.0,0.0,0.0,0.0,0.0,0.0,0.0,0.0,0.0,0.0,0.0,0.0,0.0
0.0,0.0,0.0,0.0,0.0,0.0,0.0,0.0,0.0,0.0,0.0,0.0,0.0,0.0,0.0,0.0,0.0,0.0,0.0,0.0,0.0,0.0,0.0,0.0,0.0,0.0,0.0,0.0,0.0,0.0,0.0,0.0,0.0,0.0,0.0,0.0,0.0,0.0,0.0,0.0,0.0,0.0,0.0,0.0,0.0,0.0,0.0,0.0,0.0,0.0,0.0,0.0,0.0,0.0,0.0,0.0,0.0,0.0,0.0,0.0,0.0,0.0,0.0,0.0,0.0,0.0,0.0,0.0,0.0,0.0,0.0,0.0,0.0,0.0,0.0,0.0,0.0,0.0,0.0,0.0,0.0,0.0,0.0,0.0,0.0,0.0
0.0,0.0,0.0,0.0,0.0,0.0,0.0,0.0,0.0,0.0,0.0,0.0,0.0,0.0,0.0,0.0,0.0,0.0,0.0,0.0,0.0,0.0,0.0,0.0,0.0,0.0,0.0,0.0,0.0,0.0,0.0,0.0,0.0,0.0,0.0,0.0,0.0,0.0,0.0,0.0,0.0,0.0,0.0,0.0,0.0,0.0,0.0,0.0,0.0,0.0,0.0,0.0,0.0,0.0,0.0,0.0,0.0,0.0,0.0,0.0,0.0,0.0,0.0,0.0,0.0,0.0,0.0,0.0,0.0,0.0,0.0,0.0,0.0,0.0,0.0,0.0,0.0,0.0,0.0,0.0,0.0,0.0,0.0,0.0,0.0,0.0
1010.0,20231026.0,2.0231026100957e+16,2.321,2.32,2879500.0,771400.0,2.322,2.319,2521400.0,1980300.0,2.323,2.318,1724700.0,6507100.0,2.324,2.317,798700.0,2889300.0,2.325,2.316,403100.0,2002000.0,2.092,2.322,2.32,2.301,2.313,2.324,289856791.0,289856791.0,2.556,159845.0,2023-10-26 10:09:57,2.320211290366759,0.0004309416074123,0.0012928248222366,0.0009999999999998,-0.0009999999999998,0.0019999999999997,14150100.0,8327400.0,-5822700.0,2.3177618250047702,2.3221983692388983,22477500.0,5822700.0,0.0001489653840243,-0.004,0.0,2.3205,2.319,2.32,2.319,2.32,289856791.0,289856791.0,1.0,12413217.198274495,3.0,3.0,1.0,0.0,0.0004999999999999,5.380080499999999,0.0009999999999998,442500.1666666666,4037091187108.0,668625.75,-771400.0,2879500.0,-3650900.0,-1980300.0,2521400.0,-4501700.0,-6507100.0,1724700.0,-8231800.0,-2889300.0,798700.0,-3688000.0,-2002000.0,403100.0,-2405100.0,0.0483739228297788,0.1142185733407051
1011.0,20231026.0,2.0231026101057e+16,2.323,2.322,2659800.0,1149300.0,2.324,2.321,2586100.0,2223500.0,2.325,2.32,1580100.0,4261600.0,2.326,2.319,807100.0,3543200.0,2.327,2.318,300100.0,5779000.0,2.092,2.322,2.322,2.301,2.313,2.324,295826078.0,295826078.0,2.556,159845.0,2023-10-26 10:10:57,2.322301724816886,0.0004305705059202,0.0012917115177608,0.0009999999999998,-0.0009999999999998,0.0019999999999997,16956600.0,7933200.0,-9023400.0,2.3193761072384795,2.3241808601825245,24889800.0,9023400.0,0.0009005616503693,-0.0019999999999997,0.0020000000000002,2.3225,2.32,2.322,2.32,2.322,5969287.0,5969287.0,1.0,25319900.663655195,12.0,8.0,3.0,1.0,0.0003500000000005,5.385416750000001,0.0010000000000003,215160.85,4841657153065.0,171601.75,1149300.0,-2659800.0,3809100.0,2223500.0,-2586100.0,4809600.0,4261600.0,-1580100.0,5841700.0,3543200.0,-807100.0,4350300.0,5779000.0,-300100.0,6079100.0,0.1208368938151319,0.1227398842213023
1012.0,20231026.0,2.0231026101157e+16,2.323,2.322,1924300.0,897100.0,2.324,2.321,2531000.0,5144800.0,2.325,2.32,2464500.0,1705600.0,2.326,2.319,906700.0,1893400.0,2.327,2.318,569500.0,5244600.0,2.092,2.324,2.322,2.301,2.313,2.324,313701913.0,313701913.0,2.556,159845.0,2023-10-26 10:11:57,2.322317962713546,0.0004305705059202,0.0012917115177608,0.0009999999999998,-0.0009999999999998,0.0019999999999997,14885500.0,8396000.0,-6489500.0,2.3196343018373584,2.3244838137208195,23281500.0,6489500.0,6.992131865724005e-06,-0.0019999999999997,0.0,2.3225,2.322,2.323,2.321,2.322,17875835.0,17875835.0,1.0,-141294.14296413772,6.0,14.0,3.0,3.0,0.0002500000000003,5.39284535,0.0009999999999998,788017.25,40653013467859.0,1327713.5,-252200.0,-735500.0,483300.0,2921300.0,-55100.0,2976400.0,-2556000.0,884400.0,-3440400.0,-1649800.0,99600.0,-1749400.0,-534400.0,269400.0,-803800.0,0.1510180199274547,0.1437069502528994
0.0,0.0,0.0,0.0,0.0,0.0,0.0,0.0,0.0,0.0,0.0,0.0,0.0,0.0,0.0,0.0,0.0,0.0,0.0,0.0,0.0,0.0,0.0,0.0,0.0,0.0,0.0,0.0,0.0,0.0,0.0,0.0,0.0,0.0,0.0,0.0,0.0,0.0,0.0,0.0,0.0,0.0,0.0,0.0,0.0,0.0,0.0,0.0,0.0,0.0,0.0,0.0,0.0,0.0,0.0,0.0,0.0,0.0,0.0,0.0,0.0,0.0,0.0,0.0,0.0,0.0,0.0,0.0,0.0,0.0,0.0,0.0,0.0,0.0,0.0,0.0,0.0,0.0,0.0,0.0,0.0,0.0,0.0,0.0,0.0,0.0
1014.0,20231026.0,2.0231026101351e+16,2.325,2.324,1357700.0,1012100.0,2.326,2.323,2314400.0,4121400.0,2.327,2.322,2060700.0,3264000.0,2.328,2.321,1335100.0,2709600.0,2.329,2.32,753600.0,1381000.0,2.092,2.325,2.324,2.301,2.313,2.324,321503901.0,321503901.0,2.556,159845.0,2023-10-26 10:13:51,2.3244270824542155,0.0004302000430201,0.00129060012906,0.0009999999999998,-0.0009999999999998,0.0019999999999997,12488100.0,7821500.0,-4666600.0,2.322053971380755,2.3267203221888386,20309600.0,4666600.0,0.0006417143556656,0.0,0.0009999999999998,2.3245,2.323,2.324,2.323,2.324,4540093.0,4540093.0,1.0,13783064.888122408,12.0,6.0,1.0,0.0,0.0003333333333341,5.399426999999999,0.0009999999999998,165658.88888888888,5310588849143.0,40468.0,1012100.0,-1357700.0,2369800.0,4121400.0,-2314400.0,6435800.0,3264000.0,-2060700.0,5324700.0,2709600.0,-1335100.0,4044700.0,1381000.0,-753600.0,2134600.0,0.1363617591756805,0.1295321791757052
0.0,0.0,0.0,0.0,0.0,0.0,0.0,0.0,0.0,0.0,0.0,0.0,0.0,0.0,0.0,0.0,0.0,0.0,0.0,0.0,0.0,0.0,0.0,0.0,0.0,0.0,0.0,0.0,0.0,0.0,0.0,0.0,0.0,0.0,0.0,0.0,0.0,0.0,0.0,0.0,0.0,0.0,0.0,0.0,0.0,0.0,0.0,0.0,0.0,0.0,0.0,0.0,0.0,0.0,0.0,0.0,0.0,0.0,0.0,0.0,0.0,0.0,0.0,0.0,0.0,0.0,0.0,0.0,0.0,0.0,0.0,0.0,0.0,0.0,0.0,0.0,0.0,0.0,0.0,0.0,0.0,0.0,0.0,0.0,0.0,0.0
1016.0,20231026.0,2.0231026101557e+16,2.325,2.324,256500.0,2674000.0,2.326,2.323,2644500.0,2667000.0,2.327,2.322,2009700.0,3544300.0,2.328,2.321,1524100.0,1515700.0,2.329,2.32,1240600.0,1400700.0,2.092,2.325,2.324,2.301,2.313,2.324,337143437.0,337143437.0,2.556,159845.0,2023-10-26 10:15:57,2.3249124722743564,0.0004302000430201,0.00129060012906,0.0009999999999998,-0.0009999999999998,0.0019999999999997,11801700.0,7675400.0,-4126300.0,2.3223133362142745,2.3271104567840117,19477100.0,4126300.0,0.0012800163533074,0.0,0.0029999999999996,2.3245,2.322,2.324,2.322,2.324,5905925.0,5905925.0,1.0,28825303.76302116,9.0,11.0,3.0,1.0,0.0008000000000008,5.3972589,0.0012499999999997,205511.75,3958180923835.0,192318.25,2674000.0,-256500.0,2930500.0,2667000.0,-2644500.0,5311500.0,3544300.0,-2009700.0,5554000.0,1515700.0,-1524100.0,3039800.0,1400700.0,-1240600.0,2641300.0,0.215752495908256,0.2016358880901811
1017.0,20231026.0,2.0231026101657e+16,2.326,2.325,1317000.0,3227600.0,2.327,2.324,2536300.0,3418900.0,2.328,2.323,2190200.0,2832200.0,2.329,2.322,1825700.0,2936200.0,2.33,2.321,589300.0,1437900.0,2.092,2.327,2.325,2.301,2.313,2.324,346829000.0,346829000.0,2.556,159845.0,2023-10-26 10:16:57,2.325710205518638,0.0004300150505267,0.0012900451515803,0.0010000000000003,-0.0009999999999998,0.0020000000000002,13852800.0,8458500.0,-5394300.0,2.323293233136983,2.3277439262280546,22311300.0,5394300.0,0.0003430651365955,0.0010000000000003,0.0010000000000003,2.3255,2.324,2.327,2.324,2.325,9685563.0,9685563.0,1.0,14229943.25551944,12.0,8.0,5.0,4.0,0.0003999999999999,5.4084158,0.0009999999999998,383395.15,25792556960379.0,215825.75,3227600.0,-1317000.0,4544600.0,3418900.0,-2536300.0,5955200.0,2832200.0,-2190200.0,5022400.0,2936200.0,-1825700.0,4761900.0,1437900.0,-589300.0,2027200.0,0.1997747590108586,0.2058037270448788
1018.0,20231026.0,2.0231026101757e+16,2.324,2.323,1003200.0,3314600.0,2.325,2.322,3276400.0,5034300.0,2.326,2.321,1959600.0,2655700.0,2.327,2.32,2090000.0,1926000.0,2.328,2.319,795200.0,1268800.0,2.092,2.327,2.324,2.301,2.313,2.324,358010739.0,358010739.0,2.556,159845.0,2023-10-26 10:17:57,2.3237676594562044,0.0004303851947492,0.0012911555842479,0.0009999999999998,-0.0010000000000003,0.0020000000000002,14199400.0,9124400.0,-5075000.0,2.321507056636196,2.325824382973127,23323800.0,5075000.0,-0.0008355975582096,0.0,-0.0010000000000003,2.3235,2.325,2.326,2.323,2.324,11181739.0,11181739.0,1.0,-15295434.850278834,6.0,14.0,3.0,4.0,0.0005000000000001,5.402138949999999,0.0010000000000003,458013.95,19158850972911.0,519329.5,-3314600.0,1003200.0,-4317800.0,-5034300.0,3276400.0,-8310700.0,-2655700.0,1959600.0,-4615300.0,-1926000.0,2090000.0,-4016000.0,-1268800.0,795200.0,-2064000.0,0.2090945410742092,0.2085147192582966
1019.0,20231026.0,2.0231026101857e+16,2.326,2.325,3022800.0,16600.0,2.327,2.324,2051400.0,3926200.0,2.328,2.323,2232800.0,3514400.0,2.329,2.322,673700.0,2496200.0,2.33,2.321,489300.0,1927500.0,2.092,2.327,2.325,2.301,2.313,2.324,372090665.0,372090665.0,2.556,159845.0,2023-10-26 10:18:57,2.325005461604264,0.0004300150505267,0.0012900451515803,0.0010000000000003,-0.0009999999999998,0.0020000000000002,11880900.0,8470000.0,-3410900.0,2.3227986852847846,2.3272391145218414,20350900.0,3410900.0,0.0005325285382089,0.0010000000000003,0.0010000000000003,2.3255,2.323,2.326,2.323,2.325,14079926.0,14079926.0,1.0,31385522.631208383,5.0,15.0,3.0,2.0,0.0001999999999999,5.4019061,0.0002500000000003,612682.8,36477869924484.0,573521.75,16600.0,-3022800.0,3039400.0,3926200.0,-2051400.0,5977600.0,3514400.0,-2232800.0,5747200.0,2496200.0,-673700.0,3169900.0,1927500.0,-489300.0,2416800.0,0.1475576810013956,0.1578957700922189
1020.0,20231026.0,2.0231026101957e+16,2.323,2.322,409000.0,1762000.0,2.324,2.321,3650200.0,4026300.0,2.325,2.32,2188300.0,7306800.0,2.326,2.319,2153000.0,2937000.0,2.327,2.318,756800.0,1340300.0,2.092,2.327,2.322,2.301,2.313,2.324,378279232.0,378279232.0,2.556,159845.0,2023-10-26 10:19:57,2.3228116075541223,0.0004305705059202,0.0012917115177608,0.0009999999999998,-0.0009999999999998,0.0019999999999997,17372400.0,9157300.0,-8215100.0,2.320111251180033,2.3249124632806613,26529700.0,8215100.0,-0.000944036385438,-0.0019999999999997,-0.0030000000000001,2.3225,2.325,2.325,2.322,2.322,6188567.0,6188567.0,1.0,-48391508.36105169,11.0,9.0,1.0,4.0,0.0008500000000002,5.39563295,0.0012499999999997,211166.35,4535297994821.0,208679.75,-1762000.0,409000.0,-2171000.0,-4026300.0,3650200.0,-7676500.0,-7306800.0,2188300.0,-9495100.0,-2937000.0,2153000.0,-5090000.0,-1340300.0,756800.0,-2097100.0,0.1354729251344001,0.1413150800777195
1021.0,20231026.0,2.0231026102057e+16,2.324,2.323,2996900.0,905900.0,2.325,2.322,2347200.0,5274000.0,2.326,2.321,2292000.0,2192800.0,2.327,2.32,848000.0,6706800.0,2.328,2.319,694600.0,2758800.0,2.092,2.327,2.323,2.301,2.313,2.324,381876461.0,381876461.0,2.556,159845.0,2023-10-26 10:20:57,2.323232115404325,0.0004303851947492,0.0012911555842479,0.0009999999999998,-0.0010000000000003,0.0020000000000002,17838300.0,9178700.0,-8659600.0,2.320711934433214,2.32533500386765,27017000.0,8659600.0,0.0001810176039769,-0.0009999999999998,0.0009999999999998,2.3235,2.322,2.323,2.322,2.323,3597229.0,3597229.0,1.0,16403005.036588809,10.0,10.0,1.0,0.0,0.0004999999999999,5.394006499999998,0.0009999999999998,86380.95000000001,3546996856813.0,24184.0,905900.0,-2996900.0,3902800.0,5274000.0,-2347200.0,7621200.0,2192800.0,-2292000.0,4484800.0,6706800.0,-848000.0,7554800.0,2758800.0,-694600.0,3453400.0,0.1142431896801994,0.1245667880800271
1022.0,20231026.0,2.0231026102157e+16,2.323,2.322,1861100.0,79500.0,2.324,2.321,2444900.0,6102000.0,2.325,2.32,1995800.0,7226800.0,2.326,2.319,1680900.0,2297000.0,2.327,2.318,671800.0,1345000.0,2.092,2.327,2.322,2.301,2.313,2.324,390023365.0,390023365.0,2.556,159845.0,2023-10-26 10:21:57,2.3220409667113264,0.0004305705059202,0.0012917115177608,0.0009999999999998,-0.0009999999999998,0.0019999999999997,17050300.0,8654500.0,-8395800.0,2.3200747200929017,2.324636882546652,25704800.0,8395800.0,-0.0005128433562674,-0.0019999999999997,-0.0009999999999998,2.3225,2.323,2.323,2.322,2.322,8146904.0,8146904.0,1.0,-16553908.828594215,2.0,18.0,0.0,1.0,9.999999999976694e-05,5.392148499999999,0.0,299465.2,12170317586276.0,249440.5,-79500.0,1861100.0,-1940600.0,-6102000.0,2444900.0,-8546900.0,-7226800.0,1995800.0,-9222600.0,-2297000.0,1680900.0,-3977900.0,-1345000.0,671800.0,-2016800.0,0.1175590477246931,0.096722099162131
1023.0,20231026.0,2.0231026102257e+16,2.323,2.322,1992100.0,138600.0,2.324,2.321,1984600.0,5868000.0,2.325,2.32,2537700.0,7772400.0,2.326,2.319,1419500.0,2353400.0,2.327,2.318,771800.0,1445000.0,2.092,2.327,2.322,2.301,2.313,2.324,397927919.0,397927919.0,2.556,159845.0,2023-10-26 10:22:57,2.3220650490449146,0.0004305705059202,0.0012917115177608,0.0009999999999998,-0.0009999999999998,0.0019999999999997,17577400.0,8705700.0,-8871700.0,2.3200513045160265,2.32465474344395,26283100.0,8871700.0,1.0371138603026964e-05,-0.0019999999999997,0.0,2.3225,2.322,2.323,2.322,2.322,7904554.0,7904554.0,1.0,-16847.538489945233,1.0,19.0,1.0,1.0,5.000000000032756e-05,5.39191625,0.0,207609.7,12859865855694.0,344990.75,59100.0,131000.0,-71900.0,-234000.0,-460300.0,226300.0,545600.0,541900.0,3700.0,56400.0,-261400.0,317800.0,100000.0,100000.0,0.0,0.0937303938370956,0.0867196728460597
1024.0,20231026.0,2.0231026102357e+16,2.323,2.322,2034000.0,896100.0,2.324,2.321,2459900.0,4924600.0,2.325,2.32,2293300.0,7006800.0,2.326,2.319,1508300.0,2597000.0,2.327,2.318,602400.0,1579600.0,2.092,2.327,2.322,2.301,2.313,2.324,404284742.0,404284742.0,2.556,159845.0,2023-10-26 10:23:57,2.322305825739736,0.0004305705059202,0.0012917115177608,0.0009999999999998,-0.0009999999999998,0.0019999999999997,17004100.0,8897900.0,-8106200.0,2.3200564922577493,2.3245712696254177,25902000.0,8106200.0,0.0001036853866878,-0.0019999999999997,0.0,2.3225,2.322,2.323,2.322,2.322,6356823.0,6356823.0,1.0,-63299.47348964214,5.0,15.0,1.0,1.0,0.0002500000000007,5.3928452500000015,0.0002499999999998,126623.65000000002,4119347328227.0,102015.0,757500.0,41900.0,715600.0,-943400.0,475300.0,-1418700.0,-765600.0,-244400.0,-521200.0,243600.0,88800.0,154800.0,134600.0,-169400.0,304000.0,0.0905235146749105,0.0838226991694765
1025.0,20231026.0,2.0231026102457e+16,2.321,2.32,2654100.0,5362900.0,2.322,2.319,1901100.0,4908200.0,2.323,2.318,2089100.0,2863500.0,2.324,2.317,1737200.0,1340400.0,2.325,2.316,796500.0,1230500.0,2.092,2.327,2.32,2.301,2.313,2.324,412111834.0,412111834.0,2.556,159845.0,2023-10-26 10:24:57,2.320668941000374,0.0004309416074123,0.0012928248222366,0.0009999999999998,-0.0009999999999998,0.0019999999999997,15705500.0,9178000.0,-6527500.0,2.31875340485817,2.3225773480061016,24883500.0,6527500.0,-0.0007051017459344,-0.004,-0.0020000000000002,2.3205,2.322,2.322,2.32,2.32,7827092.0,7827092.0,1.0,-35307705.356252775,8.0,12.0,1.0,3.0,0.0008499999999997,5.38773795,0.0012499999999997,177498.09999999998,5736967134596.0,182917.0,-5362900.0,2654100.0,-8017000.0,-4908200.0,1901100.0,-6809300.0,-2863500.0,2089100.0,-4952600.0,-1340400.0,1737200.0,-3077600.0,-1230500.0,796500.0,-2027000.0,0.0775655923076685,0.0761196887305443
1026.0,20231026.0,2.0231026102557e+16,2.321,2.32,3035600.0,4707800.0,2.322,2.319,2143700.0,2614000.0,2.323,2.318,2111200.0,3253500.0,2.324,2.317,1115200.0,2045400.0,2.325,2.316,703500.0,1770500.0,2.092,2.327,2.32,2.301,2.313,2.324,422633917.0,422633917.0,2.556,159845.0,2023-10-26 10:25:57,2.320607975824573,0.0004309416074123,0.0012928248222366,0.0009999999999998,-0.0009999999999998,0.0019999999999997,14391200.0,9109200.0,-5282000.0,2.3184477180499194,2.3223750603785183,23500400.0,5282000.0,-2.6270863340727143e-05,-0.004,0.0,2.3205,2.32,2.32,2.319,2.32,10522083.0,10522083.0,1.0,113509.9371756427,18.0,2.0,1.0,1.0,0.0001000000000002,5.381936099999999,0.0,394114.65,20700464332059.0,100920.0,-655100.0,381500.0,-1036600.0,-2294200.0,242600.0,-2536800.0,390000.0,22100.0,367900.0,705000.0,-622000.0,1327000.0,540000.0,-93000.0,633000.0,0.089614332609457,0.089099470017577
1027.0,20231026.0,2.0231026102657e+16,2.321,2.32,2461400.0,2457700.0,2.322,2.319,2513800.0,3004800.0,2.323,2.318,1964600.0,2969000.0,2.324,2.317,1098600.0,1525400.0,2.325,2.316,686900.0,2834500.0,2.092,2.327,2.32,2.301,2.313,2.324,430844696.0,430844696.0,2.556,159845.0,2023-10-26 10:26:57,2.320499623914944,0.0004309416074123,0.0012928248222366,0.0009999999999998,-0.0009999999999998,0.0019999999999997,12791400.0,8725300.0,-4066100.0,2.318056741248026,2.3224310568118,21516700.0,4066100.0,-4.669226356890377e-05,-0.004,0.0,2.3205,2.32,2.321,2.32,2.32,8210779.0,8210779.0,1.0,-55282.36194270104,3.0,17.0,1.0,1.0,0.0001500000000005,5.383096149999999,0.0,291174.95,11151982235453.0,245222.75,-2250100.0,-574200.0,-1675900.0,390800.0,370100.0,20700.0,-284500.0,-146600.0,-137900.0,-520000.0,-16600.0,-503400.0,1064000.0,-16600.0,1080600.0,0.0913817026836029,0.0879331150980121
1028.0,20231026.0,2.0231026102757e+16,2.321,2.32,604000.0,1165000.0,2.322,2.319,2965000.0,2392200.0,2.323,2.318,2360900.0,2145500.0,2.324,2.317,1725000.0,2489000.0,2.325,2.316,1006900.0,2364500.0,2.092,2.327,2.32,2.301,2.313,2.324,436800076.0,436800076.0,2.556,159845.0,2023-10-26 10:27:57,2.3206585641605426,0.0004309416074123,0.0012928248222366,0.0009999999999998,-0.0009999999999998,0.0019999999999997,10556200.0,8661800.0,-1894400.0,2.317763570224134,2.322949871851116,19218000.0,1894400.0,6.849163041644513e-05,-0.004,0.0,2.3205,2.32,2.32,2.32,2.32,5955380.0,5955380.0,1.0,0.0,0.0,0.0,0.0,0.0,0.0,5.382399999999999,0.0,180725.0,6992641364240.0,122831.0,-1292700.0,-1857400.0,564700.0,-612600.0,451200.0,-1063800.0,-823500.0,396300.0,-1219800.0,963600.0,626400.0,337200.0,-470000.0,320000.0,-790000.0,0.0932521326592497,0.0849967482584908
1029.0,20231026.0,2.0231026102857e+16,2.32,2.319,1461900.0,1246500.0,2.321,2.318,2098600.0,3573900.0,2.322,2.317,2491800.0,2215200.0,2.323,2.316,1534600.0,4112700.0,2.324,2.315,1007500.0,1376100.0,2.092,2.327,2.319,2.301,2.313,2.324,449133308.0,449133308.0,2.556,159845.0,2023-10-26 10:28:57,2.3194602348249886,0.0004311273981461,0.0012933821944385,0.0009999999999998,-0.0010000000000003,0.0020000000000002,12524400.0,8594400.0,-3930000.0,2.316936284372904,2.321828632597971,21118800.0,3930000.0,-0.0005165080525337,-0.0049999999999998,-0.0009999999999998,2.3195,2.32,2.32,2.319,2.319,12333232.0,12333232.0,1.0,-18869363.79207908,3.0,17.0,1.0,2.0,0.0001499999999996,5.378456849999997,0.0,459897.1,20374694761920.0,539457.5,-1246500.0,1461900.0,-2708400.0,-3573900.0,2098600.0,-5672500.0,-2215200.0,2491800.0,-4707000.0,-4112700.0,1534600.0,-5647300.0,-1376100.0,1007500.0,-2383600.0,0.0904402467850734,0.0982053375526776
1030.0,20231026.0,2.0231026102957e+16,2.319,2.318,357600.0,943300.0,2.32,2.317,2870600.0,3264300.0,2.321,2.316,2216600.0,4209100.0,2.322,2.315,1868100.0,2224400.0,2.323,2.314,997100.0,1090800.0,2.092,2.327,2.318,2.301,2.313,2.324,457598568.0,457598568.0,2.556,159845.0,2023-10-26 10:29:57,2.3187251133830427,0.0004313133491481,0.0012939400474443,0.0009999999999998,-0.0009999999999998,0.0019999999999997,11731900.0,8310000.0,-3421900.0,2.316063493551769,2.3210332731648617,20041900.0,3421900.0,-0.0003169866630644,-0.0059999999999997,-0.0009999999999998,2.3185,2.319,2.319,2.318,2.318,8465260.0,8465260.0,1.0,-19635174.41759922,10.0,10.0,0.0,1.0,0.0004999999999999,5.375442499999999,0.0009999999999998,248022.5,9353851705452.0,274262.5,-943300.0,357600.0,-1300900.0,-3264300.0,2870600.0,-6134900.0,-4209100.0,2216600.0,-6425700.0,-2224400.0,1868100.0,-4092500.0,-1090800.0,997100.0,-2087900.0,0.0840076641945475,0.1010229811132728
1031.0,20231026.0,2.0231026103057e+16,2.32,2.319,1560300.0,51000.0,2.321,2.318,2218600.0,4471300.0,2.322,2.317,2088100.0,3120700.0,2.323,2.316,1578200.0,3679100.0,2.324,2.315,1007500.0,1376200.0,2.092,2.327,2.319,2.301,2.313,2.324,463264924.0,463264924.0,2.556,159845.0,2023-10-26 10:30:57,2.3190316514615525,0.0004311273981461,0.0012933821944385,0.0009999999999998,-0.0010000000000003,0.0020000000000002,12698300.0,8452700.0,-4245600.0,2.316853665451281,2.321793438782874,21151000.0,4245600.0,0.0001321923914939,-0.0049999999999998,0.0009999999999998,2.3195,2.318,2.319,2.317,2.319,5666356.0,5666356.0,1.0,19959112.96284042,3.0,17.0,2.0,1.0,0.0001000000000002,5.373587800000001,0.0,140065.8,4574641307730.0,62354.0,51000.0,-1560300.0,1611300.0,4471300.0,-2218600.0,6689900.0,3120700.0,-2088100.0,5208800.0,3679100.0,-1578200.0,5257300.0,1376200.0,-1007500.0,2383700.0,0.0788314155263999,0.1084572637789213
1032.0,20231026.0,2.0231026103157e+16,2.319,2.318,11300.0,5604800.0,2.32,2.317,1564000.0,3037100.0,2.321,2.316,2025900.0,3512800.0,2.322,2.315,2254500.0,1376200.0,2.323,2.314,1534600.0,848300.0,2.092,2.327,2.319,2.301,2.313,2.324,470106164.0,470106164.0,2.556,159845.0,2023-10-26 10:31:57,2.318997987927565,0.0004313133491481,0.0012939400474443,0.0009999999999998,-0.0009999999999998,0.0019999999999997,14379200.0,7390300.0,-6988900.0,2.316777087737844,2.3215056763595525,21769500.0,6988900.0,-1.4516308262324529e-05,-0.0049999999999998,0.0,2.3185,2.319,2.319,2.318,2.319,6841240.0,6841240.0,1.0,118199.56228714436,9.0,11.0,1.0,1.0,0.0004500000000011,5.375210649999998,0.0009999999999998,201706.5,10387133895702.0,52353.75,-5604800.0,11300.0,-5616100.0,-3037100.0,1564000.0,-4601100.0,-3512800.0,2025900.0,-5538700.0,-1376200.0,2254500.0,-3630700.0,-848300.0,1534600.0,-2382900.0,0.0831557159049782,0.1112813839714686
1033.0,20231026.0,2.0231026103257e+16,2.321,2.32,900400.0,2401500.0,2.322,2.319,2471400.0,3512600.0,2.323,2.318,2068900.0,2695800.0,2.324,2.317,1597000.0,2210900.0,2.325,2.316,1057300.0,2044600.0,2.092,2.327,2.32,2.301,2.313,2.324,474653687.0,474653687.0,2.556,159845.0,2023-10-26 10:32:57,2.3207273085193374,0.0004309416074123,0.0012928248222366,0.0009999999999998,-0.0009999999999998,0.0019999999999997,12865400.0,8095000.0,-4770400.0,2.3181566605002564,2.3229307473749228,20960400.0,4770400.0,0.0007454409739195,-0.004,0.0009999999999998,2.3205,2.319,2.32,2.319,2.32,4547523.0,4547523.0,1.0,20440760.646549474,4.0,16.0,1.0,0.0,0.0001999999999999,5.378688799999999,0.0,96121.15,2562301895739.0,48754.0,2401500.0,-900400.0,3301900.0,3512600.0,-2471400.0,5984000.0,2695800.0,-2068900.0,4764700.0,2210900.0,-1597000.0,3807900.0,2044600.0,-1057300.0,3101900.0,0.0880955898554603,0.1126288213627566
0.0,0.0,0.0,0.0,0.0,0.0,0.0,0.0,0.0,0.0,0.0,0.0,0.0,0.0,0.0,0.0,0.0,0.0,0.0,0.0,0.0,0.0,0.0,0.0,0.0,0.0,0.0,0.0,0.0,0.0,0.0,0.0,0.0,0.0,0.0,0.0,0.0,0.0,0.0,0.0,0.0,0.0,0.0,0.0,0.0,0.0,0.0,0.0,0.0,0.0,0.0,0.0,0.0,0.0,0.0,0.0,0.0,0.0,0.0,0.0,0.0,0.0,0.0,0.0,0.0,0.0,0.0,0.0,0.0,0.0,0.0,0.0,0.0,0.0,0.0,0.0,0.0,0.0,0.0,0.0,0.0,0.0,0.0,0.0,0.0,0.0
1035.0,20231026.0,2.0231026103457e+16,2.322,2.321,1000.0,5043900.0,2.323,2.32,3063500.0,4534400.0,2.324,2.319,2243100.0,4069100.0,2.325,2.318,1872400.0,1966000.0,2.326,2.317,1007000.0,1002700.0,2.092,2.327,2.322,2.301,2.313,2.324,494914692.0,494914692.0,2.556,159845.0,2023-10-26 10:34:57,2.321999801780016,0.0004307559767391,0.0012922679302175,0.0010000000000003,-0.0009999999999998,0.0020000000000002,16616100.0,8187000.0,-8429100.0,2.3196409927720705,2.3241002687187,24803100.0,8429100.0,0.0005362760818529,-0.0019999999999997,0.0009999999999998,2.3215000000000003,2.32,2.322,2.32,2.322,12727156.0,12727156.0,1.0,41933728.92602594,13.0,7.0,5.0,3.0,0.0003999999999995,5.3898269,0.0009999999999998,477241.3000000001,21428177824288.0,627300.5,5043900.0,-1000.0,5044900.0,4534400.0,-3063500.0,7597900.0,4069100.0,-2243100.0,6312200.0,1966000.0,-1872400.0,3838400.0,1002700.0,-1007000.0,2009700.0,0.137505748112761,0.1188559886756383
1036.0,20231026.0,2.0231026103557e+16,2.322,2.321,1125000.0,5911000.0,2.323,2.32,2997100.0,4839800.0,2.324,2.319,2198100.0,2763000.0,2.325,2.318,1834800.0,1734200.0,2.326,2.317,1003200.0,955300.0,2.092,2.327,2.322,2.301,2.313,2.324,504625901.0,504625901.0,2.556,159845.0,2023-10-26 10:35:57,2.3218401080159183,0.0004307559767391,0.0012922679302175,0.0010000000000003,-0.0009999999999998,0.0020000000000002,16203300.0,9158200.0,-7045100.0,2.319803354872156,2.323846487300998,25361500.0,7045100.0,-6.877660180459877e-05,-0.0019999999999997,0.0,2.3215000000000003,2.321,2.322,2.321,2.322,9711209.0,9711209.0,1.0,21438127.60385873,14.0,6.0,4.0,3.0,0.0003000000000001,5.390291100000001,0.0009999999999998,387846.45,13503394405301.0,408122.5,867100.0,1124000.0,-256900.0,305400.0,-66400.0,371800.0,-1306100.0,-45000.0,-1261100.0,-231800.0,-37600.0,-194200.0,-47400.0,-3800.0,-43600.0,0.1201986927414822,0.1123746561457424
1037.0,20231026.0,2.0231026103657e+16,2.321,2.32,195500.0,3838837.0,2.322,2.319,3444600.0,5467800.0,2.323,2.318,2839100.0,1992400.0,2.324,2.317,1910700.0,1947300.0,2.325,2.316,1059300.0,1944600.0,2.092,2.327,2.32,2.301,2.313,2.324,512122065.0,512122065.0,2.556,159845.0,2023-10-26 10:36:57,2.320951540984306,0.0004309416074123,0.0012928248222366,0.0009999999999998,-0.0009999999999998,0.0019999999999997,15190937.0,9449200.0,-5741737.0,2.318481140432614,2.32302049908987,24640137.0,5741737.0,-0.0003827727409017,-0.004,-0.0020000000000002,2.3205,2.322,2.322,2.32,2.32,7496164.0,7496164.0,1.0,-43760171.97481516,12.0,8.0,4.0,6.0,0.00035,5.38541675,0.0010000000000003,220527.2,10000311635448.0,177464.75,-3838837.0,195500.0,-4034337.0,-5467800.0,3444600.0,-8912400.0,-1992400.0,2839100.0,-4831500.0,-1947300.0,1910700.0,-3858000.0,-1944600.0,1059300.0,-3003900.0,0.1187658699040485,0.1134260716463778
1038.0,20231026.0,2.0231026103757e+16,2.321,2.32,1898800.0,992300.0,2.322,2.319,4060500.0,6326000.0,2.323,2.318,2301100.0,2132400.0,2.324,2.317,1768700.0,2747300.0,2.325,2.316,959300.0,2264600.0,2.092,2.327,2.32,2.301,2.313,2.324,517773469.0,517773469.0,2.556,159845.0,2023-10-26 10:37:57,2.320343225761821,0.0004309416074123,0.0012928248222366,0.0009999999999998,-0.0009999999999998,0.0019999999999997,14462600.0,10988400.0,-3474200.0,2.318071501666367,2.322620436096247,25451000.0,3474200.0,-0.0002621316923572,-0.004,0.0,2.3205,2.32,2.321,2.319,2.32,5651404.0,5651404.0,1.0,-80750.9565018937,4.0,16.0,2.0,2.0,0.0001000000000006,5.3828643,0.0,150562.2,3237277954814.0,187031.0,-2846537.0,1703300.0,-4549837.0,858200.0,615900.0,242300.0,140000.0,-538000.0,678000.0,800000.0,-142000.0,942000.0,320000.0,-100000.0,420000.0,0.1171800878392536,0.1122763019653509
1039.0,20231026.0,2.0231026103857e+16,2.321,2.32,2965900.0,2458800.0,2.322,2.319,3914500.0,5172000.0,2.323,2.318,2652700.0,2438800.0,2.324,2.317,1777100.0,2770900.0,2.325,2.316,959300.0,2164600.0,2.092,2.327,2.32,2.301,2.313,2.324,520766501.0,520766501.0,2.556,159845.0,2023-10-26 10:38:57,2.320453260088116,0.0004309416074123,0.0012928248222366,0.0009999999999998,-0.0009999999999998,0.0019999999999997,15005100.0,12269500.0,-2735600.0,2.318199232261031,2.3224987081788173,27274600.0,2735600.0,4.742044890382324e-05,-0.004,0.0,2.3205,2.32,2.32,2.32,2.32,2993032.0,2993032.0,1.0,0.0,0.0,0.0,0.0,0.0,0.0,5.382399999999999,0.0,31679.60000000001,791588652992.0,20126.0,1466500.0,1067100.0,399400.0,-1154000.0,-146000.0,-1008000.0,306400.0,351600.0,-45200.0,23600.0,8400.0,15200.0,-100000.0,0.0,-100000.0,0.1037472712734008,0.1059729693006109
1040.0,20231026.0,2.0231026103957e+16,2.319,2.318,3429300.0,3853800.0,2.32,2.317,1493300.0,6656400.0,2.321,2.316,2158600.0,4402800.0,2.322,2.315,1881300.0,2110700.0,2.323,2.314,1075500.0,1047700.0,2.092,2.327,2.318,2.301,2.313,2.324,536060105.0,536060105.0,2.556,159845.0,2023-10-26 10:39:57,2.318529142810067,0.0004313133491481,0.0012939400474443,0.0009999999999998,-0.0009999999999998,0.0019999999999997,18071400.0,10038000.0,-8033400.0,2.3165620981218944,2.3205696752341103,28109400.0,8033400.0,-0.000829542870085,-0.0059999999999997,-0.0019999999999997,2.3185,2.32,2.32,2.318,2.318,15293604.0,15293604.0,1.0,-45829010.18828896,5.0,5.0,2.0,4.0,0.0004999999999999,5.3777615,0.0004999999999997,619774.7,44875193361390.0,158411.75,-3853800.0,3429300.0,-7283100.0,-6656400.0,1493300.0,-8149700.0,-4402800.0,2158600.0,-6561400.0,-2110700.0,1881300.0,-3992000.0,-1047700.0,1075500.0,-2123200.0,0.0933193926604854,0.0926147035035004
1041.0,20231026.0,2.0231026104057e+16,2.319,2.318,915300.0,3962600.0,2.32,2.317,2769000.0,13412500.0,2.321,2.316,2008600.0,4602800.0,2.322,2.315,1933300.0,1612700.0,2.323,2.314,1513500.0,995700.0,2.092,2.327,2.319,2.301,2.313,2.324,548538637.0,548538637.0,2.556,159845.0,2023-10-26 10:40:57,2.3188123577769124,0.0004313133491481,0.0012939400474443,0.0009999999999998,-0.0009999999999998,0.0019999999999997,24586300.0,9139700.0,-15446600.0,2.3167212797370897,2.3210394651903234,33726000.0,15446600.0,0.000122145400403,-0.0049999999999998,0.0009999999999998,2.3185,2.318,2.319,2.318,2.319,12478532.0,12478532.0,1.0,23630104.40897437,2.0,18.0,2.0,1.0,0.0001000000000002,5.373587700000003,0.0,477429.1,35514412839846.0,77446.5,108800.0,-2514000.0,2622800.0,6756100.0,1275700.0,5480400.0,200000.0,-150000.0,350000.0,-498000.0,52000.0,-550000.0,-52000.0,438000.0,-490000.0,0.0938283477918777,0.083712187283358
1042.0,20231026.0,2.0231026104157e+16,2.318,2.317,14100.0,9981800.0,2.319,2.316,3722000.0,9097200.0,2.32,2.315,1876200.0,2716400.0,2.321,2.314,1826300.0,1940200.0,2.322,2.313,1000100.0,996300.0,2.092,2.327,2.317,2.301,2.313,2.324,552283996.0,552283996.0,2.556,159845.0,2023-10-26 10:41:57,2.317998589421663,0.0004314994606256,0.001294498381877,0.0010000000000003,-0.0009999999999998,0.0020000000000002,24731900.0,8438700.0,-16293200.0,2.3160160157529344,2.320009041677036,33170600.0,16293200.0,-0.0003510034689234,-0.0069999999999996,-0.0019999999999997,2.3175,2.318,2.319,2.317,2.317,3745359.0,3745359.0,1.0,-23802751.765727896,11.0,9.0,2.0,3.0,0.0004999999999999,5.3712701,0.0009999999999998,45930.95000000001,1263867522521.0,36058.5,-9981800.0,14100.0,-9995900.0,-9097200.0,3722000.0,-12819200.0,-2716400.0,1876200.0,-4592600.0,-1940200.0,1826300.0,-3766500.0,-996300.0,1000100.0,-1996400.0,0.0893516556993063,0.0825543554437197
1043.0,20231026.0,2.0231026104257e+16,2.318,2.317,278600.0,10743400.0,2.319,2.316,3438100.0,8137100.0,2.32,2.315,1626200.0,2816400.0,2.321,2.314,2166400.0,1450200.0,2.322,2.313,1490100.0,996300.0,2.092,2.327,2.317,2.301,2.313,2.324,554800546.0,554800546.0,2.556,159845.0,2023-10-26 10:42:57,2.3179747232807117,0.0004314994606256,0.001294498381877,0.0010000000000003,-0.0009999999999998,0.0020000000000002,24143400.0,8999400.0,-15144000.0,2.3160843998773992,2.320127930750939,33142800.0,15144000.0,-1.0296064857140408e-05,-0.0069999999999996,0.0,2.3175,2.317,2.318,2.317,2.317,2516550.0,2516550.0,1.0,-50648.76175009087,6.0,14.0,1.0,1.0,0.0003000000000001,5.3698795000000015,0.0009999999999998,18435.0,353505324458.0,26993.5,761600.0,264500.0,497100.0,-960100.0,-283900.0,-676200.0,100000.0,-250000.0,350000.0,-490000.0,340100.0,-830100.0,0.0,490000.0,-490000.0,0.0823815852127487,0.07899404412818
1044.0,20231026.0,2.0231026104357e+16,2.318,2.317,934500.0,7231400.0,2.319,2.316,3628100.0,6148800.0,2.32,2.315,1626200.0,4016400.0,2.321,2.314,1986400.0,1940200.0,2.322,2.313,1000100.0,996300.0,2.092,2.327,2.317,2.301,2.313,2.324,557068889.0,557068889.0,2.556,159845.0,2023-10-26 10:43:57,2.3178855606852893,0.0004314994606256,0.001294498381877,0.0010000000000003,-0.0009999999999998,0.0020000000000002,20333100.0,9175300.0,-11157800.0,2.315820278265488,2.319835373230303,29508400.0,11157800.0,-3.84664722279382e-05,-0.0069999999999996,0.0,2.3175,2.317,2.317,2.317,2.317,2268343.0,2268343.0,1.0,0.0,0.0,0.0,0.0,0.0,0.0,5.368489000000002,0.0,12511.649999999994,263375923087.0,22880.0,-3512000.0,655900.0,-4167900.0,-1988300.0,190000.0,-2178300.0,1200000.0,0.0,1200000.0,490000.0,-180000.0,670000.0,0.0,-490000.0,490000.0,0.0795805874775611,0.0765844711923599
1045.0,20231026.0,2.0231026104457e+16,2.319,2.318,1024800.0,3770200.0,2.32,2.317,2455200.0,8969300.0,2.321,2.316,2108700.0,4517300.0,2.322,2.315,1813400.0,1612700.0,2.323,2.314,1513500.0,495700.0,2.092,2.327,2.318,2.301,2.313,2.324,562098791.0,562098791.0,2.556,159845.0,2023-10-26 10:44:57,2.3187862773722627,0.0004313133491481,0.0012939400474443,0.0009999999999998,-0.0009999999999998,0.0019999999999997,19365200.0,8915600.0,-10449600.0,2.3167180715923408,2.3210376418861323,28280800.0,10449600.0,0.0003885186313641,-0.0059999999999997,0.0009999999999998,2.3185,2.317,2.318,2.317,2.318,5029902.0,5029902.0,1.0,24173841.11302581,12.0,8.0,1.0,0.0,0.0004000000000004,5.371270000000001,0.0009999999999998,129942.1,6147245048976.0,44726.25,3770200.0,-1024800.0,4795000.0,8969300.0,-2455200.0,11424500.0,4517300.0,-2108700.0,6626000.0,1612700.0,-1813400.0,3426100.0,495700.0,-1513500.0,2009200.0,0.069599523686371,0.0681011553885927
1046.0,20231026.0,2.0231026104557e+16,2.319,2.318,2207900.0,1702600.0,2.32,2.317,2021100.0,10535900.0,2.321,2.316,2193300.0,4804300.0,2.322,2.315,1658000.0,2682700.0,2.323,2.314,1023500.0,1995700.0,2.092,2.327,2.318,2.301,2.313,2.324,563614089.0,563614089.0,2.556,159845.0,2023-10-26 10:45:57,2.31843539189362,0.0004313133491481,0.0012939400474443,0.0009999999999998,-0.0009999999999998,0.0019999999999997,21721200.0,9103800.0,-12617400.0,2.316334557943392,2.3206999165183766,30825000.0,12617400.0,-0.000151334356793,-0.0059999999999997,0.0,2.3185,2.318,2.319,2.318,2.318,1515298.0,1515298.0,1.0,-15411.880846261978,1.0,19.0,1.0,1.0,4.999999999988347e-05,5.373355850000001,0.0,61856.9,522924471066.0,44337.75,-2067600.0,1183100.0,-3250700.0,1566600.0,-434100.0,2000700.0,287000.0,84600.0,202400.0,1070000.0,-155400.0,1225400.0,1500000.0,-490000.0,1990000.0,0.0810770963687804,0.0781400014766848
1047.0,20231026.0,2.0231026104657e+16,2.318,2.317,165000.0,9629000.0,2.319,2.316,3311800.0,5655800.0,2.32,2.315,2226100.0,2816400.0,2.321,2.314,2164400.0,2890200.0,2.322,2.313,1076800.0,548300.0,2.092,2.327,2.318,2.301,2.313,2.324,566053321.0,566053321.0,2.556,159845.0,2023-10-26 10:46:57,2.317983152950786,0.0004314994606256,0.001294498381877,0.0010000000000003,-0.0009999999999998,0.0020000000000002,21539700.0,8944100.0,-12595600.0,2.315971554849882,2.3200756029114165,30483800.0,12595600.0,-0.0001950811558074,-0.0059999999999997,0.0,2.3175,2.318,2.318,2.318,2.318,2439232.0,2439232.0,1.0,0.0,0.0,0.0,0.0,0.0,0.0,5.373124000000001,0.0,116630.1,1716836624148.0,42825.0,-9629000.0,165000.0,-9794000.0,-5655800.0,3311800.0,-8967600.0,-2816400.0,2226100.0,-5042500.0,-2890200.0,2164400.0,-5054600.0,-548300.0,1076800.0,-1625100.0,0.0759091003487337,0.0680629740476009
1048.0,20231026.0,2.0231026104757e+16,2.318,2.317,2338800.0,992600.0,2.319,2.316,2841300.0,7449900.0,2.32,2.315,1874500.0,4776400.0,2.321,2.314,1144400.0,3540200.0,2.322,2.313,924800.0,1856300.0,2.092,2.327,2.317,2.301,2.313,2.324,569994217.0,569994217.0,2.556,159845.0,2023-10-26 10:47:57,2.3172979528126314,0.0004314994606256,0.001294498381877,0.0010000000000003,-0.0009999999999998,0.0020000000000002,18615400.0,9123800.0,-9491600.0,2.31511723089485,2.319504055327824,27739200.0,9491600.0,-0.0002956455617303,-0.0069999999999996,-0.0009999999999998,2.3175,2.318,2.318,2.317,2.317,3940896.0,3940896.0,1.0,-24562387.26801628,11.0,9.0,0.0,1.0,0.0004499999999998,5.37103825,0.0009999999999998,197044.8,7200101653292.0,75882.0,-8636400.0,2173800.0,-10810200.0,1794100.0,-470500.0,2264600.0,1960000.0,-351600.0,2311600.0,650000.0,-1020000.0,1670000.0,1308000.0,-152000.0,1460000.0,0.0776512160770508,0.0712418845638437
1049.0,20231026.0,2.0231026104857e+16,2.316,2.315,360000.0,1668100.0,2.317,2.314,3130800.0,4645600.0,2.318,2.313,1402800.0,2380800.0,2.319,2.312,1692400.0,1467800.0,2.32,2.311,799100.0,1223900.0,2.092,2.327,2.316,2.301,2.313,2.324,579649162.0,579649162.0,2.556,159845.0,2023-10-26 10:48:57,2.315822493959864,0.0004318721658388,0.0012956164975167,0.0009999999999998,-0.0010000000000003,0.0020000000000002,11386200.0,7385100.0,-4001100.0,2.313357116509459,2.3179241445613465,18771300.0,4001100.0,-0.0006369179992606,-0.008,-0.0010000000000003,2.3155,2.318,2.318,2.315,2.316,9654945.0,9654945.0,1.0,-49444185.01604101,6.0,14.0,1.0,3.0,0.0002999999999997,5.365246099999999,0.0010000000000003,482747.25,21295562806289.0,166328.0,-1668100.0,360000.0,-2028100.0,-4645600.0,3130800.0,-7776400.0,-2380800.0,1402800.0,-3783600.0,-1467800.0,1692400.0,-3160200.0,-1223900.0,799100.0,-2023000.0,0.0945015533787213,0.083136361793394
1050.0,20231026.0,2.0231026104957e+16,2.316,2.315,609300.0,3017900.0,2.317,2.314,1332000.0,2045700.0,2.318,2.313,2851700.0,3521000.0,2.319,2.312,1530400.0,2567800.0,2.32,2.311,899100.0,903900.0,2.092,2.327,2.315,2.301,2.313,2.324,580617084.0,580617084.0,2.556,159845.0,2023-10-26 10:49:57,2.3158320191883544,0.0004318721658388,0.0012956164975167,0.0009999999999998,-0.0010000000000003,0.0020000000000002,12056300.0,7222500.0,-4833800.0,2.3133073828620723,2.318107718933887,19278800.0,4833800.0,4.113099741576143e-06,-0.0089999999999998,-0.0009999999999998,2.3155,2.315,2.316,2.315,2.315,967922.0,967922.0,1.0,-12630.74303278327,1.0,19.0,1.0,1.0,4.999999999943938e-05,5.359456549999998,0.0,6495.099999999999,90670559482.0,7351.0,1349800.0,249300.0,1100500.0,-2599900.0,-1798800.0,-801100.0,1140200.0,1448900.0,-308700.0,1100000.0,-162000.0,1262000.0,-320000.0,100000.0,-420000.0,0.0981213534773251,0.0932982965644625
1051.0,20231026.0,2.0231026105057e+16,2.316,2.315,551500.0,1214000.0,2.317,2.314,3158200.0,3060600.0,2.318,2.313,1621100.0,2274700.0,2.319,2.312,1094100.0,2824100.0,2.32,2.311,799100.0,1423900.0,2.092,2.327,2.315,2.301,2.313,2.324,582882062.0,582882062.0,2.556,159845.0,2023-10-26 10:50:57,2.315687623902577,0.0004318721658388,0.0012956164975167,0.0009999999999998,-0.0010000000000003,0.0020000000000002,10797300.0,7224000.0,-3573300.0,2.3129830235336613,2.3177828211517166,18021300.0,3573300.0,-6.235330818016305e-05,-0.0089999999999998,0.0,2.3155,2.315,2.315,2.314,2.315,2264978.0,2264978.0,1.0,3335.7386254370213,19.0,1.0,1.0,1.0,5.000000000032756e-05,5.35899355,0.0,71347.9,758215781192.0,42075.5,-1803900.0,-57800.0,-1746100.0,1014900.0,1826200.0,-811300.0,-1246300.0,-1230600.0,-15700.0,256300.0,-436300.0,692600.0,520000.0,-100000.0,620000.0,0.0938835009419539,0.1070180424057009
1052.0,20231026.0,2.0231026105157e+16,2.317,2.316,122100.0,2662200.0,2.318,2.315,2108000.0,4283800.0,2.319,2.314,3148400.0,2545900.0,2.32,2.313,1488500.0,1901000.0,2.321,2.312,1543200.0,969600.0,2.092,2.327,2.316,2.301,2.313,2.324,586241805.0,586241805.0,2.556,159845.0,2023-10-26 10:51:57,2.316956146966921,0.0004316857327866,0.0012950571983596,0.0009999999999998,-0.0009999999999998,0.0019999999999997,12362500.0,8410200.0,-3952300.0,2.3144665722952475,2.319264286223871,20772700.0,3952300.0,0.0005476454304668,-0.008,0.0009999999999998,2.3165,2.315,2.317,2.315,2.316,3359743.0,3359743.0,1.0,25207647.31782108,16.0,4.0,3.0,2.0,9.999999999976694e-05,5.363393099999999,0.0,126067.65,2095125442147.0,141253.75,2662200.0,-122100.0,2784300.0,4283800.0,-2108000.0,6391800.0,2545900.0,-3148400.0,5694300.0,1901000.0,-1488500.0,3389500.0,969600.0,-1543200.0,2512800.0,0.1014205950644411,0.1103352394098798
1053.0,20231026.0,2.0231026105257e+16,2.316,2.315,649900.0,2064300.0,2.317,2.314,3190200.0,4197500.0,2.318,2.313,2642800.0,3161000.0,2.319,2.312,1772400.0,2057800.0,2.32,2.311,899100.0,1713900.0,2.092,2.327,2.315,2.301,2.313,2.324,587831681.0,587831681.0,2.556,159845.0,2023-10-26 10:52:57,2.3157605555964924,0.0004318721658388,0.0012956164975167,0.0009999999999998,-0.0010000000000003,0.0020000000000002,13194500.0,9154400.0,-4040100.0,2.3132152790935616,2.317899567421131,22348900.0,4040100.0,-0.0005161513097966,-0.0089999999999998,-0.0009999999999998,2.3155,2.316,2.316,2.315,2.315,1589876.0,1589876.0,1.0,-25365067.17062356,6.0,14.0,0.0,1.0,0.0003000000000001,5.360614299999998,0.0009999999999998,37592.8,662340062136.0,10026.25,-2064300.0,649900.0,-2714200.0,-4197500.0,3190200.0,-7387700.0,-3161000.0,2642800.0,-5803800.0,-2057800.0,1772400.0,-3830200.0,-1713900.0,899100.0,-2613000.0,0.1037448921974686,0.1103343774471592
1054.0,20231026.0,2.0231026105357e+16,2.317,2.316,1343200.0,2227200.0,2.318,2.315,2448000.0,4603400.0,2.319,2.314,2348400.0,3389600.0,2.32,2.313,1432200.0,2311000.0,2.321,2.312,953200.0,1679600.0,2.092,2.327,2.316,2.301,2.313,2.324,590826087.0,590826087.0,2.556,159845.0,2023-10-26 10:53:57,2.316623795653148,0.0004316857327866,0.0012950571983596,0.0009999999999998,-0.0009999999999998,0.0019999999999997,14210800.0,8525000.0,-5685800.0,2.3142383820756045,2.318789348973608,22735800.0,5685800.0,0.0003726979461085,-0.008,0.0009999999999998,2.3165,2.315,2.316,2.315,2.316,2994406.0,2994406.0,1.0,25477041.91215304,9.0,11.0,2.0,1.0,0.0004500000000011,5.36130895,0.0009999999999998,107818.8,2628497379640.0,19.0,2227200.0,-1343200.0,3570400.0,4603400.0,-2448000.0,7051400.0,3389600.0,-2348400.0,5738000.0,2311000.0,-1432200.0,3743200.0,1679600.0,-953200.0,2632800.0,0.0875265906173032,0.1059086516979388
0.0,0.0,0.0,0.0,0.0,0.0,0.0,0.0,0.0,0.0,0.0,0.0,0.0,0.0,0.0,0.0,0.0,0.0,0.0,0.0,0.0,0.0,0.0,0.0,0.0,0.0,0.0,0.0,0.0,0.0,0.0,0.0,0.0,0.0,0.0,0.0,0.0,0.0,0.0,0.0,0.0,0.0,0.0,0.0,0.0,0.0,0.0,0.0,0.0,0.0,0.0,0.0,0.0,0.0,0.0,0.0,0.0,0.0,0.0,0.0,0.0,0.0,0.0,0.0,0.0,0.0,0.0,0.0,0.0,0.0,0.0,0.0,0.0,0.0,0.0,0.0,0.0,0.0,0.0,0.0,0.0,0.0,0.0,0.0,0.0,0.0
1056.0,20231026.0,2.0231026105557e+16,2.318,2.317,341000.0,1278200.0,2.319,2.316,3881100.0,4019900.0,2.32,2.315,1858200.0,3118000.0,2.321,2.314,1842700.0,1945800.0,2.322,2.313,924800.0,1756500.0,2.092,2.327,2.317,2.301,2.313,2.324,599460629.0,599460629.0,2.556,159845.0,2023-10-26 10:55:57,2.317789402173913,0.0004314994606256,0.001294498381877,0.0010000000000003,-0.0009999999999998,0.0020000000000002,12118400.0,8847800.0,-3270600.0,2.3150922151439133,2.319901580053799,20966200.0,3270600.0,-0.0001655924663366,-0.0069999999999996,-0.0009999999999998,2.3175,2.318,2.318,2.317,2.317,4531545.0,4531545.0,1.0,-25861415.7531262,11.0,9.0,0.0,1.0,0.0004500000000002,5.37103825,0.0009999999999998,184639.25,8228775591413.0,9865.75,-1278200.0,341000.0,-1619200.0,-4019900.0,3881100.0,-7901000.0,-3118000.0,1858200.0,-4976200.0,-1945800.0,1842700.0,-3788500.0,-1756500.0,924800.0,-2681300.0,0.0970000634816065,0.0927191391114108
1057.0,20231026.0,2.0231026105657e+16,2.317,2.316,398600.0,2871800.0,2.318,2.315,2980300.0,3275800.0,2.319,2.314,3130000.0,2782100.0,2.32,2.313,1478500.0,1934700.0,2.321,2.312,953200.0,1679600.0,2.092,2.327,2.316,2.301,2.313,2.324,605594948.0,605594948.0,2.556,159845.0,2023-10-26 10:56:57,2.31687811888454,0.0004316857327866,0.0012950571983596,0.0009999999999998,-0.0009999999999998,0.0019999999999997,12544000.0,8940600.0,-3603400.0,2.314296994579081,2.3189560879583024,21484600.0,3603400.0,-0.0003932464613594,-0.008,-0.0010000000000003,2.3165,2.317,2.318,2.316,2.316,6134319.0,6134319.0,1.0,-26153398.59310536,17.0,3.0,2.0,3.0,5.000000000032756e-05,5.368257550000001,0.0,264777.95,9632850200523.0,207103.75,-2871800.0,398600.0,-3270400.0,-3275800.0,2980300.0,-6256100.0,-2782100.0,3130000.0,-5912100.0,-1934700.0,1478500.0,-3413200.0,-1679600.0,953200.0,-2632800.0,0.0963135229111763,0.0917525209598514
1058.0,20231026.0,2.0231026105757e+16,2.316,2.315,560400.0,2286500.0,2.317,2.314,3871000.0,4213500.0,2.318,2.313,1925000.0,3161000.0,2.319,2.312,1970200.0,1857800.0,2.32,2.311,799100.0,1713900.0,2.092,2.327,2.315,2.301,2.313,2.324,609432280.0,609432280.0,2.556,159845.0,2023-10-26 10:57:57,2.315803154308195,0.0004318721658388,0.0012956164975167,0.0009999999999998,-0.0010000000000003,0.0020000000000002,13232700.0,9125700.0,-4107000.0,2.3132645642990477,2.317844022924269,22358400.0,4107000.0,-0.000464078805446,-0.0089999999999998,-0.0009999999999998,2.3155,2.316,2.316,2.315,2.315,3837332.0,3837332.0,1.0,-26299198.488118056,12.0,8.0,0.0,1.0,0.0003999999999999,5.362003599999998,0.0009999999999998,119167.0,1278413685954.0,195082.25,-2286500.0,560400.0,-2846900.0,-4213500.0,3871000.0,-8084500.0,-3161000.0,1925000.0,-5086000.0,-1857800.0,1970200.0,-3828000.0,-1713900.0,799100.0,-2513000.0,0.0857712041408789,0.0868006339675646
1059.0,20231026.0,2.0231026105857e+16,2.316,2.315,171500.0,2795500.0,2.317,2.314,3925200.0,3943600.0,2.318,2.313,1755000.0,3211000.0,2.319,2.312,1970200.0,1857800.0,2.32,2.311,799100.0,1493900.0,2.092,2.327,2.315,2.301,2.313,2.324,614186867.0,614186867.0,2.556,159845.0,2023-10-26 10:58:57,2.315942197505898,0.0004318721658388,0.0012956164975167,0.0009999999999998,-0.0010000000000003,0.0020000000000002,13301800.0,8621000.0,-4680800.0,2.3133525086830358,2.31791882612226,21922800.0,4680800.0,6.003922374109294e-05,-0.0089999999999998,0.0,2.3155,2.315,2.316,2.315,2.315,4754587.0,4754587.0,1.0,-106601.43359928578,4.0,16.0,1.0,1.0,0.0001999999999999,5.360151199999999,0.0,195827.85,4903033891887.0,87709.5,509000.0,-388900.0,897900.0,-269900.0,54200.0,-324100.0,50000.0,-170000.0,220000.0,0.0,0.0,0.0,-220000.0,0.0,-220000.0,0.084307633843179,0.0795229153637067
1100.0,20231026.0,2.0231026105957e+16,2.316,2.315,2791500.0,104500.0,2.317,2.314,2481300.0,4149600.0,2.318,2.313,1863300.0,2808200.0,2.319,2.312,1291900.0,2314100.0,2.32,2.311,579100.0,1713900.0,2.092,2.327,2.315,2.301,2.313,2.324,614908242.0,614908242.0,2.556,159845.0,2023-10-26 10:59:57,2.315036084254144,0.0004318721658388,0.0012956164975167,0.0009999999999998,-0.0010000000000003,0.0020000000000002,11090300.0,9007100.0,-2083200.0,2.312875269379548,2.317376691720976,20097400.0,2083200.0,-0.0003913269327504,-0.0089999999999998,0.0,2.3155,2.315,2.316,2.315,2.315,721375.0,721375.0,1.0,-13267.95385280624,1.0,19.0,1.0,1.0,5.000000000032756e-05,5.359456549999998,0.0,5833.25,38009204595.0,9839.75,-2691000.0,2620000.0,-5311000.0,206000.0,-1443900.0,1649900.0,-402800.0,108300.0,-511100.0,456300.0,-678300.0,1134600.0,220000.0,-220000.0,440000.0,0.0716012279230857,0.0732174855236989
1101.0,20231026.0,2.0231026110057e+16,2.315,2.314,1024400.0,1109000.0,2.316,2.313,3455700.0,4403100.0,2.317,2.312,2196300.0,3777800.0,2.318,2.311,1588900.0,2228300.0,2.319,2.31,900800.0,2624500.0,2.092,2.327,2.314,2.301,2.313,2.324,623067639.0,623067639.0,2.556,159845.0,2023-10-26 11:00:57,2.31451982750539,0.0004320587599913,0.0012961762799739,0.0009999999999998,-0.0009999999999998,0.0019999999999997,14142700.0,9166100.0,-4976600.0,2.3119394599333933,2.316769367560904,23308800.0,4976600.0,-0.0002230264676497,-0.0099999999999997,-0.0009999999999998,2.3145,2.315,2.315,2.314,2.314,8159397.0,8159397.0,1.0,-26756007.28837786,4.0,16.0,1.0,2.0,0.0001999999999999,5.3555218,0.0,266584.35,12007240117753.0,49403.25,-1109000.0,1024400.0,-2133400.0,-4403100.0,3455700.0,-7858800.0,-3777800.0,2196300.0,-5974100.0,-2228300.0,1588900.0,-3817200.0,-2624500.0,900800.0,-3525300.0,0.0540012603942875,0.0522695973683572
1102.0,20231026.0,2.0231026110157e+16,2.315,2.314,2365900.0,451000.0,2.316,2.313,2425700.0,3662900.0,2.317,2.312,2238000.0,4757800.0,2.318,2.311,1536900.0,2228300.0,2.319,2.31,680800.0,2624500.0,2.092,2.327,2.314,2.301,2.313,2.324,624243151.0,624243151.0,2.556,159845.0,2023-10-26 11:01:57,2.314160105080053,0.0004320587599913,0.0012961762799739,0.0009999999999998,-0.0009999999999998,0.0019999999999997,13724500.0,9247300.0,-4477200.0,2.311787795548108,2.316539433131833,22971800.0,4477200.0,-0.0001554319725282,-0.0099999999999997,0.0,2.3145,2.314,2.314,2.314,2.314,1175512.0,1175512.0,1.0,0.0,0.0,0.0,0.0,0.0,0.0,5.354596,0.0,16892.6,124848026542.0,1.0,-658000.0,1341500.0,-1999500.0,-740200.0,-1030000.0,289800.0,980000.0,41700.0,938300.0,0.0,-52000.0,52000.0,0.0,-220000.0,220000.0,0.0497630603790343,0.0497678201981102
0.0,0.0,0.0,0.0,0.0,0.0,0.0,0.0,0.0,0.0,0.0,0.0,0.0,0.0,0.0,0.0,0.0,0.0,0.0,0.0,0.0,0.0,0.0,0.0,0.0,0.0,0.0,0.0,0.0,0.0,0.0,0.0,0.0,0.0,0.0,0.0,0.0,0.0,0.0,0.0,0.0,0.0,0.0,0.0,0.0,0.0,0.0,0.0,0.0,0.0,0.0,0.0,0.0,0.0,0.0,0.0,0.0,0.0,0.0,0.0,0.0,0.0,0.0,0.0,0.0,0.0,0.0,0.0,0.0,0.0,0.0,0.0,0.0,0.0,0.0,0.0,0.0,0.0,0.0,0.0,0.0,0.0,0.0,0.0,0.0,0.0
1104.0,20231026.0,2.0231026110357e+16,2.313,2.312,812800.0,1426300.0,2.314,2.311,2584600.0,4580800.0,2.315,2.31,2641900.0,4008000.0,2.316,2.309,1592400.0,2120900.0,2.317,2.308,1512800.0,2125900.0,2.092,2.327,2.312,2.301,2.313,2.324,632909754.0,632909754.0,2.556,159845.0,2023-10-26 11:03:57,2.3126369970077265,0.0004324324324325,0.0012972972972973,0.0009999999999998,-0.0009999999999998,0.0019999999999997,14261900.0,9144500.0,-5117400.0,2.310074372979757,2.315044595111816,23406400.0,5117400.0,-0.0006070286992042,-0.012,-0.0020000000000002,2.3125,2.314,2.314,2.312,2.312,7887479.0,7887479.0,1.0,-54420222.44649483,9.0,11.0,1.0,3.0,0.0005999999999994,5.348119299999999,0.0010000000000003,257387.95,13251182728799.0,116268.5,-1426300.0,812800.0,-2239100.0,-4580800.0,2584600.0,-7165400.0,-4008000.0,2641900.0,-6649900.0,-2120900.0,1592400.0,-3713300.0,-2125900.0,1512800.0,-3638700.0,0.056751256793334,0.0575473034397429
1105.0,20231026.0,2.0231026110457e+16,2.312,2.311,290400.0,1981100.0,2.313,2.31,2824700.0,5501600.0,2.314,2.309,1999400.0,2377100.0,2.315,2.308,1780200.0,3044100.0,2.316,2.307,1545000.0,918800.0,2.092,2.327,2.311,2.301,2.313,2.324,638976098.0,638976098.0,2.556,159845.0,2023-10-26 11:04:57,2.3118721549636803,0.0004326195111399,0.0012978585334199,0.0009999999999998,-0.0010000000000003,0.0020000000000002,13822700.0,8439700.0,-5383000.0,2.309331490953287,2.3141735488228257,22262400.0,5383000.0,-0.0003307776137468,-0.0129999999999999,-0.0009999999999998,2.3115,2.312,2.313,2.311,2.311,6066344.0,6066344.0,1.0,-27616248.19011992,16.0,4.0,2.0,3.0,0.00015,5.344650649999998,0.0,158941.2,4688433994144.0,320368.5,-1981100.0,290400.0,-2271500.0,-5501600.0,2824700.0,-8326300.0,-2377100.0,1999400.0,-4376500.0,-3044100.0,1780200.0,-4824300.0,-918800.0,1545000.0,-2463800.0,0.056665942324544,0.0568380314977527
1106.0,20231026.0,2.0231026110557e+16,2.311,2.31,170600.0,3371200.0,2.312,2.309,2772700.0,2627200.0,2.313,2.308,1361200.0,4200300.0,2.314,2.307,1692100.0,1467000.0,2.315,2.306,1680900.0,409500.0,2.092,2.327,2.311,2.301,2.313,2.324,643002856.0,643002856.0,2.556,159845.0,2023-10-26 11:05:57,2.310951832401604,0.0004328067517852,0.0012984202553558,0.0009999999999998,-0.0009999999999998,0.0019999999999997,12075200.0,7677500.0,-4397700.0,2.308586623824036,2.313252686421361,19752700.0,4397700.0,-0.0003981646615793,-0.0129999999999999,0.0,2.3105,2.311,2.311,2.31,2.311,4026758.0,4026758.0,1.0,39796.373751726,18.0,2.0,1.0,1.0,9.999999999976694e-05,5.340258900000001,0.0,60366.9,1700484482024.0,78956.0,-3371200.0,170600.0,-3541800.0,-2627200.0,2772700.0,-5399900.0,-4200300.0,1361200.0,-5561500.0,-1467000.0,1692100.0,-3159100.0,-409500.0,1680900.0,-2090400.0,0.0628707090892224,0.0641509635978746
1107.0,20231026.0,2.0231026110657e+16,2.311,2.31,609300.0,3012700.0,2.312,2.309,1292300.0,4118200.0,2.313,2.308,2909400.0,4514100.0,2.314,2.307,1875900.0,1423200.0,2.315,2.306,1680900.0,409500.0,2.092,2.327,2.31,2.301,2.313,2.324,646096639.0,646096639.0,2.556,159845.0,2023-10-26 11:06:57,2.3108317780231915,0.0004328067517852,0.0012984202553558,0.0009999999999998,-0.0009999999999998,0.0019999999999997,13477700.0,8367800.0,-5109900.0,2.308586257299094,2.313325868209087,21845500.0,5109900.0,-5.19515358393674e-05,-0.0139999999999997,-0.0009999999999998,2.3105,2.31,2.31,2.31,2.31,3093783.0,3093783.0,1.0,0.0,0.0,20.0,0.0,0.0,4.440892098500626e-16,5.336100000000001,0.0,19635.0,524627582787.0,35978.25,-358500.0,438700.0,-797200.0,1491000.0,-1480400.0,2971400.0,313800.0,1548200.0,-1234400.0,-43800.0,183800.0,-227600.0,0.0,0.0,0.0,0.0597362367926128,0.0617039298746166
1108.0,20231026.0,2.0231026110757e+16,2.312,2.311,549900.0,3780100.0,2.313,2.31,2586700.0,2717800.0,2.314,2.309,1722100.0,3618900.0,2.315,2.308,1952000.0,2610300.0,2.316,2.307,1545000.0,468800.0,2.092,2.327,2.311,2.301,2.313,2.324,652079451.0,652079451.0,2.556,159845.0,2023-10-26 11:07:57,2.311873002309469,0.0004326195111399,0.0012978585334199,0.0009999999999998,-0.0010000000000003,0.0020000000000002,13195900.0,8355700.0,-4840200.0,2.309510014474193,2.314162224589203,21551600.0,4840200.0,0.0004504827166622,-0.0129999999999999,0.0009999999999998,2.3115,2.31,2.312,2.31,2.311,5982812.0,5982812.0,1.0,28063139.94167941,15.0,5.0,4.0,3.0,0.00015,5.340028050000001,0.0002499999999998,150427.59999999998,4572984991266.0,104805.75,3780100.0,-549900.0,4330000.0,2717800.0,-2586700.0,5304500.0,3618900.0,-1722100.0,5341000.0,2610300.0,-1952000.0,4562300.0,468800.0,-1545000.0,2013800.0,0.0669517078623448,0.0766100853737742
1109.0,20231026.0,2.0231026110857e+16,2.311,2.31,245100.0,3436300.0,2.312,2.309,1238700.0,3923100.0,2.313,2.308,3073000.0,2845900.0,2.314,2.307,1707900.0,1103200.0,2.315,2.306,1680900.0,409500.0,2.092,2.327,2.31,2.301,2.313,2.324,655858245.0,655858245.0,2.556,159845.0,2023-10-26 11:08:57,2.310933422067692,0.0004328067517852,0.0012984202553558,0.0009999999999998,-0.0009999999999998,0.0019999999999997,11718000.0,7945600.0,-3772400.0,2.308757253797576,2.31342045912203,19663600.0,3772400.0,-0.0004064977714665,-0.0139999999999997,-0.0009999999999998,2.3105,2.311,2.311,2.31,2.31,3778794.0,3778794.0,1.0,-28342993.274024166,12.0,8.0,2.0,3.0,0.0003999999999999,5.3388726,0.0009999999999998,38526.20000000001,1230445856616.0,34538.25,-3436300.0,245100.0,-3681400.0,-3923100.0,1238700.0,-5161800.0,-2845900.0,3073000.0,-5918900.0,-1103200.0,1707900.0,-2811100.0,-409500.0,1680900.0,-2090400.0,0.0602628148841962,0.084185625029705
1110.0,20231026.0,2.0231026110957e+16,2.312,2.311,720400.0,4502900.0,2.313,2.31,2323900.0,3926100.0,2.314,2.309,1564000.0,2528900.0,2.315,2.308,1772000.0,1642100.0,2.316,2.307,1545000.0,468800.0,2.092,2.327,2.311,2.301,2.313,2.324,659355385.0,659355385.0,2.556,159845.0,2023-10-26 11:09:57,2.311862079528268,0.0004326195111399,0.0012978585334199,0.0009999999999998,-0.0010000000000003,0.0020000000000002,13068800.0,7925300.0,-5143500.0,2.309792130876592,2.314138455326612,20994100.0,5143500.0,0.0004017731144487,-0.0129999999999999,0.0009999999999998,2.3115,2.31,2.312,2.31,2.311,3497140.0,3497140.0,1.0,28378111.04161146,2.0,18.0,3.0,2.0,4.999999999988347e-05,5.340952250000001,0.0,28686.0,887236200276.0,31776.25,4502900.0,-720400.0,5223300.0,3926100.0,-2323900.0,6250000.0,2528900.0,-1564000.0,4092900.0,1642100.0,-1772000.0,3414100.0,468800.0,-1545000.0,2013800.0,0.0685064586027174,0.0870076534441643
1111.0,20231026.0,2.0231026111057e+16,2.313,2.312,2688200.0,69800.0,2.314,2.311,1107000.0,4820300.0,2.315,2.31,1978200.0,3028600.0,2.316,2.309,1636200.0,2305100.0,2.317,2.308,1512800.0,997700.0,2.092,2.327,2.312,2.301,2.313,2.324,664267155.0,664267155.0,2.556,159845.0,2023-10-26 11:10:57,2.312025308194344,0.0004324324324325,0.0012972972972973,0.0009999999999998,-0.0009999999999998,0.0019999999999997,11221500.0,8922400.0,-2299100.0,2.310058762197567,2.31479583968439,20143900.0,2299100.0,7.06023535854694e-05,-0.012,0.0009999999999998,2.3125,2.312,2.313,2.311,2.312,4911770.0,4911770.0,1.0,66794.85765808076,8.0,12.0,4.0,5.0,0.0004499999999998,5.342801450000001,0.0009999999999998,100458.0,2954190891952.0,46393.5,69800.0,-2688200.0,2758000.0,4820300.0,-1107000.0,5927300.0,3028600.0,-1978200.0,5006800.0,2305100.0,-1636200.0,3941300.0,997700.0,-1512800.0,2510500.0,0.067229183147901,0.0908865925686476
0.0,0.0,0.0,0.0,0.0,0.0,0.0,0.0,0.0,0.0,0.0,0.0,0.0,0.0,0.0,0.0,0.0,0.0,0.0,0.0,0.0,0.0,0.0,0.0,0.0,0.0,0.0,0.0,0.0,0.0,0.0,0.0,0.0,0.0,0.0,0.0,0.0,0.0,0.0,0.0,0.0,0.0,0.0,0.0,0.0,0.0,0.0,0.0,0.0,0.0,0.0,0.0,0.0,0.0,0.0,0.0,0.0,0.0,0.0,0.0,0.0,0.0,0.0,0.0,0.0,0.0,0.0,0.0,0.0,0.0,0.0,0.0,0.0,0.0,0.0,0.0,0.0,0.0,0.0,0.0,0.0,0.0,0.0,0.0,0.0,0.0
1113.0,20231026.0,2.0231026111257e+16,2.312,2.311,439100.0,4419700.0,2.313,2.31,3086400.0,4340200.0,2.314,2.309,2012000.0,2930900.0,2.315,2.308,2124000.0,1842100.0,2.316,2.307,1545000.0,1188800.0,2.092,2.327,2.311,2.301,2.313,2.324,673248795.0,673248795.0,2.556,159845.0,2023-10-26 11:12:57,2.31190962789166,0.0004326195111399,0.0012978585334199,0.0009999999999998,-0.0010000000000003,0.0020000000000002,14721700.0,9206500.0,-5515200.0,2.3096086185698663,2.314135708466844,23928200.0,5515200.0,3.3958687227775286e-06,-0.0129999999999999,-0.0009999999999998,2.3115,2.311,2.312,2.311,2.311,3177032.0,3177032.0,1.0,-18399.968894056976,1.0,19.0,1.0,1.0,4.999999999988347e-05,5.3409521500000015,0.0,20191.60000000001,607487293546.0,33278.25,187300.0,-21900.0,209200.0,1421100.0,1191300.0,229800.0,733800.0,-333700.0,1067500.0,134400.0,-232200.0,366600.0,315600.0,-143200.0,458800.0,0.0840001576855774,0.0954041253102099
1114.0,20231026.0,2.0231026111357e+16,2.312,2.311,19100.0,3672300.0,2.313,2.31,2687900.0,4420000.0,2.314,2.309,1752000.0,2840900.0,2.315,2.308,2304000.0,1842100.0,2.316,2.307,1545000.0,968800.0,2.092,2.327,2.311,2.301,2.313,2.324,680141301.0,680141301.0,2.556,159845.0,2023-10-26 11:13:57,2.311994825811345,0.0004326195111399,0.0012978585334199,0.0009999999999998,-0.0010000000000003,0.0020000000000002,13744100.0,8308000.0,-5436100.0,2.30958096928864,2.3143211242176216,22052100.0,5436100.0,3.685107274498112e-05,-0.0129999999999999,0.0,2.3115,2.311,2.312,2.311,2.311,6892506.0,6892506.0,1.0,-148949.90423037857,6.0,14.0,2.0,2.0,0.0002999999999993,5.3421079,0.0009999999999998,180081.8,6134650388868.0,136665.0,-747400.0,-420000.0,-327400.0,79800.0,-398500.0,478300.0,-90000.0,-260000.0,170000.0,0.0,180000.0,-180000.0,-220000.0,0.0,-220000.0,0.0897679515161854,0.0866483518632572
1115.0,20231026.0,2.0231026111457e+16,2.312,2.311,2236000.0,24900.0,2.313,2.31,2103800.0,5336400.0,2.314,2.309,1954000.0,3772600.0,2.315,2.308,1772500.0,2632100.0,2.316,2.307,1055000.0,1678800.0,2.092,2.327,2.311,2.301,2.313,2.324,683431632.0,683431632.0,2.556,159845.0,2023-10-26 11:14:57,2.311011013313282,0.0004326195111399,0.0012978585334199,0.0009999999999998,-0.0010000000000003,0.0020000000000002,13444800.0,9121300.0,-4323500.0,2.308955112757349,2.313704724107309,22566100.0,4323500.0,-0.0004256159508119,-0.0129999999999999,0.0,2.3115,2.311,2.311,2.311,2.311,3290331.0,3290331.0,1.0,0.0,0.0,0.0,0.0,0.0,0.0,5.340721000000001,0.0,15137.0,565058238255.0,35416.0,-3647400.0,2216900.0,-5864300.0,916400.0,-584100.0,1500500.0,931700.0,202000.0,729700.0,790000.0,-531500.0,1321500.0,710000.0,-490000.0,1200000.0,0.0670115995646128,0.0946610864754545
1116.0,20231026.0,2.0231026111557e+16,2.314,2.313,645100.0,1546000.0,2.315,2.312,2966600.0,4246300.0,2.316,2.311,2196200.0,3144100.0,2.317,2.31,1560200.0,2208300.0,2.318,2.309,1565800.0,967800.0,2.092,2.327,2.313,2.301,2.313,2.324,688981881.0,688981881.0,2.556,159845.0,2023-10-26 11:15:57,2.3137055816713064,0.0004322455154527,0.0012967365463583,0.0010000000000003,-0.0009999999999998,0.0020000000000002,12112500.0,8933900.0,-3178600.0,2.3112637275541794,2.316048690941246,21046400.0,3178600.0,0.0011652902864834,-0.0109999999999996,0.0020000000000002,2.3135000000000003,2.311,2.314,2.311,2.313,5550249.0,5550249.0,1.0,59316568.290404126,16.0,4.0,5.0,3.0,0.00015,5.349275750000001,0.0,235647.45,6906310703151.0,154291.5,1546000.0,-645100.0,2191100.0,4246300.0,-2966600.0,7212900.0,3144100.0,-2196200.0,5340300.0,2208300.0,-1560200.0,3768500.0,967800.0,-1565800.0,2533600.0,0.1107447799324959,0.1100578501321771
1117.0,20231026.0,2.0231026111657e+16,2.314,2.313,1038700.0,1763200.0,2.315,2.312,2313900.0,6896800.0,2.316,2.311,2371100.0,3687900.0,2.317,2.31,1604000.0,2384500.0,2.318,2.309,1565800.0,967800.0,2.092,2.327,2.313,2.301,2.313,2.324,694607877.0,694607877.0,2.556,159845.0,2023-10-26 11:16:57,2.313629287269353,0.0004322455154527,0.0012967365463583,0.0010000000000003,-0.0009999999999998,0.0020000000000002,15700200.0,8893500.0,-6806700.0,2.311388727532133,2.316038713667285,24593700.0,6806700.0,-3.297552657033353e-05,-0.0109999999999996,0.0,2.3135000000000003,2.313,2.314,2.312,2.313,5625996.0,5625996.0,1.0,125437.28191776574,8.0,12.0,2.0,2.0,0.0004500000000002,5.347425349999999,0.0010000000000003,160960.3,4371804618976.0,85823.5,217200.0,393600.0,-176400.0,2650500.0,-652700.0,3303200.0,543800.0,174900.0,368900.0,176200.0,43800.0,132400.0,0.0,0.0,0.0,0.1014776220352711,0.0976443390643143
1118.0,20231026.0,2.0231026111757e+16,2.313,2.312,271700.0,10699400.0,2.314,2.311,3027400.0,4245800.0,2.315,2.31,1488900.0,3102200.0,2.316,2.309,1948200.0,1102200.0,2.317,2.308,1512800.0,997700.0,2.092,2.327,2.312,2.301,2.313,2.324,696785083.0,696785083.0,2.556,159845.0,2023-10-26 11:17:57,2.3129752349354216,0.0004324324324325,0.0012972972972973,0.0009999999999998,-0.0009999999999998,0.0019999999999997,20147300.0,8249000.0,-11898300.0,2.311119107771264,2.315170081221966,28396300.0,11898300.0,-0.0002827353559827,-0.012,-0.0010000000000003,2.3125,2.313,2.313,2.312,2.312,2177206.0,2177206.0,1.0,-30158982.617571887,11.0,9.0,3.0,4.0,0.0004499999999998,5.34788775,0.0010000000000003,66276.0,411363292192.0,110579.5,-10699400.0,271700.0,-10971100.0,-4245800.0,3027400.0,-7273200.0,-3102200.0,1488900.0,-4591100.0,-1102200.0,1948200.0,-3050400.0,-997700.0,1512800.0,-2510500.0,0.1028063296809747,0.0964843901093045
1119.0,20231026.0,2.0231026111857e+16,2.313,2.312,2690800.0,332200.0,2.314,2.311,1758600.0,2005100.0,2.315,2.31,2158700.0,4781200.0,2.316,2.309,1446200.0,2192600.0,2.317,2.308,1022800.0,1707700.0,2.092,2.327,2.312,2.301,2.313,2.324,704211937.0,704211937.0,2.556,159845.0,2023-10-26 11:18:57,2.3121098908369166,0.0004324324324325,0.0012972972972973,0.0009999999999998,-0.0009999999999998,0.0019999999999997,11018800.0,9077100.0,-1941700.0,2.3097333194177225,2.314598065461436,20095900.0,1941700.0,-0.0003741959704828,-0.012,0.0,2.3125,2.312,2.313,2.312,2.312,7426854.0,7426854.0,1.0,-14926.681278690696,1.0,19.0,1.0,1.0,4.999999999988347e-05,5.345575249999998,0.0,329495.7,15442156142266.0,46308.5,-10367200.0,2419100.0,-12786300.0,-2240700.0,-1268800.0,-971900.0,1679000.0,669800.0,1009200.0,1090400.0,-502000.0,1592400.0,710000.0,-490000.0,1200000.0,0.1027983556639355,0.0964538502172997
1120.0,20231026.0,2.0231026111957e+16,2.312,2.311,860000.0,3545000.0,2.313,2.31,1978800.0,5613800.0,2.314,2.309,1993600.0,3628400.0,2.315,2.308,2004000.0,2342300.0,2.316,2.307,1545000.0,1188800.0,2.092,2.327,2.311,2.301,2.313,2.324,711489103.0,711489103.0,2.556,159845.0,2023-10-26 11:19:57,2.311804767309875,0.0004326195111399,0.0012978585334199,0.0009999999999998,-0.0010000000000003,0.0020000000000002,16318300.0,8381400.0,-7936900.0,2.3094892605234616,2.31416646383659,24699700.0,7936900.0,-0.0001319762798592,-0.0129999999999999,-0.0009999999999998,2.3115,2.312,2.312,2.31,2.311,7277166.0,7277166.0,1.0,-30540780.565239843,2.0,18.0,1.0,2.0,4.999999999988347e-05,5.340952250000001,0.0,322029.3,9241485206730.0,372648.5,-3545000.0,860000.0,-4405000.0,-5613800.0,1978800.0,-7592600.0,-3628400.0,1993600.0,-5622000.0,-2342300.0,2004000.0,-4346300.0,-1188800.0,1545000.0,-2733800.0,0.1195110136873419,0.0968136248070483
1121.0,20231026.0,2.0231026112057e+16,2.312,2.311,450500.0,5460200.0,2.313,2.31,1076500.0,4389800.0,2.314,2.309,2246100.0,2708400.0,2.315,2.308,2004000.0,1842300.0,2.316,2.307,1545000.0,1188800.0,2.092,2.327,2.311,2.301,2.313,2.324,718775993.0,718775993.0,2.556,159845.0,2023-10-26 11:20:57,2.311923782293129,0.0004326195111399,0.0012978585334199,0.0009999999999998,-0.0010000000000003,0.0020000000000002,15589500.0,7322100.0,-8267400.0,2.309711395490554,2.314425629259365,22911600.0,8267400.0,5.148009101463291e-05,-0.0129999999999999,0.0,2.3115,2.311,2.313,2.311,2.311,7286890.0,7286890.0,1.0,-324033.74438428506,16.0,4.0,2.0,2.0,9.999999999976694e-05,5.344881899999999,0.0,322499.0,9431257766496.0,445753.0,1915200.0,-409500.0,2324700.0,-1224000.0,-902300.0,-321700.0,-920000.0,252500.0,-1172500.0,-500000.0,0.0,-500000.0,0.0,0.0,0.0,0.0958548312624688,0.0774997820523638
1122.0,20231026.0,2.0231026112157e+16,2.313,2.312,1760500.0,1316600.0,2.314,2.311,2158500.0,8088100.0,2.315,2.31,2202000.0,4522900.0,2.316,2.309,1592400.0,2138400.0,2.317,2.308,702800.0,1807900.0,2.092,2.327,2.312,2.301,2.313,2.324,723204776.0,723204776.0,2.556,159845.0,2023-10-26 11:21:57,2.312427870397452,0.0004324324324325,0.0012972972972973,0.0009999999999998,-0.0009999999999998,0.0019999999999997,17873900.0,8416200.0,-9457700.0,2.3102778968216224,2.3146813882749933,26290100.0,9457700.0,0.0002180146079617,-0.012,0.0009999999999998,2.3125,2.311,2.312,2.311,2.312,4428783.0,4428783.0,1.0,31158978.67139514,18.0,2.0,2.0,1.0,0.0001000000000002,5.344881699999999,0.0,179592.15,3621531951557.0,214958.25,1316600.0,-1760500.0,3077100.0,8088100.0,-2158500.0,10246600.0,4522900.0,-2202000.0,6724900.0,2138400.0,-1592400.0,3730800.0,1807900.0,-702800.0,2510700.0,0.1050912433333961,0.0850780612810167
1123.0,20231026.0,2.0231026112257e+16,2.313,2.312,1387400.0,544400.0,2.314,2.311,2512600.0,6735100.0,2.315,2.31,1986200.0,4186700.0,2.316,2.309,1688200.0,2094600.0,2.317,2.308,802800.0,1707900.0,2.092,2.327,2.312,2.301,2.313,2.324,725092876.0,725092876.0,2.556,159845.0,2023-10-26 11:22:57,2.31228180971115,0.0004324324324325,0.0012972972972973,0.0009999999999998,-0.0009999999999998,0.0019999999999997,15268700.0,8377200.0,-6891500.0,2.310151519120816,2.314762020722915,23645900.0,6891500.0,-6.316534288774989e-05,-0.012,0.0,2.3125,2.312,2.313,2.312,2.312,1888100.0,1888100.0,1.0,-30731.918376978487,2.0,18.0,2.0,2.0,0.0001000000000002,5.345806499999998,0.0,52558.0,705609107086.0,58.5,-772200.0,-373100.0,-399100.0,-1353000.0,354100.0,-1707100.0,-336200.0,-215800.0,-120400.0,-43800.0,95800.0,-139600.0,-100000.0,100000.0,-200000.0,0.1028643324167098,0.0853398438872373
1124.0,20231026.0,2.0231026112357e+16,2.312,2.311,877000.0,4177500.0,2.313,2.31,2659000.0,5200200.0,2.314,2.309,1783500.0,2308400.0,2.315,2.308,1824000.0,2142300.0,2.316,2.307,835000.0,1678800.0,2.092,2.327,2.311,2.301,2.313,2.324,726111344.0,726111344.0,2.556,159845.0,2023-10-26 11:23:57,2.3118264912454247,0.0004326195111399,0.0012978585334199,0.0009999999999998,-0.0010000000000003,0.0020000000000002,15507200.0,7978500.0,-7528700.0,2.3095194554787453,2.313884815441499,23485700.0,7528700.0,-0.0001969324408352,-0.0129999999999999,-0.0009999999999998,2.3115,2.312,2.312,2.311,2.311,1018468.0,1018468.0,1.0,-31401689.874509737,6.0,14.0,0.0,1.0,0.0003000000000001,5.3421079,0.0009999999999998,9094.4,211821814786.0,10457.5,-4177500.0,877000.0,-5054500.0,-5200200.0,2659000.0,-7859200.0,-2308400.0,1783500.0,-4091900.0,-2142300.0,1824000.0,-3966300.0,-1678800.0,835000.0,-2513800.0,0.1018491646526092,0.0841776972885087
1125.0,20231026.0,2.0231026112457e+16,2.314,2.313,365100.0,1290700.0,2.315,2.312,1721300.0,3754000.0,2.316,2.311,2852300.0,5425400.0,2.317,2.31,1764000.0,4344000.0,2.318,2.309,855800.0,1680300.0,2.092,2.327,2.313,2.301,2.313,2.324,729739846.0,729739846.0,2.556,159845.0,2023-10-26 11:24:57,2.313779502355357,0.0004322455154527,0.0012967365463583,0.0010000000000003,-0.0009999999999998,0.0020000000000002,16494400.0,7558500.0,-8935900.0,2.3109169900087303,2.3161354898458693,24052900.0,8935900.0,0.0008444347524139,-0.0109999999999996,0.0020000000000002,2.3135000000000003,2.311,2.314,2.311,2.313,3628502.0,3628502.0,1.0,62966771.811594605,10.0,10.0,3.0,1.0,0.0009000000000005,5.3448828,0.0012499999999997,139596.1,3362651819992.0,104932.0,1290700.0,-365100.0,1655800.0,3754000.0,-1721300.0,5475300.0,5425400.0,-2852300.0,8277700.0,4344000.0,-1764000.0,6108000.0,1680300.0,-855800.0,2536100.0,0.0946059146173185,0.0805151722098956
1126.0,20231026.0,2.0231026112557e+16,2.315,2.314,547100.0,1568100.0,2.316,2.313,1659400.0,2617200.0,2.317,2.312,3334000.0,3332200.0,2.318,2.311,1776200.0,3968700.0,2.319,2.31,928800.0,2709600.0,2.092,2.327,2.314,2.301,2.313,2.324,732761555.0,732761555.0,2.556,159845.0,2023-10-26 11:25:57,2.314741348335855,0.0004320587599913,0.0012961762799739,0.0009999999999998,-0.0009999999999998,0.0019999999999997,14195800.0,8245500.0,-5950300.0,2.311743973569647,2.3171067491358928,22441300.0,5950300.0,0.0004156170082715,-0.0099999999999997,0.0009999999999998,2.3145,2.314,2.315,2.314,2.314,3021709.0,3021709.0,1.0,-19474.29189588502,1.0,19.0,1.0,1.0,4.999999999988347e-05,5.35482745,0.0,109202.45,953689093333.0,216635.0,1568100.0,-547100.0,2115200.0,2617200.0,-1659400.0,4276600.0,3332200.0,-3334000.0,6666200.0,3968700.0,-1776200.0,5744900.0,2709600.0,-928800.0,3638400.0,0.0894881078626296,0.0759511484125174
1127.0,20231026.0,2.0231026112657e+16,2.314,2.313,617200.0,1172600.0,2.315,2.312,3281200.0,5534300.0,2.316,2.311,1876100.0,5099900.0,2.317,2.31,2075200.0,1915800.0,2.318,2.309,1003800.0,1680300.0,2.092,2.327,2.313,2.301,2.313,2.324,736988972.0,736988972.0,2.556,159845.0,2023-10-26 11:26:57,2.3136551570007824,0.0004322455154527,0.0012967365463583,0.0010000000000003,-0.0009999999999998,0.0020000000000002,15402900.0,8853500.0,-6549400.0,2.311169000642736,2.3159511153781,24256400.0,6549400.0,-0.000469359681592,-0.0109999999999996,-0.0009999999999998,2.3135000000000003,2.315,2.315,2.313,2.313,4227417.0,4227417.0,1.0,-63607484.388110064,6.0,14.0,0.0,2.0,0.0009499999999991,5.35482795,0.0012499999999997,169505.35,3480732002247.0,59011.5,-1172600.0,617200.0,-1789800.0,-5534300.0,3281200.0,-8815500.0,-5099900.0,1876100.0,-6976000.0,-1915800.0,2075200.0,-3991000.0,-1680300.0,1003800.0,-2684100.0,0.0885788891745902,0.0739884246197182
1128.0,20231026.0,2.0231026112757e+16,2.314,2.313,1317100.0,279900.0,2.315,2.312,2901100.0,7259800.0,2.316,2.311,2122400.0,3883700.0,2.317,2.31,1149000.0,1872000.0,2.318,2.309,683800.0,1680300.0,2.092,2.327,2.313,2.301,2.313,2.324,739006779.0,739006779.0,2.556,159845.0,2023-10-26 11:27:57,2.3131752661239826,0.0004322455154527,0.0012967365463583,0.0010000000000003,-0.0009999999999998,0.0020000000000002,14975700.0,8173400.0,-6802300.0,2.3111727465160223,2.3156306677759564,23149100.0,6802300.0,-0.0002074382826403,-0.0109999999999996,0.0,2.3135000000000003,2.313,2.313,2.312,2.313,2017807.0,2017807.0,1.0,-9176.947133485228,17.0,3.0,1.0,1.0,0.00015,5.349275250000001,0.0,59034.350000000006,483470173245.0,119124.0,-892700.0,699900.0,-1592600.0,1725500.0,-380100.0,2105600.0,-1216200.0,246300.0,-1462500.0,-43800.0,-926200.0,882400.0,0.0,-320000.0,320000.0,0.096348970948161,0.0780889851377207
0.0,0.0,0.0,0.0,0.0,0.0,0.0,0.0,0.0,0.0,0.0,0.0,0.0,0.0,0.0,0.0,0.0,0.0,0.0,0.0,0.0,0.0,0.0,0.0,0.0,0.0,0.0,0.0,0.0,0.0,0.0,0.0,0.0,0.0,0.0,0.0,0.0,0.0,0.0,0.0,0.0,0.0,0.0,0.0,0.0,0.0,0.0,0.0,0.0,0.0,0.0,0.0,0.0,0.0,0.0,0.0,0.0,0.0,0.0,0.0,0.0,0.0,0.0,0.0,0.0,0.0,0.0,0.0,0.0,0.0,0.0,0.0,0.0,0.0,0.0,0.0,0.0,0.0,0.0,0.0,0.0,0.0,0.0,0.0,0.0,0.0
1130.0,20231026.0,2.0231026112957e+16,2.314,2.313,120200.0,1531400.0,2.315,2.312,645400.0,411000.0,2.316,2.311,984400.0,1205000.0,2.317,2.31,628200.0,781100.0,2.318,2.309,555700.0,490300.0,2.092,2.327,2.313,2.301,2.313,2.324,740551337.0,740551337.0,2.556,159845.0,2023-10-26 11:29:57,2.3139272220876728,0.0004322455154527,0.0012967365463583,0.0010000000000003,-0.0009999999999998,0.0020000000000002,4418800.0,2933900.0,-1484900.0,2.31138745813343,2.316291011963598,7352700.0,1484900.0,-7.56837647508668e-06,-0.0109999999999996,0.0,2.3135000000000003,2.313,2.314,2.313,2.313,685578.0,685578.0,1.0,-15644.601984713228,1.0,19.0,1.0,1.0,4.999999999988347e-05,5.350200350000001,0.0,7587.0999999999985,32692487370.0,8674.0,-2661900.0,-125100.0,-2536800.0,-6300400.0,-1701000.0,-4599400.0,-3488700.0,-1288000.0,-2200700.0,-1290900.0,-1090800.0,-200100.0,-1190000.0,-348100.0,-841900.0,0.085339838656057,0.0721366870547347
1301.0,20231026.0,2.0231026130057e+16,2.315,2.314,378200.0,2145100.0,2.316,2.313,1374400.0,3548000.0,2.317,2.312,1978200.0,2095500.0,2.318,2.311,1418100.0,2175000.0,2.319,2.31,510200.0,1522900.0,2.092,2.327,2.314,2.301,2.313,2.324,743915232.0,743915232.0,2.556,159845.0,2023-10-26 13:00:57,2.314850116910395,0.0004320587599913,0.0012961762799739,0.0009999999999998,-0.0009999999999998,0.0019999999999997,11486500.0,5659100.0,-5827400.0,2.3122278674966266,2.3170543726034176,17145600.0,5827400.0,0.0003987639790646,-0.0099999999999997,0.0009999999999998,2.3145,2.313,2.314,2.313,2.314,3363895.0,3363895.0,1.0,32085614.658248797,8.0,14.0,2.0,1.0,0.0003636363636365,5.351651545454545,0.0009999999999998,152904.31818181818,3143150307491.0,32555.75,2145100.0,-378200.0,2523300.0,3548000.0,-1374400.0,4922400.0,2095500.0,-1978200.0,4073700.0,2175000.0,-1418100.0,3593100.0,1522900.0,-510200.0,2033100.0,0.1220062377155721,0.0940106787993182
1302.0,20231026.0,2.0231026130157e+16,2.316,2.315,530800.0,2300000.0,2.317,2.314,1323100.0,3938800.0,2.318,2.313,1768100.0,3247300.0,2.319,2.312,1832900.0,1797500.0,2.32,2.311,1073100.0,1025000.0,2.092,2.327,2.316,2.301,2.313,2.324,748155163.0,748155163.0,2.556,159845.0,2023-10-26 13:01:57,2.3158124911685745,0.0004318721658388,0.0012956164975167,0.0009999999999998,-0.0010000000000003,0.0020000000000002,12308600.0,6528000.0,-5780600.0,2.313381140015924,2.3182442401960786,18836600.0,5780600.0,0.0004156529436439,-0.008,0.0019999999999997,2.3155,2.314,2.317,2.314,2.316,4239931.0,4239931.0,1.0,64263166.7650229,13.0,7.0,3.0,1.0,0.00075,5.362698849999999,0.0009999999999998,211996.55,10285907789115.0,10016.25,2300000.0,-530800.0,2830800.0,3938800.0,-1323100.0,5261900.0,3247300.0,-1768100.0,5015400.0,1797500.0,-1832900.0,3630400.0,1025000.0,-1073100.0,2098100.0,0.1279210110022602,0.1025859843852452
1303.0,20231026.0,2.0231026130257e+16,2.314,2.313,1122900.0,1230800.0,2.315,2.312,2186300.0,3513100.0,2.316,2.311,1891900.0,3090800.0,2.317,2.31,1585800.0,2004900.0,2.318,2.309,677700.0,1680300.0,2.092,2.327,2.314,2.301,2.313,2.324,752168472.0,752168472.0,2.556,159845.0,2023-10-26 13:02:57,2.3135229213578623,0.0004322455154527,0.0012967365463583,0.0010000000000003,-0.0009999999999998,0.0020000000000002,11519900.0,7464600.0,-4055300.0,2.311052882403493,2.315800270610616,18984500.0,4055300.0,-0.0009891571006928,-0.0099999999999997,-0.0019999999999997,2.3135000000000003,2.316,2.316,2.313,2.314,4013309.0,4013309.0,1.0,-64846064.60302671,12.0,8.0,1.0,3.0,0.0003999999999995,5.357373599999999,0.0009999999999998,200665.45,3578142918781.0,185456.5,-1230800.0,1122900.0,-2353700.0,-3513100.0,2186300.0,-5699400.0,-3090800.0,1891900.0,-4982700.0,-2004900.0,1585800.0,-3590700.0,-1680300.0,677700.0,-2358000.0,0.1307707158719951,0.1059201158113679
1304.0,20231026.0,2.0231026130357e+16,2.313,2.312,1734100.0,55513.0,2.314,2.311,2119200.0,3074400.0,2.315,2.31,2139300.0,2463700.0,2.316,2.309,1172700.0,2804700.0,2.317,2.308,682600.0,1807700.0,2.092,2.327,2.312,2.301,2.313,2.324,756103783.0,756103783.0,2.556,159845.0,2023-10-26 13:03:57,2.3120310195556244,0.0004324324324325,0.0012972972972973,0.0009999999999998,-0.0009999999999998,0.0019999999999997,10206013.0,7847900.0,-2358113.0,2.309683061936135,2.3146114247123437,18053913.0,2358113.0,-0.0006450694870403,-0.012,-0.0020000000000002,2.3125,2.314,2.314,2.312,2.312,3935311.0,3935311.0,1.0,-65182465.18899852,8.0,12.0,0.0,2.0,0.0004999999999997,5.347656699999999,0.0010000000000003,196765.55,3743508011733.0,67857.0,-55513.0,1734100.0,-1789613.0,-3074400.0,2119200.0,-5193600.0,-2463700.0,2139300.0,-4603000.0,-2804700.0,1172700.0,-3977400.0,-1807700.0,682600.0,-2490300.0,0.1360543510849398,0.1070548688006235
1305.0,20231026.0,2.0231026130457e+16,2.311,2.31,64500.0,2182000.0,2.312,2.309,1502700.0,2120900.0,2.313,2.308,2735000.0,2665900.0,2.314,2.307,1932100.0,1863200.0,2.315,2.306,962000.0,1669500.0,2.092,2.327,2.311,2.301,2.313,2.324,756240828.0,756240828.0,2.556,159845.0,2023-10-26 13:04:57,2.3109712886712663,0.0004328067517852,0.0012984202553558,0.0009999999999998,-0.0009999999999998,0.0019999999999997,10501500.0,7196300.0,-3305200.0,2.3081221444555537,2.3133091032891904,17697800.0,3305200.0,-0.0004584600362557,-0.0129999999999999,-0.0009999999999998,2.3105,2.312,2.312,2.311,2.311,137045.0,137045.0,1.0,-32723532.150580555,18.0,2.0,0.0,1.0,0.0001000000000002,5.344881699999998,0.0,6852.25,17486008293.0,0.0,-2182000.0,64500.0,-2246500.0,-2120900.0,1502700.0,-3623600.0,-2665900.0,2735000.0,-5400900.0,-1863200.0,1932100.0,-3795300.0,-1669500.0,962000.0,-2631500.0,0.1396102984284887,0.1084493833097098
1306.0,20231026.0,2.0231026130557e+16,2.313,2.312,1440300.0,162200.0,2.314,2.311,1893000.0,1573700.0,2.315,2.31,2119300.0,4067400.0,2.316,2.309,1562700.0,3772800.0,2.317,2.308,682600.0,1807700.0,2.092,2.327,2.312,2.301,2.313,2.324,758320717.0,758320717.0,2.556,159845.0,2023-10-26 13:05:57,2.312101216848674,0.0004324324324325,0.0012972972972973,0.0009999999999998,-0.0009999999999998,0.0019999999999997,11383800.0,7697900.0,-3685900.0,2.309517726945308,2.314760233310384,19081700.0,3685900.0,0.0004888213189638,-0.012,0.0009999999999998,2.3125,2.311,2.312,2.31,2.312,2079889.0,2079889.0,1.0,32786840.123673286,11.0,9.0,2.0,1.0,0.0006500000000002,5.339103850000001,0.0009999999999998,103994.45,3096194851279.0,4141.25,162200.0,-1440300.0,1602500.0,1573700.0,-1893000.0,3466700.0,4067400.0,-2119300.0,6186700.0,3772800.0,-1562700.0,5335500.0,1807700.0,-682600.0,2490300.0,0.1207774779020484,0.098386245534692
1307.0,20231026.0,2.0231026130657e+16,2.313,2.312,498376.0,1019600.0,2.314,2.311,2197800.0,2408500.0,2.315,2.31,2729500.0,3817400.0,2.316,2.309,1842700.0,2015100.0,2.317,2.308,682600.0,1807700.0,2.092,2.327,2.313,2.301,2.313,2.324,760337422.0,760337422.0,2.556,159845.0,2023-10-26 13:06:57,2.31267168387379,0.0004324324324325,0.0012972972972973,0.0009999999999998,-0.0009999999999998,0.0019999999999997,11068300.0,7950976.0,-3117324.0,2.3098931362539865,2.31500167878761,19019276.0,3117324.0,0.0002467005581702,-0.0109999999999996,0.0010000000000003,2.3125,2.312,2.314,2.312,2.313,2016705.0,2016705.0,1.0,32812986.849620163,2.0,18.0,2.0,1.0,5.000000000032756e-05,5.350200450000001,0.0,100835.25,1835717412565.0,0.0,857400.0,-941924.0,1799324.0,834800.0,304800.0,530000.0,-250000.0,610200.0,-860200.0,-1757700.0,280000.0,-2037700.0,0.0,0.0,0.0,0.1106478625277703,0.1026033994777923
1308.0,20231026.0,2.0231026130757e+16,2.313,2.312,456576.0,381900.0,2.314,2.311,2027700.0,3967400.0,2.315,2.31,2779500.0,3287400.0,2.316,2.309,1892700.0,1915100.0,2.317,2.308,902600.0,1807700.0,2.092,2.327,2.312,2.301,2.313,2.324,761732031.0,761732031.0,2.556,159845.0,2023-10-26 13:07:57,2.312455469208421,0.0004324324324325,0.0012972972972973,0.0009999999999998,-0.0009999999999998,0.0019999999999997,11359500.0,8059076.0,-3300424.0,2.3099296359875,2.3150939373198614,19418576.0,3300424.0,-9.349566330618676e-05,-0.012,-0.0010000000000003,2.3125,2.313,2.313,2.312,2.312,1394609.0,1394609.0,1.0,-32900915.38432144,8.0,12.0,1.0,2.0,0.0004000000000004,5.347193999999999,0.0010000000000003,69730.45,1873257190805.0,57.75,-637700.0,-41800.0,-595900.0,1558900.0,-170100.0,1729000.0,-530000.0,50000.0,-580000.0,-100000.0,50000.0,-150000.0,0.0,220000.0,-220000.0,0.1072543956851934,0.0976693490307328
1309.0,20231026.0,2.0231026130857e+16,2.312,2.311,1399400.0,127624.0,2.313,2.31,1985000.0,4111900.0,2.314,2.309,2162200.0,5178900.0,2.315,2.308,1643300.0,3212100.0,2.316,2.307,981500.0,1778800.0,2.092,2.327,2.311,2.301,2.313,2.324,762395006.0,762395006.0,2.556,159845.0,2023-10-26 13:08:57,2.311083576944436,0.0004326195111399,0.0012978585334199,0.0009999999999998,-0.0010000000000003,0.0020000000000002,14409324.0,8171400.0,-6237924.0,2.308833264072624,2.313855899845804,22580724.0,6237924.0,-0.0005934381825489,-0.0129999999999999,-0.0009999999999998,2.3115,2.312,2.312,2.311,2.311,662975.0,662975.0,1.0,-32961763.91172289,9.0,11.0,0.0,1.0,0.0004499999999998,5.342801349999999,0.0009999999999998,33148.75,164809858463.0,5894.25,-127624.0,1399400.0,-1527024.0,-4111900.0,1985000.0,-6096900.0,-5178900.0,2162200.0,-7341100.0,-3212100.0,1643300.0,-4855400.0,-1778800.0,981500.0,-2760300.0,0.104951447332959,0.1010866178893037
1310.0,20231026.0,2.0231026130957e+16,2.312,2.311,396700.0,1662300.0,2.313,2.31,2825100.0,5448500.0,2.314,2.309,2154000.0,4635100.0,2.315,2.308,1651500.0,2075900.0,2.316,2.307,981500.0,1778800.0,2.092,2.327,2.312,2.301,2.313,2.324,762572554.0,762572554.0,2.556,159845.0,2023-10-26 13:09:57,2.311807333657115,0.0004326195111399,0.0012978585334199,0.0009999999999998,-0.0010000000000003,0.0020000000000002,15600600.0,8008800.0,-7591800.0,2.309201248669923,2.313999500549396,23609400.0,7591800.0,0.0003131186664746,-0.012,0.0009999999999998,2.3115,2.311,2.312,2.311,2.312,177548.0,177548.0,1.0,32981811.93771264,10.0,9.0,1.0,0.0,0.0004736842105268,5.343154157894737,0.0009999999999998,9344.631578947368,14402881800.0,0.0,1534676.0,-1002700.0,2537376.0,1336600.0,840100.0,496500.0,-543800.0,-8200.0,-535600.0,-1136200.0,8200.0,-1144400.0,0.0,0.0,0.0,0.105811335355646,0.1039663365837967
1311.0,20231026.0,2.0231026131057e+16,2.313,2.312,611100.0,1251500.0,2.314,2.311,2030300.0,6339500.0,2.315,2.31,2659500.0,4380700.0,2.316,2.309,1892800.0,2015100.0,2.317,2.308,1002600.0,1698200.0,2.092,2.327,2.312,2.301,2.313,2.324,764814703.0,764814703.0,2.556,159845.0,2023-10-26 13:10:57,2.312671910233008,0.0004324324324325,0.0012972972972973,0.0009999999999998,-0.0009999999999998,0.0019999999999997,15685000.0,8196300.0,-7488700.0,2.310218744022952,2.3150787550480096,23881300.0,7488700.0,0.0003739130571761,-0.012,0.0,2.3125,2.312,2.312,2.311,2.312,2242149.0,2242149.0,1.0,-2204.924600854516,16.0,4.0,1.0,1.0,0.0001999999999999,5.344419399999998,0.0,112107.45,870487570397.0,194496.5,1251500.0,-611100.0,1862600.0,6339500.0,-2030300.0,8369800.0,4380700.0,-2659500.0,7040200.0,2015100.0,-1892800.0,3907900.0,1698200.0,-1002600.0,2700800.0,0.1013977874045569,0.0968639951710446
1312.0,20231026.0,2.0231026131157e+16,2.313,2.312,592000.0,2535200.0,2.314,2.311,1794400.0,7935400.0,2.315,2.31,2387500.0,4576700.0,2.316,2.309,1714800.0,2915100.0,2.317,2.308,1392600.0,1088200.0,2.092,2.327,2.313,2.301,2.313,2.324,765002287.0,765002287.0,2.556,159845.0,2023-10-26 13:11:57,2.312810693271937,0.0004324324324325,0.0012972972972973,0.0009999999999998,-0.0009999999999998,0.0019999999999997,19050600.0,7881300.0,-11169300.0,2.310415435734308,2.3151930645959427,26931900.0,11169300.0,6.0008025482782834e-05,-0.0109999999999996,0.0010000000000003,2.3125,2.312,2.313,2.312,2.313,187584.0,187584.0,1.0,33072028.837019254,10.0,10.0,1.0,0.0,0.0005000000000001,5.347656499999999,0.0010000000000003,9379.2,21406347936.0,0.0,1283700.0,-19100.0,1302800.0,1595900.0,-235900.0,1831800.0,196000.0,-272000.0,468000.0,900000.0,-178000.0,1078000.0,-610000.0,390000.0,-1000000.0,0.0871151183053259,0.0749903762502252
1313.0,20231026.0,2.0231026131257e+16,2.312,2.311,1132000.0,2314100.0,2.313,2.31,2494700.0,4838600.0,2.314,2.309,1781200.0,4808900.0,2.315,2.308,1945300.0,2162600.0,2.316,2.307,761600.0,1778800.0,2.092,2.327,2.312,2.301,2.313,2.324,766385556.0,766385556.0,2.556,159845.0,2023-10-26 13:12:57,2.311671512724529,0.0004326195111399,0.0012978585334199,0.0009999999999998,-0.0010000000000003,0.0020000000000002,15903000.0,8114800.0,-7788200.0,2.3092355907690374,2.3138410065559225,24017800.0,7788200.0,-0.0004926737825794,-0.012,-0.0010000000000003,2.3115,2.313,2.313,2.312,2.312,1383269.0,1383269.0,1.0,-33089304.195512787,1.0,18.0,0.0,1.0,5.263157894708215e-05,5.34558742105263,0.0,72803.63157894737,423059682457.0,80457.5,-2314100.0,1132000.0,-3446100.0,-4838600.0,2494700.0,-7333300.0,-4808900.0,1781200.0,-6590100.0,-2162600.0,1945300.0,-4107900.0,-1778800.0,761600.0,-2540400.0,0.0865670115991785,0.0751915705508336
1314.0,20231026.0,2.0231026131357e+16,2.313,2.312,584700.0,399900.0,2.314,2.311,2510200.0,5412100.0,2.315,2.31,2709500.0,4806700.0,2.316,2.309,1662800.0,2815100.0,2.317,2.308,682600.0,1798200.0,2.092,2.327,2.312,2.301,2.313,2.324,768080252.0,768080252.0,2.556,159845.0,2023-10-26 13:13:57,2.3124061547836687,0.0004324324324325,0.0012972972972973,0.0009999999999998,-0.0009999999999998,0.0019999999999997,15232000.0,8149800.0,-7082200.0,2.309986896008404,2.3149200471177207,23381800.0,7082200.0,0.000317746421295,-0.012,0.0,2.3125,2.312,2.312,2.312,2.312,1694696.0,1694696.0,1.0,0.0,20.0,0.0,0.0,0.0,4.440892098500626e-16,5.345343999999999,0.0,84734.8,2871994532416.0,0.0,399900.0,-584700.0,984600.0,5412100.0,-2510200.0,7922300.0,4806700.0,-2709500.0,7516200.0,2815100.0,-1662800.0,4477900.0,1798200.0,-682600.0,2480800.0,0.0763825342691495,0.0703028477598449
1315.0,20231026.0,2.0231026131457e+16,2.313,2.312,62400.0,1662400.0,2.314,2.311,1620400.0,5237500.0,2.315,2.31,3227500.0,4856700.0,2.316,2.309,1944800.0,2315100.0,2.317,2.308,1002600.0,1698200.0,2.092,2.327,2.313,2.301,2.313,2.324,769020252.0,769020252.0,2.556,159845.0,2023-10-26 13:14:57,2.312963821892393,0.0004324324324325,0.0012972972972973,0.0009999999999998,-0.0009999999999998,0.0019999999999997,15769900.0,7857700.0,-7912200.0,2.3101807747671192,2.315280591012637,23627600.0,7912200.0,0.0002411340559733,-0.0109999999999996,0.0010000000000003,2.3125,2.313,2.313,2.312,2.313,940000.0,940000.0,1.0,-13983.304984476415,12.0,8.0,1.0,1.0,0.0003999999999995,5.348119,0.0010000000000003,47000.0,533837439042.0,4393.25,1262500.0,-522300.0,1784800.0,-174600.0,-889800.0,715200.0,50000.0,518000.0,-468000.0,-500000.0,282000.0,-782000.0,-100000.0,320000.0,-420000.0,0.0683419460734334,0.0647262978766932
1316.0,20231026.0,2.0231026131557e+16,2.314,2.313,286000.0,2389100.0,2.315,2.312,2354000.0,2125900.0,2.316,2.311,2450800.0,5281800.0,2.317,2.31,2072000.0,4006700.0,2.318,2.309,947700.0,1780700.0,2.092,2.327,2.314,2.301,2.313,2.324,769474654.0,769474654.0,2.556,159845.0,2023-10-26 13:15:57,2.313893088108856,0.0004322455154527,0.0012967365463583,0.0010000000000003,-0.0009999999999998,0.0020000000000002,15584200.0,8110500.0,-7473700.0,2.310957392743933,2.316128401454904,23694700.0,7473700.0,0.0004016835821953,-0.0099999999999997,0.0009999999999998,2.3135000000000003,2.313,2.314,2.313,2.314,454402.0,454402.0,1.0,33244950.129641976,8.0,12.0,1.0,0.0,0.0003999999999999,5.3518198,0.0009999999999998,22720.1,47786928278.0,11450.5,2389100.0,-286000.0,2675100.0,2125900.0,-2354000.0,4479900.0,5281800.0,-2450800.0,7732600.0,4006700.0,-2072000.0,6078700.0,1780700.0,-947700.0,2728400.0,0.0684011998482081,0.0674089881548967
1317.0,20231026.0,2.0231026131657e+16,2.316,2.315,2026100.0,523900.0,2.317,2.314,2968000.0,3223000.0,2.318,2.313,1860800.0,2271900.0,2.319,2.312,899800.0,5016600.0,2.32,2.311,411100.0,4002000.0,2.092,2.327,2.315,2.301,2.313,2.324,769751234.0,769751234.0,2.556,159845.0,2023-10-26 13:16:57,2.3152054509803923,0.0004318721658388,0.0012956164975167,0.0009999999999998,-0.0010000000000003,0.0020000000000002,15037400.0,8165800.0,-6871600.0,2.312418130793888,2.317351171961106,23203200.0,6871600.0,0.0005670058200811,-0.0089999999999998,0.0009999999999998,2.3155,2.314,2.315,2.314,2.315,276580.0,276580.0,1.0,33245343.282933705,4.0,16.0,1.0,0.0,0.0001999999999995,5.3555218,0.0,13829.0,35549331306.0,0.0,523900.0,-2026100.0,2550000.0,3223000.0,-2968000.0,6191000.0,2271900.0,-1860800.0,4132700.0,5016600.0,-899800.0,5916400.0,4002000.0,-411100.0,4413100.0,0.0724436090080598,0.0686498820463973
1318.0,20231026.0,2.0231026131757e+16,2.316,2.315,1531500.0,197500.0,2.317,2.314,3027000.0,4281800.0,2.318,2.313,2463100.0,2414400.0,2.319,2.312,820900.0,2511400.0,2.32,2.311,580700.0,2767600.0,2.092,2.327,2.316,2.301,2.313,2.324,770292749.0,770292749.0,2.556,159845.0,2023-10-26 13:17:57,2.3151142278773857,0.0004318721658388,0.0012956164975167,0.0009999999999998,-0.0010000000000003,0.0020000000000002,12172700.0,8423200.0,-3749500.0,2.31272316741561,2.31751233497958,20595900.0,3749500.0,-3.940250753531327e-05,-0.008,0.0009999999999998,2.3155,2.315,2.316,2.315,2.316,541515.0,541515.0,1.0,33256617.83246612,5.0,15.0,1.0,0.0,0.0002499999999998,5.360382749999999,0.0002499999999998,27075.75,103246270511.0,5037.0,-326400.0,-494600.0,168200.0,1058800.0,59000.0,999800.0,142500.0,602300.0,-459800.0,-2505200.0,-78900.0,-2426300.0,-1234400.0,169600.0,-1404000.0,0.0745108579182126,0.0708028878540526
