minute,TradeDate,OrigTime,OfferPx1,BidPx1,OfferSize1,BidSize1,OfferPx2,BidPx2,OfferSize2,BidSize2,OfferPx3,BidPx3,OfferSize3,BidSize3,OfferPx4,BidPx4,OfferSize4,BidSize4,OfferPx5,BidPx5,OfferSize5,BidSize5,DownLimitPx,HighPx,LastPx,LowPx,OpenPx,PreClosePx,TotalValueTrade,TotalVolumeTrade,UpLimitPx,ticker,datetime,wap1,price_spread,price_spread2,bid_spread,ask_spread,bid_ask_spread,total_bid_qty,total_ask_qty,total_qty_diff,weighted_bid_prc,weighted_ask_prc,total_volume,volume_imbalance,log_return,PxChange1,PxChange2,mid,open,high,low,close,volume,amount,vwap,tendency,f_max,f_min,df_max,df_min,abs_diff,energy,iqr_p,abs_diff_v,energy_v,iqr_p_v,bOF1,aOF1,OFI1,bOF2,aOF2,OFI2,bOF3,aOF3,OFI3,bOF4,aOF4,OFI4,bOF5,aOF5,OFI5,volatility_QMLE,volatility
0.0,0.0,0.0,0.0,0.0,0.0,0.0,0.0,0.0,0.0,0.0,0.0,0.0,0.0,0.0,0.0,0.0,0.0,0.0,0.0,0.0,0.0,0.0,0.0,0.0,0.0,0.0,0.0,0.0,0.0,0.0,0.0,0.0,0.0,0.0,0.0,0.0,0.0,0.0,0.0,0.0,0.0,0.0,0.0,0.0,0.0,0.0,0.0,0.0,0.0,0.0,0.0,0.0,0.0,0.0,0.0,0.0,0.0,0.0,0.0,0.0,0.0,0.0,0.0,0.0,0.0,0.0,0.0,0.0,0.0,0.0,0.0,0.0,0.0,0.0,0.0,0.0,0.0,0.0,0.0,0.0,0.0,0.0,0.0,0.0,0.0
0.0,0.0,0.0,0.0,0.0,0.0,0.0,0.0,0.0,0.0,0.0,0.0,0.0,0.0,0.0,0.0,0.0,0.0,0.0,0.0,0.0,0.0,0.0,0.0,0.0,0.0,0.0,0.0,0.0,0.0,0.0,0.0,0.0,0.0,0.0,0.0,0.0,0.0,0.0,0.0,0.0,0.0,0.0,0.0,0.0,0.0,0.0,0.0,0.0,0.0,0.0,0.0,0.0,0.0,0.0,0.0,0.0,0.0,0.0,0.0,0.0,0.0,0.0,0.0,0.0,0.0,0.0,0.0,0.0,0.0,0.0,0.0,0.0,0.0,0.0,0.0,0.0,0.0,0.0,0.0,0.0,0.0,0.0,0.0,0.0,0.0
0.0,0.0,0.0,0.0,0.0,0.0,0.0,0.0,0.0,0.0,0.0,0.0,0.0,0.0,0.0,0.0,0.0,0.0,0.0,0.0,0.0,0.0,0.0,0.0,0.0,0.0,0.0,0.0,0.0,0.0,0.0,0.0,0.0,0.0,0.0,0.0,0.0,0.0,0.0,0.0,0.0,0.0,0.0,0.0,0.0,0.0,0.0,0.0,0.0,0.0,0.0,0.0,0.0,0.0,0.0,0.0,0.0,0.0,0.0,0.0,0.0,0.0,0.0,0.0,0.0,0.0,0.0,0.0,0.0,0.0,0.0,0.0,0.0,0.0,0.0,0.0,0.0,0.0,0.0,0.0,0.0,0.0,0.0,0.0,0.0,0.0
0.0,0.0,0.0,0.0,0.0,0.0,0.0,0.0,0.0,0.0,0.0,0.0,0.0,0.0,0.0,0.0,0.0,0.0,0.0,0.0,0.0,0.0,0.0,0.0,0.0,0.0,0.0,0.0,0.0,0.0,0.0,0.0,0.0,0.0,0.0,0.0,0.0,0.0,0.0,0.0,0.0,0.0,0.0,0.0,0.0,0.0,0.0,0.0,0.0,0.0,0.0,0.0,0.0,0.0,0.0,0.0,0.0,0.0,0.0,0.0,0.0,0.0,0.0,0.0,0.0,0.0,0.0,0.0,0.0,0.0,0.0,0.0,0.0,0.0,0.0,0.0,0.0,0.0,0.0,0.0,0.0,0.0,0.0,0.0,0.0,0.0
0.0,0.0,0.0,0.0,0.0,0.0,0.0,0.0,0.0,0.0,0.0,0.0,0.0,0.0,0.0,0.0,0.0,0.0,0.0,0.0,0.0,0.0,0.0,0.0,0.0,0.0,0.0,0.0,0.0,0.0,0.0,0.0,0.0,0.0,0.0,0.0,0.0,0.0,0.0,0.0,0.0,0.0,0.0,0.0,0.0,0.0,0.0,0.0,0.0,0.0,0.0,0.0,0.0,0.0,0.0,0.0,0.0,0.0,0.0,0.0,0.0,0.0,0.0,0.0,0.0,0.0,0.0,0.0,0.0,0.0,0.0,0.0,0.0,0.0,0.0,0.0,0.0,0.0,0.0,0.0,0.0,0.0,0.0,0.0,0.0,0.0
0.0,0.0,0.0,0.0,0.0,0.0,0.0,0.0,0.0,0.0,0.0,0.0,0.0,0.0,0.0,0.0,0.0,0.0,0.0,0.0,0.0,0.0,0.0,0.0,0.0,0.0,0.0,0.0,0.0,0.0,0.0,0.0,0.0,0.0,0.0,0.0,0.0,0.0,0.0,0.0,0.0,0.0,0.0,0.0,0.0,0.0,0.0,0.0,0.0,0.0,0.0,0.0,0.0,0.0,0.0,0.0,0.0,0.0,0.0,0.0,0.0,0.0,0.0,0.0,0.0,0.0,0.0,0.0,0.0,0.0,0.0,0.0,0.0,0.0,0.0,0.0,0.0,0.0,0.0,0.0,0.0,0.0,0.0,0.0,0.0,0.0
0.0,0.0,0.0,0.0,0.0,0.0,0.0,0.0,0.0,0.0,0.0,0.0,0.0,0.0,0.0,0.0,0.0,0.0,0.0,0.0,0.0,0.0,0.0,0.0,0.0,0.0,0.0,0.0,0.0,0.0,0.0,0.0,0.0,0.0,0.0,0.0,0.0,0.0,0.0,0.0,0.0,0.0,0.0,0.0,0.0,0.0,0.0,0.0,0.0,0.0,0.0,0.0,0.0,0.0,0.0,0.0,0.0,0.0,0.0,0.0,0.0,0.0,0.0,0.0,0.0,0.0,0.0,0.0,0.0,0.0,0.0,0.0,0.0,0.0,0.0,0.0,0.0,0.0,0.0,0.0,0.0,0.0,0.0,0.0,0.0,0.0
0.0,0.0,0.0,0.0,0.0,0.0,0.0,0.0,0.0,0.0,0.0,0.0,0.0,0.0,0.0,0.0,0.0,0.0,0.0,0.0,0.0,0.0,0.0,0.0,0.0,0.0,0.0,0.0,0.0,0.0,0.0,0.0,0.0,0.0,0.0,0.0,0.0,0.0,0.0,0.0,0.0,0.0,0.0,0.0,0.0,0.0,0.0,0.0,0.0,0.0,0.0,0.0,0.0,0.0,0.0,0.0,0.0,0.0,0.0,0.0,0.0,0.0,0.0,0.0,0.0,0.0,0.0,0.0,0.0,0.0,0.0,0.0,0.0,0.0,0.0,0.0,0.0,0.0,0.0,0.0,0.0,0.0,0.0,0.0,0.0,0.0
0.0,0.0,0.0,0.0,0.0,0.0,0.0,0.0,0.0,0.0,0.0,0.0,0.0,0.0,0.0,0.0,0.0,0.0,0.0,0.0,0.0,0.0,0.0,0.0,0.0,0.0,0.0,0.0,0.0,0.0,0.0,0.0,0.0,0.0,0.0,0.0,0.0,0.0,0.0,0.0,0.0,0.0,0.0,0.0,0.0,0.0,0.0,0.0,0.0,0.0,0.0,0.0,0.0,0.0,0.0,0.0,0.0,0.0,0.0,0.0,0.0,0.0,0.0,0.0,0.0,0.0,0.0,0.0,0.0,0.0,0.0,0.0,0.0,0.0,0.0,0.0,0.0,0.0,0.0,0.0,0.0,0.0,0.0,0.0,0.0,0.0
0.0,0.0,0.0,0.0,0.0,0.0,0.0,0.0,0.0,0.0,0.0,0.0,0.0,0.0,0.0,0.0,0.0,0.0,0.0,0.0,0.0,0.0,0.0,0.0,0.0,0.0,0.0,0.0,0.0,0.0,0.0,0.0,0.0,0.0,0.0,0.0,0.0,0.0,0.0,0.0,0.0,0.0,0.0,0.0,0.0,0.0,0.0,0.0,0.0,0.0,0.0,0.0,0.0,0.0,0.0,0.0,0.0,0.0,0.0,0.0,0.0,0.0,0.0,0.0,0.0,0.0,0.0,0.0,0.0,0.0,0.0,0.0,0.0,0.0,0.0,0.0,0.0,0.0,0.0,0.0,0.0,0.0,0.0,0.0,0.0,0.0
0.0,0.0,0.0,0.0,0.0,0.0,0.0,0.0,0.0,0.0,0.0,0.0,0.0,0.0,0.0,0.0,0.0,0.0,0.0,0.0,0.0,0.0,0.0,0.0,0.0,0.0,0.0,0.0,0.0,0.0,0.0,0.0,0.0,0.0,0.0,0.0,0.0,0.0,0.0,0.0,0.0,0.0,0.0,0.0,0.0,0.0,0.0,0.0,0.0,0.0,0.0,0.0,0.0,0.0,0.0,0.0,0.0,0.0,0.0,0.0,0.0,0.0,0.0,0.0,0.0,0.0,0.0,0.0,0.0,0.0,0.0,0.0,0.0,0.0,0.0,0.0,0.0,0.0,0.0,0.0,0.0,0.0,0.0,0.0,0.0,0.0
0.0,0.0,0.0,0.0,0.0,0.0,0.0,0.0,0.0,0.0,0.0,0.0,0.0,0.0,0.0,0.0,0.0,0.0,0.0,0.0,0.0,0.0,0.0,0.0,0.0,0.0,0.0,0.0,0.0,0.0,0.0,0.0,0.0,0.0,0.0,0.0,0.0,0.0,0.0,0.0,0.0,0.0,0.0,0.0,0.0,0.0,0.0,0.0,0.0,0.0,0.0,0.0,0.0,0.0,0.0,0.0,0.0,0.0,0.0,0.0,0.0,0.0,0.0,0.0,0.0,0.0,0.0,0.0,0.0,0.0,0.0,0.0,0.0,0.0,0.0,0.0,0.0,0.0,0.0,0.0,0.0,0.0,0.0,0.0,0.0,0.0
0.0,0.0,0.0,0.0,0.0,0.0,0.0,0.0,0.0,0.0,0.0,0.0,0.0,0.0,0.0,0.0,0.0,0.0,0.0,0.0,0.0,0.0,0.0,0.0,0.0,0.0,0.0,0.0,0.0,0.0,0.0,0.0,0.0,0.0,0.0,0.0,0.0,0.0,0.0,0.0,0.0,0.0,0.0,0.0,0.0,0.0,0.0,0.0,0.0,0.0,0.0,0.0,0.0,0.0,0.0,0.0,0.0,0.0,0.0,0.0,0.0,0.0,0.0,0.0,0.0,0.0,0.0,0.0,0.0,0.0,0.0,0.0,0.0,0.0,0.0,0.0,0.0,0.0,0.0,0.0,0.0,0.0,0.0,0.0,0.0,0.0
0.0,0.0,0.0,0.0,0.0,0.0,0.0,0.0,0.0,0.0,0.0,0.0,0.0,0.0,0.0,0.0,0.0,0.0,0.0,0.0,0.0,0.0,0.0,0.0,0.0,0.0,0.0,0.0,0.0,0.0,0.0,0.0,0.0,0.0,0.0,0.0,0.0,0.0,0.0,0.0,0.0,0.0,0.0,0.0,0.0,0.0,0.0,0.0,0.0,0.0,0.0,0.0,0.0,0.0,0.0,0.0,0.0,0.0,0.0,0.0,0.0,0.0,0.0,0.0,0.0,0.0,0.0,0.0,0.0,0.0,0.0,0.0,0.0,0.0,0.0,0.0,0.0,0.0,0.0,0.0,0.0,0.0,0.0,0.0,0.0,0.0
0.0,0.0,0.0,0.0,0.0,0.0,0.0,0.0,0.0,0.0,0.0,0.0,0.0,0.0,0.0,0.0,0.0,0.0,0.0,0.0,0.0,0.0,0.0,0.0,0.0,0.0,0.0,0.0,0.0,0.0,0.0,0.0,0.0,0.0,0.0,0.0,0.0,0.0,0.0,0.0,0.0,0.0,0.0,0.0,0.0,0.0,0.0,0.0,0.0,0.0,0.0,0.0,0.0,0.0,0.0,0.0,0.0,0.0,0.0,0.0,0.0,0.0,0.0,0.0,0.0,0.0,0.0,0.0,0.0,0.0,0.0,0.0,0.0,0.0,0.0,0.0,0.0,0.0,0.0,0.0,0.0,0.0,0.0,0.0,0.0,0.0
0.0,0.0,0.0,0.0,0.0,0.0,0.0,0.0,0.0,0.0,0.0,0.0,0.0,0.0,0.0,0.0,0.0,0.0,0.0,0.0,0.0,0.0,0.0,0.0,0.0,0.0,0.0,0.0,0.0,0.0,0.0,0.0,0.0,0.0,0.0,0.0,0.0,0.0,0.0,0.0,0.0,0.0,0.0,0.0,0.0,0.0,0.0,0.0,0.0,0.0,0.0,0.0,0.0,0.0,0.0,0.0,0.0,0.0,0.0,0.0,0.0,0.0,0.0,0.0,0.0,0.0,0.0,0.0,0.0,0.0,0.0,0.0,0.0,0.0,0.0,0.0,0.0,0.0,0.0,0.0,0.0,0.0,0.0,0.0,0.0,0.0
0.0,0.0,0.0,0.0,0.0,0.0,0.0,0.0,0.0,0.0,0.0,0.0,0.0,0.0,0.0,0.0,0.0,0.0,0.0,0.0,0.0,0.0,0.0,0.0,0.0,0.0,0.0,0.0,0.0,0.0,0.0,0.0,0.0,0.0,0.0,0.0,0.0,0.0,0.0,0.0,0.0,0.0,0.0,0.0,0.0,0.0,0.0,0.0,0.0,0.0,0.0,0.0,0.0,0.0,0.0,0.0,0.0,0.0,0.0,0.0,0.0,0.0,0.0,0.0,0.0,0.0,0.0,0.0,0.0,0.0,0.0,0.0,0.0,0.0,0.0,0.0,0.0,0.0,0.0,0.0,0.0,0.0,0.0,0.0,0.0,0.0
0.0,0.0,0.0,0.0,0.0,0.0,0.0,0.0,0.0,0.0,0.0,0.0,0.0,0.0,0.0,0.0,0.0,0.0,0.0,0.0,0.0,0.0,0.0,0.0,0.0,0.0,0.0,0.0,0.0,0.0,0.0,0.0,0.0,0.0,0.0,0.0,0.0,0.0,0.0,0.0,0.0,0.0,0.0,0.0,0.0,0.0,0.0,0.0,0.0,0.0,0.0,0.0,0.0,0.0,0.0,0.0,0.0,0.0,0.0,0.0,0.0,0.0,0.0,0.0,0.0,0.0,0.0,0.0,0.0,0.0,0.0,0.0,0.0,0.0,0.0,0.0,0.0,0.0,0.0,0.0,0.0,0.0,0.0,0.0,0.0,0.0
0.0,0.0,0.0,0.0,0.0,0.0,0.0,0.0,0.0,0.0,0.0,0.0,0.0,0.0,0.0,0.0,0.0,0.0,0.0,0.0,0.0,0.0,0.0,0.0,0.0,0.0,0.0,0.0,0.0,0.0,0.0,0.0,0.0,0.0,0.0,0.0,0.0,0.0,0.0,0.0,0.0,0.0,0.0,0.0,0.0,0.0,0.0,0.0,0.0,0.0,0.0,0.0,0.0,0.0,0.0,0.0,0.0,0.0,0.0,0.0,0.0,0.0,0.0,0.0,0.0,0.0,0.0,0.0,0.0,0.0,0.0,0.0,0.0,0.0,0.0,0.0,0.0,0.0,0.0,0.0,0.0,0.0,0.0,0.0,0.0,0.0
0.0,0.0,0.0,0.0,0.0,0.0,0.0,0.0,0.0,0.0,0.0,0.0,0.0,0.0,0.0,0.0,0.0,0.0,0.0,0.0,0.0,0.0,0.0,0.0,0.0,0.0,0.0,0.0,0.0,0.0,0.0,0.0,0.0,0.0,0.0,0.0,0.0,0.0,0.0,0.0,0.0,0.0,0.0,0.0,0.0,0.0,0.0,0.0,0.0,0.0,0.0,0.0,0.0,0.0,0.0,0.0,0.0,0.0,0.0,0.0,0.0,0.0,0.0,0.0,0.0,0.0,0.0,0.0,0.0,0.0,0.0,0.0,0.0,0.0,0.0,0.0,0.0,0.0,0.0,0.0,0.0,0.0,0.0,0.0,0.0,0.0
0.0,0.0,0.0,0.0,0.0,0.0,0.0,0.0,0.0,0.0,0.0,0.0,0.0,0.0,0.0,0.0,0.0,0.0,0.0,0.0,0.0,0.0,0.0,0.0,0.0,0.0,0.0,0.0,0.0,0.0,0.0,0.0,0.0,0.0,0.0,0.0,0.0,0.0,0.0,0.0,0.0,0.0,0.0,0.0,0.0,0.0,0.0,0.0,0.0,0.0,0.0,0.0,0.0,0.0,0.0,0.0,0.0,0.0,0.0,0.0,0.0,0.0,0.0,0.0,0.0,0.0,0.0,0.0,0.0,0.0,0.0,0.0,0.0,0.0,0.0,0.0,0.0,0.0,0.0,0.0,0.0,0.0,0.0,0.0,0.0,0.0
0.0,0.0,0.0,0.0,0.0,0.0,0.0,0.0,0.0,0.0,0.0,0.0,0.0,0.0,0.0,0.0,0.0,0.0,0.0,0.0,0.0,0.0,0.0,0.0,0.0,0.0,0.0,0.0,0.0,0.0,0.0,0.0,0.0,0.0,0.0,0.0,0.0,0.0,0.0,0.0,0.0,0.0,0.0,0.0,0.0,0.0,0.0,0.0,0.0,0.0,0.0,0.0,0.0,0.0,0.0,0.0,0.0,0.0,0.0,0.0,0.0,0.0,0.0,0.0,0.0,0.0,0.0,0.0,0.0,0.0,0.0,0.0,0.0,0.0,0.0,0.0,0.0,0.0,0.0,0.0,0.0,0.0,0.0,0.0,0.0,0.0
0.0,0.0,0.0,0.0,0.0,0.0,0.0,0.0,0.0,0.0,0.0,0.0,0.0,0.0,0.0,0.0,0.0,0.0,0.0,0.0,0.0,0.0,0.0,0.0,0.0,0.0,0.0,0.0,0.0,0.0,0.0,0.0,0.0,0.0,0.0,0.0,0.0,0.0,0.0,0.0,0.0,0.0,0.0,0.0,0.0,0.0,0.0,0.0,0.0,0.0,0.0,0.0,0.0,0.0,0.0,0.0,0.0,0.0,0.0,0.0,0.0,0.0,0.0,0.0,0.0,0.0,0.0,0.0,0.0,0.0,0.0,0.0,0.0,0.0,0.0,0.0,0.0,0.0,0.0,0.0,0.0,0.0,0.0,0.0,0.0,0.0
0.0,0.0,0.0,0.0,0.0,0.0,0.0,0.0,0.0,0.0,0.0,0.0,0.0,0.0,0.0,0.0,0.0,0.0,0.0,0.0,0.0,0.0,0.0,0.0,0.0,0.0,0.0,0.0,0.0,0.0,0.0,0.0,0.0,0.0,0.0,0.0,0.0,0.0,0.0,0.0,0.0,0.0,0.0,0.0,0.0,0.0,0.0,0.0,0.0,0.0,0.0,0.0,0.0,0.0,0.0,0.0,0.0,0.0,0.0,0.0,0.0,0.0,0.0,0.0,0.0,0.0,0.0,0.0,0.0,0.0,0.0,0.0,0.0,0.0,0.0,0.0,0.0,0.0,0.0,0.0,0.0,0.0,0.0,0.0,0.0,0.0
0.0,0.0,0.0,0.0,0.0,0.0,0.0,0.0,0.0,0.0,0.0,0.0,0.0,0.0,0.0,0.0,0.0,0.0,0.0,0.0,0.0,0.0,0.0,0.0,0.0,0.0,0.0,0.0,0.0,0.0,0.0,0.0,0.0,0.0,0.0,0.0,0.0,0.0,0.0,0.0,0.0,0.0,0.0,0.0,0.0,0.0,0.0,0.0,0.0,0.0,0.0,0.0,0.0,0.0,0.0,0.0,0.0,0.0,0.0,0.0,0.0,0.0,0.0,0.0,0.0,0.0,0.0,0.0,0.0,0.0,0.0,0.0,0.0,0.0,0.0,0.0,0.0,0.0,0.0,0.0,0.0,0.0,0.0,0.0,0.0,0.0
0.0,0.0,0.0,0.0,0.0,0.0,0.0,0.0,0.0,0.0,0.0,0.0,0.0,0.0,0.0,0.0,0.0,0.0,0.0,0.0,0.0,0.0,0.0,0.0,0.0,0.0,0.0,0.0,0.0,0.0,0.0,0.0,0.0,0.0,0.0,0.0,0.0,0.0,0.0,0.0,0.0,0.0,0.0,0.0,0.0,0.0,0.0,0.0,0.0,0.0,0.0,0.0,0.0,0.0,0.0,0.0,0.0,0.0,0.0,0.0,0.0,0.0,0.0,0.0,0.0,0.0,0.0,0.0,0.0,0.0,0.0,0.0,0.0,0.0,0.0,0.0,0.0,0.0,0.0,0.0,0.0,0.0,0.0,0.0,0.0,0.0
0.0,0.0,0.0,0.0,0.0,0.0,0.0,0.0,0.0,0.0,0.0,0.0,0.0,0.0,0.0,0.0,0.0,0.0,0.0,0.0,0.0,0.0,0.0,0.0,0.0,0.0,0.0,0.0,0.0,0.0,0.0,0.0,0.0,0.0,0.0,0.0,0.0,0.0,0.0,0.0,0.0,0.0,0.0,0.0,0.0,0.0,0.0,0.0,0.0,0.0,0.0,0.0,0.0,0.0,0.0,0.0,0.0,0.0,0.0,0.0,0.0,0.0,0.0,0.0,0.0,0.0,0.0,0.0,0.0,0.0,0.0,0.0,0.0,0.0,0.0,0.0,0.0,0.0,0.0,0.0,0.0,0.0,0.0,0.0,0.0,0.0
0.0,0.0,0.0,0.0,0.0,0.0,0.0,0.0,0.0,0.0,0.0,0.0,0.0,0.0,0.0,0.0,0.0,0.0,0.0,0.0,0.0,0.0,0.0,0.0,0.0,0.0,0.0,0.0,0.0,0.0,0.0,0.0,0.0,0.0,0.0,0.0,0.0,0.0,0.0,0.0,0.0,0.0,0.0,0.0,0.0,0.0,0.0,0.0,0.0,0.0,0.0,0.0,0.0,0.0,0.0,0.0,0.0,0.0,0.0,0.0,0.0,0.0,0.0,0.0,0.0,0.0,0.0,0.0,0.0,0.0,0.0,0.0,0.0,0.0,0.0,0.0,0.0,0.0,0.0,0.0,0.0,0.0,0.0,0.0,0.0,0.0
0.0,0.0,0.0,0.0,0.0,0.0,0.0,0.0,0.0,0.0,0.0,0.0,0.0,0.0,0.0,0.0,0.0,0.0,0.0,0.0,0.0,0.0,0.0,0.0,0.0,0.0,0.0,0.0,0.0,0.0,0.0,0.0,0.0,0.0,0.0,0.0,0.0,0.0,0.0,0.0,0.0,0.0,0.0,0.0,0.0,0.0,0.0,0.0,0.0,0.0,0.0,0.0,0.0,0.0,0.0,0.0,0.0,0.0,0.0,0.0,0.0,0.0,0.0,0.0,0.0,0.0,0.0,0.0,0.0,0.0,0.0,0.0,0.0,0.0,0.0,0.0,0.0,0.0,0.0,0.0,0.0,0.0,0.0,0.0,0.0,0.0
0.0,0.0,0.0,0.0,0.0,0.0,0.0,0.0,0.0,0.0,0.0,0.0,0.0,0.0,0.0,0.0,0.0,0.0,0.0,0.0,0.0,0.0,0.0,0.0,0.0,0.0,0.0,0.0,0.0,0.0,0.0,0.0,0.0,0.0,0.0,0.0,0.0,0.0,0.0,0.0,0.0,0.0,0.0,0.0,0.0,0.0,0.0,0.0,0.0,0.0,0.0,0.0,0.0,0.0,0.0,0.0,0.0,0.0,0.0,0.0,0.0,0.0,0.0,0.0,0.0,0.0,0.0,0.0,0.0,0.0,0.0,0.0,0.0,0.0,0.0,0.0,0.0,0.0,0.0,0.0,0.0,0.0,0.0,0.0,0.0,0.0
0.0,0.0,0.0,0.0,0.0,0.0,0.0,0.0,0.0,0.0,0.0,0.0,0.0,0.0,0.0,0.0,0.0,0.0,0.0,0.0,0.0,0.0,0.0,0.0,0.0,0.0,0.0,0.0,0.0,0.0,0.0,0.0,0.0,0.0,0.0,0.0,0.0,0.0,0.0,0.0,0.0,0.0,0.0,0.0,0.0,0.0,0.0,0.0,0.0,0.0,0.0,0.0,0.0,0.0,0.0,0.0,0.0,0.0,0.0,0.0,0.0,0.0,0.0,0.0,0.0,0.0,0.0,0.0,0.0,0.0,0.0,0.0,0.0,0.0,0.0,0.0,0.0,0.0,0.0,0.0,0.0,0.0,0.0,0.0,0.0,0.0
0.0,0.0,0.0,0.0,0.0,0.0,0.0,0.0,0.0,0.0,0.0,0.0,0.0,0.0,0.0,0.0,0.0,0.0,0.0,0.0,0.0,0.0,0.0,0.0,0.0,0.0,0.0,0.0,0.0,0.0,0.0,0.0,0.0,0.0,0.0,0.0,0.0,0.0,0.0,0.0,0.0,0.0,0.0,0.0,0.0,0.0,0.0,0.0,0.0,0.0,0.0,0.0,0.0,0.0,0.0,0.0,0.0,0.0,0.0,0.0,0.0,0.0,0.0,0.0,0.0,0.0,0.0,0.0,0.0,0.0,0.0,0.0,0.0,0.0,0.0,0.0,0.0,0.0,0.0,0.0,0.0,0.0,0.0,0.0,0.0,0.0
0.0,0.0,0.0,0.0,0.0,0.0,0.0,0.0,0.0,0.0,0.0,0.0,0.0,0.0,0.0,0.0,0.0,0.0,0.0,0.0,0.0,0.0,0.0,0.0,0.0,0.0,0.0,0.0,0.0,0.0,0.0,0.0,0.0,0.0,0.0,0.0,0.0,0.0,0.0,0.0,0.0,0.0,0.0,0.0,0.0,0.0,0.0,0.0,0.0,0.0,0.0,0.0,0.0,0.0,0.0,0.0,0.0,0.0,0.0,0.0,0.0,0.0,0.0,0.0,0.0,0.0,0.0,0.0,0.0,0.0,0.0,0.0,0.0,0.0,0.0,0.0,0.0,0.0,0.0,0.0,0.0,0.0,0.0,0.0,0.0,0.0
0.0,0.0,0.0,0.0,0.0,0.0,0.0,0.0,0.0,0.0,0.0,0.0,0.0,0.0,0.0,0.0,0.0,0.0,0.0,0.0,0.0,0.0,0.0,0.0,0.0,0.0,0.0,0.0,0.0,0.0,0.0,0.0,0.0,0.0,0.0,0.0,0.0,0.0,0.0,0.0,0.0,0.0,0.0,0.0,0.0,0.0,0.0,0.0,0.0,0.0,0.0,0.0,0.0,0.0,0.0,0.0,0.0,0.0,0.0,0.0,0.0,0.0,0.0,0.0,0.0,0.0,0.0,0.0,0.0,0.0,0.0,0.0,0.0,0.0,0.0,0.0,0.0,0.0,0.0,0.0,0.0,0.0,0.0,0.0,0.0,0.0
0.0,0.0,0.0,0.0,0.0,0.0,0.0,0.0,0.0,0.0,0.0,0.0,0.0,0.0,0.0,0.0,0.0,0.0,0.0,0.0,0.0,0.0,0.0,0.0,0.0,0.0,0.0,0.0,0.0,0.0,0.0,0.0,0.0,0.0,0.0,0.0,0.0,0.0,0.0,0.0,0.0,0.0,0.0,0.0,0.0,0.0,0.0,0.0,0.0,0.0,0.0,0.0,0.0,0.0,0.0,0.0,0.0,0.0,0.0,0.0,0.0,0.0,0.0,0.0,0.0,0.0,0.0,0.0,0.0,0.0,0.0,0.0,0.0,0.0,0.0,0.0,0.0,0.0,0.0,0.0,0.0,0.0,0.0,0.0,0.0,0.0
0.0,0.0,0.0,0.0,0.0,0.0,0.0,0.0,0.0,0.0,0.0,0.0,0.0,0.0,0.0,0.0,0.0,0.0,0.0,0.0,0.0,0.0,0.0,0.0,0.0,0.0,0.0,0.0,0.0,0.0,0.0,0.0,0.0,0.0,0.0,0.0,0.0,0.0,0.0,0.0,0.0,0.0,0.0,0.0,0.0,0.0,0.0,0.0,0.0,0.0,0.0,0.0,0.0,0.0,0.0,0.0,0.0,0.0,0.0,0.0,0.0,0.0,0.0,0.0,0.0,0.0,0.0,0.0,0.0,0.0,0.0,0.0,0.0,0.0,0.0,0.0,0.0,0.0,0.0,0.0,0.0,0.0,0.0,0.0,0.0,0.0
0.0,0.0,0.0,0.0,0.0,0.0,0.0,0.0,0.0,0.0,0.0,0.0,0.0,0.0,0.0,0.0,0.0,0.0,0.0,0.0,0.0,0.0,0.0,0.0,0.0,0.0,0.0,0.0,0.0,0.0,0.0,0.0,0.0,0.0,0.0,0.0,0.0,0.0,0.0,0.0,0.0,0.0,0.0,0.0,0.0,0.0,0.0,0.0,0.0,0.0,0.0,0.0,0.0,0.0,0.0,0.0,0.0,0.0,0.0,0.0,0.0,0.0,0.0,0.0,0.0,0.0,0.0,0.0,0.0,0.0,0.0,0.0,0.0,0.0,0.0,0.0,0.0,0.0,0.0,0.0,0.0,0.0,0.0,0.0,0.0,0.0
0.0,0.0,0.0,0.0,0.0,0.0,0.0,0.0,0.0,0.0,0.0,0.0,0.0,0.0,0.0,0.0,0.0,0.0,0.0,0.0,0.0,0.0,0.0,0.0,0.0,0.0,0.0,0.0,0.0,0.0,0.0,0.0,0.0,0.0,0.0,0.0,0.0,0.0,0.0,0.0,0.0,0.0,0.0,0.0,0.0,0.0,0.0,0.0,0.0,0.0,0.0,0.0,0.0,0.0,0.0,0.0,0.0,0.0,0.0,0.0,0.0,0.0,0.0,0.0,0.0,0.0,0.0,0.0,0.0,0.0,0.0,0.0,0.0,0.0,0.0,0.0,0.0,0.0,0.0,0.0,0.0,0.0,0.0,0.0,0.0,0.0
0.0,0.0,0.0,0.0,0.0,0.0,0.0,0.0,0.0,0.0,0.0,0.0,0.0,0.0,0.0,0.0,0.0,0.0,0.0,0.0,0.0,0.0,0.0,0.0,0.0,0.0,0.0,0.0,0.0,0.0,0.0,0.0,0.0,0.0,0.0,0.0,0.0,0.0,0.0,0.0,0.0,0.0,0.0,0.0,0.0,0.0,0.0,0.0,0.0,0.0,0.0,0.0,0.0,0.0,0.0,0.0,0.0,0.0,0.0,0.0,0.0,0.0,0.0,0.0,0.0,0.0,0.0,0.0,0.0,0.0,0.0,0.0,0.0,0.0,0.0,0.0,0.0,0.0,0.0,0.0,0.0,0.0,0.0,0.0,0.0,0.0
1010.0,20231026.0,2.0231026100957e+16,3.621,3.619,2338700.0,554800.0,3.622,3.618,1123200.0,2299600.0,3.623,3.617,2225500.0,1753600.0,3.624,3.616,693000.0,489200.0,3.625,3.615,184400.0,399000.0,3.275,3.64,3.62,3.618,3.625,3.639,346781153.0,346781153.0,4.003,159919.0,2023-10-26 10:09:57,3.6193834802142737,0.0005524861878452,0.0011049723756906,0.0010000000000003,-0.0009999999999998,0.0020000000000002,5496200.0,6564800.0,1068600.0,3.617386084931407,3.622278150134048,12061000.0,1068600.0,7.694810780156658e-05,-0.0189999999999996,0.0,3.62,3.619,3.62,3.619,3.62,346781153.0,346781153.0,1.0,9562769.8618774,4.0,2.0,1.0,0.0,0.0003333333333328,13.101987,0.00075,438470.5,4377330250393.0,303537.0,-554800.0,2338700.0,-2893500.0,-2299600.0,1123200.0,-3422800.0,-1753600.0,2225500.0,-3979100.0,-489200.0,693000.0,-1182200.0,-399000.0,184400.0,-583400.0,0.1398928852301559,0.1030606378785567
1011.0,20231026.0,2.0231026101057e+16,3.624,3.623,1552000.0,265700.0,3.625,3.622,1404200.0,1434400.0,3.626,3.621,1425500.0,2562400.0,3.627,3.62,1806300.0,1234500.0,3.628,3.619,374300.0,68400.0,3.275,3.64,3.622,3.618,3.625,3.639,361483820.0,361483820.0,4.003,159919.0,2023-10-26 10:10:57,3.62314617373604,0.000275976266041,0.0008279287981233,0.0010000000000003,-0.0009999999999998,0.0020000000000002,5565400.0,6562300.0,996900.0,3.621106820713695,3.6257023452143295,12127700.0,996900.0,0.0010390551478771,-0.0169999999999999,0.0019999999999997,3.6235,3.62,3.623,3.62,3.622,14702667.0,14702667.0,1.0,19446380.68379404,15.0,5.0,2.0,1.0,0.0003000000000001,13.116711999999998,0.0004999999999997,735133.35,33080417983977.0,1315125.0,265700.0,-1552000.0,1817700.0,1434400.0,-1404200.0,2838600.0,2562400.0,-1425500.0,3987900.0,1234500.0,-1806300.0,3040800.0,68400.0,-374300.0,442700.0,0.1094074799322524,0.1388161669334199
1012.0,20231026.0,2.0231026101157e+16,3.624,3.623,218200.0,753900.0,3.625,3.622,1469400.0,2165200.0,3.626,3.621,1606600.0,1542500.0,3.627,3.62,1466300.0,197500.0,3.628,3.619,693000.0,145000.0,3.275,3.64,3.624,3.618,3.625,3.639,374546671.0,374546671.0,4.003,159919.0,2023-10-26 10:11:57,3.6237755374961433,0.000275976266041,0.0008279287981233,0.0010000000000003,-0.0009999999999998,0.0020000000000002,4804100.0,5453500.0,649400.0,3.621663079452968,3.626173558265334,10257600.0,649400.0,0.0001736913373049,-0.0149999999999996,0.0020000000000002,3.6235,3.622,3.625,3.622,3.624,13062851.0,13062851.0,1.0,20327382.26192748,8.0,12.0,7.0,4.0,0.0008000000000003,13.127579,0.0012500000000001,629866.0,25107665728579.0,1084616.75,488200.0,-1333800.0,1822000.0,730800.0,65200.0,665600.0,-1019900.0,181100.0,-1201000.0,-1037000.0,-340000.0,-697000.0,76600.0,318700.0,-242100.0,0.1603944737266798,0.1568458738803022
0.0,0.0,0.0,0.0,0.0,0.0,0.0,0.0,0.0,0.0,0.0,0.0,0.0,0.0,0.0,0.0,0.0,0.0,0.0,0.0,0.0,0.0,0.0,0.0,0.0,0.0,0.0,0.0,0.0,0.0,0.0,0.0,0.0,0.0,0.0,0.0,0.0,0.0,0.0,0.0,0.0,0.0,0.0,0.0,0.0,0.0,0.0,0.0,0.0,0.0,0.0,0.0,0.0,0.0,0.0,0.0,0.0,0.0,0.0,0.0,0.0,0.0,0.0,0.0,0.0,0.0,0.0,0.0,0.0,0.0,0.0,0.0,0.0,0.0,0.0,0.0,0.0,0.0,0.0,0.0,0.0,0.0,0.0,0.0,0.0,0.0
1014.0,20231026.0,2.0231026101348e+16,3.625,3.624,79700.0,2212500.0,3.626,3.623,679200.0,1733400.0,3.627,3.622,2657500.0,917100.0,3.628,3.621,1264900.0,343600.0,3.629,3.62,1070000.0,237100.0,3.275,3.64,3.625,3.618,3.625,3.639,393093051.0,393093051.0,4.003,159919.0,2023-10-26 10:13:48,3.62496522991013,0.000275900124155,0.000827700372465,0.0009999999999998,-0.0009999999999998,0.0019999999999997,5443700.0,5751300.0,307600.0,3.6229810606756434,3.627446212160729,11195000.0,307600.0,-0.0001227709532205,-0.0139999999999997,-0.0009999999999998,3.6245,3.626,3.626,3.625,3.625,5837564.0,5837564.0,1.0,-10778326.48915567,7.0,10.0,1.0,2.0,0.0004117647058823,13.143610705882352,0.0009999999999998,303510.1176470588,6464157430660.0,359959.0,-2212500.0,79700.0,-2292200.0,-1733400.0,679200.0,-2412600.0,-917100.0,2657500.0,-3574600.0,-343600.0,1264900.0,-1608500.0,-237100.0,1070000.0,-1307100.0,0.1577021798033454,0.1491381301799119
0.0,0.0,0.0,0.0,0.0,0.0,0.0,0.0,0.0,0.0,0.0,0.0,0.0,0.0,0.0,0.0,0.0,0.0,0.0,0.0,0.0,0.0,0.0,0.0,0.0,0.0,0.0,0.0,0.0,0.0,0.0,0.0,0.0,0.0,0.0,0.0,0.0,0.0,0.0,0.0,0.0,0.0,0.0,0.0,0.0,0.0,0.0,0.0,0.0,0.0,0.0,0.0,0.0,0.0,0.0,0.0,0.0,0.0,0.0,0.0,0.0,0.0,0.0,0.0,0.0,0.0,0.0,0.0,0.0,0.0,0.0,0.0,0.0,0.0,0.0,0.0,0.0,0.0,0.0,0.0,0.0,0.0,0.0,0.0,0.0,0.0
1016.0,20231026.0,2.0231026101557e+16,3.625,3.624,90500.0,1012500.0,3.626,3.623,1273300.0,1344900.0,3.627,3.622,1626500.0,1209600.0,3.628,3.621,1364900.0,346600.0,3.629,3.62,1671000.0,264900.0,3.275,3.64,3.625,3.618,3.625,3.639,405788912.0,405788912.0,4.003,159919.0,2023-10-26 10:15:57,3.6249179510426113,0.000275900124155,0.000827700372465,0.0009999999999998,-0.0009999999999998,0.0019999999999997,4178500.0,6026200.0,1847700.0,3.622596745243509,3.627539743121702,10204700.0,1847700.0,0.0002698391892927,-0.0139999999999997,0.0019999999999997,3.6245,3.624,3.625,3.624,3.625,4168236.0,4168236.0,1.0,11116368.860842194,11.0,9.0,2.0,1.0,0.0004499999999998,13.13736295,0.0009999999999998,201161.8,2802369413144.0,262558.5,1012500.0,-90500.0,1103000.0,1344900.0,-1273300.0,2618200.0,1209600.0,-1626500.0,2836100.0,346600.0,-1364900.0,1711500.0,264900.0,-1671000.0,1935900.0,0.1640161079228039,0.1552940010047055
1017.0,20231026.0,2.0231026101657e+16,3.626,3.625,120400.0,1322800.0,3.627,3.624,2570400.0,1291000.0,3.628,3.623,1303100.0,1599900.0,3.629,3.622,1099900.0,151000.0,3.63,3.621,1888200.0,150400.0,3.275,3.64,3.626,3.618,3.625,3.639,410415774.0,410415774.0,4.003,159919.0,2023-10-26 10:16:57,3.625916574279379,0.0002758240242724,0.0008274720728174,0.0009999999999998,-0.0009999999999998,0.0019999999999997,4515100.0,6982000.0,2466900.0,3.6237718101481695,3.628295774849613,11497100.0,2466900.0,0.0002754505676811,-0.0129999999999999,0.0009999999999998,3.6255,3.625,3.627,3.625,3.626,4626862.0,4626862.0,1.0,11198901.592522249,8.0,12.0,3.0,2.0,0.0007999999999999,13.149326999999996,0.0009999999999998,209584.6,2804243121106.0,294039.0,1322800.0,-120400.0,1443200.0,1291000.0,-2570400.0,3861400.0,1599900.0,-1303100.0,2903000.0,151000.0,-1099900.0,1250900.0,150400.0,-1888200.0,2038600.0,0.1395491034503058,0.1405150579504138
1018.0,20231026.0,2.0231026101757e+16,3.623,3.622,232300.0,402000.0,3.624,3.621,2972600.0,2220400.0,3.625,3.62,1928500.0,1306300.0,3.626,3.619,1604300.0,835000.0,3.627,3.618,1216900.0,333000.0,3.275,3.64,3.623,3.618,3.625,3.639,411571796.0,411571796.0,4.003,159919.0,2023-10-26 10:17:57,3.622633769509696,0.0002760524499655,0.0008281573498965,0.0009999999999998,-0.0009999999999998,0.0019999999999997,5096700.0,7954600.0,2857900.0,3.620298899287774,3.6250755411962894,13051300.0,2857900.0,-0.0009057824912372,-0.0159999999999995,-0.0029999999999996,3.6225,3.626,3.626,3.623,3.623,1156022.0,1156022.0,1.0,-34011106.9833855,7.0,13.0,0.0,3.0,0.0007499999999991,13.135189049999996,0.0012499999999997,57257.6,356515683848.0,42226.25,-402000.0,232300.0,-634300.0,-2220400.0,2972600.0,-5193000.0,-1306300.0,1928500.0,-3234800.0,-835000.0,1604300.0,-2439300.0,-333000.0,1216900.0,-1549900.0,0.1295357940013996,0.1387124011322553
1019.0,20231026.0,2.0231026101857e+16,3.622,3.621,164900.0,848400.0,3.623,3.62,2356500.0,1929600.0,3.624,3.619,1859300.0,1444200.0,3.625,3.618,2076800.0,935600.0,3.626,3.617,152500.0,188700.0,3.275,3.64,3.621,3.618,3.625,3.639,415600046.0,415600046.0,4.003,159919.0,2023-10-26 10:18:57,3.621837264383697,0.0002761286759629,0.000828386027889,0.0009999999999998,-0.0010000000000003,0.0020000000000002,5346500.0,6610000.0,1263500.0,3.619432694285981,3.623953933434191,11956500.0,1263500.0,-0.000219893246997,-0.0179999999999997,-0.0020000000000002,3.6215,3.622,3.624,3.621,3.621,4028250.0,4028250.0,1.0,-11534454.79070234,5.0,15.0,3.0,3.0,0.00035,13.121420150000002,0.0002500000000003,194530.5,4305371552042.0,127394.0,-848400.0,164900.0,-1013300.0,-1929600.0,2356500.0,-4286100.0,-1444200.0,1859300.0,-3303500.0,-935600.0,2076800.0,-3012400.0,-188700.0,152500.0,-341200.0,0.1023219283500468,0.108655838550088
1020.0,20231026.0,2.0231026101957e+16,3.62,3.619,474100.0,902800.0,3.621,3.618,1961600.0,2269600.0,3.622,3.617,1331800.0,1270100.0,3.623,3.616,2300000.0,391400.0,3.624,3.615,578600.0,375400.0,3.275,3.64,3.619,3.618,3.625,3.639,417026224.0,417026224.0,4.003,159919.0,2023-10-26 10:19:57,3.6196556757934495,0.0002762812543168,0.0008288437629507,0.0010000000000003,-0.0009999999999998,0.0020000000000002,5209300.0,6646100.0,1436800.0,3.6175630315013536,3.622082364093228,11855400.0,1436800.0,-0.0006025245551626,-0.0199999999999995,-0.0019999999999997,3.6195,3.622,3.622,3.619,3.619,1426178.0,1426178.0,1.0,-34497972.88258089,6.0,14.0,1.0,4.0,0.0002499999999998,13.10621075,0.0009999999999998,71127.9,506881173520.0,45335.5,-902800.0,474100.0,-1376900.0,-2269600.0,1961600.0,-4231200.0,-1270100.0,1331800.0,-2601900.0,-391400.0,2300000.0,-2691400.0,-375400.0,578600.0,-954000.0,0.1006377321663767,0.1047906135320853
1021.0,20231026.0,2.0231026102057e+16,3.62,3.619,782600.0,248500.0,3.621,3.618,679200.0,2309900.0,3.622,3.617,1274400.0,1553300.0,3.623,3.616,1260000.0,887600.0,3.624,3.615,1618600.0,375500.0,3.275,3.64,3.62,3.618,3.625,3.639,420919243.0,420919243.0,4.003,159919.0,2023-10-26 10:20:57,3.619241004752207,0.0002762812543168,0.0008288437629507,0.0010000000000003,-0.0009999999999998,0.0020000000000002,5374800.0,5614800.0,240000.0,3.617217366227581,3.622401225333048,10989600.0,240000.0,-0.0001145674707059,-0.0189999999999996,0.0009999999999998,3.6195,3.62,3.62,3.619,3.62,3893019.0,3893019.0,1.0,43854.62726646476,13.0,7.0,4.0,4.0,0.00035,13.10186635,0.0009999999999998,194650.95,3790027821993.0,129017.5,-654300.0,308500.0,-962800.0,40300.0,-1282400.0,1322700.0,283200.0,-57400.0,340600.0,496200.0,-1040000.0,1536200.0,100.0,1040000.0,-1039900.0,0.1017004418002189,0.1061511086090805
1022.0,20231026.0,2.0231026102157e+16,3.62,3.619,151400.0,256946.0,3.621,3.618,1452100.0,2334200.0,3.622,3.617,1374400.0,1353500.0,3.623,3.616,2160000.0,887600.0,3.624,3.615,378600.0,375500.0,3.275,3.64,3.619,3.618,3.625,3.639,421952102.0,421952102.0,4.003,159919.0,2023-10-26 10:21:57,3.619629235991047,0.0002762812543168,0.0008288437629507,0.0010000000000003,-0.0009999999999998,0.0020000000000002,5207746.0,5516500.0,308754.0,3.617232248654216,3.622210695187165,10724246.0,308754.0,0.0001072629364253,-0.0199999999999995,-0.0009999999999998,3.6195,3.62,3.62,3.619,3.619,1032859.0,1032859.0,1.0,-11659273.3864383,14.0,6.0,1.0,2.0,0.0003000000000006,13.102228300000002,0.0009999999999998,51461.95,257529661841.0,45250.0,8446.0,-631200.0,639646.0,24300.0,772900.0,-748600.0,-199800.0,100000.0,-299800.0,0.0,900000.0,-900000.0,0.0,-1240000.0,1240000.0,0.0958113613064518,0.1020959587667314
1023.0,20231026.0,2.0231026102257e+16,3.621,3.62,1541400.0,4300.0,3.622,3.619,1670900.0,1404346.0,3.623,3.618,2230000.0,2009200.0,3.624,3.617,597600.0,950500.0,3.625,3.616,196500.0,610700.0,3.275,3.64,3.62,3.618,3.625,3.639,423017805.0,423017805.0,4.003,159919.0,2023-10-26 10:22:57,3.620002781911108,0.0002762049440684,0.0008286148322054,0.0009999999999998,-0.0009999999999998,0.0019999999999997,4979046.0,6236400.0,1257354.0,3.617847570398024,3.622396590981977,11215446.0,1257354.0,0.000103194725773,-0.0189999999999996,0.0009999999999998,3.6205,3.62,3.62,3.619,3.62,1065703.0,1065703.0,1.0,4766.022336075082,13.0,7.0,3.0,3.0,0.0003499999999991,13.10186635,0.0009999999999998,53285.15,430622310201.0,15652.25,4300.0,-1541400.0,1545700.0,1404346.0,-1670900.0,3075246.0,2009200.0,-2230000.0,4239200.0,950500.0,-597600.0,1548100.0,610700.0,-196500.0,807200.0,0.0873493315818374,0.0859850209081371
1024.0,20231026.0,2.0231026102357e+16,3.623,3.621,1490900.0,1434500.0,3.624,3.62,1674700.0,1655100.0,3.625,3.619,2197900.0,1398346.0,3.626,3.618,438100.0,650900.0,3.627,3.617,321000.0,245800.0,3.275,3.64,3.622,3.618,3.625,3.639,424271994.0,424271994.0,4.003,159919.0,2023-10-26 10:23:57,3.6219807205852192,0.0005521811154059,0.0011043622308117,0.0009999999999998,-0.0009999999999998,0.0019999999999997,5384646.0,6122600.0,737954.0,3.619628007857898,3.6244158690752295,11507246.0,737954.0,0.0005462422615603,-0.0169999999999999,0.0019999999999997,3.622,3.621,3.622,3.621,3.622,1254189.0,1254189.0,1.0,11693099.144117985,10.0,10.0,1.0,0.0,0.0004999999999999,13.115262500000004,0.0009999999999998,62709.45,460682680683.0,27799.0,1434500.0,-1490900.0,2925400.0,1655100.0,-1674700.0,3329800.0,1398346.0,-2197900.0,3596246.0,650900.0,-438100.0,1089000.0,245800.0,-321000.0,566800.0,0.0938391221240828,0.0927048913020164
1025.0,20231026.0,2.0231026102457e+16,3.62,3.619,1129600.0,221200.0,3.621,3.618,993400.0,2355700.0,3.622,3.617,1902600.0,1182200.0,3.623,3.616,1400000.0,1126600.0,3.624,3.615,400600.0,419000.0,3.275,3.64,3.62,3.618,3.625,3.639,425209451.0,425209451.0,4.003,159919.0,2023-10-26 10:24:57,3.619163754811964,0.0002762812543168,0.0008288437629507,0.0010000000000003,-0.0009999999999998,0.0020000000000002,5304700.0,5826200.0,521500.0,3.617157124813844,3.621819539322372,11130900.0,521500.0,-0.0007780443892348,-0.0189999999999996,-0.0019999999999997,3.6195,3.621,3.622,3.62,3.62,937457.0,937457.0,1.0,-11762891.991857436,10.0,10.0,3.0,4.0,0.0006000000000003,13.1087448,0.0009999999999998,45424.85,240480588927.0,45260.0,-221200.0,1129600.0,-1350800.0,-2355700.0,993400.0,-3349100.0,-1182200.0,1902600.0,-3084800.0,-1126600.0,1400000.0,-2526600.0,-419000.0,400600.0,-819600.0,0.0922592431041031,0.0900196705378932
1026.0,20231026.0,2.0231026102557e+16,3.619,3.618,1073400.0,351100.0,3.62,3.617,1716500.0,1539500.0,3.621,3.616,1422600.0,1534500.0,3.622,3.615,1430000.0,1130800.0,3.623,3.614,143000.0,982100.0,3.275,3.64,3.619,3.618,3.625,3.639,426248102.0,426248102.0,4.003,159919.0,2023-10-26 10:25:57,3.618246472446472,0.0002763576067432,0.0008290728202294,0.0009999999999998,-0.0009999999999998,0.0019999999999997,5538000.0,5785500.0,247500.0,3.6158459191043697,3.620628847982024,11323500.0,247500.0,-0.0002534835919478,-0.0199999999999995,-0.0009999999999998,3.6185,3.62,3.62,3.618,3.619,1038651.0,1038651.0,1.0,-11743268.16279224,18.0,2.0,2.0,3.0,4.999999999988347e-05,13.09679925,0.0,51571.05,354503515965.0,16104.5,-351100.0,1073400.0,-1424500.0,-1539500.0,1716500.0,-3256000.0,-1534500.0,1422600.0,-2957100.0,-1130800.0,1430000.0,-2560800.0,-982100.0,143000.0,-1125100.0,0.096011764799087,0.0892572692491425
1027.0,20231026.0,2.0231026102657e+16,3.619,3.618,891600.0,70000.0,3.62,3.617,1304500.0,1365000.0,3.621,3.616,1522600.0,2426700.0,3.622,3.615,1530000.0,1493300.0,3.623,3.614,219400.0,316400.0,3.275,3.64,3.618,3.618,3.625,3.639,428492349.0,428492349.0,4.003,159919.0,2023-10-26 10:26:57,3.618072795341098,0.0002763576067432,0.0008290728202294,0.0009999999999998,-0.0009999999999998,0.0019999999999997,5671400.0,5468100.0,-203300.0,3.615890485594386,3.620795376821931,11139500.0,203300.0,-4.8001504350470015e-05,-0.0209999999999999,-0.0010000000000003,3.6185,3.618,3.619,3.618,3.618,2244247.0,2244247.0,1.0,-10546.997924635189,6.0,14.0,3.0,3.0,0.0003000000000001,13.0920951,0.0010000000000003,112212.35,1964579495819.0,11035.5,-281100.0,-181800.0,-99300.0,-174500.0,-412000.0,237500.0,892200.0,100000.0,792200.0,362500.0,100000.0,262500.0,-665700.0,76400.0,-742100.0,0.1081995336991901,0.0938238196704051
1028.0,20231026.0,2.0231026102757e+16,3.619,3.618,1465300.0,14900.0,3.62,3.617,1003700.0,2150400.0,3.621,3.616,1740000.0,1571700.0,3.622,3.615,1390000.0,1519200.0,3.623,3.614,143000.0,575500.0,3.275,3.64,3.619,3.618,3.625,3.639,435190029.0,435190029.0,4.003,159919.0,2023-10-26 10:27:57,3.618010066207269,0.0002763576067432,0.0008290728202294,0.0009999999999998,-0.0009999999999998,0.0019999999999997,5831700.0,5742000.0,-89700.0,3.615915976473413,3.6206067049808426,11573700.0,89700.0,-1.733787051128033e-05,-0.0199999999999995,0.0010000000000003,3.6185,3.618,3.619,3.618,3.619,6697680.0,6697680.0,1.0,11968628.5826442,3.0,17.0,2.0,1.0,0.00015,13.09100955,0.0,328191.0,8947368057908.0,282928.25,-55100.0,573700.0,-628800.0,785400.0,-300800.0,1086200.0,-855000.0,217400.0,-1072400.0,25900.0,-140000.0,165900.0,259100.0,-76400.0,335500.0,0.1041474649453919,0.0962621886061221
1029.0,20231026.0,2.0231026102857e+16,3.617,3.616,891900.0,48400.0,3.618,3.615,1453400.0,2092700.0,3.619,3.614,1452100.0,1884400.0,3.62,3.613,1730000.0,1319100.0,3.621,3.612,170700.0,539500.0,3.275,3.64,3.617,3.615,3.625,3.639,439695645.0,439695645.0,4.003,159919.0,2023-10-26 10:28:57,3.6160514729341697,0.000276510438269,0.000829531314807,0.0009999999999998,-0.0009999999999998,0.0019999999999997,5884100.0,5698100.0,-186000.0,3.6139645485290863,3.61879540548604,11582200.0,186000.0,-0.0005414920263973,-0.0219999999999997,-0.0020000000000002,3.6165,3.618,3.618,3.615,3.617,4505616.0,4505616.0,1.0,-12095041.85220285,13.0,7.0,4.0,3.0,0.0007999999999999,13.0812429,0.0009999999999998,218228.3,4220828254080.0,269777.0,-48400.0,891900.0,-940300.0,-2092700.0,1453400.0,-3546100.0,-1884400.0,1452100.0,-3336500.0,-1319100.0,1730000.0,-3049100.0,-539500.0,170700.0,-710200.0,0.0996555988224633,0.0893670019393649
1030.0,20231026.0,2.0231026102957e+16,3.616,3.615,708500.0,366800.0,3.617,3.614,2252200.0,1351000.0,3.618,3.613,1031500.0,2083700.0,3.619,3.612,1280500.0,1272100.0,3.62,3.611,293000.0,510100.0,3.275,3.64,3.616,3.615,3.625,3.639,441160475.0,441160475.0,4.003,159919.0,2023-10-26 10:29:57,3.6153411141076903,0.0002765869174387,0.0008297607523164,0.0010000000000003,-0.0009999999999998,0.0020000000000002,5583700.0,5565700.0,-18000.0,3.612962802442824,3.6176761054314817,11149400.0,18000.0,-0.0001964652921864,-0.0229999999999996,-0.0009999999999998,3.6155,3.617,3.617,3.615,3.616,1464830.0,1464830.0,1.0,-12168101.17003287,16.0,4.0,1.0,2.0,0.0001499999999996,13.074371450000005,0.0,72156.5,1221736085600.0,18620.75,-366800.0,708500.0,-1075300.0,-1351000.0,2252200.0,-3603200.0,-2083700.0,1031500.0,-3115200.0,-1272100.0,1280500.0,-2552600.0,-510100.0,293000.0,-803100.0,0.0847657192519644,0.0829121952547718
1031.0,20231026.0,2.0231026103057e+16,3.617,3.616,2374700.0,915100.0,3.618,3.615,3991800.0,1648100.0,3.619,3.614,1799400.0,2011300.0,3.62,3.613,991000.0,1076600.0,3.621,3.612,271000.0,523000.0,3.275,3.64,3.617,3.615,3.625,3.639,467210484.0,467210484.0,4.003,159919.0,2023-10-26 10:30:57,3.61627816280625,0.000276510438269,0.000829531314807,0.0009999999999998,-0.0009999999999998,0.0019999999999997,6174100.0,9427900.0,3253800.0,3.6142195785620577,3.6182354394934193,15602000.0,3253800.0,0.0002591532180891,-0.0219999999999997,0.0009999999999998,3.6165,3.615,3.617,3.615,3.617,26050009.0,26050009.0,1.0,24828368.75475296,13.0,7.0,5.0,3.0,0.0003999999999995,13.079795899999995,0.0009999999999998,251909.44999999995,38852054544473.0,212801.5,915100.0,-2374700.0,3289800.0,1648100.0,-3991800.0,5639900.0,2011300.0,-1799400.0,3810700.0,1076600.0,-991000.0,2067600.0,523000.0,-271000.0,794000.0,0.089329527855421,0.0894220004526184
1032.0,20231026.0,2.0231026103157e+16,3.617,3.616,4325800.0,122400.0,3.618,3.615,6889700.0,2186400.0,3.619,3.614,2460500.0,1940700.0,3.62,3.613,891500.0,932900.0,3.621,3.612,123400.0,295700.0,3.275,3.64,3.617,3.615,3.625,3.639,473053885.0,473053885.0,4.003,159919.0,2023-10-26 10:31:57,3.616027516748348,0.000276510438269,0.000829531314807,0.0009999999999998,-0.0009999999999998,0.0019999999999997,5478100.0,14690900.0,9212800.0,3.614165550099487,3.618019597165592,20169000.0,9212800.0,-6.931290493183973e-05,-0.0219999999999997,0.0,3.6165,3.617,3.617,3.616,3.617,5843401.0,5843401.0,1.0,89125.80554644763,11.0,9.0,5.0,5.0,0.0004500000000007,13.079434149999996,0.0009999999999998,270658.0,5340476729865.0,238675.25,-792700.0,1951100.0,-2743800.0,538300.0,2897900.0,-2359600.0,-70600.0,661100.0,-731700.0,-143700.0,-99500.0,-44200.0,-227300.0,-147600.0,-79700.0,0.0768791373857301,0.0782263805992591
1033.0,20231026.0,2.0231026103257e+16,3.619,3.618,5297700.0,2700.0,3.62,3.617,3662400.0,1507800.0,3.621,3.616,2810000.0,1959100.0,3.622,3.615,790000.0,1217300.0,3.623,3.614,198700.0,458800.0,3.275,3.64,3.619,3.615,3.625,3.639,491504433.0,491504433.0,4.003,159919.0,2023-10-26 10:32:57,3.618000509395517,0.0002763576067432,0.0008290728202294,0.0009999999999998,-0.0009999999999998,0.0019999999999997,5145700.0,12758800.0,7613100.0,3.615879180675127,3.61997557764053,17904500.0,7613100.0,0.0005454755466691,-0.0199999999999995,0.0020000000000002,3.6185,3.617,3.619,3.615,3.619,18450548.0,18450548.0,1.0,27601280.755558945,12.0,8.0,5.0,3.0,0.0008999999999996,13.0819667,0.0012499999999997,921261.4,59130113128004.0,1137503.75,2700.0,-5297700.0,5300400.0,1507800.0,-3662400.0,5170200.0,1959100.0,-2810000.0,4769100.0,1217300.0,-790000.0,2007300.0,458800.0,-198700.0,657500.0,0.0829412043403014,0.074133968977439
0.0,0.0,0.0,0.0,0.0,0.0,0.0,0.0,0.0,0.0,0.0,0.0,0.0,0.0,0.0,0.0,0.0,0.0,0.0,0.0,0.0,0.0,0.0,0.0,0.0,0.0,0.0,0.0,0.0,0.0,0.0,0.0,0.0,0.0,0.0,0.0,0.0,0.0,0.0,0.0,0.0,0.0,0.0,0.0,0.0,0.0,0.0,0.0,0.0,0.0,0.0,0.0,0.0,0.0,0.0,0.0,0.0,0.0,0.0,0.0,0.0,0.0,0.0,0.0,0.0,0.0,0.0,0.0,0.0,0.0,0.0,0.0,0.0,0.0,0.0,0.0,0.0,0.0,0.0,0.0,0.0,0.0,0.0,0.0,0.0,0.0
1035.0,20231026.0,2.0231026103457e+16,3.62,3.619,2613200.0,701200.0,3.621,3.618,7012900.0,466500.0,3.622,3.617,3706600.0,1589500.0,3.623,3.616,940000.0,1047200.0,3.624,3.615,431800.0,884800.0,3.275,3.64,3.62,3.615,3.625,3.639,539350189.0,539350189.0,4.003,159919.0,2023-10-26 10:34:57,3.619211561670288,0.0002762812543168,0.0008288437629507,0.0010000000000003,-0.0009999999999998,0.0020000000000002,4689200.0,14704500.0,10015300.0,3.616797854644716,3.6212903056887344,19393700.0,10015300.0,0.0003610823441189,-0.0189999999999996,0.0020000000000002,3.6195,3.618,3.62,3.618,3.62,21934973.0,21934973.0,1.0,29154047.47484276,9.0,11.0,6.0,4.0,0.0006500000000002,13.09969485,0.0009999999999998,1048967.5,47480604541601.0,1869561.25,701200.0,-2613200.0,3314400.0,466500.0,-7012900.0,7479400.0,1589500.0,-3706600.0,5296100.0,1047200.0,-940000.0,1987200.0,884800.0,-431800.0,1316600.0,0.09302663710502,0.0898388222260712
1036.0,20231026.0,2.0231026103557e+16,3.62,3.619,5520300.0,10100.0,3.621,3.618,4281900.0,2049200.0,3.622,3.617,3033500.0,1123300.0,3.623,3.616,440000.0,1538900.0,3.624,3.615,398800.0,364800.0,3.275,3.64,3.619,3.615,3.625,3.639,557057228.0,557057228.0,4.003,159919.0,2023-10-26 10:35:57,3.619001826269348,0.0002762812543168,0.0008288437629507,0.0010000000000003,-0.0009999999999998,0.0020000000000002,5086300.0,13674500.0,8588200.0,3.6169608556317954,3.6209699879337447,18760800.0,8588200.0,-5.795225693328021e-05,-0.0199999999999995,-0.0009999999999998,3.6195,3.62,3.62,3.618,3.619,17707039.0,17707039.0,1.0,-15132702.00645563,7.0,13.0,4.0,5.0,0.0004999999999999,13.0986091,0.0009999999999998,885351.95,34940531830943.0,1809000.0,-691100.0,2907100.0,-3598200.0,1582700.0,-2731000.0,4313700.0,-466200.0,-673100.0,206900.0,491700.0,-500000.0,991700.0,-520000.0,-33000.0,-487000.0,0.0840207888800883,0.0942878000771799
1037.0,20231026.0,2.0231026103657e+16,3.618,3.617,162000.0,217800.0,3.619,3.616,1527500.0,2142300.0,3.62,3.615,5965400.0,1605200.0,3.621,3.614,4613000.0,889200.0,3.622,3.613,2124500.0,357100.0,3.275,3.64,3.618,3.615,3.625,3.639,568237023.0,568237023.0,4.003,159919.0,2023-10-26 10:36:57,3.61757345971564,0.0002764340013821,0.0008293020041465,0.0009999999999998,-0.0010000000000003,0.0020000000000002,5211600.0,14392400.0,9180800.0,3.615186986721928,3.6204870973569374,19604000.0,9180800.0,-0.0003947631347176,-0.0209999999999999,-0.0010000000000003,3.6175,3.618,3.62,3.618,3.618,11179795.0,11179795.0,1.0,-150982.52151722088,11.0,9.0,4.0,4.0,0.0006499999999998,13.09462825,0.0010000000000003,558989.75,20590791978653.0,1056680.75,-217800.0,162000.0,-379800.0,-2142300.0,1527500.0,-3669800.0,-1605200.0,5965400.0,-7570600.0,-889200.0,4613000.0,-5502200.0,-357100.0,2124500.0,-2481600.0,0.0903695421672929,0.1126927916778886
1038.0,20231026.0,2.0231026103757e+16,3.62,3.619,1715100.0,10000.0,3.621,3.618,4276400.0,422000.0,3.622,3.617,1594500.0,1901800.0,3.623,3.616,2480000.0,1864100.0,3.624,3.615,464300.0,838200.0,3.275,3.64,3.619,3.615,3.625,3.639,582655593.0,582655593.0,4.003,159919.0,2023-10-26 10:37:57,3.619005796765405,0.0002762812543168,0.0008288437629507,0.0010000000000003,-0.0009999999999998,0.0020000000000002,5036100.0,10530300.0,5494200.0,3.616384742161594,3.621591844486861,15566400.0,5494200.0,0.0003958602587506,-0.0199999999999995,0.0010000000000003,3.6195,3.618,3.619,3.617,3.619,14418570.0,14418570.0,1.0,16026537.946521956,10.0,10.0,3.0,3.0,0.00055,13.093180749999998,0.0010000000000003,720747.5,26811722156608.0,1207644.75,10000.0,-1715100.0,1725100.0,422000.0,-4276400.0,4698400.0,1901800.0,-1594500.0,3496300.0,1864100.0,-2480000.0,4344100.0,838200.0,-464300.0,1302500.0,0.0864332103796748,0.1161247038478431
1039.0,20231026.0,2.0231026103857e+16,3.619,3.618,2356800.0,52300.0,3.62,3.617,3724300.0,1237300.0,3.621,3.616,4842500.0,1423400.0,3.622,3.615,2464500.0,1726000.0,3.623,3.614,1111000.0,467700.0,3.275,3.64,3.618,3.615,3.625,3.639,583997367.0,583997367.0,4.003,159919.0,2023-10-26 10:38:57,3.61802170935204,0.0002763576067432,0.0008290728202294,0.0009999999999998,-0.0009999999999998,0.0019999999999997,4906700.0,14499100.0,9592400.0,3.615731081989932,3.6207412666993126,19405800.0,9592400.0,-0.0002719590104083,-0.0209999999999999,-0.0010000000000003,3.6185,3.619,3.62,3.618,3.618,1341774.0,1341774.0,1.0,-16161864.873964416,10.0,10.0,3.0,4.0,0.0006500000000007,13.09969495,0.0009999999999998,67088.7,325454158320.0,103574.75,-52300.0,2356800.0,-2409100.0,-1237300.0,3724300.0,-4961600.0,-1423400.0,4842500.0,-6265900.0,-1726000.0,2464500.0,-4190500.0,-467700.0,1111000.0,-1578700.0,0.0905609085157781,0.1118625421145786
1040.0,20231026.0,2.0231026103957e+16,3.616,3.615,1663300.0,462400.0,3.617,3.614,2444800.0,2301600.0,3.618,3.613,5194400.0,1420500.0,3.619,3.612,2600700.0,1222700.0,3.62,3.611,1237700.0,387700.0,3.275,3.64,3.616,3.615,3.625,3.639,585438894.0,585438894.0,4.003,159919.0,2023-10-26 10:39:57,3.6152175283436048,0.0002765869174387,0.0008297607523164,0.0010000000000003,-0.0009999999999998,0.0020000000000002,5794900.0,13140900.0,7346000.0,3.6132119622426617,3.6179470888599714,18935800.0,7346000.0,-0.0007753597127844,-0.0229999999999996,-0.0019999999999997,3.6155,3.618,3.618,3.616,3.616,1441527.0,1441527.0,1.0,-32326651.694856748,13.0,7.0,1.0,3.0,0.0004999999999999,13.0812427,0.0009999999999998,71533.85,283395658659.0,113446.5,-462400.0,1663300.0,-2125700.0,-2301600.0,2444800.0,-4746400.0,-1420500.0,5194400.0,-6614900.0,-1222700.0,2600700.0,-3823400.0,-387700.0,1237700.0,-1625400.0,0.1016932649543718,0.112993286444964
1041.0,20231026.0,2.0231026104057e+16,3.615,3.614,509500.0,2322200.0,3.616,3.613,1152100.0,1277700.0,3.617,3.612,4763800.0,1491000.0,3.618,3.611,2544400.0,294700.0,3.619,3.61,2469700.0,1152600.0,3.275,3.64,3.615,3.614,3.625,3.639,600267445.0,600267445.0,4.003,159919.0,2023-10-26 10:40:57,3.6148200727478192,0.0002766634389266,0.0008299903167796,0.0009999999999998,-0.0009999999999998,0.0019999999999997,6538200.0,11439500.0,4901300.0,3.6125081215013295,3.6174644171511,17977700.0,4901300.0,-0.0001099456512165,-0.0239999999999995,-0.0009999999999998,3.6145,3.616,3.616,3.614,3.615,14828551.0,14828551.0,1.0,-16357102.12585874,6.0,14.0,2.0,4.0,0.0002500000000003,13.070032850000004,0.0009999999999998,737088.55,26442349831081.0,1430996.25,-2322200.0,509500.0,-2831700.0,-1277700.0,1152100.0,-2429800.0,-1491000.0,4763800.0,-6254800.0,-294700.0,2544400.0,-2839100.0,-1152600.0,2469700.0,-3622300.0,0.1004669515878584,0.1012380011765706
1042.0,20231026.0,2.0231026104157e+16,3.616,3.615,88300.0,21000.0,3.617,3.614,4238600.0,2392100.0,3.618,3.613,4510000.0,1000500.0,3.619,3.612,732100.0,971500.0,3.62,3.611,1138800.0,443700.0,3.275,3.64,3.616,3.614,3.625,3.639,634122182.0,634122182.0,4.003,159919.0,2023-10-26 10:41:57,3.615192131747484,0.0002765869174387,0.0008297607523164,0.0010000000000003,-0.0009999999999998,0.0020000000000002,4828800.0,10707800.0,5879000.0,3.613119118621604,3.617868740544276,15536600.0,5879000.0,0.0001029207114648,-0.0229999999999996,0.0009999999999998,3.6155,3.614,3.617,3.614,3.616,33854737.0,33854737.0,1.0,33170408.15215749,16.0,4.0,5.0,5.0,4.999999999988347e-05,13.07509515,0.0002499999999998,645036.8500000001,89139259808773.0,668964.75,21000.0,-88300.0,109300.0,2392100.0,-4238600.0,6630700.0,1000500.0,-4510000.0,5510500.0,971500.0,-732100.0,1703600.0,443700.0,-1138800.0,1582500.0,0.0968121011617999,0.1033330834726743
1043.0,20231026.0,2.0231026104257e+16,3.616,3.615,7300.0,99900.0,3.617,3.614,2226100.0,1616100.0,3.618,3.613,6432100.0,1520500.0,3.619,3.612,1940000.0,1386500.0,3.62,3.611,1241800.0,374500.0,3.275,3.64,3.616,3.614,3.625,3.639,650421082.0,650421082.0,4.003,159919.0,2023-10-26 10:42:57,3.615931902985075,0.0002765869174387,0.0008297607523164,0.0010000000000003,-0.0009999999999998,0.0020000000000002,4997500.0,11847300.0,6849800.0,3.612936048024012,3.618184252952149,16844800.0,6849800.0,0.0002046075372565,-0.0229999999999996,0.0,3.6155,3.616,3.617,3.615,3.616,16298900.0,16298900.0,1.0,52200.26361241192,18.0,2.0,4.0,4.0,4.440892098500626e-16,13.0754562,0.0,800661.5,47040873192404.0,1038799.25,78900.0,-81000.0,159900.0,-776000.0,-2012500.0,1236500.0,520000.0,1922100.0,-1402100.0,415000.0,1207900.0,-792900.0,-69200.0,103000.0,-172200.0,0.0841416403982088,0.1085020286095247
1044.0,20231026.0,2.0231026104357e+16,3.617,3.616,664500.0,1359800.0,3.618,3.615,7940000.0,1434900.0,3.619,3.614,5606200.0,2049900.0,3.62,3.613,1388800.0,526000.0,3.621,3.612,882200.0,444200.0,3.275,3.64,3.617,3.614,3.625,3.639,662784974.0,662784974.0,4.003,159919.0,2023-10-26 10:43:57,3.616671738378699,0.000276510438269,0.000829531314807,0.0009999999999998,-0.0009999999999998,0.0019999999999997,5814800.0,16481700.0,10666900.0,3.614471228589117,3.618628933908517,22296500.0,10666900.0,0.0002045834205468,-0.0219999999999997,0.0009999999999998,3.6165,3.616,3.617,3.615,3.617,12363892.0,12363892.0,1.0,18337978.50957121,2.0,18.0,3.0,2.0,4.999999999988347e-05,13.07581775,0.0,616748.1,22500631089402.0,1035260.5,1359800.0,-664500.0,2024300.0,1434900.0,-7940000.0,9374900.0,2049900.0,-5606200.0,7656100.0,526000.0,-1388800.0,1914800.0,444200.0,-882200.0,1326400.0,0.0733827901361914,0.1057192020938035
1045.0,20231026.0,2.0231026104457e+16,3.619,3.618,3830000.0,11000.0,3.62,3.617,6740900.0,441700.0,3.621,3.616,1251200.0,1320200.0,3.622,3.615,1285500.0,2217600.0,3.623,3.614,121700.0,1296700.0,3.275,3.64,3.619,3.614,3.625,3.639,684548667.0,684548667.0,4.003,159919.0,2023-10-26 10:44:57,3.618002863837542,0.0002763576067432,0.0008290728202294,0.0009999999999998,-0.0009999999999998,0.0019999999999997,5287200.0,13229300.0,7942100.0,3.6151777689514297,3.620027008231728,18516500.0,7942100.0,0.0003679848913884,-0.0199999999999995,0.0020000000000002,3.6185,3.616,3.619,3.616,3.619,21763693.0,21763693.0,1.0,55955691.89496269,7.0,13.0,7.0,4.0,0.0008499999999989,13.083774849999998,0.0012499999999997,905980.5,57444650044855.0,1834778.25,11000.0,-3830000.0,3841000.0,441700.0,-6740900.0,7182600.0,1320200.0,-1251200.0,2571400.0,2217600.0,-1285500.0,3503100.0,1296700.0,-121700.0,1418400.0,0.0542991494496576,0.1100474789577335
1046.0,20231026.0,2.0231026104557e+16,3.62,3.619,2611100.0,17100.0,3.621,3.618,10253900.0,150000.0,3.622,3.617,3156600.0,1296600.0,3.623,3.616,1080000.0,1854200.0,3.624,3.615,469800.0,963000.0,3.275,3.64,3.62,3.614,3.625,3.639,721199536.0,721199536.0,4.003,159919.0,2023-10-26 10:45:57,3.619006506354159,0.0002762812543168,0.0008288437629507,0.0010000000000003,-0.0009999999999998,0.0020000000000002,4280900.0,17571400.0,13290500.0,3.6161599897217873,3.621234181681596,21852300.0,13290500.0,0.0002773638865758,-0.0189999999999996,0.0009999999999998,3.6195,3.619,3.62,3.617,3.62,36650869.0,36650869.0,1.0,20125488.10885557,13.0,7.0,3.0,2.0,0.0005000000000001,13.09535215,0.0010000000000003,786941.45,112936852243255.0,1644640.75,17100.0,-2611100.0,2628200.0,150000.0,-10253900.0,10403900.0,1296600.0,-3156600.0,4453200.0,1854200.0,-1080000.0,2934200.0,963000.0,-469800.0,1432800.0,0.049167765841176,0.1147750481256047
1047.0,20231026.0,2.0231026104657e+16,3.62,3.618,70200.0,1545000.0,3.621,3.617,12326100.0,1515400.0,3.622,3.616,4146600.0,751000.0,3.623,3.615,2511000.0,696200.0,3.624,3.614,492800.0,406400.0,3.275,3.64,3.62,3.614,3.625,3.639,758398056.0,758398056.0,4.003,159919.0,2023-10-26 10:46:57,3.619913075780089,0.0005526388505112,0.0011052777010223,0.0009999999999998,-0.0009999999999998,0.0019999999999997,4914000.0,19546700.0,14632700.0,3.616630118030118,3.6215411041249927,24460700.0,14632700.0,0.0002504709219057,-0.0189999999999996,0.0,3.619,3.62,3.621,3.619,3.62,37198520.0,37198520.0,1.0,45315.36587430909,15.0,5.0,5.0,5.0,0.0001499999999996,13.10331435,0.0002499999999998,813298.0,111378661928024.0,1475915.0,-1545000.0,-2540900.0,995900.0,-1515400.0,2072200.0,-3587600.0,-751000.0,990000.0,-1741000.0,-696200.0,1431000.0,-2127200.0,-406400.0,23000.0,-429400.0,0.0773533110128301,0.113781310120469
1048.0,20231026.0,2.0231026104757e+16,3.62,3.619,247400.0,45500.0,3.621,3.618,9630600.0,1418700.0,3.622,3.617,6773200.0,1259900.0,3.623,3.616,2342100.0,1539000.0,3.624,3.615,842200.0,257300.0,3.275,3.64,3.62,3.614,3.625,3.639,771440143.0,771440143.0,4.003,159919.0,2023-10-26 10:47:57,3.6191553431205192,0.0002762812543168,0.0008288437629507,0.0010000000000003,-0.0009999999999998,0.0020000000000002,4520400.0,19835500.0,15315100.0,3.616879678789488,3.621692526026568,24355900.0,15315100.0,-0.0002093453517744,-0.0189999999999996,0.0,3.6195,3.62,3.62,3.619,3.62,13042087.0,13042087.0,1.0,318520.7062021904,4.0,16.0,2.0,2.0,0.0001999999999999,13.098608800000004,0.0,652104.35,33436700838301.0,842593.25,45500.0,177200.0,-131700.0,1418700.0,-2695500.0,4114200.0,1259900.0,2626600.0,-1366700.0,1539000.0,-168900.0,1707900.0,257300.0,349400.0,-92100.0,0.077879454627758,0.1097658537200369
1049.0,20231026.0,2.0231026104857e+16,3.619,3.618,1625600.0,227400.0,3.62,3.617,6620000.0,1327800.0,3.621,3.616,9202600.0,978000.0,3.622,3.615,5274500.0,1344400.0,3.623,3.614,1071000.0,402500.0,3.275,3.64,3.619,3.614,3.625,3.639,779400100.0,779400100.0,4.003,159919.0,2023-10-26 10:48:57,3.6181227199136536,0.0002763576067432,0.0008290728202294,0.0009999999999998,-0.0009999999999998,0.0019999999999997,4280100.0,23793700.0,19513600.0,3.615914301067732,3.620896834035901,28073800.0,19513600.0,-0.0002853623157432,-0.0199999999999995,-0.0009999999999998,3.6185,3.62,3.62,3.618,3.619,7959957.0,7959957.0,1.0,-21231077.88784493,17.0,3.0,2.0,3.0,4.999999999988347e-05,13.09679935,0.0,397997.85,26568992100861.0,54993.75,-227400.0,1625600.0,-1853000.0,-1327800.0,6620000.0,-7947800.0,-978000.0,9202600.0,-10180600.0,-1344400.0,5274500.0,-6618900.0,-402500.0,1071000.0,-1473500.0,0.0832915630758216,0.1065141642136199
1050.0,20231026.0,2.0231026104957e+16,3.62,3.619,6555200.0,645000.0,3.621,3.618,9635300.0,922200.0,3.622,3.617,3986600.0,1260400.0,3.623,3.616,1671000.0,1941200.0,3.624,3.615,546800.0,192500.0,3.275,3.64,3.619,3.614,3.625,3.639,789589730.0,789589730.0,4.003,159919.0,2023-10-26 10:49:57,3.619089580844977,0.0002762812543168,0.0008288437629507,0.0010000000000003,-0.0009999999999998,0.0020000000000002,4961300.0,22394900.0,17433600.0,3.616977022151453,3.621107783468557,27356200.0,17433600.0,0.0002671915364356,-0.0199999999999995,0.0,3.6195,3.618,3.619,3.618,3.619,10189630.0,10189630.0,1.0,21772259.661365516,7.0,13.0,3.0,2.0,0.0003500000000005,13.09245695,0.0010000000000003,509481.5,28424232252892.0,374191.75,645000.0,-6555200.0,7200200.0,922200.0,-9635300.0,10557500.0,1260400.0,-3986600.0,5247000.0,1941200.0,-1671000.0,3612200.0,192500.0,-546800.0,739300.0,0.0769509276207978,0.1046115700006758
1051.0,20231026.0,2.0231026105057e+16,3.621,3.62,12000.0,1509100.0,3.622,3.619,4824200.0,1248400.0,3.623,3.618,7938200.0,1789600.0,3.624,3.617,3361200.0,39200.0,3.625,3.616,1549300.0,402600.0,3.275,3.64,3.62,3.614,3.625,3.639,804597725.0,804597725.0,4.003,159919.0,2023-10-26 10:50:57,3.620992110972322,0.0002762049440684,0.0008286148322054,0.0009999999999998,-0.0009999999999998,0.0019999999999997,4988900.0,17684900.0,12696000.0,3.6186859628375,3.623091128589927,22673800.0,12696000.0,0.0005255548907097,-0.0189999999999996,0.0009999999999998,3.6205,3.619,3.621,3.619,3.62,15007995.0,15007995.0,1.0,22029399.98384963,14.0,6.0,4.0,2.0,0.0002499999999994,13.10259035,0.0009999999999998,750399.75,59598677528053.0,179078.5,1509100.0,-12000.0,1521100.0,1248400.0,-4824200.0,6072600.0,1789600.0,-7938200.0,9727800.0,39200.0,-3361200.0,3400400.0,402600.0,-1549300.0,1951900.0,0.0774993477703159,0.1022625566962425
1052.0,20231026.0,2.0231026105157e+16,3.623,3.621,2058100.0,1402000.0,3.624,3.62,1666200.0,1571900.0,3.625,3.619,878300.0,997900.0,3.626,3.618,5087100.0,429300.0,3.627,3.617,1124000.0,314200.0,3.275,3.64,3.622,3.614,3.625,3.639,816073010.0,816073010.0,4.003,159919.0,2023-10-26 10:51:57,3.621810381202856,0.0005521811154059,0.0011043622308117,0.0009999999999998,-0.0009999999999998,0.0019999999999997,4715300.0,10813700.0,6098400.0,3.6197037092019593,3.625143586376541,15529000.0,6098400.0,0.0002259540377911,-0.0169999999999999,0.0019999999999997,3.622,3.621,3.623,3.621,3.622,11475285.0,11475285.0,1.0,22187091.956343357,10.0,10.0,3.0,2.0,0.0005500000000009,13.122144349999996,0.0010000000000003,573402.25,27163606981223.0,373275.25,1402000.0,-2058100.0,3460100.0,1571900.0,-1666200.0,3238100.0,997900.0,-878300.0,1876200.0,429300.0,-5087100.0,5516400.0,314200.0,-1124000.0,1438200.0,0.0703749453721532,0.0818571082903934
1053.0,20231026.0,2.0231026105257e+16,3.62,3.619,959700.0,373400.0,3.621,3.618,2081600.0,1280300.0,3.622,3.617,1500100.0,1548600.0,3.623,3.616,1684800.0,1670500.0,3.624,3.615,946200.0,1247500.0,3.275,3.64,3.62,3.614,3.625,3.639,817753191.0,817753191.0,4.003,159919.0,2023-10-26 10:52:57,3.619280099017328,0.0002762812543168,0.0008288437629507,0.0010000000000003,-0.0009999999999998,0.0020000000000002,6120300.0,7172400.0,1052100.0,3.6166506053624814,3.62194091238637,13292700.0,1052100.0,-0.000698867745245,-0.0189999999999996,-0.0019999999999997,3.6195,3.623,3.623,3.619,3.62,1680181.0,1680181.0,1.0,-67635653.80634455,6.0,14.0,2.0,5.0,0.0008999999999992,13.1051252,0.0019999999999997,83104.05,815821708765.0,64974.5,-373400.0,959700.0,-1333100.0,-1280300.0,2081600.0,-3361900.0,-1548600.0,1500100.0,-3048700.0,-1670500.0,1684800.0,-3355300.0,-1247500.0,946200.0,-2193700.0,0.0830163587991527,0.0861223043872758
1054.0,20231026.0,2.0231026105357e+16,3.621,3.62,1411200.0,1220700.0,3.622,3.619,1327900.0,2775200.0,3.623,3.618,2277900.0,2173200.0,3.624,3.617,2530000.0,243100.0,3.625,3.616,151300.0,428700.0,3.275,3.64,3.621,3.614,3.625,3.639,819740580.0,819740580.0,4.003,159919.0,2023-10-26 10:53:57,3.6204638094152513,0.0002762049440684,0.0008286148322054,0.0009999999999998,-0.0009999999999998,0.0019999999999997,6840900.0,7698300.0,857400.0,3.6186016898361326,3.622828832339607,14539200.0,857400.0,0.0003270033922311,-0.0179999999999997,0.0009999999999998,3.6205,3.619,3.621,3.619,3.621,1987389.0,1987389.0,1.0,45228550.79732368,2.0,18.0,2.0,0.0,5.000000000032756e-05,13.10476215,0.0,99369.45,3380584982477.0,723.75,1220700.0,-1411200.0,2631900.0,2775200.0,-1327900.0,4103100.0,2173200.0,-2277900.0,4451100.0,243100.0,-2530000.0,2773100.0,428700.0,-151300.0,580000.0,0.0809689159904373,0.0858421696725239
0.0,0.0,0.0,0.0,0.0,0.0,0.0,0.0,0.0,0.0,0.0,0.0,0.0,0.0,0.0,0.0,0.0,0.0,0.0,0.0,0.0,0.0,0.0,0.0,0.0,0.0,0.0,0.0,0.0,0.0,0.0,0.0,0.0,0.0,0.0,0.0,0.0,0.0,0.0,0.0,0.0,0.0,0.0,0.0,0.0,0.0,0.0,0.0,0.0,0.0,0.0,0.0,0.0,0.0,0.0,0.0,0.0,0.0,0.0,0.0,0.0,0.0,0.0,0.0,0.0,0.0,0.0,0.0,0.0,0.0,0.0,0.0,0.0,0.0,0.0,0.0,0.0,0.0,0.0,0.0,0.0,0.0,0.0,0.0,0.0,0.0
1056.0,20231026.0,2.0231026105557e+16,3.621,3.62,554400.0,420300.0,3.622,3.619,2585000.0,1880600.0,3.623,3.618,1300900.0,2852400.0,3.624,3.617,2019000.0,629300.0,3.625,3.616,1201400.0,303100.0,3.275,3.64,3.62,3.614,3.625,3.639,828067024.0,828067024.0,4.003,159919.0,2023-10-26 10:55:57,3.6204312096029545,0.0002762049440684,0.0008286148322054,0.0009999999999998,-0.0009999999999998,0.0019999999999997,6085700.0,7660700.0,1575000.0,3.618244129681055,3.6230950304802434,13746400.0,1575000.0,-0.0001151740798774,-0.0189999999999996,0.0,3.6205,3.621,3.622,3.62,3.62,7515089.0,7515089.0,1.0,-22845410.32868168,14.0,6.0,1.0,2.0,0.0009500000000004,13.111279449999998,0.0012499999999997,375754.45,16025030507317.0,266819.5,-2297800.0,68000.0,-2365800.0,-275800.0,658500.0,-934300.0,1239200.0,-121800.0,1361000.0,500000.0,264200.0,235800.0,-225600.0,-955500.0,729900.0,0.0781532450201478,0.0768436106475822
1057.0,20231026.0,2.0231026105657e+16,3.62,3.619,735200.0,66200.0,3.621,3.618,2828900.0,1556400.0,3.622,3.617,999500.0,1347700.0,3.623,3.616,1035400.0,1520600.0,3.624,3.615,2286600.0,1321400.0,3.275,3.64,3.62,3.614,3.625,3.639,829728590.0,829728590.0,4.003,159919.0,2023-10-26 10:56:57,3.61908260544048,0.0002762812543168,0.0008288437629507,0.0010000000000003,-0.0009999999999998,0.0020000000000002,5812300.0,7885600.0,2073300.0,3.6165742477160494,3.622166036826621,13697900.0,2073300.0,-0.0003725676095187,-0.0189999999999996,0.0,3.6195,3.62,3.62,3.619,3.62,1661566.0,1661566.0,1.0,-6454.744061037898,15.0,5.0,2.0,2.0,0.0002499999999994,13.10259025,0.0002499999999998,83078.3,1943858815806.0,8145.0,-66200.0,735200.0,-801400.0,-1556400.0,2828900.0,-4385300.0,-1347700.0,999500.0,-2347200.0,-1520600.0,1035400.0,-2556000.0,-1321400.0,2286600.0,-3608000.0,0.0712209167245858,0.0768060260045709
1058.0,20231026.0,2.0231026105757e+16,3.619,3.618,868700.0,481500.0,3.62,3.617,2488600.0,1707700.0,3.621,3.616,1453200.0,1951500.0,3.622,3.615,1097400.0,1698900.0,3.623,3.614,1166400.0,499700.0,3.275,3.64,3.618,3.614,3.625,3.639,830380962.0,830380962.0,4.003,159919.0,2023-10-26 10:57:57,3.618356613834987,0.0002763576067432,0.0008290728202294,0.0009999999999998,-0.0009999999999998,0.0019999999999997,6339300.0,7074300.0,735000.0,3.615995646206995,3.6208875083047087,13413600.0,735000.0,-0.0002006211274268,-0.0209999999999999,-0.0020000000000002,3.6185,3.619,3.62,3.617,3.618,652372.0,652372.0,1.0,-22963740.177106768,8.0,12.0,2.0,3.0,0.0004000000000004,13.092819,0.0010000000000003,32618.6,176364457608.0,12754.5,-481500.0,868700.0,-1350200.0,-1707700.0,2488600.0,-4196300.0,-1951500.0,1453200.0,-3404700.0,-1698900.0,1097400.0,-2796300.0,-499700.0,1166400.0,-1666100.0,0.0603537276286425,0.0682701270650705
1059.0,20231026.0,2.0231026105857e+16,3.619,3.618,708800.0,594800.0,3.62,3.617,2696300.0,1696700.0,3.621,3.616,858900.0,2054500.0,3.622,3.615,1500100.0,1498900.0,3.623,3.614,1203600.0,501800.0,3.275,3.64,3.619,3.614,3.625,3.639,830792696.0,830792696.0,4.003,159919.0,2023-10-26 10:58:57,3.61845627493096,0.0002763576067432,0.0008290728202294,0.0009999999999998,-0.0009999999999998,0.0019999999999997,6346700.0,6967700.0,621000.0,3.6160604723714687,3.6209703488956175,13314400.0,621000.0,2.7542814084347e-05,-0.0199999999999995,0.0010000000000003,3.6185,3.618,3.619,3.618,3.619,411734.0,411734.0,1.0,22936879.62057938,9.0,11.0,4.0,3.0,0.0004500000000007,13.09318065,0.0010000000000003,20586.7,131436569020.0,4523.25,113300.0,-159900.0,273200.0,-11000.0,207700.0,-218700.0,103000.0,-594300.0,697300.0,-200000.0,402700.0,-602700.0,2100.0,37200.0,-35100.0,0.0578529181609412,0.0660445600720198
1100.0,20231026.0,2.0231026105957e+16,3.618,3.617,1267200.0,306200.0,3.619,3.616,1794700.0,1818000.0,3.62,3.615,3135300.0,3528300.0,3.621,3.614,1264100.0,746000.0,3.622,3.613,2299800.0,164200.0,3.275,3.64,3.617,3.614,3.625,3.639,832730352.0,832730352.0,4.003,159919.0,2023-10-26 10:59:57,3.6171946103978647,0.0002764340013821,0.0008293020041465,0.0009999999999998,-0.0010000000000003,0.0020000000000002,6562700.0,9761100.0,3198400.0,3.6152066222743686,3.620157215887554,16323800.0,3198400.0,-0.0003487356053732,-0.0219999999999997,-0.0020000000000002,3.6175,3.618,3.618,3.617,3.617,1937656.0,1937656.0,1.0,-23002922.83660239,18.0,2.0,0.0,1.0,0.0001000000000002,13.0892005,0.0,96882.8,1210548839578.0,39978.75,-306200.0,1267200.0,-1573400.0,-1818000.0,1794700.0,-3612700.0,-3528300.0,3135300.0,-6663600.0,-746000.0,1264100.0,-2010100.0,-164200.0,2299800.0,-2464000.0,0.0629808046074164,0.0713054631638576
1101.0,20231026.0,2.0231026110057e+16,3.617,3.616,1456400.0,124400.0,3.618,3.615,2295800.0,1971000.0,3.619,3.614,1699300.0,1883500.0,3.62,3.613,785300.0,1656100.0,3.621,3.612,144100.0,574800.0,3.275,3.64,3.616,3.614,3.625,3.639,836191463.0,836191463.0,4.003,159919.0,2023-10-26 11:00:57,3.616078694331984,0.000276510438269,0.000829531314807,0.0009999999999998,-0.0009999999999998,0.0019999999999997,6209800.0,6380900.0,171100.0,3.613905649135238,3.6183519566205393,12590700.0,171100.0,-0.0003085507840563,-0.0229999999999996,-0.0009999999999998,3.6165,3.618,3.618,3.616,3.616,3461111.0,3461111.0,1.0,-46181214.58775007,10.0,10.0,0.0,2.0,0.0005500000000004,13.08594485,0.0009999999999998,173055.55,4305883055753.0,28759.0,-124400.0,1456400.0,-1580800.0,-1971000.0,2295800.0,-4266800.0,-1883500.0,1699300.0,-3582800.0,-1656100.0,785300.0,-2441400.0,-574800.0,144100.0,-718900.0,0.0576440706110966,0.061864521029465
1102.0,20231026.0,2.0231026110157e+16,3.617,3.616,1390700.0,541800.0,3.618,3.615,1650200.0,2674900.0,3.619,3.614,899300.0,1848600.0,3.62,3.613,2385300.0,684200.0,3.621,3.612,1084100.0,474800.0,3.275,3.64,3.616,3.614,3.625,3.639,836409542.0,836409542.0,4.003,159919.0,2023-10-26 11:01:57,3.616280362225097,0.000276510438269,0.000829531314807,0.0009999999999998,-0.0009999999999998,0.0019999999999997,6224300.0,7409600.0,1185300.0,3.614341355654451,3.619016451630317,13633900.0,1185300.0,5.576821935648901e-05,-0.0229999999999996,0.0,3.6165,3.616,3.617,3.616,3.616,218079.0,218079.0,1.0,-16538.94101966545,12.0,8.0,2.0,2.0,0.0004000000000004,13.0797958,0.0009999999999998,10903.95,7281532661.0,18356.25,417400.0,-65700.0,483100.0,703900.0,-645600.0,1349500.0,-34900.0,-800000.0,765100.0,-971900.0,1600000.0,-2571900.0,-100000.0,940000.0,-1040000.0,0.0589320449190749,0.0598880411736211
0.0,0.0,0.0,0.0,0.0,0.0,0.0,0.0,0.0,0.0,0.0,0.0,0.0,0.0,0.0,0.0,0.0,0.0,0.0,0.0,0.0,0.0,0.0,0.0,0.0,0.0,0.0,0.0,0.0,0.0,0.0,0.0,0.0,0.0,0.0,0.0,0.0,0.0,0.0,0.0,0.0,0.0,0.0,0.0,0.0,0.0,0.0,0.0,0.0,0.0,0.0,0.0,0.0,0.0,0.0,0.0,0.0,0.0,0.0,0.0,0.0,0.0,0.0,0.0,0.0,0.0,0.0,0.0,0.0,0.0,0.0,0.0,0.0,0.0,0.0,0.0,0.0,0.0,0.0,0.0,0.0,0.0,0.0,0.0,0.0,0.0
1104.0,20231026.0,2.0231026110357e+16,3.615,3.614,388700.0,232600.0,3.616,3.613,1995400.0,1848900.0,3.617,3.612,2140100.0,1689800.0,3.618,3.611,1316500.0,1221400.0,3.619,3.61,2011000.0,995500.0,3.275,3.64,3.615,3.614,3.625,3.639,842541391.0,842541391.0,4.003,159919.0,2023-10-26 11:03:57,3.6143743763077416,0.0002766634389266,0.0008299903167796,0.0009999999999998,-0.0009999999999998,0.0019999999999997,5988200.0,7851700.0,1863500.0,3.611849988310344,3.617326769998854,13839900.0,1863500.0,-0.0004571111304982,-0.0239999999999995,-0.0019999999999997,3.6145,3.617,3.617,3.615,3.615,4788502.0,4788502.0,1.0,-46359680.703989126,7.0,13.0,0.0,2.0,0.0006499999999998,13.07292575,0.0019999999999997,238882.6,13391170583744.0,70131.0,-232600.0,388700.0,-621300.0,-1848900.0,1995400.0,-3844300.0,-1689800.0,2140100.0,-3829900.0,-1221400.0,1316500.0,-2537900.0,-995500.0,2011000.0,-3006500.0,0.0553583116262996,0.0572832217668374
1105.0,20231026.0,2.0231026110457e+16,3.614,3.613,678600.0,594600.0,3.615,3.612,751800.0,1850000.0,3.616,3.611,1439500.0,1572400.0,3.617,3.61,1460100.0,1003100.0,3.618,3.609,1756500.0,273000.0,3.275,3.64,3.613,3.613,3.625,3.639,848331463.0,848331463.0,4.003,159919.0,2023-10-26 11:04:57,3.613467012252592,0.0002767400027673,0.0008302200083022,0.0009999999999998,-0.0010000000000003,0.0020000000000002,5293100.0,6086500.0,793400.0,3.6112815174472432,3.6164705660067367,11379600.0,793400.0,-0.0002510747015982,-0.0259999999999998,-0.0020000000000002,3.6135,3.615,3.615,3.613,3.613,5790072.0,5790072.0,1.0,-46938327.99773318,16.0,4.0,1.0,2.0,0.0002499999999994,13.066417850000002,0.0,289503.6,5194385889858.0,487754.0,-594600.0,678600.0,-1273200.0,-1850000.0,751800.0,-2601800.0,-1572400.0,1439500.0,-3011900.0,-1003100.0,1460100.0,-2463200.0,-273000.0,1756500.0,-2029500.0,0.0599776399759342,0.0624853194515627
1106.0,20231026.0,2.0231026110557e+16,3.613,3.612,168000.0,289700.0,3.614,3.611,1805700.0,1706200.0,3.615,3.61,2171800.0,2648500.0,3.616,3.609,739500.0,981800.0,3.617,3.608,1344000.0,450300.0,3.275,3.64,3.613,3.611,3.625,3.639,858823509.0,858823509.0,4.003,159919.0,2023-10-26 11:05:57,3.612632947345423,0.0002768166089965,0.0008304498269895,0.0009999999999998,-0.0009999999999998,0.0019999999999997,6076500.0,6229000.0,152500.0,3.6100663539866704,3.615206421576497,12305500.0,152500.0,-0.0002308478752124,-0.0259999999999998,0.0,3.6125,3.614,3.614,3.611,3.613,10492046.0,10492046.0,1.0,-23587897.42053362,13.0,7.0,4.0,5.0,0.000799999999999,13.052324499999996,0.0009999999999998,486676.8000000001,10953145691218.0,923536.75,-289700.0,168000.0,-457700.0,-1706200.0,1805700.0,-3511900.0,-2648500.0,2171800.0,-4820300.0,-981800.0,739500.0,-1721300.0,-450300.0,1344000.0,-1794300.0,0.0751572439209073,0.08468710174461
1107.0,20231026.0,2.0231026110657e+16,3.615,3.614,2161600.0,100000.0,3.616,3.613,2415700.0,1070800.0,3.617,3.612,942500.0,2184000.0,3.618,3.611,420500.0,1225200.0,3.619,3.61,749700.0,1404400.0,3.275,3.64,3.614,3.611,3.625,3.639,866617384.0,866617384.0,4.003,159919.0,2023-10-26 11:06:57,3.614044216483905,0.0002766634389266,0.0008299903167796,0.0009999999999998,-0.0009999999999998,0.0019999999999997,5984400.0,6690000.0,705600.0,3.61153826615868,3.616279671150972,12674400.0,705600.0,0.000390572077437,-0.0249999999999999,0.0009999999999998,3.6145,3.613,3.614,3.612,3.614,7793875.0,7793875.0,1.0,24012725.861335963,9.0,11.0,4.0,3.0,0.0004999999999997,13.0501566,0.0009999999999998,388790.75,11188997592235.0,861249.25,100000.0,-2161600.0,2261600.0,1070800.0,-2415700.0,3486500.0,2184000.0,-942500.0,3126500.0,1225200.0,-420500.0,1645700.0,1404400.0,-749700.0,2154100.0,0.0911976007111249,0.0901354421796524
1108.0,20231026.0,2.0231026110757e+16,3.615,3.614,330100.0,837200.0,3.616,3.613,6101000.0,1695400.0,3.617,3.612,2390800.0,1550100.0,3.618,3.611,2917500.0,1304500.0,3.619,3.61,131000.0,1327300.0,3.275,3.64,3.615,3.611,3.625,3.639,888054092.0,888054092.0,4.003,159919.0,2023-10-26 11:07:57,3.614717210657072,0.0002766634389266,0.0008299903167796,0.0009999999999998,-0.0009999999999998,0.0019999999999997,6714500.0,11870400.0,5155900.0,3.611912234715913,3.6166982662757783,18584900.0,5155900.0,0.0001861990278404,-0.0239999999999995,0.0010000000000003,3.6145,3.614,3.615,3.613,3.615,21436708.0,21436708.0,1.0,24119716.99590632,13.0,7.0,3.0,3.0,0.0003999999999999,13.065333500000005,0.0010000000000003,1071474.4,67930977034874.0,1412472.0,737200.0,-1831500.0,2568700.0,624600.0,3685300.0,-3060700.0,-633900.0,1448300.0,-2082200.0,79300.0,2497000.0,-2417700.0,-77100.0,-618700.0,541600.0,0.0940325095898096,0.0972544116860631
1109.0,20231026.0,2.0231026110857e+16,3.615,3.614,7826300.0,671500.0,3.616,3.613,7818400.0,872900.0,3.617,3.612,1742500.0,1911600.0,3.618,3.611,949000.0,1120900.0,3.619,3.61,81800.0,1724400.0,3.275,3.64,3.614,3.611,3.625,3.639,909757108.0,909757108.0,4.003,159919.0,2023-10-26 11:08:57,3.614079020452352,0.0002766634389266,0.0008299903167796,0.0009999999999998,-0.0009999999999998,0.0019999999999997,6301300.0,18418000.0,12116700.0,3.6116264580324695,3.615786057118037,24719300.0,12116700.0,-0.0001765688742565,-0.0249999999999999,-0.0010000000000003,3.6145,3.615,3.615,3.614,3.614,21703016.0,21703016.0,1.0,-24959749.036849093,9.0,11.0,4.0,5.0,0.0004500000000002,13.064249049999995,0.0010000000000003,1007449.8,53236413408514.0,1601359.5,-165700.0,7496200.0,-7661900.0,-822500.0,1717400.0,-2539900.0,361500.0,-648300.0,1009800.0,-183600.0,-1968500.0,1784900.0,397100.0,-49200.0,446300.0,0.0853065215207202,0.107280277682631
1110.0,20231026.0,2.0231026110957e+16,3.616,3.615,6253400.0,308700.0,3.617,3.614,9114600.0,2236100.0,3.618,3.613,4117200.0,1674100.0,3.619,3.612,1300100.0,1154900.0,3.62,3.611,1002800.0,658700.0,3.275,3.64,3.616,3.611,3.625,3.639,930016632.0,930016632.0,4.003,159919.0,2023-10-26 11:09:57,3.615047042867375,0.0002765869174387,0.0008297607523164,0.0010000000000003,-0.0009999999999998,0.0020000000000002,6032500.0,21788100.0,15755600.0,3.613063191048487,3.617159371399984,27820600.0,15755600.0,0.000267811741649,-0.0229999999999996,0.0020000000000002,3.6155,3.614,3.616,3.614,3.616,20259524.0,20259524.0,1.0,50741026.60163935,8.0,12.0,3.0,1.0,0.0004999999999999,13.070394500000004,0.0009999999999998,1012976.2,42773895880512.0,2292258.0,308700.0,-6253400.0,6562100.0,2236100.0,-9114600.0,11350700.0,1674100.0,-4117200.0,5791300.0,1154900.0,-1300100.0,2455000.0,658700.0,-1002800.0,1661500.0,0.0742020198398107,0.1006048844605258
1111.0,20231026.0,2.0231026111057e+16,3.617,3.616,8276600.0,125200.0,3.618,3.615,5647200.0,1025300.0,3.619,3.614,4340100.0,2063700.0,3.62,3.613,1882800.0,1600000.0,3.621,3.612,884000.0,681300.0,3.275,3.64,3.616,3.611,3.625,3.639,955578387.0,955578387.0,4.003,159919.0,2023-10-26 11:10:57,3.616014901568712,0.000276510438269,0.000829531314807,0.0009999999999998,-0.0009999999999998,0.0019999999999997,5495500.0,21030700.0,15535200.0,3.613693039759803,3.618117975150613,26526200.0,15535200.0,0.0002676947631077,-0.0229999999999996,0.0,3.6165,3.616,3.616,3.614,3.616,25561755.0,25561755.0,1.0,86923.35623757169,14.0,6.0,5.0,5.0,0.0004000000000004,13.0725638,0.0009999999999998,698356.0,50369151839545.0,1397708.0,125200.0,-8276600.0,8401800.0,1025300.0,-5647200.0,6672500.0,2063700.0,-4340100.0,6403800.0,1600000.0,-1882800.0,3482800.0,681300.0,-884000.0,1565300.0,0.0671232666429922,0.0896639724088668
0.0,0.0,0.0,0.0,0.0,0.0,0.0,0.0,0.0,0.0,0.0,0.0,0.0,0.0,0.0,0.0,0.0,0.0,0.0,0.0,0.0,0.0,0.0,0.0,0.0,0.0,0.0,0.0,0.0,0.0,0.0,0.0,0.0,0.0,0.0,0.0,0.0,0.0,0.0,0.0,0.0,0.0,0.0,0.0,0.0,0.0,0.0,0.0,0.0,0.0,0.0,0.0,0.0,0.0,0.0,0.0,0.0,0.0,0.0,0.0,0.0,0.0,0.0,0.0,0.0,0.0,0.0,0.0,0.0,0.0,0.0,0.0,0.0,0.0,0.0,0.0,0.0,0.0,0.0,0.0,0.0,0.0,0.0,0.0,0.0,0.0
1113.0,20231026.0,2.0231026111257e+16,3.617,3.615,9466200.0,273600.0,3.618,3.614,9210200.0,1852900.0,3.619,3.613,3470100.0,1549600.0,3.62,3.612,2657100.0,1115300.0,3.621,3.611,1114800.0,451300.0,3.275,3.64,3.617,3.611,3.625,3.639,1000406802.0,1000406802.0,4.003,159919.0,2023-10-26 11:12:57,3.615056181851784,0.0005530973451326,0.0011061946902654,0.0010000000000003,-0.0009999999999998,0.0020000000000002,5242700.0,25918400.0,20675700.0,3.613072901367616,3.618102726248534,31161100.0,20675700.0,-0.0003147935861451,-0.0219999999999997,-0.0009999999999998,3.616,3.618,3.618,3.615,3.617,21966960.0,21966960.0,1.0,-26771263.165415764,8.0,12.0,4.0,5.0,0.00075,13.077264750000005,0.0009999999999998,1084800.0,48665448237606.0,2162794.5,-273600.0,9466200.0,-9739800.0,-1852900.0,9210200.0,-11063100.0,-1549600.0,3470100.0,-5019700.0,-1115300.0,2657100.0,-3772400.0,-451300.0,1114800.0,-1566100.0,0.0587854395328002,0.1140454589179616
1114.0,20231026.0,2.0231026111357e+16,3.617,3.616,10655200.0,382200.0,3.618,3.615,7264000.0,201000.0,3.619,3.614,5990100.0,2052900.0,3.62,3.613,2357200.0,1287300.0,3.621,3.612,733100.0,1583000.0,3.275,3.64,3.616,3.611,3.625,3.639,1025858861.0,1025858861.0,4.003,159919.0,2023-10-26 11:13:57,3.6160346277202966,0.000276510438269,0.000829531314807,0.0009999999999998,-0.0009999999999998,0.0019999999999997,5506400.0,26999600.0,21493200.0,3.613366573441813,3.6180832827153,32506000.0,21493200.0,0.0002706219297341,-0.0229999999999996,-0.0009999999999998,3.6165,3.617,3.617,3.615,3.616,25452059.0,25452059.0,1.0,-27656922.575525727,15.0,5.0,2.0,2.0,0.0001999999999999,13.074009900000002,0.0002499999999998,1055534.05,67665791542629.0,1854181.75,382200.0,1189000.0,-806800.0,201000.0,-1946200.0,2147200.0,2052900.0,2520000.0,-467100.0,1287300.0,-299900.0,1587200.0,1583000.0,-381700.0,1964700.0,0.0640887669459545,0.1093349742470533
1115.0,20231026.0,2.0231026111457e+16,3.616,3.615,998000.0,680800.0,3.617,3.614,10302100.0,1154900.0,3.618,3.613,5764000.0,1289300.0,3.619,3.612,4090100.0,1283500.0,3.62,3.611,2657200.0,228200.0,3.275,3.64,3.616,3.611,3.625,3.639,1053193426.0,1053193426.0,4.003,159919.0,2023-10-26 11:14:57,3.6154055277579222,0.0002765869174387,0.0008297607523164,0.0010000000000003,-0.0009999999999998,0.0020000000000002,4636700.0,23811400.0,19174700.0,3.613167489809563,3.617878478375904,28448100.0,19174700.0,-0.000173990228899,-0.0229999999999996,0.0,3.6155,3.616,3.617,3.615,3.616,27334565.0,27334565.0,1.0,-48723.67694721744,19.0,1.0,2.0,2.0,4.440892098500626e-16,13.075456100000002,0.0,1366728.25,82014631834515.0,2332538.0,-680800.0,998000.0,-1678800.0,-1154900.0,10302100.0,-11457000.0,-1289300.0,5764000.0,-7053300.0,-1283500.0,4090100.0,-5373600.0,-228200.0,2657200.0,-2885400.0,0.0691869743230322,0.1201974755713714
1116.0,20231026.0,2.0231026111557e+16,3.62,3.619,1014900.0,860900.0,3.621,3.618,8953100.0,1819700.0,3.622,3.617,3218500.0,2242300.0,3.623,3.616,1815900.0,1459500.0,3.624,3.615,996500.0,520100.0,3.275,3.64,3.619,3.611,3.625,3.639,1074486933.0,1074486933.0,4.003,159919.0,2023-10-26 11:15:57,3.6194589508476382,0.0002762812543168,0.0008288437629507,0.0010000000000003,-0.0009999999999998,0.0020000000000002,6902500.0,15998900.0,9096400.0,3.6171509308221657,3.6215515941720993,22901400.0,9096400.0,0.001120525070184,-0.0199999999999995,0.0030000000000001,3.6195,3.616,3.62,3.616,3.619,21293507.0,21293507.0,1.0,88039955.15467902,10.0,10.0,4.0,1.0,0.0009999999999994,13.0899255,0.0020000000000002,1037713.85,55247490107787.0,1594356.5,860900.0,-1014900.0,1875800.0,1819700.0,-8953100.0,10772800.0,2242300.0,-3218500.0,5460800.0,1459500.0,-1815900.0,3275400.0,520100.0,-996500.0,1516600.0,0.0871948417307102,0.1210018240566554
1117.0,20231026.0,2.0231026111657e+16,3.62,3.619,1581600.0,1979300.0,3.621,3.618,9368000.0,1549700.0,3.622,3.617,3138500.0,1444700.0,3.623,3.616,2394500.0,1042500.0,3.624,3.615,468500.0,133100.0,3.275,3.64,3.62,3.611,3.625,3.639,1094221345.0,1094221345.0,4.003,159919.0,2023-10-26 11:16:57,3.619555842624056,0.0002762812543168,0.0008288437629507,0.0010000000000003,-0.0009999999999998,0.0020000000000002,6149300.0,16951100.0,10801800.0,3.617682939521572,3.621457280058521,23100400.0,10801800.0,2.6769326817888128e-05,-0.0189999999999996,0.0009999999999998,3.6195,3.619,3.62,3.619,3.62,19734412.0,19734412.0,1.0,29729415.20969417,16.0,4.0,3.0,2.0,0.0001999999999999,13.1029522,0.0,986539.6,42628457329918.0,1908504.0,1118400.0,566700.0,551700.0,-270000.0,414900.0,-684900.0,-797600.0,-80000.0,-717600.0,-417000.0,578600.0,-995600.0,-387000.0,-528000.0,141000.0,0.0819122389699047,0.1097048476583791
1118.0,20231026.0,2.0231026111757e+16,3.619,3.618,893400.0,1240100.0,3.62,3.617,728400.0,2644800.0,3.621,3.616,9084500.0,1048300.0,3.622,3.615,4052000.0,233100.0,3.623,3.614,1717900.0,309000.0,3.275,3.64,3.619,3.611,3.625,3.639,1114712187.0,1114712187.0,4.003,159919.0,2023-10-26 11:17:57,3.618581251464729,0.0002763576067432,0.0008290728202294,0.0009999999999998,-0.0009999999999998,0.0019999999999997,5475300.0,16476200.0,11000900.0,3.616780578233156,3.6213018050278585,21951500.0,11000900.0,-0.0002692933699783,-0.0199999999999995,-0.0009999999999998,3.6185,3.62,3.621,3.619,3.619,20490842.0,20490842.0,1.0,-31171255.89990437,9.0,11.0,3.0,4.0,0.00075,13.10621065,0.0009999999999998,1024542.1,58751735404936.0,1320328.25,-1240100.0,893400.0,-2133500.0,-2644800.0,728400.0,-3373200.0,-1048300.0,9084500.0,-10132800.0,-233100.0,4052000.0,-4285100.0,-309000.0,1717900.0,-2026900.0,0.0803221596315417,0.0936182456540376
1119.0,20231026.0,2.0231026111857e+16,3.617,3.616,616500.0,140400.0,3.618,3.615,7497800.0,1488400.0,3.619,3.614,5255100.0,1691500.0,3.62,3.613,3681300.0,1152500.0,3.621,3.612,2415200.0,682400.0,3.275,3.64,3.617,3.611,3.625,3.639,1127419401.0,1127419401.0,4.003,159919.0,2023-10-26 11:18:57,3.6161854934601663,0.000276510438269,0.000829531314807,0.0009999999999998,-0.0009999999999998,0.0019999999999997,5155200.0,19465900.0,14310700.0,3.613854884388579,3.618988744419729,24621100.0,14310700.0,-0.0006622903478716,-0.0219999999999997,-0.0020000000000002,3.6165,3.619,3.619,3.617,3.617,12707214.0,12707214.0,1.0,-61899145.6604706,16.0,4.0,1.0,3.0,0.00015,13.088838849999997,0.0,635321.0,22478209020076.0,1008602.5,-140400.0,616500.0,-756900.0,-1488400.0,7497800.0,-8986200.0,-1691500.0,5255100.0,-6946600.0,-1152500.0,3681300.0,-4833800.0,-682400.0,2415200.0,-3097600.0,0.0854246287645397,0.1004038210965658
1120.0,20231026.0,2.0231026111957e+16,3.618,3.617,1824300.0,143700.0,3.619,3.616,7409600.0,1345700.0,3.62,3.615,2862400.0,2235200.0,3.621,3.614,2455200.0,1046000.0,3.622,3.613,1029700.0,452500.0,3.275,3.64,3.618,3.611,3.625,3.639,1137315602.0,1137315602.0,4.003,159919.0,2023-10-26 11:19:57,3.6170730182926825,0.0002764340013821,0.0008293020041465,0.0009999999999998,-0.0010000000000003,0.0020000000000002,5223100.0,15581200.0,10358100.0,3.614939135762287,3.6195800323466742,20804300.0,10358100.0,0.0002454011108625,-0.0209999999999999,0.0009999999999998,3.6175,3.617,3.618,3.616,3.618,9896201.0,9896201.0,1.0,31485990.42905117,14.0,6.0,3.0,2.0,0.0009500000000004,13.08232785,0.0012499999999997,494037.5,13309179503111.0,938159.75,143700.0,-1824300.0,1968000.0,1345700.0,-7409600.0,8755300.0,2235200.0,-2862400.0,5097600.0,1046000.0,-2455200.0,3501200.0,452500.0,-1029700.0,1482200.0,0.0828283289370333,0.094968003336964
1121.0,20231026.0,2.0231026112057e+16,3.618,3.617,2627700.0,100000.0,3.619,3.616,3868200.0,2603000.0,3.62,3.615,5285300.0,1945200.0,3.621,3.614,2786200.0,1197400.0,3.622,3.613,482700.0,254800.0,3.275,3.64,3.617,3.611,3.625,3.639,1147844957.0,1147844957.0,4.003,159919.0,2023-10-26 11:20:57,3.617036660923122,0.0002764340013821,0.0008293020041465,0.0009999999999998,-0.0010000000000003,0.0020000000000002,6100400.0,15050100.0,8949700.0,3.615179660350141,3.6196430588501074,21150500.0,8949700.0,-1.0051650077835816e-05,-0.0219999999999997,-0.0009999999999998,3.6175,3.617,3.618,3.617,3.617,10529355.0,10529355.0,1.0,-161632.56446087733,7.0,13.0,2.0,2.0,0.0003500000000005,13.08522125,0.0009999999999998,525924.75,15069220695075.0,928664.75,-43700.0,803400.0,-847100.0,1257300.0,-3541400.0,4798700.0,-290000.0,2422900.0,-2712900.0,151400.0,331000.0,-179600.0,-197700.0,-547000.0,349300.0,0.0683800017436086,0.0974692439026766
1122.0,20231026.0,2.0231026112157e+16,3.618,3.617,31600.0,100000.0,3.619,3.616,4130800.0,1342100.0,3.62,3.615,5665300.0,2325700.0,3.621,3.614,2615200.0,1197400.0,3.622,3.613,1753700.0,27900.0,3.275,3.64,3.618,3.611,3.625,3.639,1156224307.0,1156224307.0,4.003,159919.0,2023-10-26 11:21:57,3.617759878419453,0.0002764340013821,0.0008293020041465,0.0009999999999998,-0.0010000000000003,0.0020000000000002,4993100.0,14196600.0,9203500.0,3.615057859846589,3.620135849428736,19189700.0,9203500.0,0.0001999275293524,-0.0209999999999999,0.0009999999999998,3.6175,3.618,3.619,3.617,3.618,8379350.0,8379350.0,1.0,1633.7278840318322,4.0,16.0,3.0,3.0,9.999999999976694e-05,13.0906479,0.0,418967.5,11894661435716.0,674304.75,0.0,-2596100.0,2596100.0,-1260900.0,262600.0,-1523500.0,380500.0,380000.0,500.0,0.0,-171000.0,171000.0,-226900.0,1271000.0,-1497900.0,0.0718753665691804,0.1065341330798598
1123.0,20231026.0,2.0231026112257e+16,3.617,3.616,1208900.0,799300.0,3.618,3.615,1382700.0,2502200.0,3.619,3.614,1557800.0,1497400.0,3.62,3.613,3362400.0,254100.0,3.621,3.612,2586200.0,429300.0,3.275,3.64,3.617,3.611,3.625,3.639,1159186627.0,1159186627.0,4.003,159919.0,2023-10-26 11:22:57,3.6163980181256847,0.000276510438269,0.000829531314807,0.0009999999999998,-0.0009999999999998,0.0019999999999997,5482300.0,10098000.0,4615700.0,3.6145450449628806,3.619468835412953,15580300.0,4615700.0,-0.0003765083177149,-0.0219999999999997,-0.0009999999999998,3.6165,3.618,3.618,3.616,3.617,2962320.0,2962320.0,1.0,-31980540.05513188,8.0,12.0,1.0,1.0,0.00075,13.084498049999992,0.0009999999999998,148116.0,8047404244094.0,0.0,-799300.0,1208900.0,-2008200.0,-2502200.0,1382700.0,-3884900.0,-1497400.0,1557800.0,-3055200.0,-254100.0,3362400.0,-3616500.0,-429300.0,2586200.0,-3015500.0,0.0771630501590665,0.1048194445770099
1124.0,20231026.0,2.0231026112357e+16,3.617,3.616,3384400.0,60500.0,3.618,3.615,2896400.0,1439000.0,3.619,3.614,2528800.0,1914900.0,3.62,3.613,3602400.0,1494100.0,3.621,3.612,1673900.0,403900.0,3.275,3.64,3.616,3.611,3.625,3.639,1159455661.0,1159455661.0,4.003,159919.0,2023-10-26 11:23:57,3.616017562193387,0.000276510438269,0.000829531314807,0.0009999999999998,-0.0009999999999998,0.0019999999999997,5312400.0,14085900.0,8773500.0,3.6138603456065055,3.6188072540625735,19398300.0,8773500.0,-0.0001052085374306,-0.0229999999999996,-0.0009999999999998,3.6165,3.617,3.617,3.616,3.616,269034.0,269034.0,1.0,-32061022.400438946,11.0,9.0,0.0,1.0,0.0004499999999998,13.079434149999996,0.0009999999999998,13451.7,25021468440.0,1537.25,-738800.0,2175500.0,-2914300.0,-1063200.0,1513700.0,-2576900.0,417500.0,971000.0,-553500.0,1240000.0,240000.0,1000000.0,-25400.0,-912300.0,886900.0,0.0556041232848233,0.0948023302233874
1125.0,20231026.0,2.0231026112457e+16,3.618,3.617,1305500.0,2634000.0,3.619,3.616,900000.0,1838900.0,3.62,3.615,1843900.0,1031400.0,3.621,3.614,2065200.0,257400.0,3.622,3.613,2358300.0,332100.0,3.275,3.64,3.617,3.611,3.625,3.639,1166696383.0,1166696383.0,4.003,159919.0,2023-10-26 11:24:57,3.6176686127681177,0.0002764340013821,0.0008293020041465,0.0009999999999998,-0.0010000000000003,0.0020000000000002,6093800.0,8472900.0,2379100.0,3.616015015261413,3.620386030756884,14566700.0,2379100.0,0.0004564894200458,-0.0219999999999997,0.0009999999999998,3.6175,3.616,3.617,3.616,3.617,7240722.0,7240722.0,1.0,32251553.276192192,7.0,13.0,1.0,0.0,0.0003500000000005,13.077987549999998,0.0009999999999998,362036.1,13243728138146.0,109309.0,2634000.0,-1305500.0,3939500.0,1838900.0,-900000.0,2738900.0,1031400.0,-1843900.0,2875300.0,257400.0,-2065200.0,2322600.0,332100.0,-2358300.0,2690400.0,0.0596334956520824,0.0900177456355491
1126.0,20231026.0,2.0231026112557e+16,3.618,3.617,140700.0,2467400.0,3.619,3.616,316600.0,1649500.0,3.62,3.615,1685900.0,832600.0,3.621,3.614,2043800.0,257400.0,3.622,3.613,1390600.0,289800.0,3.275,3.64,3.618,3.611,3.625,3.639,1171207753.0,1171207753.0,4.003,159919.0,2023-10-26 11:25:57,3.617946052682029,0.0002764340013821,0.0008293020041465,0.0009999999999998,-0.0010000000000003,0.0020000000000002,5496700.0,5577600.0,80900.0,3.616045590990958,3.6207578528399313,11074300.0,80900.0,7.668731044296884e-05,-0.0209999999999999,0.0009999999999998,3.6175,3.618,3.618,3.617,3.618,4511370.0,4511370.0,1.0,23065.167198441923,19.0,1.0,1.0,1.0,5.000000000032756e-05,13.089562249999997,0.0,225568.5,5355380076570.0,5427.0,-166600.0,-1164800.0,998200.0,-189400.0,-583400.0,394000.0,-198800.0,-158000.0,-40800.0,0.0,-21400.0,21400.0,-42300.0,-967700.0,925400.0,0.0660177524767582,0.0890777426404839
1127.0,20231026.0,2.0231026112657e+16,3.619,3.618,1416500.0,27000.0,3.62,3.617,1283400.0,245800.0,3.621,3.616,765200.0,2279800.0,3.622,3.615,887600.0,1932600.0,3.623,3.614,1183700.0,493600.0,3.275,3.64,3.619,3.611,3.625,3.639,1173825194.0,1173825194.0,4.003,159919.0,2023-10-26 11:26:57,3.6180187045375822,0.0002763576067432,0.0008290728202294,0.0009999999999998,-0.0009999999999998,0.0019999999999997,4978800.0,5536400.0,557600.0,3.615473768779626,3.620844411530959,10515200.0,557600.0,2.0080765452457072e-05,-0.0199999999999995,0.0010000000000003,3.6185,3.619,3.62,3.618,3.619,2617441.0,2617441.0,1.0,-23739.039227448404,16.0,4.0,2.0,2.0,9.999999999932284e-05,13.096437500000002,0.0,130872.05,2726240959711.0,46316.5,27000.0,-1416500.0,1443500.0,245800.0,-1283400.0,1529200.0,2279800.0,-765200.0,3045000.0,1932600.0,-887600.0,2820200.0,493600.0,-1183700.0,1677300.0,0.0836332759077395,0.0887745063186694
1128.0,20231026.0,2.0231026112757e+16,3.618,3.617,378100.0,2423800.0,3.619,3.616,1006300.0,2354800.0,3.62,3.615,885000.0,712600.0,3.621,3.614,785200.0,297900.0,3.622,3.613,1057600.0,284800.0,3.275,3.64,3.618,3.611,3.625,3.639,1174451479.0,1174451479.0,4.003,159919.0,2023-10-26 11:27:57,3.617865055854955,0.0002764340013821,0.0008293020041465,0.0009999999999998,-0.0010000000000003,0.0020000000000002,6073900.0,4112200.0,-1961700.0,3.6160429707436736,3.620276713194884,10186100.0,1961700.0,-4.246853259060046e-05,-0.0209999999999999,-0.0010000000000003,3.6175,3.618,3.619,3.618,3.618,626285.0,626285.0,1.0,-10166.33199023828,1.0,19.0,1.0,1.0,5.000000000032756e-05,13.090285849999995,0.0,31314.25,172459492989.0,11670.75,-2423800.0,378100.0,-2801900.0,-2354800.0,1006300.0,-3361100.0,-712600.0,885000.0,-1597600.0,-297900.0,785200.0,-1083100.0,-284800.0,1057600.0,-1342400.0,0.0897893700995901,0.1067563856313
0.0,0.0,0.0,0.0,0.0,0.0,0.0,0.0,0.0,0.0,0.0,0.0,0.0,0.0,0.0,0.0,0.0,0.0,0.0,0.0,0.0,0.0,0.0,0.0,0.0,0.0,0.0,0.0,0.0,0.0,0.0,0.0,0.0,0.0,0.0,0.0,0.0,0.0,0.0,0.0,0.0,0.0,0.0,0.0,0.0,0.0,0.0,0.0,0.0,0.0,0.0,0.0,0.0,0.0,0.0,0.0,0.0,0.0,0.0,0.0,0.0,0.0,0.0,0.0,0.0,0.0,0.0,0.0,0.0,0.0,0.0,0.0,0.0,0.0,0.0,0.0,0.0,0.0,0.0,0.0,0.0,0.0,0.0,0.0,0.0,0.0
1130.0,20231026.0,2.0231026112957e+16,3.619,3.617,606000.0,32500.0,3.62,3.616,145100.0,915000.0,3.621,3.615,55900.0,793100.0,3.622,3.614,737600.0,137900.0,3.623,3.613,464400.0,80700.0,3.275,3.64,3.619,3.611,3.625,3.639,1175611238.0,1175611238.0,4.003,159919.0,2023-10-26 11:29:57,3.61710180109632,0.0005527915975677,0.0011055831951354,0.0009999999999998,-0.0009999999999998,0.0019999999999997,1959200.0,2009000.0,49800.0,3.6153474377296857,3.6211539571926337,3968200.0,49800.0,-0.0005692638751735,-0.0199999999999995,0.0,3.618,3.619,3.619,3.619,3.619,891968.0,891968.0,1.0,0.0,0.0,19.0,0.0,0.0,4.440892098500626e-16,13.097161000000002,0.0,46945.68421052631,355828854016.0,3981.0,-32500.0,606000.0,-638500.0,-915000.0,145100.0,-1060100.0,-793100.0,55900.0,-849000.0,-137900.0,737600.0,-875500.0,-80700.0,464400.0,-545100.0,0.0937826200810681,0.1075793432373689
1301.0,20231026.0,2.0231026130057e+16,3.618,3.617,1000.0,1016500.0,3.619,3.616,1002000.0,1957500.0,3.62,3.615,666100.0,1204200.0,3.621,3.614,1088400.0,299600.0,3.622,3.613,1699800.0,111900.0,3.275,3.64,3.617,3.611,3.625,3.639,1182729379.0,1182729379.0,4.003,159919.0,2023-10-26 13:00:57,3.617999017199017,0.0002764340013821,0.0008293020041465,0.0009999999999998,-0.0010000000000003,0.0020000000000002,4589700.0,4457300.0,-132400.0,3.615755408850252,3.620781639108877,9047000.0,132400.0,0.0002480175825685,-0.0219999999999997,-0.0020000000000002,3.6175,3.619,3.619,3.616,3.617,7118141.0,7118141.0,1.0,-65324336.00111137,14.0,8.0,4.0,5.0,0.0009090909090918,13.089267,0.0020000000000002,323551.86363636365,19662906821417.0,50909.25,984000.0,1000.0,983000.0,1042500.0,1002000.0,40500.0,411100.0,666100.0,-255000.0,161700.0,1088400.0,-926700.0,31200.0,1699800.0,-1668600.0,0.0871400680331041,0.1372207440850616
1302.0,20231026.0,2.0231026130157e+16,3.62,3.619,1013500.0,3000.0,3.621,3.618,964600.0,2082900.0,3.622,3.617,1749800.0,1090000.0,3.623,3.616,536700.0,856500.0,3.624,3.615,261600.0,552200.0,3.275,3.64,3.619,3.611,3.625,3.639,1183197051.0,1183197051.0,4.003,159919.0,2023-10-26 13:01:57,3.619002951303493,0.0002762812543168,0.0008288437629507,0.0010000000000003,-0.0009999999999998,0.0020000000000002,4584600.0,4526200.0,-58400.0,3.6170279195567767,3.621573218152092,9110800.0,58400.0,0.0002774447527538,-0.0199999999999995,0.0020000000000002,3.6195,3.618,3.62,3.618,3.619,467672.0,467672.0,1.0,32664647.7250395,14.0,6.0,3.0,2.0,0.000999999999999,13.097161600000002,0.0020000000000002,23383.6,108495094454.0,6152.25,3000.0,-1013500.0,1016500.0,2082900.0,-964600.0,3047500.0,1090000.0,-1749800.0,2839800.0,856500.0,-536700.0,1393200.0,552200.0,-261600.0,813800.0,0.0998312434054166,0.141984115238885
1303.0,20231026.0,2.0231026130257e+16,3.619,3.618,1436600.0,1000.0,3.62,3.617,1578500.0,67700.0,3.621,3.616,1315100.0,2417600.0,3.622,3.615,569800.0,1544700.0,3.623,3.614,1304400.0,368200.0,3.275,3.64,3.618,3.611,3.625,3.639,1183581363.0,1183581363.0,4.003,159919.0,2023-10-26 13:02:57,3.618000695603784,0.0002763576067432,0.0008290728202294,0.0009999999999998,-0.0009999999999998,0.0019999999999997,4399200.0,6204400.0,1805200.0,3.615497317694126,3.620794806911224,10603600.0,1805200.0,-0.000276980848709,-0.0209999999999999,-0.0010000000000003,3.6185,3.619,3.619,3.618,3.618,384312.0,384312.0,1.0,-32711691.625218224,16.0,4.0,0.0,1.0,0.0002000000000008,13.095713600000002,0.0,19215.6,32642250004.0,19359.0,-1000.0,1436600.0,-1437600.0,-67700.0,1578500.0,-1646200.0,-2417600.0,1315100.0,-3732700.0,-1544700.0,569800.0,-2114500.0,-368200.0,1304400.0,-1672600.0,0.1066714246700825,0.1440479840506578
1304.0,20231026.0,2.0231026130357e+16,3.616,3.615,600000.0,340700.0,3.617,3.614,1067900.0,2220500.0,3.618,3.613,1608000.0,1394200.0,3.619,3.612,834400.0,730500.0,3.62,3.611,556100.0,1465900.0,3.275,3.64,3.616,3.611,3.625,3.639,1184404101.0,1184404101.0,4.003,159919.0,2023-10-26 13:03:57,3.615362177102158,0.0002765869174387,0.0008297607523164,0.0010000000000003,-0.0009999999999998,0.0020000000000002,6151800.0,4666400.0,-1485400.0,3.612876393900972,3.617931146065489,10818200.0,1485400.0,-0.0007295413392316,-0.0229999999999996,-0.0019999999999997,3.6155,3.618,3.618,3.616,3.616,822738.0,822738.0,1.0,-65499877.95508775,11.0,9.0,2.0,4.0,0.0006500000000007,13.08015765,0.0009999999999998,41136.9,242011338814.0,27037.5,-340700.0,600000.0,-940700.0,-2220500.0,1067900.0,-3288400.0,-1394200.0,1608000.0,-3002200.0,-730500.0,834400.0,-1564900.0,-1465900.0,556100.0,-2022000.0,0.1103301759166747,0.1524101951134193
1305.0,20231026.0,2.0231026130457e+16,3.614,3.613,43000.0,1204700.0,3.615,3.612,1072900.0,2307800.0,3.616,3.611,1824200.0,1123900.0,3.617,3.61,922500.0,1202000.0,3.618,3.609,561100.0,333200.0,3.275,3.64,3.614,3.611,3.625,3.639,1185690686.0,1185690686.0,4.003,159919.0,2023-10-26 13:04:57,3.6139655365873207,0.0002767400027673,0.0008302200083022,0.0009999999999998,-0.0010000000000003,0.0020000000000002,6171600.0,4423700.0,-1747900.0,3.611461598288936,3.616200239618419,10595300.0,1747900.0,-0.0003863818566609,-0.0249999999999999,-0.0020000000000002,3.6135,3.616,3.616,3.614,3.614,1286585.0,1286585.0,1.0,-65621768.027938336,15.0,5.0,2.0,4.0,0.0002999999999997,13.0732868,0.0002499999999998,64329.25,1075027423591.0,19074.5,-1204700.0,43000.0,-1247700.0,-2307800.0,1072900.0,-3380700.0,-1123900.0,1824200.0,-2948100.0,-1202000.0,922500.0,-2124500.0,-333200.0,561100.0,-894300.0,0.1113360654351984,0.1574573341986962
1306.0,20231026.0,2.0231026130557e+16,3.616,3.615,985900.0,256800.0,3.617,3.614,1040700.0,2555100.0,3.618,3.613,1341100.0,2047100.0,3.619,3.612,338100.0,402800.0,3.62,3.611,1617200.0,311600.0,3.275,3.64,3.615,3.611,3.625,3.639,1186835920.0,1186835920.0,4.003,159919.0,2023-10-26 13:05:57,3.6152066468174135,0.0002765869174387,0.0008297607523164,0.0010000000000003,-0.0009999999999998,0.0020000000000002,5573400.0,5323000.0,-250400.0,3.613366508773818,3.6181052038324255,10896400.0,250400.0,0.0003433616493837,-0.0239999999999995,0.0010000000000003,3.6155,3.614,3.615,3.613,3.615,1145234.0,1145234.0,1.0,32808730.78621599,7.0,13.0,3.0,2.0,0.0003000000000001,13.0631648,0.0010000000000003,57261.7,392835252968.0,78339.5,256800.0,-985900.0,1242700.0,2555100.0,-1040700.0,3595800.0,2047100.0,-1341100.0,3388200.0,402800.0,-338100.0,740900.0,311600.0,-1617200.0,1928800.0,0.1214872699224241,0.1443833275914547
1307.0,20231026.0,2.0231026130657e+16,3.617,3.616,526000.0,2016300.0,3.618,3.615,504800.0,1857300.0,3.619,3.614,2068100.0,1318900.0,3.62,3.613,1812600.0,535100.0,3.621,3.612,1219500.0,1301300.0,3.275,3.64,3.617,3.611,3.625,3.639,1191437788.0,1191437788.0,4.003,159919.0,2023-10-26 13:06:57,3.6167931007355545,0.000276510438269,0.000829531314807,0.0009999999999998,-0.0009999999999998,0.0019999999999997,7028900.0,6131000.0,-897900.0,3.6143915548663377,3.619439536780297,13159900.0,897900.0,0.0004387317475018,-0.0219999999999997,0.0019999999999997,3.6165,3.615,3.617,3.615,3.617,4601868.0,4601868.0,1.0,65650069.781579725,19.0,1.0,1.0,0.0,9.999999999976694e-05,13.0819658,0.0,230093.4,10035397679346.0,4340.75,2016300.0,-526000.0,2542300.0,1857300.0,-504800.0,2362100.0,1318900.0,-2068100.0,3387000.0,535100.0,-1812600.0,2347700.0,1301300.0,-1219500.0,2520800.0,0.1187010594587219,0.1535842990777522
1308.0,20231026.0,2.0231026130757e+16,3.619,3.618,1726500.0,100.0,3.62,3.617,1686000.0,339100.0,3.621,3.616,2145400.0,3186500.0,3.622,3.615,472800.0,1462400.0,3.623,3.614,1283400.0,605000.0,3.275,3.64,3.618,3.611,3.625,3.639,1196388491.0,1196388491.0,4.003,159919.0,2023-10-26 13:07:57,3.6180000579172944,0.0002763576067432,0.0008290728202294,0.0009999999999998,-0.0009999999999998,0.0019999999999997,5593100.0,7314100.0,1721000.0,3.615582861025192,3.620712965368261,12907200.0,1721000.0,0.0003336535451585,-0.0209999999999999,0.0009999999999998,3.6185,3.617,3.618,3.617,3.618,4950703.0,4950703.0,1.0,32984035.26810029,7.0,13.0,1.0,0.0,0.0003499999999996,13.08522125,0.0009999999999998,247535.15,8124421522647.0,6602.0,100.0,-1726500.0,1726600.0,339100.0,-1686000.0,2025100.0,3186500.0,-2145400.0,5331900.0,1462400.0,-472800.0,1935200.0,605000.0,-1283400.0,1888400.0,0.105095853001158,0.134481365387037
1309.0,20231026.0,2.0231026130857e+16,3.616,3.615,68500.0,1815100.0,3.617,3.614,1377400.0,2029400.0,3.618,3.613,1627700.0,1585100.0,3.619,3.612,1088100.0,469300.0,3.62,3.611,704000.0,1330300.0,3.275,3.64,3.616,3.611,3.625,3.639,1196925224.0,1196925224.0,4.003,159919.0,2023-10-26 13:08:57,3.615963633467828,0.0002765869174387,0.0008297607523164,0.0010000000000003,-0.0009999999999998,0.0020000000000002,7229200.0,4865700.0,-2363500.0,3.613349928069496,3.618201759253551,12094900.0,2363500.0,-0.0005630176180411,-0.0229999999999996,-0.0019999999999997,3.6155,3.617,3.618,3.615,3.616,536733.0,536733.0,1.0,-33129136.849362902,11.0,9.0,2.0,3.0,0.0007000000000001,13.0805196,0.0009999999999998,26294.15,182512587277.0,7864.25,-1815100.0,68500.0,-1883600.0,-2029400.0,1377400.0,-3406800.0,-1585100.0,1627700.0,-3212800.0,-469300.0,1088100.0,-1557400.0,-1330300.0,704000.0,-2034300.0,0.1097257451552031,0.1339166056320747
1310.0,20231026.0,2.0231026130957e+16,3.618,3.616,1621600.0,1291200.0,3.619,3.615,1765300.0,2409000.0,3.62,3.614,1187600.0,1528900.0,3.621,3.613,1388800.0,515100.0,3.622,3.612,395500.0,499000.0,3.275,3.64,3.618,3.611,3.625,3.639,1201364299.0,1201364299.0,4.003,159919.0,2023-10-26 13:09:57,3.6168865696237296,0.0005529444290848,0.0011058888581697,0.0009999999999998,-0.0010000000000003,0.0020000000000002,6243200.0,6358800.0,115600.0,3.614557134161968,3.619555151915456,12602000.0,115600.0,0.0002552067677321,-0.0209999999999999,0.0019999999999997,3.617,3.616,3.618,3.616,3.618,4439075.0,4439075.0,1.0,66297855.91298936,5.0,15.0,3.0,1.0,0.0002999999999997,13.077626,0.0002499999999998,221953.75,10590522342005.0,23956.0,1291200.0,-1621600.0,2912800.0,2409000.0,-1765300.0,4174300.0,1528900.0,-1187600.0,2716500.0,515100.0,-1388800.0,1903900.0,499000.0,-395500.0,894500.0,0.1004846961710582,0.1331755043997066
1311.0,20231026.0,2.0231026131057e+16,3.617,3.616,154400.0,1400.0,3.618,3.615,1946400.0,2375400.0,3.619,3.614,1541300.0,1430900.0,3.62,3.613,1257600.0,645100.0,3.621,3.612,319500.0,967300.0,3.275,3.64,3.616,3.611,3.625,3.639,1203714726.0,1203714726.0,4.003,159919.0,2023-10-26 13:10:57,3.6160089858793327,0.000276510438269,0.000829531314807,0.0009999999999998,-0.0009999999999998,0.0019999999999997,5420100.0,5219200.0,-200900.0,3.613962823564141,3.618931292152054,10639300.0,200900.0,-0.0002426645710473,-0.0229999999999996,-0.0019999999999997,3.6165,3.618,3.618,3.615,3.616,2350427.0,2350427.0,1.0,-66519824.06420316,8.0,12.0,3.0,5.0,0.0005000000000006,13.0790731,0.0009999999999998,117521.35,918727155209.0,195948.5,-1289800.0,154400.0,-1444200.0,-33600.0,1946400.0,-1980000.0,-98000.0,1541300.0,-1639300.0,130000.0,1257600.0,-1127600.0,468300.0,319500.0,148800.0,0.0992075000569287,0.1235177346590286
1312.0,20231026.0,2.0231026131157e+16,3.616,3.615,96500.0,1747800.0,3.617,3.614,136300.0,2278600.0,3.618,3.613,1856500.0,1345100.0,3.619,3.612,1311300.0,440300.0,3.62,3.611,1104000.0,1260300.0,3.275,3.64,3.615,3.611,3.625,3.639,1205691468.0,1205691468.0,4.003,159919.0,2023-10-26 13:11:57,3.615947676625278,0.0002765869174387,0.0008297607523164,0.0010000000000003,-0.0009999999999998,0.0020000000000002,7072100.0,4504600.0,-2567500.0,3.613397802632881,3.618708164986902,11576700.0,2567500.0,-1.695509442822818e-05,-0.0239999999999995,-0.0009999999999998,3.6155,3.616,3.617,3.615,3.615,1976742.0,1976742.0,1.0,-33363760.708989464,15.0,5.0,3.0,4.0,4.999999999988347e-05,13.07509485,0.0002499999999998,98837.1,578668217894.0,135755.75,-1747800.0,96500.0,-1844300.0,-2278600.0,136300.0,-2414900.0,-1345100.0,1856500.0,-3201600.0,-440300.0,1311300.0,-1751600.0,-1260300.0,1104000.0,-2364300.0,0.0790588292669358,0.1081666440733463
1313.0,20231026.0,2.0231026131257e+16,3.613,3.612,1410200.0,2940300.0,3.614,3.611,1021000.0,1204600.0,3.615,3.61,596400.0,1317100.0,3.616,3.609,1670500.0,1155000.0,3.617,3.608,574400.0,187700.0,3.275,3.64,3.613,3.611,3.625,3.639,1215332515.0,1215332515.0,4.003,159919.0,2023-10-26 13:12:57,3.61267585335019,0.0002768166089965,0.0008304498269895,0.0009999999999998,-0.0009999999999998,0.0019999999999997,6804700.0,5272500.0,-1532200.0,3.610816318133055,3.614806145092461,12077200.0,1532200.0,-0.000905241083575,-0.0259999999999998,-0.0020000000000002,3.6125,3.615,3.616,3.613,3.613,9641047.0,9641047.0,1.0,-67032910.62660048,12.0,8.0,2.0,5.0,0.00075,13.06641845,0.0012500000000001,482052.35,80994568932359.0,28379.0,-2940300.0,1410200.0,-4350500.0,-1204600.0,1021000.0,-2225600.0,-1317100.0,596400.0,-1913500.0,-1155000.0,1670500.0,-2825500.0,-187700.0,574400.0,-762100.0,0.0936161533074498,0.1207233263273176
1314.0,20231026.0,2.0231026131357e+16,3.615,3.613,1755700.0,617800.0,3.616,3.612,1555500.0,3290900.0,3.617,3.611,459000.0,908900.0,3.618,3.61,290000.0,1311900.0,3.619,3.609,787000.0,1269800.0,3.275,3.64,3.614,3.611,3.625,3.639,1224517968.0,1224517968.0,4.003,159919.0,2023-10-26 13:13:57,3.613520581419844,0.0005534034311013,0.0011068068622025,0.0009999999999998,-0.0009999999999998,0.0019999999999997,7399300.0,4847200.0,-2552100.0,3.6110912248455938,3.6163392267700942,12246500.0,2552100.0,0.0002337960450224,-0.0249999999999999,0.0009999999999998,3.614,3.613,3.614,3.613,3.614,9185453.0,9185453.0,1.0,33809069.189907394,14.0,6.0,3.0,2.0,0.0002999999999997,13.058827899999994,0.0009999999999998,377553.0,21659238939737.0,410131.0,617800.0,-1755700.0,2373500.0,3290900.0,-1555500.0,4846400.0,908900.0,-459000.0,1367900.0,1311900.0,-290000.0,1601900.0,1269800.0,-787000.0,2056800.0,0.0849573099793995,0.1296824719824589
1315.0,20231026.0,2.0231026131457e+16,3.614,3.613,1669800.0,414300.0,3.615,3.612,1197000.0,1218400.0,3.616,3.611,979000.0,2337900.0,3.617,3.61,29000.0,2811900.0,3.618,3.609,1093000.0,697400.0,3.275,3.64,3.614,3.611,3.625,3.639,1225439458.0,1225439458.0,4.003,159919.0,2023-10-26 13:14:57,3.613198790844969,0.0002767400027673,0.0008302200083022,0.0009999999999998,-0.0010000000000003,0.0020000000000002,7479900.0,4967800.0,-2512100.0,3.610711266193398,3.615532670397359,12447700.0,2512100.0,-8.905578271733994e-05,-0.0249999999999999,0.0,3.6135,3.614,3.614,3.613,3.614,921490.0,921490.0,1.0,-6474.237484976649,18.0,2.0,1.0,1.0,9.999999999976694e-05,13.0602733,0.0,46074.5,162304900808.0,85915.25,-203500.0,1669800.0,-1873300.0,-2072500.0,1197000.0,-3269500.0,1429000.0,979000.0,450000.0,1500000.0,29000.0,1471000.0,-572400.0,1093000.0,-1665400.0,0.0805353559888545,0.1221031292843643
1316.0,20231026.0,2.0231026131557e+16,3.616,3.615,654000.0,530000.0,3.617,3.614,1446600.0,1339900.0,3.618,3.613,1240000.0,2874600.0,3.619,3.612,763600.0,334800.0,3.62,3.611,1106700.0,463200.0,3.275,3.64,3.616,3.611,3.625,3.639,1232183779.0,1232183779.0,4.003,159919.0,2023-10-26 13:15:57,3.6154476351351352,0.0002765869174387,0.0008297607523164,0.0010000000000003,-0.0009999999999998,0.0020000000000002,5542500.0,5210900.0,-331600.0,3.6132054488046914,3.618042679767411,10753400.0,331600.0,0.0006222034472829,-0.0229999999999996,0.0020000000000002,3.6155,3.614,3.616,3.614,3.616,6744321.0,6744321.0,1.0,67999541.91457355,9.0,11.0,2.0,0.0,0.0006000000000008,13.065333700000002,0.0010000000000003,337216.05,16497051696235.0,148976.5,530000.0,-654000.0,1184000.0,1339900.0,-1446600.0,2786500.0,2874600.0,-1240000.0,4114600.0,334800.0,-763600.0,1098400.0,463200.0,-1106700.0,1569900.0,0.0746830040971363,0.1196737758334984
1317.0,20231026.0,2.0231026131657e+16,3.619,3.618,641100.0,714400.0,3.62,3.617,3166200.0,2141800.0,3.621,3.616,2184000.0,1103700.0,3.622,3.615,1512800.0,1277300.0,3.623,3.614,823500.0,1164600.0,3.275,3.64,3.618,3.611,3.625,3.639,1243931488.0,1243931488.0,4.003,159919.0,2023-10-26 13:16:57,3.6185270379933607,0.0002763576067432,0.0008290728202294,0.0009999999999998,-0.0009999999999998,0.0019999999999997,6401800.0,8327600.0,1925800.0,3.615994392202193,3.62084526153994,14729400.0,1925800.0,0.0008513723598366,-0.0209999999999999,0.0019999999999997,3.6185,3.616,3.618,3.616,3.618,11747709.0,11747709.0,1.0,68607409.61743529,15.0,5.0,2.0,0.0,4.999999999943938e-05,13.08232775,0.0002499999999998,587385.45,28714511499179.0,386271.0,714400.0,-641100.0,1355500.0,2141800.0,-3166200.0,5308000.0,1103700.0,-2184000.0,3287700.0,1277300.0,-1512800.0,2790100.0,1164600.0,-823500.0,1988100.0,0.0834862742805509,0.1225789926960871
