time,exchg,code,price,open,high,low,settle_price,upper_limit,lower_limit,total_volume,volume,total_turnover,turnover,open_interest,diff_interest,trading_date,action_date,action_time,pre_close,pre_settle,pre_interest,bid_price_0,bid_price_1,bid_price_2,bid_price_3,bid_price_4,bid_price_5,bid_price_6,bid_price_7,bid_price_8,bid_price_9,ask_price_0,ask_price_1,ask_price_2,ask_price_3,ask_price_4,ask_price_5,ask_price_6,ask_price_7,ask_price_8,ask_price_9,bid_qty_0,bid_qty_1,bid_qty_2,bid_qty_3,bid_qty_4,bid_qty_5,bid_qty_6,bid_qty_7,bid_qty_8,bid_qty_9,ask_qty_0,ask_qty_1,ask_qty_2,ask_qty_3,ask_qty_4,ask_qty_5,ask_qty_6,ask_qty_7,ask_qty_8,ask_qty_9
20231026093648000,SZSE,SZSE.ETF.159845,2.312,2.313,2.321,2.301,0.0,2.556,2.092,55993740.0,52091676.0,55993740.0,52091676.0,0.0,0.0,20231026,20231026,93648000,2.324,0.0,0.0,2.311,2.31,2.309,2.308,2.307,2.306,2.305,2.304,2.303,2.302,2.312,2.313,2.314,2.315,2.316,2.317,2.318,2.319,2.32,2.321,4370000.0,3113000.0,2609400.0,895500.0,860300.0,400000.0,207300.0,250000.0,206200.0,201200.0,135900.0,2880100.0,2450800.0,1862200.0,990800.0,1361000.0,400000.0,301100.0,236900.0,200200.0
20231026093651000,SZSE,SZSE.ETF.159845,2.312,2.313,2.321,2.301,0.0,2.556,2.092,57182108.0,1188368.0,57182108.0,1188368.0,0.0,0.0,20231026,20231026,93651000,2.324,0.0,0.0,2.311,2.31,2.309,2.308,2.307,2.306,2.305,2.304,2.303,2.302,2.312,2.313,2.314,2.315,2.316,2.317,2.318,2.319,2.32,2.321,2958800.0,2974200.0,2408200.0,2005500.0,908300.0,700000.0,407300.0,250000.0,206200.0,201200.0,358600.0,1980100.0,3200300.0,2556000.0,1450100.0,300900.0,350000.0,301100.0,236900.0,200200.0
20231026093654000,SZSE,SZSE.ETF.159845,2.312,2.313,2.321,2.301,0.0,2.556,2.092,57182108.0,0.0,57182108.0,0.0,0.0,0.0,20231026,20231026,93654000,2.324,0.0,0.0,2.311,2.31,2.309,2.308,2.307,2.306,2.305,2.304,2.303,2.302,2.312,2.313,2.314,2.315,2.316,2.317,2.318,2.319,2.32,2.321,2558800.0,2924200.0,2208200.0,1105500.0,1908300.0,700000.0,459300.0,250000.0,206200.0,201200.0,358600.0,2187600.0,2802300.0,2956000.0,1550100.0,300900.0,350000.0,201100.0,236900.0,200200.0
20231026093657000,SZSE,SZSE.ETF.159845,2.312,2.313,2.321,2.301,0.0,2.556,2.092,57242914.0,60806.0,57242914.0,60806.0,0.0,0.0,20231026,20231026,93657000,2.324,0.0,0.0,2.311,2.31,2.309,2.308,2.307,2.306,2.305,2.304,2.303,2.302,2.312,2.313,2.314,2.315,2.316,2.317,2.318,2.319,2.32,2.321,4058800.0,2374200.0,2008200.0,1005500.0,1808300.0,1000000.0,259300.0,250000.0,206200.0,201200.0,532300.0,2307600.0,2852300.0,3546100.0,740000.0,300900.0,350000.0,301100.0,236900.0,200200.0
20231026093700000,SZSE,SZSE.ETF.159845,2.311,2.313,2.321,2.301,0.0,2.556,2.092,57829912.0,586998.0,57829912.0,586998.0,0.0,0.0,20231026,20231026,93700000,2.324,0.0,0.0,2.311,2.31,2.309,2.308,2.307,2.306,2.305,2.304,2.303,2.302,2.312,2.313,2.314,2.315,2.316,2.317,2.318,2.319,2.32,2.321,20400.0,3792600.0,2898200.0,1595500.0,1808300.0,800000.0,459300.0,250000.0,206200.0,201200.0,818300.0,2007500.0,3542300.0,2566100.0,350000.0,300900.0,350000.0,201100.0,236900.0,200200.0
20231026093703000,SZSE,SZSE.ETF.159845,2.311,2.313,2.321,2.301,0.0,2.556,2.092,58028427.0,198515.0,58028427.0,198515.0,0.0,0.0,20231026,20231026,93703000,2.324,0.0,0.0,2.311,2.31,2.309,2.308,2.307,2.306,2.305,2.304,2.303,2.302,2.312,2.313,2.314,2.315,2.316,2.317,2.318,2.319,2.32,2.321,50000.0,2871500.0,2648200.0,2795500.0,2408300.0,800000.0,559300.0,250000.0,206200.0,201200.0,3033500.0,2497500.0,1793300.0,1966100.0,350000.0,300900.0,350000.0,201100.0,236900.0,200200.0
20231026093706000,SZSE,SZSE.ETF.159845,2.311,2.313,2.321,2.301,0.0,2.556,2.092,58564810.0,536383.0,58564810.0,536383.0,0.0,0.0,20231026,20231026,93706000,2.324,0.0,0.0,2.31,2.309,2.308,2.307,2.306,2.305,2.304,2.303,2.302,2.301,2.311,2.312,2.313,2.314,2.315,2.316,2.317,2.318,2.319,2.32,2100900.0,2047300.0,2159300.0,2108300.0,1300000.0,1059300.0,250000.0,206200.0,201200.0,210100.0,1250600.0,3041000.0,1947500.0,1637100.0,912300.0,350000.0,300900.0,250000.0,201100.0,236900.0
20231026093709000,SZSE,SZSE.ETF.159845,2.311,2.313,2.321,2.301,0.0,2.556,2.092,58564810.0,0.0,58564810.0,0.0,0.0,0.0,20231026,20231026,93709000,2.324,0.0,0.0,2.31,2.309,2.308,2.307,2.306,2.305,2.304,2.303,2.302,2.301,2.311,2.312,2.313,2.314,2.315,2.316,2.317,2.318,2.319,2.32,124900.0,2782300.0,3294300.0,2228300.0,800000.0,707300.0,550000.0,206200.0,201200.0,210100.0,2740100.0,2660000.0,2513600.0,1220100.0,562300.0,300000.0,300900.0,250000.0,201100.0,236900.0
20231026093712000,SZSE,SZSE.ETF.159845,2.31,2.313,2.321,2.301,0.0,2.556,2.092,58968829.0,404019.0,58968829.0,404019.0,0.0,0.0,20231026,20231026,93712000,2.324,0.0,0.0,2.309,2.308,2.307,2.306,2.305,2.304,2.303,2.302,2.301,2.3,2.31,2.311,2.312,2.313,2.314,2.315,2.316,2.317,2.318,2.319,2531400.0,2652200.0,1628300.0,2000000.0,1307300.0,1302000.0,506200.0,201200.0,210100.0,352800.0,1363400.0,2637900.0,2967700.0,1715500.0,730200.0,562300.0,300000.0,300900.0,250000.0,201100.0
20231026093715000,SZSE,SZSE.ETF.159845,2.31,2.313,2.321,2.301,0.0,2.556,2.092,59053144.0,84315.0,59053144.0,84315.0,0.0,0.0,20231026,20231026,93715000,2.324,0.0,0.0,2.309,2.308,2.307,2.306,2.305,2.304,2.303,2.302,2.301,2.3,2.31,2.311,2.312,2.313,2.314,2.315,2.316,2.317,2.318,2.319,90700.0,3796300.0,3307100.0,1500000.0,807300.0,750000.0,506200.0,201200.0,210100.0,352800.0,2449800.0,4146900.0,1713600.0,1062300.0,636400.0,512300.0,300000.0,200900.0,250000.0,201100.0
20231026093742000,SZSE,SZSE.ETF.159845,2.309,2.313,2.321,2.301,0.0,2.556,2.092,61937775.0,75274.0,61937775.0,75274.0,0.0,0.0,20231026,20231026,93742000,2.324,0.0,0.0,2.308,2.307,2.306,2.305,2.304,2.303,2.302,2.301,2.3,2.299,2.309,2.31,2.311,2.312,2.313,2.314,2.315,2.316,2.317,2.318,3431800.0,3191500.0,1821900.0,857300.0,1850200.0,358200.0,401200.0,210200.0,373300.0,200400.0,6100.0,1864700.0,3606600.0,3199500.0,863600.0,549700.0,512300.0,300000.0,200900.0,250000.0
20231026093745000,SZSE,SZSE.ETF.159845,2.309,2.313,2.321,2.301,0.0,2.556,2.092,62031982.0,94207.0,62031982.0,94207.0,0.0,0.0,20231026,20231026,93745000,2.324,0.0,0.0,2.309,2.308,2.307,2.306,2.305,2.304,2.303,2.302,2.301,2.3,2.31,2.311,2.312,2.313,2.314,2.315,2.316,2.317,2.318,2.319,500000.0,3735800.0,2746500.0,1806900.0,917300.0,1950200.0,306200.0,401200.0,210200.0,373300.0,791000.0,3651600.0,2882400.0,2173700.0,549700.0,512300.0,300000.0,200900.0,250000.0,201100.0
20231026093748000,SZSE,SZSE.ETF.159845,2.309,2.313,2.321,2.301,0.0,2.556,2.092,65033682.0,3001700.0,65033682.0,3001700.0,0.0,0.0,20231026,20231026,93748000,2.324,0.0,0.0,2.308,2.307,2.306,2.305,2.304,2.303,2.302,2.301,2.3,2.299,2.309,2.31,2.311,2.312,2.313,2.314,2.315,2.316,2.317,2.318,895600.0,3114400.0,2771900.0,1627300.0,1750200.0,858200.0,901200.0,210200.0,373300.0,200400.0,2010000.0,1539900.0,1877600.0,2599500.0,713600.0,599700.0,512300.0,200000.0,200900.0,250000.0
20231026093751000,SZSE,SZSE.ETF.159845,2.308,2.313,2.321,2.301,0.0,2.556,2.092,65053300.0,19618.0,65053300.0,19618.0,0.0,0.0,20231026,20231026,93751000,2.324,0.0,0.0,2.308,2.307,2.306,2.305,2.304,2.303,2.302,2.301,2.3,2.299,2.309,2.31,2.311,2.312,2.313,2.314,2.315,2.316,2.317,2.318,715500.0,3239500.0,2936900.0,1217300.0,1850200.0,806200.0,901200.0,210200.0,378300.0,200400.0,1215100.0,3477500.0,1952600.0,2662500.0,563600.0,549700.0,512300.0,200000.0,200900.0,250000.0
20231026093754000,SZSE,SZSE.ETF.159845,2.308,2.313,2.321,2.301,0.0,2.556,2.092,65270946.0,217646.0,65270946.0,217646.0,0.0,0.0,20231026,20231026,93754000,2.324,0.0,0.0,2.308,2.307,2.306,2.305,2.304,2.303,2.302,2.301,2.3,2.299,2.309,2.31,2.311,2.312,2.313,2.314,2.315,2.316,2.317,2.318,2097400.0,1963500.0,3086900.0,1617300.0,1850200.0,806200.0,453200.0,210200.0,378300.0,200400.0,1291300.0,3213500.0,3074700.0,1662400.0,563600.0,549700.0,512300.0,200000.0,200900.0,250000.0
20231026093757000,SZSE,SZSE.ETF.159845,2.309,2.313,2.321,2.301,0.0,2.556,2.092,65575916.0,304970.0,65575916.0,304970.0,0.0,0.0,20231026,20231026,93757000,2.324,0.0,0.0,2.309,2.308,2.307,2.306,2.305,2.304,2.303,2.302,2.301,2.3,2.31,2.311,2.312,2.313,2.314,2.315,2.316,2.317,2.318,2.319,740700.0,3691600.0,2926500.0,1286900.0,917300.0,850200.0,1306200.0,453200.0,210200.0,378300.0,714700.0,5743700.0,2262400.0,1273600.0,549700.0,512300.0,300000.0,200900.0,250000.0,201100.0
20231026093951000,SZSE,SZSE.ETF.159845,2.31,2.313,2.321,2.301,0.0,2.556,2.092,81395639.0,0.0,81395639.0,0.0,0.0,0.0,20231026,20231026,93951000,2.324,0.0,0.0,2.31,2.309,2.308,2.307,2.306,2.305,2.304,2.303,2.302,2.301,2.311,2.312,2.313,2.314,2.315,2.316,2.317,2.318,2.319,2.32,1740000.0,2553800.0,3604200.0,1042300.0,1847700.0,1007300.0,402200.0,206600.0,201200.0,210200.0,2543600.0,2458700.0,2064400.0,2249800.0,810000.0,300000.0,300900.0,250100.0,201500.0,237000.0
20231026093954000,SZSE,SZSE.ETF.159845,2.31,2.313,2.321,2.301,0.0,2.556,2.092,81395639.0,0.0,81395639.0,0.0,0.0,0.0,20231026,20231026,93954000,2.324,0.0,0.0,2.31,2.309,2.308,2.307,2.306,2.305,2.304,2.303,2.302,2.301,2.311,2.312,2.313,2.314,2.315,2.316,2.317,2.318,2.319,2.32,2482900.0,3012900.0,2404200.0,1042300.0,1847700.0,807300.0,602200.0,206600.0,201200.0,210200.0,743600.0,3559700.0,2563400.0,2449800.0,610000.0,300000.0,300900.0,250100.0,201500.0,237000.0
20231026093957000,SZSE,SZSE.ETF.159845,2.31,2.313,2.321,2.301,0.0,2.556,2.092,81395639.0,0.0,81395639.0,0.0,0.0,0.0,20231026,20231026,93957000,2.324,0.0,0.0,2.31,2.309,2.308,2.307,2.306,2.305,2.304,2.303,2.302,2.301,2.311,2.312,2.313,2.314,2.315,2.316,2.317,2.318,2.319,2.32,2941000.0,2005800.0,2264200.0,1042300.0,1847700.0,807300.0,602200.0,206600.0,201200.0,210200.0,143600.0,2808700.0,3224400.0,3049800.0,610000.0,300000.0,300900.0,250100.0,201500.0,237000.0
20231026094000000,SZSE,SZSE.ETF.159845,2.31,2.313,2.321,2.301,0.0,2.556,2.092,81395639.0,0.0,81395639.0,0.0,0.0,0.0,20231026,20231026,94000000,2.324,0.0,0.0,2.31,2.309,2.308,2.307,2.306,2.305,2.304,2.303,2.302,2.301,2.311,2.312,2.313,2.314,2.315,2.316,2.317,2.318,2.319,2.32,3283900.0,2412900.0,2354200.0,942300.0,1847700.0,807300.0,602200.0,206600.0,201200.0,210200.0,143600.0,2169700.0,2563400.0,3649800.0,1110000.0,300000.0,300900.0,250100.0,201500.0,237000.0
20231026094542000,SZSE,SZSE.ETF.159845,2.307,2.313,2.321,2.301,0.0,2.556,2.092,143365888.0,102200.0,143365888.0,102200.0,0.0,0.0,20231026,20231026,94542000,2.324,0.0,0.0,2.307,2.306,2.305,2.304,2.303,2.302,2.301,2.3,2.299,2.298,2.308,2.309,2.31,2.311,2.312,2.313,2.314,2.315,2.316,2.317,2385700.0,3661300.0,3884300.0,2219300.0,966300.0,701300.0,305700.0,335800.0,202900.0,206000.0,589600.0,2680300.0,1707100.0,1714700.0,1792700.0,1642600.0,778100.0,427300.0,412700.0,446400.0
20231026094545000,SZSE,SZSE.ETF.159845,2.307,2.313,2.321,2.301,0.0,2.556,2.092,143481700.0,115812.0,143481700.0,115812.0,0.0,0.0,20231026,20231026,94545000,2.324,0.0,0.0,2.307,2.306,2.305,2.304,2.303,2.302,2.301,2.3,2.299,2.298,2.308,2.309,2.31,2.311,2.312,2.313,2.314,2.315,2.316,2.317,2255500.0,2914500.0,3921100.0,1819100.0,966300.0,701300.0,305700.0,335800.0,202900.0,206000.0,932600.0,2680300.0,1657100.0,1714700.0,1392700.0,1642600.0,778100.0,427300.0,412700.0,446400.0
20231026094548000,SZSE,SZSE.ETF.159845,2.308,2.313,2.321,2.301,0.0,2.556,2.092,144526930.0,1045230.0,144526930.0,1045230.0,0.0,0.0,20231026,20231026,94548000,2.324,0.0,0.0,2.308,2.307,2.306,2.305,2.304,2.303,2.302,2.301,2.3,2.299,2.309,2.31,2.311,2.312,2.313,2.314,2.315,2.316,2.317,2.318,610000.0,1286600.0,4057300.0,3104300.0,2219100.0,966300.0,201300.0,305700.0,335800.0,202900.0,2799800.0,1707100.0,1714700.0,1792700.0,1642600.0,778100.0,427300.0,412700.0,446400.0,525500.0
20231026094551000,SZSE,SZSE.ETF.159845,2.309,2.313,2.321,2.301,0.0,2.556,2.092,144860075.0,333145.0,144860075.0,333145.0,0.0,0.0,20231026,20231026,94551000,2.324,0.0,0.0,2.308,2.307,2.306,2.305,2.304,2.303,2.302,2.301,2.3,2.299,2.309,2.31,2.311,2.312,2.313,2.314,2.315,2.316,2.317,2.318,1414000.0,1686700.0,2309200.0,4028200.0,2240900.0,818600.0,201300.0,253700.0,335800.0,202900.0,2420100.0,1366200.0,1996600.0,1340000.0,1812300.0,778100.0,527300.0,412700.0,446400.0,505300.0
20231026094554000,SZSE,SZSE.ETF.159845,2.308,2.313,2.321,2.301,0.0,2.556,2.092,145353987.0,493912.0,145353987.0,493912.0,0.0,0.0,20231026,20231026,94554000,2.324,0.0,0.0,2.307,2.306,2.305,2.304,2.303,2.302,2.301,2.3,2.299,2.298,2.308,2.309,2.31,2.311,2.312,2.313,2.314,2.315,2.316,2.317,1106700.0,2929200.0,4158200.0,3130900.0,818600.0,753300.0,253700.0,335800.0,202900.0,206000.0,1690000.0,2004600.0,1196200.0,1348600.0,1840000.0,1812300.0,678100.0,427300.0,412700.0,447600.0
20231026094557000,SZSE,SZSE.ETF.159845,2.308,2.313,2.321,2.301,0.0,2.556,2.092,145437075.0,83088.0,145437075.0,83088.0,0.0,0.0,20231026,20231026,94557000,2.324,0.0,0.0,2.307,2.306,2.305,2.304,2.303,2.302,2.301,2.3,2.299,2.298,2.308,2.309,2.31,2.311,2.312,2.313,2.314,2.315,2.316,2.317,2196700.0,1947200.0,4344300.0,2599100.0,866300.0,701300.0,305700.0,335800.0,202900.0,206000.0,140000.0,2614600.0,2017100.0,1724700.0,1392700.0,1642600.0,678100.0,427300.0,412700.0,447600.0
20231026094600000,SZSE,SZSE.ETF.159845,2.308,2.313,2.321,2.301,0.0,2.556,2.092,145990995.0,553920.0,145990995.0,553920.0,0.0,0.0,20231026,20231026,94600000,2.324,0.0,0.0,2.307,2.306,2.305,2.304,2.303,2.302,2.301,2.3,2.299,2.298,2.308,2.309,2.31,2.311,2.312,2.313,2.314,2.315,2.316,2.317,2696700.0,3077200.0,3594300.0,2539100.0,866300.0,701300.0,305700.0,335800.0,202900.0,206000.0,1000000.0,2204600.0,1467100.0,1724700.0,1792700.0,1642600.0,678100.0,427300.0,412700.0,447600.0
20231026094603000,SZSE,SZSE.ETF.159845,2.308,2.313,2.321,2.301,0.0,2.556,2.092,145990995.0,0.0,145990995.0,0.0,0.0,0.0,20231026,20231026,94603000,2.324,0.0,0.0,2.307,2.306,2.305,2.304,2.303,2.302,2.301,2.3,2.299,2.298,2.308,2.309,2.31,2.311,2.312,2.313,2.314,2.315,2.316,2.317,2879500.0,3060400.0,3594300.0,1919100.0,966300.0,701300.0,305700.0,335800.0,202900.0,206000.0,291400.0,2601700.0,2017100.0,1904700.0,1392700.0,1642600.0,678100.0,427300.0,412700.0,447600.0
20231026100942000,SZSE,SZSE.ETF.159845,2.319,2.313,2.322,2.301,0.0,2.556,2.092,286281078.0,89745.0,286281078.0,89745.0,0.0,0.0,20231026,20231026,100942000,2.324,0.0,0.0,2.319,2.318,2.317,2.316,2.315,2.314,2.313,2.312,2.311,2.31,2.32,2.321,2.322,2.323,2.324,2.325,2.326,2.327,2.328,2.329,2039900.0,7117800.0,2419300.0,2302000.0,1133400.0,1015100.0,298200.0,221100.0,253300.0,229900.0,316500.0,3051100.0,2329800.0,1844700.0,528700.0,403100.0,308700.0,1110200.0,200100.0,203200.0
20231026100945000,SZSE,SZSE.ETF.159845,2.319,2.313,2.322,2.301,0.0,2.556,2.092,286385433.0,104355.0,286385433.0,104355.0,0.0,0.0,20231026,20231026,100945000,2.324,0.0,0.0,2.319,2.318,2.317,2.316,2.315,2.314,2.313,2.312,2.311,2.31,2.32,2.321,2.322,2.323,2.324,2.325,2.326,2.327,2.328,2.329,1994900.0,7818100.0,2499300.0,2302000.0,1133400.0,795100.0,298200.0,221100.0,253300.0,229900.0,1293500.0,2029500.0,2131400.0,1844700.0,748700.0,403100.0,308700.0,1110200.0,200100.0,203200.0
20231026100948000,SZSE,SZSE.ETF.159845,2.319,2.313,2.322,2.301,0.0,2.556,2.092,287194846.0,809413.0,287194846.0,809413.0,0.0,0.0,20231026,20231026,100948000,2.324,0.0,0.0,2.319,2.318,2.317,2.316,2.315,2.314,2.313,2.312,2.311,2.31,2.32,2.321,2.322,2.323,2.324,2.325,2.326,2.327,2.328,2.329,2073800.0,8254100.0,2639300.0,2002000.0,1133400.0,295100.0,298200.0,221100.0,253300.0,229900.0,2500.0,3043500.0,2171400.0,2024700.0,748700.0,403100.0,308700.0,1110200.0,200100.0,203200.0
20231026100951000,SZSE,SZSE.ETF.159845,2.32,2.313,2.322,2.301,0.0,2.556,2.092,287986639.0,791793.0,287986639.0,791793.0,0.0,0.0,20231026,20231026,100951000,2.324,0.0,0.0,2.32,2.319,2.318,2.317,2.316,2.315,2.314,2.313,2.312,2.311,2.321,2.322,2.323,2.324,2.325,2.326,2.327,2.328,2.329,2.33,705900.0,1051100.0,7804100.0,2889300.0,2002000.0,1133400.0,795100.0,298200.0,221100.0,253300.0,3043500.0,2521400.0,1544700.0,748700.0,403100.0,308700.0,1110200.0,200100.0,203200.0,201900.0
20231026100954000,SZSE,SZSE.ETF.159845,2.32,2.313,2.322,2.301,0.0,2.556,2.092,289624327.0,1637688.0,289624327.0,1637688.0,0.0,0.0,20231026,20231026,100954000,2.324,0.0,0.0,2.319,2.318,2.317,2.316,2.315,2.314,2.313,2.312,2.311,2.31,2.32,2.321,2.322,2.323,2.324,2.325,2.326,2.327,2.328,2.329,2401100.0,6356100.0,2759300.0,1867500.0,985900.0,795100.0,298200.0,221100.0,253300.0,229900.0,41600.0,2619500.0,2016400.0,1962700.0,846200.0,572600.0,308700.0,1110200.0,200100.0,203200.0
20231026100957000,SZSE,SZSE.ETF.159845,2.32,2.313,2.322,2.301,0.0,2.556,2.092,289856791.0,232464.0,289856791.0,232464.0,0.0,0.0,20231026,20231026,100957000,2.324,0.0,0.0,2.32,2.319,2.318,2.317,2.316,2.315,2.314,2.313,2.312,2.311,2.321,2.322,2.323,2.324,2.325,2.326,2.327,2.328,2.329,2.33,771400.0,1980300.0,6507100.0,2889300.0,2002000.0,1133400.0,795100.0,298200.0,221100.0,253300.0,2879500.0,2521400.0,1724700.0,798700.0,403100.0,308700.0,1110200.0,200100.0,203200.0,201900.0
20231026101000000,SZSE,SZSE.ETF.159845,2.32,2.313,2.322,2.301,0.0,2.556,2.092,290212679.0,355888.0,290212679.0,355888.0,0.0,0.0,20231026,20231026,101000000,2.324,0.0,0.0,2.32,2.319,2.318,2.317,2.316,2.315,2.314,2.313,2.312,2.311,2.321,2.322,2.323,2.324,2.325,2.326,2.327,2.328,2.329,2.33,630500.0,2537200.0,6239100.0,2619300.0,1867500.0,985900.0,795100.0,298200.0,221100.0,253300.0,2969500.0,1926400.0,1752700.0,846200.0,572600.0,308700.0,1110200.0,200100.0,203200.0,201900.0
20231026101003000,SZSE,SZSE.ETF.159845,2.32,2.313,2.322,2.301,0.0,2.556,2.092,290274855.0,62176.0,290274855.0,62176.0,0.0,0.0,20231026,20231026,101003000,2.324,0.0,0.0,2.32,2.319,2.318,2.317,2.316,2.315,2.314,2.313,2.312,2.311,2.321,2.322,2.323,2.324,2.325,2.326,2.327,2.328,2.329,2.33,592300.0,3534000.0,6289100.0,2619300.0,1867500.0,985900.0,795100.0,298200.0,221100.0,253300.0,2969500.0,1976400.0,2052700.0,846200.0,572600.0,308700.0,1110200.0,200100.0,203200.0,201900.0
20231026101006000,SZSE,SZSE.ETF.159845,2.32,2.313,2.322,2.301,0.0,2.556,2.092,290370671.0,95816.0,290370671.0,95816.0,0.0,0.0,20231026,20231026,101006000,2.324,0.0,0.0,2.32,2.319,2.318,2.317,2.316,2.315,2.314,2.313,2.312,2.311,2.321,2.322,2.323,2.324,2.325,2.326,2.327,2.328,2.329,2.33,1000.0,3806100.0,6389100.0,2499300.0,1767500.0,985900.0,295100.0,298200.0,221100.0,253300.0,2124300.0,2284800.0,2472700.0,846200.0,572600.0,308700.0,1110200.0,200100.0,203200.0,201900.0
20231026101009000,SZSE,SZSE.ETF.159845,2.32,2.313,2.322,2.301,0.0,2.556,2.092,290413823.0,43152.0,290413823.0,43152.0,0.0,0.0,20231026,20231026,101009000,2.324,0.0,0.0,2.32,2.319,2.318,2.317,2.316,2.315,2.314,2.313,2.312,2.311,2.321,2.322,2.323,2.324,2.325,2.326,2.327,2.328,2.329,2.33,1557000.0,3524000.0,5949100.0,2499300.0,1767500.0,985900.0,295100.0,298200.0,221100.0,253300.0,1934200.0,2244800.0,2472700.0,846200.0,572600.0,308700.0,200100.0,1110200.0,203200.0,201900.0
20231026101012000,SZSE,SZSE.ETF.159845,2.32,2.313,2.322,2.301,0.0,2.556,2.092,290574599.0,160776.0,290574599.0,160776.0,0.0,0.0,20231026,20231026,101012000,2.324,0.0,0.0,2.32,2.319,2.318,2.317,2.316,2.315,2.314,2.313,2.312,2.311,2.321,2.322,2.323,2.324,2.325,2.326,2.327,2.328,2.329,2.33,1369900.0,3448200.0,6009100.0,2499300.0,1767500.0,1037900.0,243100.0,298200.0,221100.0,253300.0,2026000.0,2334800.0,2380700.0,898200.0,572600.0,308700.0,200100.0,1110200.0,203200.0,201900.0
20231026101015000,SZSE,SZSE.ETF.159845,2.32,2.313,2.322,2.301,0.0,2.556,2.092,290633295.0,58696.0,290633295.0,58696.0,0.0,0.0,20231026,20231026,101015000,2.324,0.0,0.0,2.32,2.319,2.318,2.317,2.316,2.315,2.314,2.313,2.312,2.311,2.321,2.322,2.323,2.324,2.325,2.326,2.327,2.328,2.329,2.33,3078400.0,3038200.0,6199100.0,2340500.0,1177500.0,317900.0,243100.0,298200.0,221100.0,253300.0,436100.0,2858800.0,2620700.0,1588200.0,792600.0,308700.0,300100.0,1110200.0,203200.0,201900.0
20231026101018000,SZSE,SZSE.ETF.159845,2.321,2.313,2.322,2.301,0.0,2.556,2.092,291903631.0,1270336.0,291903631.0,1270336.0,0.0,0.0,20231026,20231026,101018000,2.324,0.0,0.0,2.321,2.32,2.319,2.318,2.317,2.316,2.315,2.314,2.313,2.312,2.322,2.323,2.324,2.325,2.326,2.327,2.328,2.329,2.33,2.331,1603100.0,2570100.0,2791200.0,6149100.0,2040500.0,1177500.0,317900.0,243100.0,298200.0,221100.0,2151600.0,2979100.0,1588200.0,792600.0,308700.0,300100.0,200100.0,1113300.0,201900.0,200000.0
20231026101021000,SZSE,SZSE.ETF.159845,2.321,2.313,2.322,2.301,0.0,2.556,2.092,292001113.0,97482.0,292001113.0,97482.0,0.0,0.0,20231026,20231026,101021000,2.324,0.0,0.0,2.321,2.32,2.319,2.318,2.317,2.316,2.315,2.314,2.313,2.312,2.322,2.323,2.324,2.325,2.326,2.327,2.328,2.329,2.33,2.331,299600.0,2506900.0,3253200.0,5869100.0,1905900.0,1030200.0,317700.0,243100.0,298200.0,221100.0,2370100.0,2365700.0,1406200.0,890100.0,528100.0,300100.0,200100.0,1113300.0,201900.0,200000.0
20231026101024000,SZSE,SZSE.ETF.159845,2.321,2.313,2.322,2.301,0.0,2.556,2.092,292701127.0,700014.0,292701127.0,700014.0,0.0,0.0,20231026,20231026,101024000,2.324,0.0,0.0,2.32,2.319,2.318,2.317,2.316,2.315,2.314,2.313,2.312,2.311,2.321,2.322,2.323,2.324,2.325,2.326,2.327,2.328,2.329,2.33,3600200.0,2603200.0,5869100.0,1905900.0,1030200.0,817700.0,243100.0,298200.0,221100.0,253300.0,320000.0,2725400.0,2505700.0,1706200.0,890100.0,528100.0,300100.0,200100.0,1113300.0,201900.0
20231026101027000,SZSE,SZSE.ETF.159845,2.32,2.313,2.322,2.301,0.0,2.556,2.092,292905069.0,203942.0,292905069.0,203942.0,0.0,0.0,20231026,20231026,101027000,2.324,0.0,0.0,2.32,2.319,2.318,2.317,2.316,2.315,2.314,2.313,2.312,2.311,2.321,2.322,2.323,2.324,2.325,2.326,2.327,2.328,2.329,2.33,3136600.0,2998100.0,5959100.0,2040500.0,1177900.0,817500.0,243100.0,298200.0,221100.0,253300.0,280300.0,2831900.0,2570700.0,1588200.0,842600.0,358700.0,300100.0,200100.0,1113300.0,201900.0
20231026101030000,SZSE,SZSE.ETF.159845,2.32,2.313,2.322,2.301,0.0,2.556,2.092,292971658.0,66589.0,292971658.0,66589.0,0.0,0.0,20231026,20231026,101030000,2.324,0.0,0.0,2.32,2.319,2.318,2.317,2.316,2.315,2.314,2.313,2.312,2.311,2.321,2.322,2.323,2.324,2.325,2.326,2.327,2.328,2.329,2.33,3894100.0,3048100.0,6349100.0,1940500.0,1177900.0,317500.0,243100.0,298200.0,221100.0,253300.0,276000.0,2831900.0,2610700.0,1768200.0,842600.0,358700.0,300100.0,200100.0,1113300.0,201900.0
20231026101033000,SZSE,SZSE.ETF.159845,2.321,2.313,2.322,2.301,0.0,2.556,2.092,293103908.0,132250.0,293103908.0,132250.0,0.0,0.0,20231026,20231026,101033000,2.324,0.0,0.0,2.32,2.319,2.318,2.317,2.316,2.315,2.314,2.313,2.312,2.311,2.321,2.322,2.323,2.324,2.325,2.326,2.327,2.328,2.329,2.33,3967100.0,3098100.0,6229100.0,1940500.0,1177900.0,317500.0,243100.0,298200.0,221100.0,253300.0,266000.0,2323600.0,2969100.0,1888200.0,842600.0,358700.0,300100.0,200100.0,1113300.0,201900.0
20231026101036000,SZSE,SZSE.ETF.159845,2.321,2.313,2.322,2.301,0.0,2.556,2.092,293940396.0,836488.0,293940396.0,836488.0,0.0,0.0,20231026,20231026,101036000,2.324,0.0,0.0,2.321,2.32,2.319,2.318,2.317,2.316,2.315,2.314,2.313,2.312,2.322,2.323,2.324,2.325,2.326,2.327,2.328,2.329,2.33,2.331,1896200.0,3877100.0,2981200.0,6229100.0,1940500.0,1177900.0,317500.0,243100.0,298200.0,221100.0,2213600.0,2679100.0,2088200.0,842600.0,358700.0,300100.0,200100.0,1113300.0,201900.0,200000.0
20231026101039000,SZSE,SZSE.ETF.159845,2.321,2.313,2.322,2.301,0.0,2.556,2.092,294009330.0,68934.0,294009330.0,68934.0,0.0,0.0,20231026,20231026,101039000,2.324,0.0,0.0,2.321,2.32,2.319,2.318,2.317,2.316,2.315,2.314,2.313,2.312,2.322,2.323,2.324,2.325,2.326,2.327,2.328,2.329,2.33,2.331,1894500.0,3223000.0,4143200.0,6169100.0,1805900.0,1082400.0,265500.0,243100.0,298200.0,221100.0,2541200.0,1865700.0,1854200.0,942100.0,528100.0,300100.0,200100.0,1113300.0,201900.0,200000.0
20231026101042000,SZSE,SZSE.ETF.159845,2.321,2.313,2.322,2.301,0.0,2.556,2.092,294114935.0,105605.0,294114935.0,105605.0,0.0,0.0,20231026,20231026,101042000,2.324,0.0,0.0,2.321,2.32,2.319,2.318,2.317,2.316,2.315,2.314,2.313,2.312,2.322,2.323,2.324,2.325,2.326,2.327,2.328,2.329,2.33,2.331,2849100.0,3403900.0,4583200.0,6079100.0,1805900.0,1082400.0,265500.0,243100.0,298200.0,221100.0,2232800.0,2434100.0,1944200.0,942100.0,528100.0,300100.0,200100.0,1113300.0,201900.0,200000.0
20231026101045000,SZSE,SZSE.ETF.159845,2.321,2.313,2.322,2.301,0.0,2.556,2.092,294217059.0,102124.0,294217059.0,102124.0,0.0,0.0,20231026,20231026,101045000,2.324,0.0,0.0,2.321,2.32,2.319,2.318,2.317,2.316,2.315,2.314,2.313,2.312,2.322,2.323,2.324,2.325,2.326,2.327,2.328,2.329,2.33,2.331,2811600.0,3448500.0,4533200.0,6079100.0,1805900.0,1082400.0,265500.0,243100.0,298200.0,221100.0,2646100.0,2089700.0,1994200.0,942100.0,528100.0,300100.0,200100.0,1113300.0,201900.0,200000.0
20231026101048000,SZSE,SZSE.ETF.159845,2.321,2.313,2.322,2.301,0.0,2.556,2.092,294287850.0,70791.0,294287850.0,70791.0,0.0,0.0,20231026,20231026,101048000,2.324,0.0,0.0,2.321,2.32,2.319,2.318,2.317,2.316,2.315,2.314,2.313,2.312,2.322,2.323,2.324,2.325,2.326,2.327,2.328,2.329,2.33,2.331,3781100.0,3637600.0,4443200.0,5779100.0,1805900.0,1082400.0,265500.0,243100.0,298200.0,221100.0,2008800.0,2448100.0,2064200.0,942100.0,528100.0,300100.0,200100.0,203200.0,201900.0,200000.0
20231026101051000,SZSE,SZSE.ETF.159845,2.321,2.313,2.322,2.301,0.0,2.556,2.092,294395326.0,107476.0,294395326.0,107476.0,0.0,0.0,20231026,20231026,101051000,2.324,0.0,0.0,2.321,2.32,2.319,2.318,2.317,2.316,2.315,2.314,2.313,2.312,2.322,2.323,2.324,2.325,2.326,2.327,2.328,2.329,2.33,2.331,3770900.0,4827600.0,4443200.0,5779000.0,1315800.0,1082300.0,265500.0,243100.0,298200.0,221100.0,1438700.0,2619000.0,2064200.0,1432100.0,528100.0,300100.0,200100.0,203200.0,1112000.0,200000.0
20231026101054000,SZSE,SZSE.ETF.159845,2.321,2.313,2.322,2.301,0.0,2.556,2.092,294507431.0,112105.0,294507431.0,112105.0,0.0,0.0,20231026,20231026,101054000,2.324,0.0,0.0,2.321,2.32,2.319,2.318,2.317,2.316,2.315,2.314,2.313,2.312,2.322,2.323,2.324,2.325,2.326,2.327,2.328,2.329,2.33,2.331,3622600.0,4608500.0,4453200.0,5779000.0,1215800.0,362300.0,265500.0,243100.0,298200.0,221100.0,419700.0,3148100.0,2031200.0,1452100.0,748100.0,300100.0,300100.0,203200.0,1112000.0,200000.0
20231026101057000,SZSE,SZSE.ETF.159845,2.322,2.313,2.322,2.301,0.0,2.556,2.092,295826078.0,1318647.0,295826078.0,1318647.0,0.0,0.0,20231026,20231026,101057000,2.324,0.0,0.0,2.322,2.321,2.32,2.319,2.318,2.317,2.316,2.315,2.314,2.313,2.323,2.324,2.325,2.326,2.327,2.328,2.329,2.33,2.331,2.332,1149300.0,2223500.0,4261600.0,3543200.0,5779000.0,1267800.0,310300.0,265500.0,243100.0,298200.0,2659800.0,2586100.0,1580100.0,807100.0,300100.0,300100.0,203200.0,1112000.0,200000.0,210300.0
20231026101100000,SZSE,SZSE.ETF.159845,2.322,2.313,2.322,2.301,0.0,2.556,2.092,296063851.0,237773.0,296063851.0,237773.0,0.0,0.0,20231026,20231026,101100000,2.324,0.0,0.0,2.322,2.321,2.32,2.319,2.318,2.317,2.316,2.315,2.314,2.313,2.323,2.324,2.325,2.326,2.327,2.328,2.329,2.33,2.331,2.332,2046900.0,2849400.0,3755900.0,2363400.0,5344400.0,900600.0,310100.0,265500.0,243100.0,298200.0,2158100.0,1761100.0,2018100.0,854700.0,689500.0,307100.0,203200.0,201900.0,200000.0,210300.0
20231026101103000,SZSE,SZSE.ETF.159845,2.322,2.313,2.322,2.301,0.0,2.556,2.092,296133046.0,69195.0,296133046.0,69195.0,0.0,0.0,20231026,20231026,101103000,2.324,0.0,0.0,2.322,2.321,2.32,2.319,2.318,2.317,2.316,2.315,2.314,2.313,2.323,2.324,2.325,2.326,2.327,2.328,2.329,2.33,2.331,2.332,3806000.0,1990500.0,3615900.0,2363400.0,5344400.0,900800.0,309900.0,265500.0,243100.0,298200.0,2152700.0,1761100.0,2318100.0,854700.0,689500.0,307100.0,203200.0,201900.0,1110100.0,210300.0
20231026101106000,SZSE,SZSE.ETF.159845,2.322,2.313,2.322,2.301,0.0,2.556,2.092,296171591.0,38545.0,296171591.0,38545.0,0.0,0.0,20231026,20231026,101106000,2.324,0.0,0.0,2.322,2.321,2.32,2.319,2.318,2.317,2.316,2.315,2.314,2.313,2.323,2.324,2.325,2.326,2.327,2.328,2.329,2.33,2.331,2.332,1111800.0,3030600.0,3495900.0,2273400.0,5244400.0,1120800.0,309900.0,265500.0,243100.0,298200.0,2231700.0,1931100.0,2368100.0,854700.0,469500.0,307100.0,203200.0,208900.0,1110100.0,210300.0
20231026101109000,SZSE,SZSE.ETF.159845,2.322,2.313,2.322,2.301,0.0,2.556,2.092,296283280.0,111689.0,296283280.0,111689.0,0.0,0.0,20231026,20231026,101109000,2.324,0.0,0.0,2.322,2.321,2.32,2.319,2.318,2.317,2.316,2.315,2.314,2.313,2.323,2.324,2.325,2.326,2.327,2.328,2.329,2.33,2.331,2.332,2077700.0,3216600.0,3636000.0,2073400.0,5244200.0,1120800.0,309900.0,265500.0,243100.0,298200.0,1937700.0,1995100.0,2608100.0,856700.0,469500.0,307100.0,203200.0,208900.0,1110100.0,210300.0
20231026101112000,SZSE,SZSE.ETF.159845,2.322,2.313,2.322,2.301,0.0,2.556,2.092,297759607.0,1476327.0,297759607.0,1476327.0,0.0,0.0,20231026,20231026,101112000,2.324,0.0,0.0,2.322,2.321,2.32,2.319,2.318,2.317,2.316,2.315,2.314,2.313,2.323,2.324,2.325,2.326,2.327,2.328,2.329,2.33,2.331,2.332,441900.0,3624700.0,3486000.0,2193400.0,5244200.0,1120800.0,809900.0,265500.0,243100.0,298200.0,2915000.0,1636700.0,2238100.0,856700.0,469500.0,307100.0,203200.0,208900.0,1110100.0,210300.0
20231026101115000,SZSE,SZSE.ETF.159845,2.322,2.313,2.322,2.301,0.0,2.556,2.092,301142529.0,3382922.0,301142529.0,3382922.0,0.0,0.0,20231026,20231026,101115000,2.324,0.0,0.0,2.321,2.32,2.319,2.318,2.317,2.316,2.315,2.314,2.313,2.312,2.322,2.323,2.324,2.325,2.326,2.327,2.328,2.329,2.33,2.331,3163500.0,3427400.0,2073400.0,5244200.0,1220800.0,809900.0,265500.0,243100.0,298200.0,221100.0,322000.0,3043100.0,1672700.0,2408100.0,906700.0,519500.0,207100.0,203200.0,208900.0,200000.0
20231026101118000,SZSE,SZSE.ETF.159845,2.322,2.313,2.322,2.301,0.0,2.556,2.092,303552301.0,2409772.0,303552301.0,2409772.0,0.0,0.0,20231026,20231026,101118000,2.324,0.0,0.0,2.321,2.32,2.319,2.318,2.317,2.316,2.315,2.314,2.313,2.312,2.322,2.323,2.324,2.325,2.326,2.327,2.328,2.329,2.33,2.331,2141300.0,3192200.0,2353400.0,5498800.0,1806200.0,1029900.0,765500.0,243100.0,298200.0,221100.0,1991000.0,2186800.0,2387700.0,980100.0,587100.0,350100.0,207100.0,203200.0,1119000.0,200000.0
20231026101121000,SZSE,SZSE.ETF.159845,2.321,2.313,2.322,2.301,0.0,2.556,2.092,306698257.0,3145956.0,306698257.0,3145956.0,0.0,0.0,20231026,20231026,101121000,2.324,0.0,0.0,2.321,2.32,2.319,2.318,2.317,2.316,2.315,2.314,2.313,2.312,2.322,2.323,2.324,2.325,2.326,2.327,2.328,2.329,2.33,2.331,3032700.0,4593500.0,2153400.0,5158800.0,1316200.0,1081900.0,985500.0,243100.0,298200.0,221100.0,1337400.0,2332700.0,2237700.0,1212100.0,587100.0,350100.0,207100.0,203200.0,208900.0,200000.0
20231026101124000,SZSE,SZSE.ETF.159845,2.322,2.313,2.322,2.301,0.0,2.556,2.092,306935753.0,237496.0,306935753.0,237496.0,0.0,0.0,20231026,20231026,101124000,2.324,0.0,0.0,2.321,2.32,2.319,2.318,2.317,2.316,2.315,2.314,2.313,2.312,2.322,2.323,2.324,2.325,2.326,2.327,2.328,2.329,2.33,2.331,4218600.0,3976300.0,2243400.0,4668800.0,1316200.0,1081900.0,485500.0,243100.0,298200.0,221100.0,347500.0,2523700.0,2127700.0,1332100.0,1077100.0,350100.0,207100.0,1113300.0,208900.0,200000.0
20231026101127000,SZSE,SZSE.ETF.159845,2.322,2.313,2.322,2.301,0.0,2.556,2.092,307895204.0,959451.0,307895204.0,959451.0,0.0,0.0,20231026,20231026,101127000,2.324,0.0,0.0,2.322,2.321,2.32,2.319,2.318,2.317,2.316,2.315,2.314,2.313,2.323,2.324,2.325,2.326,2.327,2.328,2.329,2.33,2.331,2.332,1865800.0,3861200.0,4535400.0,2163400.0,4888800.0,996200.0,361900.0,265500.0,243100.0,298200.0,1897200.0,2157700.0,2332100.0,1417100.0,350100.0,307100.0,1113300.0,208900.0,200000.0,210300.0
20231026101130000,SZSE,SZSE.ETF.159845,2.323,2.313,2.323,2.301,0.0,2.556,2.092,309309294.0,1414090.0,309309294.0,1414090.0,0.0,0.0,20231026,20231026,101130000,2.324,0.0,0.0,2.323,2.322,2.321,2.32,2.319,2.318,2.317,2.316,2.315,2.314,2.324,2.325,2.326,2.327,2.328,2.329,2.33,2.331,2.332,2.333,596300.0,3843600.0,3388000.0,3935600.0,1493400.0,4434200.0,400800.0,309900.0,265500.0,243100.0,1964400.0,2228100.0,1476700.0,1009500.0,307100.0,303200.0,1119000.0,200000.0,210400.0,203300.0
20231026101133000,SZSE,SZSE.ETF.159845,2.323,2.313,2.323,2.301,0.0,2.556,2.092,309398962.0,89668.0,309398962.0,89668.0,0.0,0.0,20231026,20231026,101133000,2.324,0.0,0.0,2.323,2.322,2.321,2.32,2.319,2.318,2.317,2.316,2.315,2.314,2.324,2.325,2.326,2.327,2.328,2.329,2.33,2.331,2.332,2.333,580500.0,3748200.0,3943100.0,2905600.0,1358800.0,4286800.0,400800.0,309900.0,265500.0,243100.0,1978500.0,2229500.0,1764700.0,1327100.0,746500.0,303200.0,208900.0,200000.0,210400.0,203300.0
20231026101136000,SZSE,SZSE.ETF.159845,2.323,2.313,2.323,2.301,0.0,2.556,2.092,309508375.0,109413.0,309508375.0,109413.0,0.0,0.0,20231026,20231026,101136000,2.324,0.0,0.0,2.323,2.322,2.321,2.32,2.319,2.318,2.317,2.316,2.315,2.314,2.324,2.325,2.326,2.327,2.328,2.329,2.33,2.331,2.332,2.333,1260400.0,2899500.0,3383100.0,3185600.0,1758800.0,4387000.0,900600.0,309900.0,265500.0,243100.0,1244700.0,2443500.0,1724700.0,837100.0,746500.0,203200.0,208900.0,1110100.0,210400.0,203300.0
20231026101139000,SZSE,SZSE.ETF.159845,2.323,2.313,2.324,2.301,0.0,2.556,2.092,312162180.0,2653805.0,312162180.0,2653805.0,0.0,0.0,20231026,20231026,101139000,2.324,0.0,0.0,2.322,2.321,2.32,2.319,2.318,2.317,2.316,2.315,2.314,2.313,2.323,2.324,2.325,2.326,2.327,2.328,2.329,2.33,2.331,2.332,2201300.0,2793100.0,3185600.0,1758800.0,4607000.0,900600.0,309900.0,265500.0,243100.0,298200.0,42000.0,2068500.0,2349500.0,1774700.0,837100.0,526500.0,203200.0,208900.0,1110100.0,210400.0
20231026101142000,SZSE,SZSE.ETF.159845,2.323,2.313,2.324,2.301,0.0,2.556,2.092,312162180.0,0.0,312162180.0,0.0,0.0,0.0,20231026,20231026,101142000,2.324,0.0,0.0,2.322,2.321,2.32,2.319,2.318,2.317,2.316,2.315,2.314,2.313,2.323,2.324,2.325,2.326,2.327,2.328,2.329,2.33,2.331,2.332,2026600.0,3221100.0,2485600.0,1893400.0,4754600.0,848400.0,361900.0,265500.0,243100.0,298200.0,126600.0,2441100.0,3026500.0,1914700.0,789500.0,357100.0,203200.0,208900.0,1110100.0,210400.0
20231026101145000,SZSE,SZSE.ETF.159845,2.322,2.313,2.324,2.301,0.0,2.556,2.092,312322630.0,160450.0,312322630.0,160450.0,0.0,0.0,20231026,20231026,101145000,2.324,0.0,0.0,2.322,2.321,2.32,2.319,2.318,2.317,2.316,2.315,2.314,2.313,2.323,2.324,2.325,2.326,2.327,2.328,2.329,2.33,2.331,2.332,384200.0,4474700.0,1865600.0,1893400.0,5244600.0,848400.0,861900.0,265500.0,243100.0,298200.0,1838700.0,2031100.0,2476500.0,1244700.0,569500.0,257100.0,203200.0,208900.0,1110100.0,210400.0
20231026101148000,SZSE,SZSE.ETF.159845,2.322,2.313,2.324,2.301,0.0,2.556,2.092,312416207.0,93577.0,312416207.0,93577.0,0.0,0.0,20231026,20231026,101148000,2.324,0.0,0.0,2.322,2.321,2.32,2.319,2.318,2.317,2.316,2.315,2.314,2.313,2.323,2.324,2.325,2.326,2.327,2.328,2.329,2.33,2.331,2.332,1244900.0,4262500.0,1915600.0,2073400.0,5244600.0,1168400.0,861900.0,265500.0,243100.0,298200.0,2038700.0,2491100.0,2426500.0,1154700.0,569500.0,257100.0,203200.0,1119000.0,200000.0,210400.0
20231026101151000,SZSE,SZSE.ETF.159845,2.322,2.313,2.324,2.301,0.0,2.556,2.092,313490364.0,1074157.0,313490364.0,1074157.0,0.0,0.0,20231026,20231026,101151000,2.324,0.0,0.0,2.322,2.321,2.32,2.319,2.318,2.317,2.316,2.315,2.314,2.313,2.323,2.324,2.325,2.326,2.327,2.328,2.329,2.33,2.331,2.332,655400.0,4431200.0,2005600.0,2073400.0,5244600.0,1168400.0,861900.0,265500.0,243100.0,298200.0,2221000.0,2581000.0,2166500.0,854700.0,569500.0,257100.0,203200.0,1119000.0,200000.0,210400.0
20231026101154000,SZSE,SZSE.ETF.159845,2.323,2.313,2.324,2.301,0.0,2.556,2.092,313597191.0,106827.0,313597191.0,106827.0,0.0,0.0,20231026,20231026,101154000,2.324,0.0,0.0,2.322,2.321,2.32,2.319,2.318,2.317,2.316,2.315,2.314,2.313,2.323,2.324,2.325,2.326,2.327,2.328,2.329,2.33,2.331,2.332,942200.0,4494800.0,1655600.0,1893400.0,5244600.0,1168400.0,809900.0,265500.0,243100.0,298200.0,1818100.0,2441000.0,2414500.0,854700.0,569500.0,257100.0,203200.0,1119000.0,200100.0,210400.0
20231026101157000,SZSE,SZSE.ETF.159845,2.322,2.313,2.324,2.301,0.0,2.556,2.092,313701913.0,104722.0,313701913.0,104722.0,0.0,0.0,20231026,20231026,101157000,2.324,0.0,0.0,2.322,2.321,2.32,2.319,2.318,2.317,2.316,2.315,2.314,2.313,2.323,2.324,2.325,2.326,2.327,2.328,2.329,2.33,2.331,2.332,897100.0,5144800.0,1705600.0,1893400.0,5244600.0,1220400.0,809900.0,265500.0,243100.0,298300.0,1924300.0,2531000.0,2464500.0,906700.0,569500.0,257100.0,203200.0,1121000.0,200100.0,210400.0
20231026101200000,SZSE,SZSE.ETF.159845,2.323,2.313,2.324,2.301,0.0,2.556,2.092,313811281.0,109368.0,313811281.0,109368.0,0.0,0.0,20231026,20231026,101200000,2.324,0.0,0.0,2.322,2.321,2.32,2.319,2.318,2.317,2.316,2.315,2.314,2.313,2.323,2.324,2.325,2.326,2.327,2.328,2.329,2.33,2.331,2.332,2034200.0,4144800.0,1749200.0,1893400.0,5244600.0,1000400.0,809900.0,265500.0,243100.0,298300.0,1905900.0,2531000.0,2464500.0,1130300.0,569500.0,257100.0,203200.0,1121000.0,200100.0,210400.0
20231026101203000,SZSE,SZSE.ETF.159845,2.322,2.313,2.324,2.301,0.0,2.556,2.092,313875136.0,63855.0,313875136.0,63855.0,0.0,0.0,20231026,20231026,101203000,2.324,0.0,0.0,2.322,2.321,2.32,2.319,2.318,2.317,2.316,2.315,2.314,2.313,2.323,2.324,2.325,2.326,2.327,2.328,2.329,2.33,2.331,2.332,812800.0,4393700.0,1809200.0,2073400.0,5244600.0,1220400.0,809900.0,265500.0,243100.0,298300.0,1930200.0,2651400.0,2324500.0,950300.0,569500.0,258100.0,203200.0,1121000.0,200100.0,210400.0
20231026101206000,SZSE,SZSE.ETF.159845,2.322,2.313,2.324,2.301,0.0,2.556,2.092,313985896.0,110760.0,313985896.0,110760.0,0.0,0.0,20231026,20231026,101206000,2.324,0.0,0.0,2.322,2.321,2.32,2.319,2.318,2.317,2.316,2.315,2.314,2.313,2.323,2.324,2.325,2.326,2.327,2.328,2.329,2.33,2.331,2.332,765100.0,3764200.0,2448700.0,1573400.0,5244600.0,1220400.0,809900.0,765500.0,243100.0,298300.0,2018700.0,2531000.0,2464500.0,950300.0,569500.0,258100.0,204200.0,1121000.0,200100.0,210400.0
20231026101209000,SZSE,SZSE.ETF.159845,2.323,2.313,2.324,2.301,0.0,2.556,2.092,314130116.0,144220.0,314130116.0,144220.0,0.0,0.0,20231026,20231026,101209000,2.324,0.0,0.0,2.322,2.321,2.32,2.319,2.318,2.317,2.316,2.315,2.314,2.313,2.323,2.324,2.325,2.326,2.327,2.328,2.329,2.33,2.331,2.332,727000.0,4373700.0,1699200.0,1473400.0,5344600.0,1168400.0,809900.0,765500.0,243100.0,298300.0,1914700.0,2441000.0,2414500.0,898300.0,569500.0,258100.0,204200.0,1121000.0,200100.0,210400.0
20231026101212000,SZSE,SZSE.ETF.159845,2.322,2.313,2.324,2.301,0.0,2.556,2.092,314234607.0,104491.0,314234607.0,104491.0,0.0,0.0,20231026,20231026,101212000,2.324,0.0,0.0,2.322,2.321,2.32,2.319,2.318,2.317,2.316,2.315,2.314,2.313,2.323,2.324,2.325,2.326,2.327,2.328,2.329,2.33,2.331,2.332,697000.0,4463700.0,1749200.0,1973400.0,5344600.0,1168400.0,861900.0,265500.0,243100.0,298300.0,1995400.0,2545000.0,2516500.0,898300.0,569500.0,258100.0,204200.0,1121000.0,200100.0,210400.0
20231026101215000,SZSE,SZSE.ETF.159845,2.322,2.313,2.324,2.301,0.0,2.556,2.092,314296372.0,61765.0,314296372.0,61765.0,0.0,0.0,20231026,20231026,101215000,2.324,0.0,0.0,2.322,2.321,2.32,2.319,2.318,2.317,2.316,2.315,2.314,2.313,2.323,2.324,2.325,2.326,2.327,2.328,2.329,2.33,2.331,2.332,670400.0,4263700.0,1859200.0,2073400.0,5344600.0,1168400.0,861900.0,265500.0,243100.0,298300.0,2019700.0,2661100.0,2426500.0,898300.0,569500.0,258100.0,204200.0,1121000.0,200100.0,210400.0
20231026101218000,SZSE,SZSE.ETF.159845,2.322,2.313,2.324,2.301,0.0,2.556,2.092,314408989.0,112617.0,314408989.0,112617.0,0.0,0.0,20231026,20231026,101218000,2.324,0.0,0.0,2.322,2.321,2.32,2.319,2.318,2.317,2.316,2.315,2.314,2.313,2.323,2.324,2.325,2.326,2.327,2.328,2.329,2.33,2.331,2.332,807900.0,4399900.0,1899200.0,2073400.0,5344600.0,1068400.0,861900.0,265500.0,243100.0,298300.0,2009400.0,2581000.0,2366500.0,1078300.0,569500.0,258100.0,204200.0,1121000.0,200100.0,210400.0
20231026101221000,SZSE,SZSE.ETF.159845,2.322,2.313,2.324,2.301,0.0,2.556,2.092,314480042.0,71053.0,314480042.0,71053.0,0.0,0.0,20231026,20231026,101221000,2.324,0.0,0.0,2.322,2.321,2.32,2.319,2.318,2.317,2.316,2.315,2.314,2.313,2.323,2.324,2.325,2.326,2.327,2.328,2.329,2.33,2.331,2.332,591300.0,4385900.0,1949200.0,1893400.0,5344600.0,1168400.0,861900.0,265500.0,243100.0,298300.0,2019700.0,2715400.0,2466500.0,898300.0,569500.0,258100.0,204200.0,1121000.0,200100.0,210400.0
20231026101224000,SZSE,SZSE.ETF.159845,2.322,2.313,2.324,2.301,0.0,2.556,2.092,314568743.0,88701.0,314568743.0,88701.0,0.0,0.0,20231026,20231026,101224000,2.324,0.0,0.0,2.322,2.321,2.32,2.319,2.318,2.317,2.316,2.315,2.314,2.313,2.323,2.324,2.325,2.326,2.327,2.328,2.329,2.33,2.331,2.332,2454200.0,4014200.0,2449200.0,1893400.0,4854600.0,848400.0,361900.0,265500.0,243100.0,298300.0,505400.0,2623600.0,2944300.0,1688300.0,789500.0,358100.0,204200.0,1121000.0,200100.0,210400.0
20231026101227000,SZSE,SZSE.ETF.159845,2.322,2.313,2.324,2.301,0.0,2.556,2.092,314620291.0,51548.0,314620291.0,51548.0,0.0,0.0,20231026,20231026,101227000,2.324,0.0,0.0,2.322,2.321,2.32,2.319,2.318,2.317,2.316,2.315,2.314,2.313,2.323,2.324,2.325,2.326,2.327,2.328,2.329,2.33,2.331,2.332,2336500.0,4064200.0,2475600.0,1937000.0,4854600.0,848400.0,361900.0,265500.0,243100.0,298300.0,384500.0,2707600.0,3037900.0,1524700.0,789500.0,358100.0,204200.0,1121000.0,200100.0,210400.0
20231026101230000,SZSE,SZSE.ETF.159845,2.322,2.313,2.324,2.301,0.0,2.556,2.092,314854380.0,234089.0,314854380.0,234089.0,0.0,0.0,20231026,20231026,101230000,2.324,0.0,0.0,2.322,2.321,2.32,2.319,2.318,2.317,2.316,2.315,2.314,2.313,2.323,2.324,2.325,2.326,2.327,2.328,2.329,2.33,2.331,2.332,2271700.0,4014200.0,2475600.0,1937000.0,4854600.0,848400.0,309900.0,270500.0,243100.0,298300.0,553500.0,3207600.0,2436400.0,1524700.0,789500.0,358100.0,204200.0,1121000.0,200100.0,210400.0
20231026101233000,SZSE,SZSE.ETF.159845,2.323,2.313,2.324,2.301,0.0,2.556,2.092,315177235.0,322855.0,315177235.0,322855.0,0.0,0.0,20231026,20231026,101233000,2.324,0.0,0.0,2.322,2.321,2.32,2.319,2.318,2.317,2.316,2.315,2.314,2.313,2.323,2.324,2.325,2.326,2.327,2.328,2.329,2.33,2.331,2.332,1633300.0,4690100.0,1975600.0,1937000.0,4854600.0,900400.0,809900.0,270500.0,243100.0,298300.0,1456600.0,2087700.0,2408600.0,1576700.0,789500.0,358100.0,204200.0,1121000.0,200100.0,210400.0
20231026101236000,SZSE,SZSE.ETF.159845,2.322,2.313,2.324,2.301,0.0,2.556,2.092,315268954.0,91719.0,315268954.0,91719.0,0.0,0.0,20231026,20231026,101236000,2.324,0.0,0.0,2.322,2.321,2.32,2.319,2.318,2.317,2.316,2.315,2.314,2.313,2.323,2.324,2.325,2.326,2.327,2.328,2.329,2.33,2.331,2.332,2255500.0,4014100.0,2569200.0,1893400.0,4854600.0,900400.0,309900.0,270500.0,243100.0,298300.0,301600.0,2387700.0,3142800.0,1620300.0,789500.0,358100.0,204200.0,1121000.0,200100.0,210400.0
20231026101239000,SZSE,SZSE.ETF.159845,2.323,2.313,2.324,2.301,0.0,2.556,2.092,316361222.0,1092268.0,316361222.0,1092268.0,0.0,0.0,20231026,20231026,101239000,2.324,0.0,0.0,2.323,2.322,2.321,2.32,2.319,2.318,2.317,2.316,2.315,2.314,2.324,2.325,2.326,2.327,2.328,2.329,2.33,2.331,2.332,2.333,100.0,2728800.0,3497300.0,1975600.0,1497000.0,4754600.0,400400.0,309900.0,270500.0,243100.0,1647500.0,2258600.0,1746700.0,1459500.0,358100.0,204200.0,1121000.0,200100.0,210400.0,203300.0
20231026101242000,SZSE,SZSE.ETF.159845,2.323,2.313,2.324,2.301,0.0,2.556,2.092,316488290.0,127068.0,316488290.0,127068.0,0.0,0.0,20231026,20231026,101242000,2.324,0.0,0.0,2.323,2.322,2.321,2.32,2.319,2.318,2.317,2.316,2.315,2.314,2.324,2.325,2.326,2.327,2.328,2.329,2.33,2.331,2.332,2.333,1336300.0,2732700.0,3776800.0,2005600.0,1268800.0,4507200.0,400400.0,309900.0,270500.0,243100.0,2147500.0,2349900.0,1584700.0,1550700.0,527500.0,304200.0,1121000.0,200100.0,210400.0,203300.0
20231026101245000,SZSE,SZSE.ETF.159845,2.323,2.313,2.324,2.301,0.0,2.556,2.092,316527084.0,38794.0,316527084.0,38794.0,0.0,0.0,20231026,20231026,101245000,2.324,0.0,0.0,2.323,2.322,2.321,2.32,2.319,2.318,2.317,2.316,2.315,2.314,2.324,2.325,2.326,2.327,2.328,2.329,2.33,2.331,2.332,2.333,1332100.0,3381000.0,3471600.0,2049200.0,1268800.0,4507200.0,400400.0,309900.0,270500.0,243100.0,1753300.0,2770000.0,1718300.0,1507100.0,527500.0,304200.0,210900.0,1110200.0,210400.0,203300.0
20231026101248000,SZSE,SZSE.ETF.159845,2.323,2.313,2.324,2.301,0.0,2.556,2.092,316691320.0,164236.0,316691320.0,164236.0,0.0,0.0,20231026,20231026,101248000,2.324,0.0,0.0,2.323,2.322,2.321,2.32,2.319,2.318,2.317,2.316,2.315,2.314,2.324,2.325,2.326,2.327,2.328,2.329,2.33,2.331,2.332,2.333,1162800.0,3015400.0,3403200.0,2049200.0,1268800.0,4287200.0,900400.0,309900.0,270500.0,243100.0,1149300.0,3064000.0,1668300.0,1507100.0,747500.0,304200.0,210900.0,1110200.0,210400.0,203300.0
20231026101251000,SZSE,SZSE.ETF.159845,2.323,2.313,2.324,2.301,0.0,2.556,2.092,316792835.0,101515.0,316792835.0,101515.0,0.0,0.0,20231026,20231026,101251000,2.324,0.0,0.0,2.323,2.322,2.321,2.32,2.319,2.318,2.317,2.316,2.315,2.314,2.324,2.325,2.326,2.327,2.328,2.329,2.33,2.331,2.332,2.333,99100.0,2817600.0,3301100.0,2305600.0,1758800.0,4607200.0,900400.0,309900.0,270500.0,243100.0,2859200.0,2374000.0,1654700.0,880700.0,527500.0,204200.0,210900.0,1110200.0,210400.0,203300.0
20231026101254000,SZSE,SZSE.ETF.159845,2.323,2.313,2.324,2.301,0.0,2.556,2.092,316890401.0,97566.0,316890401.0,97566.0,0.0,0.0,20231026,20231026,101254000,2.324,0.0,0.0,2.323,2.322,2.321,2.32,2.319,2.318,2.317,2.316,2.315,2.314,2.324,2.325,2.326,2.327,2.328,2.329,2.33,2.331,2.332,2.333,30600.0,3629400.0,2949500.0,2657200.0,1758800.0,4607200.0,900400.0,309900.0,270500.0,243100.0,3073200.0,2210000.0,1604700.0,880700.0,527500.0,214200.0,1121000.0,200100.0,210400.0,203300.0
20231026101257000,SZSE,SZSE.ETF.159845,2.323,2.313,2.324,2.301,0.0,2.556,2.092,316963808.0,73407.0,316963808.0,73407.0,0.0,0.0,20231026,20231026,101257000,2.324,0.0,0.0,2.322,2.321,2.32,2.319,2.318,2.317,2.316,2.315,2.314,2.313,2.323,2.324,2.325,2.326,2.327,2.328,2.329,2.33,2.331,2.332,3921600.0,3161100.0,2185600.0,1758800.0,4607200.0,900400.0,309900.0,270500.0,243100.0,298300.0,268400.0,2989200.0,2360000.0,1634700.0,880700.0,527500.0,214200.0,1121000.0,200100.0,210400.0
20231026101300000,SZSE,SZSE.ETF.159845,2.323,2.313,2.324,2.301,0.0,2.556,2.092,317786615.0,822807.0,317786615.0,822807.0,0.0,0.0,20231026,20231026,101300000,2.324,0.0,0.0,2.323,2.322,2.321,2.32,2.319,2.318,2.317,2.316,2.315,2.314,2.324,2.325,2.326,2.327,2.328,2.329,2.33,2.331,2.332,2.333,884300.0,3314900.0,2971200.0,1929200.0,1893400.0,4754600.0,900400.0,309900.0,270500.0,243100.0,3149200.0,2365000.0,1830300.0,789500.0,358100.0,214200.0,1121000.0,200100.0,210400.0,203300.0
20231026101303000,SZSE,SZSE.ETF.159845,2.323,2.313,2.324,2.301,0.0,2.556,2.092,317851659.0,65044.0,317851659.0,65044.0,0.0,0.0,20231026,20231026,101303000,2.324,0.0,0.0,2.323,2.322,2.321,2.32,2.319,2.318,2.317,2.316,2.315,2.314,2.324,2.325,2.326,2.327,2.328,2.329,2.33,2.331,2.332,2.333,208100.0,3742700.0,3276800.0,2185600.0,1758800.0,4507200.0,900400.0,309900.0,270500.0,243100.0,3077200.0,2120000.0,1624700.0,880700.0,527500.0,314200.0,1121000.0,200100.0,210400.0,203300.0
20231026101306000,SZSE,SZSE.ETF.159845,2.323,2.313,2.324,2.301,0.0,2.556,2.092,317963395.0,111736.0,317963395.0,111736.0,0.0,0.0,20231026,20231026,101306000,2.324,0.0,0.0,2.323,2.322,2.321,2.32,2.319,2.318,2.317,2.316,2.315,2.314,2.324,2.325,2.326,2.327,2.328,2.329,2.33,2.331,2.332,2.333,32500.0,3205000.0,2899500.0,1937200.0,1758800.0,4607200.0,900400.0,809900.0,270500.0,243100.0,3157200.0,2160000.0,1724700.0,880700.0,527500.0,214200.0,1121000.0,200100.0,210400.0,203400.0
20231026101309000,SZSE,SZSE.ETF.159845,2.323,2.313,2.324,2.301,0.0,2.556,2.092,318038892.0,75497.0,318038892.0,75497.0,0.0,0.0,20231026,20231026,101309000,2.324,0.0,0.0,2.322,2.321,2.32,2.319,2.318,2.317,2.316,2.315,2.314,2.313,2.323,2.324,2.325,2.326,2.327,2.328,2.329,2.33,2.331,2.332,3231000.0,3176800.0,2185600.0,1758800.0,4607200.0,900400.0,309900.0,270500.0,243100.0,298300.0,9200.0,3103200.0,2210000.0,1724700.0,880700.0,527500.0,214200.0,1121000.0,200100.0,210400.0
20231026101312000,SZSE,SZSE.ETF.159845,2.323,2.313,2.324,2.301,0.0,2.556,2.092,318165728.0,126836.0,318165728.0,126836.0,0.0,0.0,20231026,20231026,101312000,2.324,0.0,0.0,2.323,2.322,2.321,2.32,2.319,2.318,2.317,2.316,2.315,2.314,2.324,2.325,2.326,2.327,2.328,2.329,2.33,2.331,2.332,2.333,1645400.0,3136100.0,3049600.0,1919200.0,1403400.0,4434600.0,400400.0,309900.0,270500.0,243100.0,977800.0,3635000.0,1640300.0,1579500.0,578100.0,314200.0,1121000.0,200100.0,210400.0,203400.0
20231026101315000,SZSE,SZSE.ETF.159845,2.323,2.313,2.324,2.301,0.0,2.556,2.092,318216370.0,50642.0,318216370.0,50642.0,0.0,0.0,20231026,20231026,101315000,2.324,0.0,0.0,2.323,2.322,2.321,2.32,2.319,2.318,2.317,2.316,2.315,2.314,2.324,2.325,2.326,2.327,2.328,2.329,2.33,2.331,2.332,2.333,3096200.0,2336100.0,2761600.0,2139200.0,1268800.0,4287200.0,400400.0,309900.0,270500.0,243100.0,817800.0,3324700.0,1628300.0,1827100.0,747500.0,314200.0,210900.0,1110200.0,210400.0,203400.0
20231026101318000,SZSE,SZSE.ETF.159845,2.324,2.313,2.324,2.301,0.0,2.556,2.092,320318428.0,2102058.0,320318428.0,2102058.0,0.0,0.0,20231026,20231026,101318000,2.324,0.0,0.0,2.324,2.323,2.322,2.321,2.32,2.319,2.318,2.317,2.316,2.315,2.325,2.326,2.327,2.328,2.329,2.33,2.331,2.332,2.333,2.334,264000.0,3275800.0,2239300.0,2761600.0,2139200.0,1268800.0,4287200.0,400400.0,309900.0,270500.0,3144800.0,1834600.0,1707100.0,747500.0,314200.0,210900.0,1110200.0,210400.0,203400.0,203000.0
20231026101321000,SZSE,SZSE.ETF.159845,2.324,2.313,2.324,2.301,0.0,2.556,2.092,320399303.0,80875.0,320399303.0,80875.0,0.0,0.0,20231026,20231026,101321000,2.324,0.0,0.0,2.324,2.323,2.322,2.321,2.32,2.319,2.318,2.317,2.316,2.315,2.325,2.326,2.327,2.328,2.329,2.33,2.331,2.332,2.333,2.334,1378100.0,2995800.0,2727500.0,2881600.0,1471000.0,1021600.0,4339000.0,348400.0,309900.0,270500.0,2577600.0,1584000.0,1897100.0,1328600.0,533600.0,310900.0,200100.0,1120500.0,203400.0,203000.0
20231026101324000,SZSE,SZSE.ETF.159845,2.324,2.313,2.324,2.301,0.0,2.556,2.092,320491566.0,92263.0,320491566.0,92263.0,0.0,0.0,20231026,20231026,101324000,2.324,0.0,0.0,2.324,2.323,2.322,2.321,2.32,2.319,2.318,2.317,2.316,2.315,2.325,2.326,2.327,2.328,2.329,2.33,2.331,2.332,2.333,2.334,1428400.0,1868400.0,2751300.0,2925200.0,1871000.0,1021600.0,4339000.0,348400.0,309900.0,270500.0,2738600.0,1734000.0,1940700.0,795100.0,533600.0,310900.0,200100.0,1120500.0,203400.0,203000.0
20231026101327000,SZSE,SZSE.ETF.159845,2.324,2.313,2.324,2.301,0.0,2.556,2.092,320561053.0,69487.0,320561053.0,69487.0,0.0,0.0,20231026,20231026,101327000,2.324,0.0,0.0,2.324,2.323,2.322,2.321,2.32,2.319,2.318,2.317,2.316,2.315,2.325,2.326,2.327,2.328,2.329,2.33,2.331,2.332,2.333,2.334,1252900.0,2428400.0,2891300.0,2925200.0,1871000.0,1021800.0,4338800.0,348400.0,309900.0,270500.0,2845000.0,1798000.0,2030700.0,795100.0,533600.0,310900.0,200100.0,1120500.0,203400.0,203000.0
20231026101330000,SZSE,SZSE.ETF.159845,2.324,2.313,2.324,2.301,0.0,2.556,2.092,320666795.0,105742.0,320666795.0,105742.0,0.0,0.0,20231026,20231026,101330000,2.324,0.0,0.0,2.324,2.323,2.322,2.321,2.32,2.319,2.318,2.317,2.316,2.315,2.325,2.326,2.327,2.328,2.329,2.33,2.331,2.332,2.333,2.334,1207400.0,2548400.0,2684000.0,2805200.0,1871000.0,1021800.0,4338800.0,348400.0,309900.0,270500.0,2557600.0,1880600.0,2150700.0,795100.0,533600.0,310900.0,200100.0,1120500.0,203400.0,203000.0
20231026101333000,SZSE,SZSE.ETF.159845,2.324,2.313,2.324,2.301,0.0,2.556,2.092,320776256.0,109461.0,320776256.0,109461.0,0.0,0.0,20231026,20231026,101333000,2.324,0.0,0.0,2.324,2.323,2.322,2.321,2.32,2.319,2.318,2.317,2.316,2.315,2.325,2.326,2.327,2.328,2.329,2.33,2.331,2.332,2.333,2.334,1386500.0,3480000.0,2782400.0,2709600.0,1381000.0,1021800.0,3858800.0,348400.0,309900.0,270500.0,2067600.0,1920600.0,2150700.0,1335100.0,533600.0,310900.0,200100.0,1120500.0,203400.0,203000.0
20231026101336000,SZSE,SZSE.ETF.159845,2.324,2.313,2.324,2.301,0.0,2.556,2.092,320868518.0,92262.0,320868518.0,92262.0,0.0,0.0,20231026,20231026,101336000,2.324,0.0,0.0,2.324,2.323,2.322,2.321,2.32,2.319,2.318,2.317,2.316,2.315,2.325,2.326,2.327,2.328,2.329,2.33,2.331,2.332,2.333,2.334,3170200.0,2480000.0,2842400.0,2809600.0,1381000.0,701800.0,3858800.0,348400.0,309900.0,270500.0,1550300.0,1998000.0,2110700.0,1455100.0,753600.0,315900.0,1110200.0,210400.0,203400.0,203000.0
20231026101339000,SZSE,SZSE.ETF.159845,2.324,2.313,2.324,2.301,0.0,2.556,2.092,320924992.0,56474.0,320924992.0,56474.0,0.0,0.0,20231026,20231026,101339000,2.324,0.0,0.0,2.324,2.323,2.322,2.321,2.32,2.319,2.318,2.317,2.316,2.315,2.325,2.326,2.327,2.328,2.329,2.33,2.331,2.332,2.333,2.334,3585900.0,1670000.0,2745900.0,2766000.0,1381000.0,701800.0,3858800.0,348400.0,309900.0,270500.0,350300.0,3112700.0,2157100.0,1558600.0,753600.0,315900.0,1110200.0,210400.0,203400.0,203000.0
20231026101342000,SZSE,SZSE.ETF.159845,2.324,2.313,2.324,2.301,0.0,2.556,2.092,321035614.0,110622.0,321035614.0,110622.0,0.0,0.0,20231026,20231026,101342000,2.324,0.0,0.0,2.324,2.323,2.322,2.321,2.32,2.319,2.318,2.317,2.316,2.315,2.325,2.326,2.327,2.328,2.329,2.33,2.331,2.332,2.333,2.334,2042600.0,3487800.0,3045900.0,2766000.0,1381000.0,701800.0,3858800.0,348400.0,309900.0,270500.0,210300.0,3202700.0,2107100.0,1558600.0,753600.0,315900.0,1111200.0,210400.0,208400.0,203000.0
20231026101345000,SZSE,SZSE.ETF.159845,2.324,2.313,2.324,2.301,0.0,2.556,2.092,321141124.0,105510.0,321141124.0,105510.0,0.0,0.0,20231026,20231026,101345000,2.324,0.0,0.0,2.324,2.323,2.322,2.321,2.32,2.319,2.318,2.317,2.316,2.315,2.325,2.326,2.327,2.328,2.329,2.33,2.331,2.332,2.333,2.334,2023200.0,3461800.0,3002400.0,2809600.0,1281000.0,701800.0,3858800.0,348400.0,309900.0,270500.0,330200.0,2741300.0,2283300.0,1415100.0,753600.0,315900.0,1211200.0,210400.0,208400.0,203000.0
20231026101348000,SZSE,SZSE.ETF.159845,2.324,2.313,2.324,2.301,0.0,2.556,2.092,321444870.0,303746.0,321444870.0,303746.0,0.0,0.0,20231026,20231026,101348000,2.324,0.0,0.0,2.324,2.323,2.322,2.321,2.32,2.319,2.318,2.317,2.316,2.315,2.325,2.326,2.327,2.328,2.329,2.33,2.331,2.332,2.333,2.334,2091300.0,3497800.0,3002400.0,2809600.0,1381000.0,701800.0,3858800.0,348400.0,309900.0,270500.0,356200.0,3202700.0,2200700.0,1515100.0,753600.0,315900.0,1111200.0,210400.0,208400.0,203000.0
20231026101351000,SZSE,SZSE.ETF.159845,2.324,2.313,2.325,2.301,0.0,2.556,2.092,321503901.0,59031.0,321503901.0,59031.0,0.0,0.0,20231026,20231026,101351000,2.324,0.0,0.0,2.324,2.323,2.322,2.321,2.32,2.319,2.318,2.317,2.316,2.315,2.325,2.326,2.327,2.328,2.329,2.33,2.331,2.332,2.333,2.334,1012100.0,4121400.0,3264000.0,2709600.0,1381000.0,701800.0,3858800.0,348400.0,309900.0,270500.0,1357700.0,2314400.0,2060700.0,1335100.0,753600.0,315900.0,1111200.0,210400.0,208400.0,203000.0
20231026101424000,SZSE,SZSE.ETF.159845,2.321,2.313,2.325,2.301,0.0,2.556,2.092,326999397.0,102124.0,326999397.0,102124.0,0.0,0.0,20231026,20231026,101424000,2.324,0.0,0.0,2.321,2.32,2.319,2.318,2.317,2.316,2.315,2.314,2.313,2.312,2.322,2.323,2.324,2.325,2.326,2.327,2.328,2.329,2.33,2.331,3094200.0,2543600.0,2317400.0,5559000.0,1315800.0,861900.0,270500.0,243200.0,298300.0,221100.0,1246900.0,2428500.0,2190200.0,1997900.0,802400.0,409100.0,1227200.0,264200.0,215900.0,201100.0
20231026101427000,SZSE,SZSE.ETF.159845,2.321,2.313,2.325,2.301,0.0,2.556,2.092,327056262.0,56865.0,327056262.0,56865.0,0.0,0.0,20231026,20231026,101427000,2.324,0.0,0.0,2.321,2.32,2.319,2.318,2.317,2.316,2.315,2.314,2.313,2.312,2.322,2.323,2.324,2.325,2.326,2.327,2.328,2.329,2.33,2.331,3389700.0,2890400.0,2197400.0,5499000.0,1315800.0,861900.0,270500.0,243200.0,298300.0,221100.0,336900.0,2921600.0,2537300.0,2337900.0,802400.0,409100.0,1227200.0,264200.0,215900.0,201100.0
20231026101430000,SZSE,SZSE.ETF.159845,2.321,2.313,2.325,2.301,0.0,2.556,2.092,327665756.0,609494.0,327665756.0,609494.0,0.0,0.0,20231026,20231026,101430000,2.324,0.0,0.0,2.321,2.32,2.319,2.318,2.317,2.316,2.315,2.314,2.313,2.312,2.322,2.323,2.324,2.325,2.326,2.327,2.328,2.329,2.33,2.331,2458200.0,2696000.0,2793100.0,5499000.0,1315800.0,861900.0,770500.0,243200.0,298300.0,221100.0,1460800.0,2608500.0,2040200.0,1892000.0,802400.0,409100.0,1227200.0,264200.0,215900.0,201100.0
20231026101433000,SZSE,SZSE.ETF.159845,2.321,2.313,2.325,2.301,0.0,2.556,2.092,327774147.0,108391.0,327774147.0,108391.0,0.0,0.0,20231026,20231026,101433000,2.324,0.0,0.0,2.321,2.32,2.319,2.318,2.317,2.316,2.315,2.314,2.313,2.312,2.322,2.323,2.324,2.325,2.326,2.327,2.328,2.329,2.33,2.331,1351700.0,3556000.0,2793100.0,5679000.0,1315800.0,861900.0,770500.0,243200.0,298300.0,221100.0,1610900.0,2518500.0,1990200.0,1842000.0,802400.0,409100.0,1227200.0,264200.0,215900.0,201100.0
20231026101436000,SZSE,SZSE.ETF.159845,2.321,2.313,2.325,2.301,0.0,2.556,2.092,327874414.0,100267.0,327874414.0,100267.0,0.0,0.0,20231026,20231026,101436000,2.324,0.0,0.0,2.321,2.32,2.319,2.318,2.317,2.316,2.315,2.314,2.313,2.312,2.322,2.323,2.324,2.325,2.326,2.327,2.328,2.329,2.33,2.331,1308500.0,2825800.0,2789500.0,5842600.0,1805800.0,961900.0,770500.0,243200.0,298300.0,221100.0,2305200.0,2418600.0,2153800.0,1308400.0,802400.0,309100.0,1227200.0,264200.0,215900.0,201100.0
20231026101439000,SZSE,SZSE.ETF.159845,2.321,2.313,2.325,2.301,0.0,2.556,2.092,328699762.0,825348.0,328699762.0,825348.0,0.0,0.0,20231026,20231026,101439000,2.324,0.0,0.0,2.32,2.319,2.318,2.317,2.316,2.315,2.314,2.313,2.312,2.311,2.321,2.322,2.323,2.324,2.325,2.326,2.327,2.328,2.329,2.33,3125900.0,2489500.0,5722600.0,1315800.0,961900.0,770500.0,243200.0,298300.0,221100.0,253300.0,922300.0,1715400.0,2078500.0,2214100.0,1798400.0,802400.0,309100.0,1227200.0,264200.0,215900.0
20231026101442000,SZSE,SZSE.ETF.159845,2.32,2.313,2.325,2.301,0.0,2.556,2.092,328772842.0,73080.0,328772842.0,73080.0,0.0,0.0,20231026,20231026,101442000,2.324,0.0,0.0,2.32,2.319,2.318,2.317,2.316,2.315,2.314,2.313,2.312,2.311,2.321,2.322,2.323,2.324,2.325,2.326,2.327,2.328,2.329,2.33,3848000.0,2667500.0,5422600.0,1450400.0,1009400.0,770500.0,243200.0,298300.0,221100.0,253300.0,359300.0,1695500.0,2673300.0,2476100.0,1750900.0,633000.0,309100.0,1227200.0,264200.0,215900.0
20231026101445000,SZSE,SZSE.ETF.159845,2.321,2.313,2.325,2.301,0.0,2.556,2.092,329794314.0,1021472.0,329794314.0,1021472.0,0.0,0.0,20231026,20231026,101445000,2.324,0.0,0.0,2.321,2.32,2.319,2.318,2.317,2.316,2.315,2.314,2.313,2.312,2.322,2.323,2.324,2.325,2.326,2.327,2.328,2.329,2.33,2.331,1502000.0,2743200.0,3107500.0,5722600.0,1450700.0,1009400.0,270500.0,243200.0,298300.0,221100.0,1558600.0,2623500.0,2476100.0,1750900.0,633000.0,409100.0,1227200.0,264200.0,215900.0,201100.0
20231026101448000,SZSE,SZSE.ETF.159845,2.321,2.313,2.325,2.301,0.0,2.556,2.092,329899919.0,105605.0,329899919.0,105605.0,0.0,0.0,20231026,20231026,101448000,2.324,0.0,0.0,2.321,2.32,2.319,2.318,2.317,2.316,2.315,2.314,2.313,2.312,2.322,2.323,2.324,2.325,2.326,2.327,2.328,2.329,2.33,2.331,53100.0,4528000.0,2789500.0,6022600.0,1316100.0,961900.0,770500.0,243200.0,298300.0,221100.0,1728500.0,2498500.0,2564100.0,1678400.0,802400.0,309100.0,1227200.0,264200.0,215900.0,201100.0
20231026101451000,SZSE,SZSE.ETF.159845,2.321,2.313,2.325,2.301,0.0,2.556,2.092,330032449.0,132530.0,330032449.0,132530.0,0.0,0.0,20231026,20231026,101451000,2.324,0.0,0.0,2.32,2.319,2.318,2.317,2.316,2.315,2.314,2.313,2.312,2.311,2.321,2.322,2.323,2.324,2.325,2.326,2.327,2.328,2.329,2.33,4048000.0,3062900.0,6099000.0,1316100.0,961900.0,770500.0,243200.0,298300.0,221100.0,253300.0,1097200.0,1782400.0,2618500.0,2005400.0,1722000.0,802400.0,309100.0,1227200.0,264200.0,215900.0
20231026101454000,SZSE,SZSE.ETF.159845,2.321,2.313,2.325,2.301,0.0,2.556,2.092,330668170.0,635721.0,330668170.0,635721.0,0.0,0.0,20231026,20231026,101454000,2.324,0.0,0.0,2.321,2.32,2.319,2.318,2.317,2.316,2.315,2.314,2.313,2.312,2.322,2.323,2.324,2.325,2.326,2.327,2.328,2.329,2.33,2.331,1790400.0,2987000.0,3317500.0,5232600.0,1450700.0,1009400.0,270500.0,243200.0,298300.0,221100.0,522700.0,3243500.0,2311000.0,1810900.0,1123000.0,409100.0,1227200.0,264200.0,215900.0,201100.0
20231026101457000,SZSE,SZSE.ETF.159845,2.321,2.313,2.325,2.301,0.0,2.556,2.092,331237512.0,569342.0,331237512.0,569342.0,0.0,0.0,20231026,20231026,101457000,2.324,0.0,0.0,2.321,2.32,2.319,2.318,2.317,2.316,2.315,2.314,2.313,2.312,2.322,2.323,2.324,2.325,2.326,2.327,2.328,2.329,2.33,2.331,4920200.0,4371800.0,2323800.0,5352600.0,1216100.0,361900.0,270500.0,243200.0,298300.0,221100.0,322700.0,1481300.0,3675900.0,1878400.0,1472400.0,409100.0,1327200.0,264200.0,215900.0,201100.0
20231026101500000,SZSE,SZSE.ETF.159845,2.322,2.313,2.325,2.301,0.0,2.556,2.092,332135661.0,898149.0,332135661.0,898149.0,0.0,0.0,20231026,20231026,101500000,2.324,0.0,0.0,2.322,2.321,2.32,2.319,2.318,2.317,2.316,2.315,2.314,2.313,2.323,2.324,2.325,2.326,2.327,2.328,2.329,2.33,2.331,2.332,1411100.0,5019200.0,4876000.0,2027400.0,5009000.0,996100.0,361900.0,270500.0,243200.0,298300.0,2094800.0,2265200.0,2172000.0,1512400.0,629100.0,417100.0,1174300.0,215900.0,201100.0,210400.0
20231026101503000,SZSE,SZSE.ETF.159845,2.322,2.313,2.325,2.301,0.0,2.556,2.092,332281285.0,145624.0,332281285.0,145624.0,0.0,0.0,20231026,20231026,101503000,2.324,0.0,0.0,2.322,2.321,2.32,2.319,2.318,2.317,2.316,2.315,2.314,2.313,2.323,2.324,2.325,2.326,2.327,2.328,2.329,2.33,2.331,2.332,1716100.0,2783600.0,3888400.0,1657400.0,4874600.0,848700.0,361900.0,270500.0,243200.0,298300.0,234600.0,2487300.0,2360000.0,1740000.0,1288500.0,417100.0,1174300.0,215900.0,201100.0,210400.0
20231026101506000,SZSE,SZSE.ETF.159845,2.322,2.313,2.325,2.301,0.0,2.556,2.092,332469629.0,188344.0,332469629.0,188344.0,0.0,0.0,20231026,20231026,101506000,2.324,0.0,0.0,2.322,2.321,2.32,2.319,2.318,2.317,2.316,2.315,2.314,2.313,2.323,2.324,2.325,2.326,2.327,2.328,2.329,2.33,2.331,2.332,1864700.0,2983600.0,2785500.0,1657400.0,4874600.0,848700.0,361900.0,270500.0,243200.0,298300.0,1235900.0,1587600.0,2590000.0,1740000.0,1288500.0,417100.0,264200.0,1126000.0,201100.0,210400.0
20231026101509000,SZSE,SZSE.ETF.159845,2.323,2.313,2.325,2.301,0.0,2.556,2.092,333146070.0,676441.0,333146070.0,676441.0,0.0,0.0,20231026,20231026,101509000,2.324,0.0,0.0,2.323,2.322,2.321,2.32,2.319,2.318,2.317,2.316,2.315,2.314,2.324,2.325,2.326,2.327,2.328,2.329,2.33,2.331,2.332,2.333,115400.0,2878200.0,2667000.0,2389100.0,1493800.0,4774600.0,848700.0,361900.0,270500.0,243200.0,2497700.0,2616400.0,1683600.0,1288500.0,417100.0,264200.0,1126000.0,201100.0,210400.0,208400.0
20231026101512000,SZSE,SZSE.ETF.159845,2.323,2.313,2.325,2.301,0.0,2.556,2.092,334230678.0,1084608.0,334230678.0,1084608.0,0.0,0.0,20231026,20231026,101512000,2.324,0.0,0.0,2.323,2.322,2.321,2.32,2.319,2.318,2.317,2.316,2.315,2.314,2.324,2.325,2.326,2.327,2.328,2.329,2.33,2.331,2.332,2.333,915500.0,3700700.0,2856900.0,2485500.0,1269200.0,4307200.0,348700.0,309900.0,270500.0,243200.0,2461600.0,2039300.0,1582400.0,1379700.0,806500.0,364200.0,1126000.0,201100.0,210400.0,208400.0
20231026101515000,SZSE,SZSE.ETF.159845,2.323,2.313,2.325,2.301,0.0,2.556,2.092,334292238.0,61560.0,334292238.0,61560.0,0.0,0.0,20231026,20231026,101515000,2.324,0.0,0.0,2.323,2.322,2.321,2.32,2.319,2.318,2.317,2.316,2.315,2.314,2.324,2.325,2.326,2.327,2.328,2.329,2.33,2.331,2.332,2.333,1238500.0,5384600.0,3246900.0,2325500.0,1269200.0,4307200.0,400700.0,309900.0,270500.0,243200.0,1551700.0,2536400.0,2144400.0,1379700.0,806500.0,364200.0,215900.0,1111200.0,210400.0,208400.0
20231026101518000,SZSE,SZSE.ETF.159845,2.323,2.313,2.325,2.301,0.0,2.556,2.092,334401187.0,108949.0,334401187.0,108949.0,0.0,0.0,20231026,20231026,101518000,2.324,0.0,0.0,2.323,2.322,2.321,2.32,2.319,2.318,2.317,2.316,2.315,2.314,2.324,2.325,2.326,2.327,2.328,2.329,2.33,2.331,2.332,2.333,75700.0,6150500.0,2653300.0,2489100.0,1269200.0,4307200.0,900500.0,309900.0,270500.0,243200.0,2158900.0,2089400.0,2118000.0,1336100.0,806500.0,364200.0,215900.0,1111200.0,210400.0,208400.0
20231026101521000,SZSE,SZSE.ETF.159845,2.323,2.313,2.325,2.301,0.0,2.556,2.092,334474593.0,73406.0,334474593.0,73406.0,0.0,0.0,20231026,20231026,101521000,2.324,0.0,0.0,2.322,2.321,2.32,2.319,2.318,2.317,2.316,2.315,2.314,2.313,2.323,2.324,2.325,2.326,2.327,2.328,2.329,2.33,2.331,2.332,6270500.0,2646900.0,2225500.0,1269200.0,4307200.0,900500.0,309900.0,270500.0,243200.0,298300.0,26000.0,2003900.0,2103400.0,2194400.0,1379700.0,806500.0,264200.0,215900.0,1111200.0,210400.0
20231026101524000,SZSE,SZSE.ETF.159845,2.322,2.313,2.325,2.301,0.0,2.556,2.092,334563526.0,88933.0,334563526.0,88933.0,0.0,0.0,20231026,20231026,101524000,2.324,0.0,0.0,2.322,2.321,2.32,2.319,2.318,2.317,2.316,2.315,2.314,2.313,2.323,2.324,2.325,2.326,2.327,2.328,2.329,2.33,2.331,2.332,5935500.0,2241300.0,2249100.0,1403800.0,4454600.0,900500.0,309900.0,270500.0,243200.0,298300.0,66000.0,2085300.0,2344300.0,2210000.0,1288500.0,637100.0,364200.0,215900.0,1111200.0,210400.0
20231026101527000,SZSE,SZSE.ETF.159845,2.322,2.313,2.325,2.301,0.0,2.556,2.092,334637830.0,74304.0,334637830.0,74304.0,0.0,0.0,20231026,20231026,101527000,2.324,0.0,0.0,2.322,2.321,2.32,2.319,2.318,2.317,2.316,2.315,2.314,2.313,2.323,2.324,2.325,2.326,2.327,2.328,2.329,2.33,2.331,2.332,6314600.0,2787100.0,2439100.0,1403800.0,4454600.0,400500.0,309900.0,270500.0,243200.0,298300.0,66000.0,2135300.0,2134400.0,2360000.0,1288500.0,637100.0,364200.0,1126000.0,201100.0,210400.0
20231026101530000,SZSE,SZSE.ETF.159845,2.323,2.313,2.325,2.301,0.0,2.556,2.092,335152839.0,515009.0,335152839.0,515009.0,0.0,0.0,20231026,20231026,101530000,2.324,0.0,0.0,2.323,2.322,2.321,2.32,2.319,2.318,2.317,2.316,2.315,2.314,2.324,2.325,2.326,2.327,2.328,2.329,2.33,2.331,2.332,2.333,2634900.0,4768600.0,2330300.0,1548900.0,1403800.0,4454600.0,400500.0,309900.0,270500.0,243200.0,445700.0,2991500.0,2360000.0,1468500.0,1127100.0,364200.0,1126000.0,201100.0,210400.0,208400.0
20231026101533000,SZSE,SZSE.ETF.159845,2.324,2.313,2.325,2.301,0.0,2.556,2.092,336165157.0,1012318.0,336165157.0,1012318.0,0.0,0.0,20231026,20231026,101533000,2.324,0.0,0.0,2.324,2.323,2.322,2.321,2.32,2.319,2.318,2.317,2.316,2.315,2.325,2.326,2.327,2.328,2.329,2.33,2.331,2.332,2.333,2.334,1008700.0,1682100.0,5398700.0,2262300.0,1668900.0,949200.0,3807200.0,400500.0,309900.0,270500.0,1311600.0,3199000.0,1536100.0,1296500.0,364200.0,1226000.0,201100.0,210400.0,208400.0,203100.0
20231026101536000,SZSE,SZSE.ETF.159845,2.324,2.313,2.325,2.301,0.0,2.556,2.092,336349955.0,184798.0,336349955.0,184798.0,0.0,0.0,20231026,20231026,101536000,2.324,0.0,0.0,2.324,2.323,2.322,2.321,2.32,2.319,2.318,2.317,2.316,2.315,2.325,2.326,2.327,2.328,2.329,2.33,2.331,2.332,2.333,2.334,1646700.0,2669200.0,5229700.0,1835700.0,1400700.0,801800.0,3807200.0,348500.0,309900.0,270500.0,1733800.0,1334500.0,1867700.0,1344100.0,1243600.0,315900.0,1111200.0,210400.0,208400.0,203100.0
20231026101539000,SZSE,SZSE.ETF.159845,2.324,2.313,2.325,2.301,0.0,2.556,2.092,336412005.0,62050.0,336412005.0,62050.0,0.0,0.0,20231026,20231026,101539000,2.324,0.0,0.0,2.324,2.323,2.322,2.321,2.32,2.319,2.318,2.317,2.316,2.315,2.325,2.326,2.327,2.328,2.329,2.33,2.331,2.332,2.333,2.334,2291000.0,2541000.0,4594000.0,1515700.0,1300700.0,801800.0,3859200.0,348500.0,309900.0,270500.0,527400.0,2334500.0,1709700.0,1424100.0,1243600.0,315900.0,1211200.0,210400.0,208400.0,203100.0
20231026101542000,SZSE,SZSE.ETF.159845,2.324,2.313,2.325,2.301,0.0,2.556,2.092,336502641.0,90636.0,336502641.0,90636.0,0.0,0.0,20231026,20231026,101542000,2.324,0.0,0.0,2.324,2.323,2.322,2.321,2.32,2.319,2.318,2.317,2.316,2.315,2.325,2.326,2.327,2.328,2.329,2.33,2.331,2.332,2.333,2.334,2719300.0,2857000.0,3544300.0,1515700.0,1300700.0,801800.0,3859200.0,348500.0,309900.0,270500.0,554400.0,2354500.0,2009700.0,1424100.0,1243600.0,315900.0,301100.0,1120500.0,208400.0,203100.0
20231026101545000,SZSE,SZSE.ETF.159845,2.324,2.313,2.325,2.301,0.0,2.556,2.092,336613264.0,110623.0,336613264.0,110623.0,0.0,0.0,20231026,20231026,101545000,2.324,0.0,0.0,2.324,2.323,2.322,2.321,2.32,2.319,2.318,2.317,2.316,2.315,2.325,2.326,2.327,2.328,2.329,2.33,2.331,2.332,2.333,2.334,1432900.0,3617000.0,3544300.0,2005700.0,1400700.0,801800.0,3859200.0,348500.0,309900.0,270500.0,1610600.0,1934500.0,1959700.0,1344100.0,750600.0,315900.0,201100.0,1120500.0,208400.0,203100.0
20231026101548000,SZSE,SZSE.ETF.159845,2.324,2.313,2.325,2.301,0.0,2.556,2.092,336742488.0,129224.0,336742488.0,129224.0,0.0,0.0,20231026,20231026,101548000,2.324,0.0,0.0,2.324,2.323,2.322,2.321,2.32,2.319,2.318,2.317,2.316,2.315,2.325,2.326,2.327,2.328,2.329,2.33,2.331,2.332,2.333,2.334,1917300.0,3617000.0,3594300.0,1695700.0,1400700.0,801800.0,3859200.0,348500.0,309900.0,270500.0,442600.0,2644500.0,2009700.0,1524100.0,1240600.0,315900.0,201100.0,1120500.0,208400.0,203100.0
20231026101551000,SZSE,SZSE.ETF.159845,2.324,2.313,2.325,2.301,0.0,2.556,2.092,336947523.0,205035.0,336947523.0,205035.0,0.0,0.0,20231026,20231026,101551000,2.324,0.0,0.0,2.324,2.323,2.322,2.321,2.32,2.319,2.318,2.317,2.316,2.315,2.325,2.326,2.327,2.328,2.329,2.33,2.331,2.332,2.333,2.334,2761400.0,2617000.0,3504300.0,1515700.0,1300700.0,801800.0,3909200.0,348500.0,309900.0,270500.0,384200.0,2644500.0,1919700.0,1424100.0,1240600.0,315900.0,201100.0,1170500.0,208400.0,203100.0
20231026101554000,SZSE,SZSE.ETF.159845,2.324,2.313,2.325,2.301,0.0,2.556,2.092,337045131.0,97608.0,337045131.0,97608.0,0.0,0.0,20231026,20231026,101554000,2.324,0.0,0.0,2.324,2.323,2.322,2.321,2.32,2.319,2.318,2.317,2.316,2.315,2.325,2.326,2.327,2.328,2.329,2.33,2.331,2.332,2.333,2.334,2642400.0,2667000.0,3544300.0,1515700.0,1400700.0,801800.0,3909200.0,348500.0,309900.0,270600.0,344400.0,2644500.0,1959700.0,1524100.0,1240600.0,315900.0,201100.0,1170500.0,208400.0,203100.0
20231026101557000,SZSE,SZSE.ETF.159845,2.324,2.313,2.325,2.301,0.0,2.556,2.092,337143437.0,98306.0,337143437.0,98306.0,0.0,0.0,20231026,20231026,101557000,2.324,0.0,0.0,2.324,2.323,2.322,2.321,2.32,2.319,2.318,2.317,2.316,2.315,2.325,2.326,2.327,2.328,2.329,2.33,2.331,2.332,2.333,2.334,2674000.0,2667000.0,3544300.0,1515700.0,1400700.0,801800.0,3909200.0,348500.0,309900.0,270600.0,256500.0,2644500.0,2009700.0,1524100.0,1240600.0,315900.0,201100.0,1170500.0,208400.0,203100.0
20231026101600000,SZSE,SZSE.ETF.159845,2.324,2.313,2.325,2.301,0.0,2.556,2.092,337244066.0,100629.0,337244066.0,100629.0,0.0,0.0,20231026,20231026,101600000,2.324,0.0,0.0,2.324,2.323,2.322,2.321,2.32,2.319,2.318,2.317,2.316,2.315,2.325,2.326,2.327,2.328,2.329,2.33,2.331,2.332,2.333,2.334,3027800.0,3156000.0,3344300.0,1515700.0,1300900.0,301600.0,3909200.0,348500.0,309900.0,270600.0,296500.0,2570800.0,2009700.0,1424100.0,1240600.0,315900.0,301100.0,1170500.0,208400.0,203100.0
20231026101603000,SZSE,SZSE.ETF.159845,2.325,2.313,2.325,2.301,0.0,2.556,2.092,338126389.0,882323.0,338126389.0,882323.0,0.0,0.0,20231026,20231026,101603000,2.324,0.0,0.0,2.325,2.324,2.323,2.322,2.321,2.32,2.319,2.318,2.317,2.316,2.326,2.327,2.328,2.329,2.33,2.331,2.332,2.333,2.334,2.335,2627800.0,1609000.0,3627000.0,2374000.0,1522300.0,1080900.0,201400.0,3909200.0,348500.0,309900.0,635400.0,2566300.0,1638600.0,1260600.0,1025900.0,301100.0,1170500.0,208400.0,203100.0,207500.0
20231026101606000,SZSE,SZSE.ETF.159845,2.325,2.313,2.326,2.301,0.0,2.556,2.092,338320295.0,193906.0,338320295.0,193906.0,0.0,0.0,20231026,20231026,101606000,2.324,0.0,0.0,2.325,2.324,2.323,2.322,2.321,2.32,2.319,2.318,2.317,2.316,2.326,2.327,2.328,2.329,2.33,2.331,2.332,2.333,2.334,2.335,165600.0,3293700.0,2717700.0,3374000.0,1437700.0,933500.0,201400.0,3857200.0,348500.0,309900.0,1499000.0,2482600.0,1456600.0,1338200.0,705300.0,301100.0,1170500.0,208400.0,203100.0,207500.0
20231026101609000,SZSE,SZSE.ETF.159845,2.325,2.313,2.326,2.301,0.0,2.556,2.092,339604507.0,1284212.0,339604507.0,1284212.0,0.0,0.0,20231026,20231026,101609000,2.324,0.0,0.0,2.325,2.324,2.323,2.322,2.321,2.32,2.319,2.318,2.317,2.316,2.326,2.327,2.328,2.329,2.33,2.331,2.332,2.333,2.334,2.335,1998700.0,2547200.0,3000200.0,3030500.0,1437700.0,933500.0,253400.0,3857200.0,348500.0,309900.0,1290300.0,2479500.0,1585100.0,1381700.0,705300.0,301100.0,260400.0,1118500.0,203100.0,207500.0
20231026101612000,SZSE,SZSE.ETF.159845,2.326,2.313,2.326,2.301,0.0,2.556,2.092,339665429.0,60922.0,339665429.0,60922.0,0.0,0.0,20231026,20231026,101612000,2.324,0.0,0.0,2.325,2.324,2.323,2.322,2.321,2.32,2.319,2.318,2.317,2.316,2.326,2.327,2.328,2.329,2.33,2.331,2.332,2.333,2.334,2.335,204800.0,4357200.0,2750200.0,3030500.0,1437700.0,934200.0,253400.0,3857200.0,348500.0,309900.0,1433200.0,2479500.0,1835100.0,1381700.0,705300.0,301100.0,261100.0,1118500.0,203100.0,207500.0
20231026101615000,SZSE,SZSE.ETF.159845,2.325,2.313,2.326,2.301,0.0,2.556,2.092,339766566.0,101137.0,339766566.0,101137.0,0.0,0.0,20231026,20231026,101615000,2.324,0.0,0.0,2.325,2.324,2.323,2.322,2.321,2.32,2.319,2.318,2.317,2.316,2.326,2.327,2.328,2.329,2.33,2.331,2.332,2.333,2.334,2.335,2776100.0,2797200.0,2800200.0,2540500.0,1337700.0,934200.0,253400.0,3857200.0,348500.0,309900.0,439500.0,2917600.0,1885100.0,1461700.0,1195300.0,301100.0,261100.0,1118500.0,203100.0,207500.0
20231026101618000,SZSE,SZSE.ETF.159845,2.326,2.313,2.326,2.301,0.0,2.556,2.092,340050762.0,284196.0,340050762.0,284196.0,0.0,0.0,20231026,20231026,101618000,2.324,0.0,0.0,2.325,2.324,2.323,2.322,2.321,2.32,2.319,2.318,2.317,2.316,2.326,2.327,2.328,2.329,2.33,2.331,2.332,2.333,2.334,2.335,2779400.0,3046400.0,2796700.0,2494000.0,1337700.0,934200.0,253400.0,3857200.0,348500.0,309900.0,315200.0,2827600.0,2018600.0,1418200.0,1195300.0,301100.0,361100.0,1118500.0,203100.0,207500.0
20231026101621000,SZSE,SZSE.ETF.159845,2.326,2.313,2.326,2.301,0.0,2.556,2.092,340551970.0,501208.0,340551970.0,501208.0,0.0,0.0,20231026,20231026,101621000,2.324,0.0,0.0,2.325,2.324,2.323,2.322,2.321,2.32,2.319,2.318,2.317,2.316,2.326,2.327,2.328,2.329,2.33,2.331,2.332,2.333,2.334,2.335,3774500.0,2020600.0,2796700.0,2494000.0,1337700.0,934200.0,253400.0,3857200.0,348500.0,309900.0,130700.0,2674700.0,2168600.0,1418200.0,1195300.0,301100.0,361100.0,1118500.0,203100.0,207500.0
20231026101624000,SZSE,SZSE.ETF.159845,2.326,2.313,2.326,2.301,0.0,2.556,2.092,340952948.0,400978.0,340952948.0,400978.0,0.0,0.0,20231026,20231026,101624000,2.324,0.0,0.0,2.326,2.325,2.324,2.323,2.322,2.321,2.32,2.319,2.318,2.317,2.327,2.328,2.329,2.33,2.331,2.332,2.333,2.334,2.335,2.336,851700.0,4766100.0,2364100.0,2842200.0,2550500.0,1337700.0,334200.0,253400.0,3857200.0,348500.0,2674700.0,2381200.0,1461700.0,1198300.0,301100.0,361100.0,1118500.0,203100.0,207500.0,225900.0
20231026101627000,SZSE,SZSE.ETF.159845,2.326,2.313,2.326,2.301,0.0,2.556,2.092,341029939.0,76991.0,341029939.0,76991.0,0.0,0.0,20231026,20231026,101627000,2.324,0.0,0.0,2.326,2.325,2.324,2.323,2.322,2.321,2.32,2.319,2.318,2.317,2.327,2.328,2.329,2.33,2.331,2.332,2.333,2.334,2.335,2.336,859600.0,4902500.0,2569600.0,2918700.0,2415800.0,1190300.0,334200.0,201400.0,3857200.0,248500.0,2314700.0,1874200.0,1656200.0,1339400.0,520400.0,361100.0,1118500.0,203100.0,207500.0,225900.0
20231026101630000,SZSE,SZSE.ETF.159845,2.326,2.313,2.326,2.301,0.0,2.556,2.092,341253932.0,223993.0,341253932.0,223993.0,0.0,0.0,20231026,20231026,101630000,2.324,0.0,0.0,2.326,2.325,2.324,2.323,2.322,2.321,2.32,2.319,2.318,2.317,2.327,2.328,2.329,2.33,2.331,2.332,2.333,2.334,2.335,2.336,828300.0,5063500.0,1908600.0,2828700.0,2415800.0,1190500.0,886000.0,201400.0,3857200.0,248500.0,2315900.0,1734200.0,2008200.0,1389400.0,520400.0,361100.0,1118500.0,203100.0,207500.0,225900.0
20231026101633000,SZSE,SZSE.ETF.159845,2.326,2.313,2.327,2.301,0.0,2.556,2.092,341399327.0,145395.0,341399327.0,145395.0,0.0,0.0,20231026,20231026,101633000,2.324,0.0,0.0,2.326,2.325,2.324,2.323,2.322,2.321,2.32,2.319,2.318,2.317,2.327,2.328,2.329,2.33,2.331,2.332,2.333,2.334,2.335,2.336,825600.0,5076800.0,2659600.0,2708700.0,2411500.0,1190500.0,386000.0,201400.0,3857200.0,248500.0,2216100.0,1784200.0,2218200.0,1389400.0,520400.0,361100.0,1118500.0,203100.0,207500.0,225900.0
20231026101636000,SZSE,SZSE.ETF.159845,2.327,2.313,2.327,2.301,0.0,2.556,2.092,341527506.0,128179.0,341527506.0,128179.0,0.0,0.0,20231026,20231026,101636000,2.324,0.0,0.0,2.326,2.325,2.324,2.323,2.322,2.321,2.32,2.319,2.318,2.317,2.327,2.328,2.329,2.33,2.331,2.332,2.333,2.334,2.335,2.336,986600.0,5187800.0,2548600.0,2708700.0,2411500.0,1190500.0,386000.0,201400.0,3857200.0,248500.0,2200000.0,1734200.0,2270200.0,1389400.0,520400.0,361100.0,1118500.0,203100.0,207500.0,225900.0
20231026101639000,SZSE,SZSE.ETF.159845,2.326,2.313,2.327,2.301,0.0,2.556,2.092,341589843.0,62337.0,341589843.0,62337.0,0.0,0.0,20231026,20231026,101639000,2.324,0.0,0.0,2.326,2.325,2.324,2.323,2.322,2.321,2.32,2.319,2.318,2.317,2.327,2.328,2.329,2.33,2.331,2.332,2.333,2.334,2.335,2.336,973800.0,4762800.0,2309600.0,2708700.0,2411500.0,1190500.0,386000.0,201400.0,3857200.0,248500.0,2191000.0,1748200.0,1920200.0,1389400.0,520400.0,361100.0,1118500.0,203100.0,207500.0,225900.0
20231026101642000,SZSE,SZSE.ETF.159845,2.326,2.313,2.327,2.301,0.0,2.556,2.092,341689628.0,99785.0,341689628.0,99785.0,0.0,0.0,20231026,20231026,101642000,2.324,0.0,0.0,2.326,2.325,2.324,2.323,2.322,2.321,2.32,2.319,2.318,2.317,2.327,2.328,2.329,2.33,2.331,2.332,2.333,2.334,2.335,2.336,1930900.0,5262800.0,2159600.0,2508700.0,2411500.0,1190500.0,886000.0,201400.0,3857200.0,248500.0,2097300.0,1748200.0,2470200.0,1389400.0,520400.0,361100.0,1118500.0,203100.0,207500.0,225900.0
20231026101645000,SZSE,SZSE.ETF.159845,2.326,2.313,2.327,2.301,0.0,2.556,2.092,346450020.0,4760392.0,346450020.0,4760392.0,0.0,0.0,20231026,20231026,101645000,2.324,0.0,0.0,2.325,2.324,2.323,2.322,2.321,2.32,2.319,2.318,2.317,2.316,2.326,2.327,2.328,2.329,2.33,2.331,2.332,2.333,2.334,2.335,2400600.0,2952000.0,2372200.0,3081500.0,1290500.0,886000.0,701400.0,3857200.0,248500.0,213000.0,820100.0,1816400.0,2299200.0,1973700.0,855900.0,520400.0,261100.0,1118500.0,203100.0,207500.0
20231026101648000,SZSE,SZSE.ETF.159845,2.325,2.313,2.327,2.301,0.0,2.556,2.092,346488615.0,38595.0,346488615.0,38595.0,0.0,0.0,20231026,20231026,101648000,2.324,0.0,0.0,2.325,2.324,2.323,2.322,2.321,2.32,2.319,2.318,2.317,2.316,2.326,2.327,2.328,2.329,2.33,2.331,2.332,2.333,2.334,2.335,4371800.0,2253100.0,2888700.0,3079700.0,1437900.0,886000.0,201400.0,3857200.0,248600.0,213000.0,312000.0,2996400.0,2433700.0,2082200.0,808300.0,351100.0,261100.0,1118500.0,203100.0,207500.0
20231026101651000,SZSE,SZSE.ETF.159845,2.325,2.313,2.327,2.301,0.0,2.556,2.092,346594402.0,105787.0,346594402.0,105787.0,0.0,0.0,20231026,20231026,101651000,2.324,0.0,0.0,2.325,2.324,2.323,2.322,2.321,2.32,2.319,2.318,2.317,2.316,2.326,2.327,2.328,2.329,2.33,2.331,2.332,2.333,2.334,2.335,3142600.0,2509600.0,2832200.0,3036200.0,1437900.0,1106000.0,201400.0,3857200.0,248600.0,213000.0,312000.0,3796400.0,1940200.0,2005700.0,588300.0,351100.0,261100.0,1118500.0,203100.0,207500.0
20231026101654000,SZSE,SZSE.ETF.159845,2.326,2.313,2.327,2.301,0.0,2.556,2.092,346738092.0,143690.0,346738092.0,143690.0,0.0,0.0,20231026,20231026,101654000,2.324,0.0,0.0,2.325,2.324,2.323,2.322,2.321,2.32,2.319,2.318,2.317,2.316,2.326,2.327,2.328,2.329,2.33,2.331,2.332,2.333,2.334,2.335,2015700.0,3889900.0,2288700.0,3259700.0,1927900.0,1106000.0,701400.0,3857200.0,248600.0,213000.0,1856900.0,2996300.0,1783700.0,1292200.0,589300.0,351100.0,261100.0,1118500.0,203100.0,207500.0
20231026101657000,SZSE,SZSE.ETF.159845,2.325,2.313,2.327,2.301,0.0,2.556,2.092,346829000.0,90908.0,346829000.0,90908.0,0.0,0.0,20231026,20231026,101657000,2.324,0.0,0.0,2.325,2.324,2.323,2.322,2.321,2.32,2.319,2.318,2.317,2.316,2.326,2.327,2.328,2.329,2.33,2.331,2.332,2.333,2.334,2.335,3227600.0,3418900.0,2832200.0,2936200.0,1437900.0,1106000.0,201400.0,3857200.0,248600.0,213000.0,1317000.0,2536300.0,2190200.0,1825700.0,589300.0,351100.0,261100.0,1118500.0,203100.0,207500.0
20231026101700000,SZSE,SZSE.ETF.159845,2.325,2.313,2.327,2.301,0.0,2.556,2.092,349266065.0,2437065.0,349266065.0,2437065.0,0.0,0.0,20231026,20231026,101700000,2.324,0.0,0.0,2.325,2.324,2.323,2.322,2.321,2.32,2.319,2.318,2.317,2.316,2.326,2.327,2.328,2.329,2.33,2.331,2.332,2.333,2.334,2.335,2520100.0,3378900.0,2922200.0,2936200.0,1437900.0,1106000.0,201400.0,3857200.0,248600.0,213000.0,448200.0,3570100.0,2330200.0,1915700.0,589300.0,352100.0,261100.0,1118500.0,203100.0,207500.0
20231026101703000,SZSE,SZSE.ETF.159845,2.326,2.313,2.327,2.301,0.0,2.556,2.092,350625535.0,1359470.0,350625535.0,1359470.0,0.0,0.0,20231026,20231026,101703000,2.324,0.0,0.0,2.326,2.325,2.324,2.323,2.322,2.321,2.32,2.319,2.318,2.317,2.327,2.328,2.329,2.33,2.331,2.332,2.333,2.334,2.335,2.336,248500.0,3358100.0,2819900.0,2798700.0,2979700.0,1337900.0,886000.0,201400.0,3857200.0,248600.0,3031100.0,2373700.0,1772200.0,809300.0,352100.0,261100.0,1118500.0,203100.0,207500.0,225900.0
20231026101706000,SZSE,SZSE.ETF.159845,2.326,2.313,2.327,2.301,0.0,2.556,2.092,350943266.0,317731.0,350943266.0,317731.0,0.0,0.0,20231026,20231026,101706000,2.324,0.0,0.0,2.325,2.324,2.323,2.322,2.321,2.32,2.319,2.318,2.317,2.316,2.326,2.327,2.328,2.329,2.33,2.331,2.332,2.333,2.334,2.335,2480200.0,3192600.0,2418700.0,2981500.0,1290500.0,886000.0,701400.0,3857200.0,248600.0,213000.0,903000.0,2404200.0,1625200.0,2110200.0,900400.0,521400.0,261100.0,1118500.0,203100.0,207500.0
20231026101709000,SZSE,SZSE.ETF.159845,2.326,2.313,2.327,2.301,0.0,2.556,2.092,350943266.0,0.0,350943266.0,0.0,0.0,0.0,20231026,20231026,101709000,2.324,0.0,0.0,2.325,2.324,2.323,2.322,2.321,2.32,2.319,2.318,2.317,2.316,2.326,2.327,2.328,2.329,2.33,2.331,2.332,2.333,2.334,2.335,1220200.0,3260500.0,1978700.0,3279700.0,1927900.0,5206000.0,701400.0,372900.0,248600.0,213000.0,1970300.0,2924200.0,1853700.0,902200.0,589300.0,252100.0,261100.0,1118500.0,203100.0,207500.0
20231026101712000,SZSE,SZSE.ETF.159845,2.325,2.313,2.327,2.301,0.0,2.556,2.092,353687231.0,2743965.0,353687231.0,2743965.0,0.0,0.0,20231026,20231026,101712000,2.324,0.0,0.0,2.324,2.323,2.322,2.321,2.32,2.319,2.318,2.317,2.316,2.315,2.325,2.326,2.327,2.328,2.329,2.33,2.331,2.332,2.333,2.334,2573000.0,2199800.0,2779700.0,2227900.0,6644000.0,701400.0,872900.0,248600.0,213000.0,220600.0,1703500.0,1824700.0,2410100.0,1393700.0,850200.0,589300.0,252100.0,261100.0,208400.0,203100.0
20231026101715000,SZSE,SZSE.ETF.159845,2.325,2.313,2.327,2.301,0.0,2.556,2.092,353687231.0,0.0,353687231.0,0.0,0.0,0.0,20231026,20231026,101715000,2.324,0.0,0.0,2.324,2.323,2.322,2.321,2.32,2.319,2.318,2.317,2.316,2.315,2.325,2.326,2.327,2.328,2.329,2.33,2.331,2.332,2.333,2.334,1003300.0,2457000.0,2839700.0,2142500.0,6891400.0,1073400.0,872900.0,248600.0,213000.0,220600.0,1988300.0,2379300.0,2215100.0,1667700.0,582600.0,319900.0,1162200.0,261100.0,208400.0,203100.0
20231026101718000,SZSE,SZSE.ETF.159845,2.324,2.313,2.327,2.301,0.0,2.556,2.092,353847820.0,160589.0,353847820.0,160589.0,0.0,0.0,20231026,20231026,101718000,2.324,0.0,0.0,2.324,2.323,2.322,2.321,2.32,2.319,2.318,2.317,2.316,2.315,2.325,2.326,2.327,2.328,2.329,2.33,2.331,2.332,2.333,2.334,1121000.0,3644100.0,2826200.0,2186100.0,6401400.0,973400.0,872900.0,248600.0,213000.0,220600.0,1401700.0,2379200.0,2159700.0,2294200.0,582600.0,319900.0,1162200.0,261100.0,208400.0,203100.0
20231026101721000,SZSE,SZSE.ETF.159845,2.324,2.313,2.327,2.301,0.0,2.556,2.092,354438116.0,590296.0,354438116.0,590296.0,0.0,0.0,20231026,20231026,101721000,2.324,0.0,0.0,2.324,2.323,2.322,2.321,2.32,2.319,2.318,2.317,2.316,2.315,2.325,2.326,2.327,2.328,2.329,2.33,2.331,2.332,2.333,2.334,1025000.0,4884100.0,3246200.0,2306100.0,6401400.0,973400.0,872900.0,248600.0,213000.0,220600.0,521700.0,3499200.0,2233500.0,1994200.0,582600.0,419900.0,1162200.0,261100.0,208400.0,203100.0
20231026101724000,SZSE,SZSE.ETF.159845,2.324,2.313,2.327,2.301,0.0,2.556,2.092,354849928.0,411812.0,354849928.0,411812.0,0.0,0.0,20231026,20231026,101724000,2.324,0.0,0.0,2.324,2.323,2.322,2.321,2.32,2.319,2.318,2.317,2.316,2.315,2.325,2.326,2.327,2.328,2.329,2.33,2.331,2.332,2.333,2.334,872800.0,3834900.0,4055400.0,2306100.0,6401400.0,973400.0,872900.0,248600.0,213000.0,220600.0,576600.0,3499200.0,2077200.0,1904200.0,582600.0,319900.0,1162200.0,261100.0,208400.0,203100.0
20231026101727000,SZSE,SZSE.ETF.159845,2.324,2.313,2.327,2.301,0.0,2.556,2.092,354984720.0,134792.0,354984720.0,134792.0,0.0,0.0,20231026,20231026,101727000,2.324,0.0,0.0,2.323,2.322,2.321,2.32,2.319,2.318,2.317,2.316,2.315,2.314,2.325,2.326,2.327,2.328,2.329,2.33,2.331,2.332,2.333,2.334,4384500.0,4038900.0,2262500.0,6401400.0,1021400.0,872900.0,248600.0,213000.0,220600.0,242500.0,1592700.0,2499200.0,2273600.0,1895700.0,582600.0,319900.0,1162200.0,261100.0,208400.0,203100.0
20231026101730000,SZSE,SZSE.ETF.159845,2.324,2.313,2.327,2.301,0.0,2.556,2.092,355086744.0,102024.0,355086744.0,102024.0,0.0,0.0,20231026,20231026,101730000,2.324,0.0,0.0,2.324,2.323,2.322,2.321,2.32,2.319,2.318,2.317,2.316,2.315,2.325,2.326,2.327,2.328,2.329,2.33,2.331,2.332,2.333,2.334,1001000.0,3930500.0,3533400.0,2386100.0,6436000.0,1068800.0,924900.0,248600.0,213000.0,220600.0,1592700.0,2499200.0,2436200.0,1857200.0,510600.0,319900.0,1162200.0,261100.0,208400.0,203100.0
20231026101733000,SZSE,SZSE.ETF.159845,2.323,2.313,2.327,2.301,0.0,2.556,2.092,355180153.0,93409.0,355180153.0,93409.0,0.0,0.0,20231026,20231026,101733000,2.324,0.0,0.0,2.323,2.322,2.321,2.32,2.319,2.318,2.317,2.316,2.315,2.314,2.324,2.325,2.326,2.327,2.328,2.329,2.33,2.331,2.332,2.333,3769600.0,3945400.0,2305900.0,6891400.0,1021400.0,924900.0,248600.0,213000.0,220600.0,242500.0,212500.0,2162700.0,2381800.0,2319000.0,1362200.0,582600.0,319900.0,1162200.0,261100.0,208400.0
20231026101736000,SZSE,SZSE.ETF.159845,2.323,2.313,2.327,2.301,0.0,2.556,2.092,355218715.0,38562.0,355218715.0,38562.0,0.0,0.0,20231026,20231026,101736000,2.324,0.0,0.0,2.323,2.322,2.321,2.32,2.319,2.318,2.317,2.316,2.315,2.314,2.324,2.325,2.326,2.327,2.328,2.329,2.33,2.331,2.332,2.333,3150400.0,4093400.0,2485900.0,7026000.0,1168800.0,872900.0,248600.0,213000.0,222600.0,242500.0,387200.0,2729600.0,2440600.0,2029000.0,1014600.0,413200.0,319900.0,1162200.0,261100.0,208400.0
20231026101739000,SZSE,SZSE.ETF.159845,2.323,2.313,2.327,2.301,0.0,2.556,2.092,355364367.0,145652.0,355364367.0,145652.0,0.0,0.0,20231026,20231026,101739000,2.324,0.0,0.0,2.323,2.322,2.321,2.32,2.319,2.318,2.317,2.316,2.315,2.314,2.324,2.325,2.326,2.327,2.328,2.329,2.33,2.331,2.332,2.333,4246900.0,3023900.0,2485700.0,7026000.0,1120800.0,872900.0,248600.0,213000.0,222600.0,242500.0,387200.0,2479600.0,2780600.0,1838800.0,1066600.0,413200.0,319900.0,1162200.0,261100.0,208400.0
20231026101742000,SZSE,SZSE.ETF.159845,2.324,2.313,2.327,2.301,0.0,2.556,2.092,356979971.0,1615604.0,356979971.0,1615604.0,0.0,0.0,20231026,20231026,101742000,2.324,0.0,0.0,2.323,2.322,2.321,2.32,2.319,2.318,2.317,2.316,2.315,2.314,2.325,2.326,2.327,2.328,2.329,2.33,2.331,2.332,2.333,2.334,4245700.0,3153900.0,2875700.0,2146000.0,1220800.0,872900.0,248600.0,213000.0,222600.0,242500.0,2373200.0,2589600.0,1938800.0,1067200.0,413200.0,319900.0,1162200.0,261100.0,208400.0,203100.0
20231026101745000,SZSE,SZSE.ETF.159845,2.324,2.313,2.327,2.301,0.0,2.556,2.092,357084273.0,104302.0,357084273.0,104302.0,0.0,0.0,20231026,20231026,101745000,2.324,0.0,0.0,2.324,2.323,2.322,2.321,2.32,2.319,2.318,2.317,2.316,2.315,2.325,2.326,2.327,2.328,2.329,2.33,2.331,2.332,2.333,2.334,900.0,3103600.0,2963900.0,2975700.0,1926000.0,1220800.0,872900.0,248600.0,213000.0,222600.0,1983200.0,2594600.0,2043800.0,1119800.0,510600.0,319900.0,1162200.0,261100.0,208400.0,203100.0
20231026101748000,SZSE,SZSE.ETF.159845,2.324,2.313,2.327,2.301,0.0,2.556,2.092,357784478.0,700205.0,357784478.0,700205.0,0.0,0.0,20231026,20231026,101748000,2.324,0.0,0.0,2.323,2.322,2.321,2.32,2.319,2.318,2.317,2.316,2.315,2.314,2.324,2.325,2.326,2.327,2.328,2.329,2.33,2.331,2.332,2.333,3341700.0,3169400.0,2652100.0,1891400.0,1073400.0,872900.0,248600.0,213000.0,222600.0,242500.0,802100.0,1174600.0,2544600.0,2282400.0,1158300.0,582600.0,319900.0,1162200.0,261100.0,208400.0
20231026101751000,SZSE,SZSE.ETF.159845,2.324,2.313,2.327,2.301,0.0,2.556,2.092,357784478.0,0.0,357784478.0,0.0,0.0,0.0,20231026,20231026,101751000,2.324,0.0,0.0,2.323,2.322,2.321,2.32,2.319,2.318,2.317,2.316,2.315,2.314,2.324,2.325,2.326,2.327,2.328,2.329,2.33,2.331,2.332,2.333,3713600.0,3600900.0,2875700.0,2026000.0,1168800.0,924900.0,248600.0,213000.0,222600.0,242500.0,329000.0,2964600.0,2409600.0,2090000.0,1015200.0,413200.0,319900.0,1162200.0,261100.0,208400.0
20231026101754000,SZSE,SZSE.ETF.159845,2.323,2.313,2.327,2.301,0.0,2.556,2.092,357910617.0,126139.0,357910617.0,126139.0,0.0,0.0,20231026,20231026,101754000,2.324,0.0,0.0,2.323,2.322,2.321,2.32,2.319,2.318,2.317,2.316,2.315,2.314,2.324,2.325,2.326,2.327,2.328,2.329,2.33,2.331,2.332,2.333,3315900.0,4034300.0,2655700.0,2026000.0,1168800.0,1144900.0,248600.0,213000.0,222600.0,242500.0,464100.0,3775700.0,1959600.0,2090000.0,795200.0,413200.0,319900.0,1162200.0,261100.0,208400.0
20231026101757000,SZSE,SZSE.ETF.159845,2.324,2.313,2.327,2.301,0.0,2.556,2.092,358010739.0,100122.0,358010739.0,100122.0,0.0,0.0,20231026,20231026,101757000,2.324,0.0,0.0,2.323,2.322,2.321,2.32,2.319,2.318,2.317,2.316,2.315,2.314,2.324,2.325,2.326,2.327,2.328,2.329,2.33,2.331,2.332,2.333,3314600.0,5034300.0,2655700.0,1926000.0,1268800.0,1144900.0,248600.0,213000.0,222600.0,242500.0,1003200.0,3276400.0,1959600.0,2090000.0,795200.0,413200.0,319900.0,1162200.0,261100.0,208400.0
20231026101800000,SZSE,SZSE.ETF.159845,2.323,2.313,2.327,2.301,0.0,2.556,2.092,358101568.0,90829.0,358101568.0,90829.0,0.0,0.0,20231026,20231026,101800000,2.324,0.0,0.0,2.323,2.322,2.321,2.32,2.319,2.318,2.317,2.316,2.315,2.314,2.324,2.325,2.326,2.327,2.328,2.329,2.33,2.331,2.332,2.333,4223900.0,5643700.0,3025100.0,1926000.0,1268800.0,1144900.0,248600.0,213000.0,222600.0,242500.0,1064300.0,3276400.0,1909600.0,1910000.0,795200.0,413200.0,319900.0,1162200.0,261100.0,208400.0
20231026101803000,SZSE,SZSE.ETF.159845,2.324,2.313,2.327,2.301,0.0,2.556,2.092,358175208.0,73640.0,358175208.0,73640.0,0.0,0.0,20231026,20231026,101803000,2.324,0.0,0.0,2.323,2.322,2.321,2.32,2.319,2.318,2.317,2.316,2.315,2.314,2.324,2.325,2.326,2.327,2.328,2.329,2.33,2.331,2.332,2.333,3193000.0,5610100.0,2525100.0,7206000.0,1268800.0,1144900.0,748600.0,213000.0,222600.0,242500.0,2062100.0,2290400.0,1959600.0,1910000.0,795200.0,413200.0,319900.0,1162200.0,261100.0,208400.0
20231026101806000,SZSE,SZSE.ETF.159845,2.323,2.313,2.327,2.301,0.0,2.556,2.092,358736213.0,561005.0,358736213.0,561005.0,0.0,0.0,20231026,20231026,101806000,2.324,0.0,0.0,2.323,2.322,2.321,2.32,2.319,2.318,2.317,2.316,2.315,2.314,2.324,2.325,2.326,2.327,2.328,2.329,2.33,2.331,2.332,2.333,2094100.0,5979600.0,2065700.0,7206000.0,1268800.0,1144900.0,248600.0,213000.0,222600.0,242500.0,573200.0,3484200.0,2069600.0,1910000.0,795200.0,413200.0,319900.0,1162200.0,261100.0,208400.0
20231026101809000,SZSE,SZSE.ETF.159845,2.324,2.313,2.327,2.301,0.0,2.556,2.092,359844529.0,1108316.0,359844529.0,1108316.0,0.0,0.0,20231026,20231026,101809000,2.324,0.0,0.0,2.324,2.323,2.322,2.321,2.32,2.319,2.318,2.317,2.316,2.315,2.325,2.326,2.327,2.328,2.329,2.33,2.331,2.332,2.333,2.334,3009500.0,4226500.0,4434200.0,2352100.0,6579600.0,1168800.0,424900.0,248600.0,213000.0,222600.0,1740400.0,2777700.0,2066400.0,1505200.0,413200.0,419900.0,1162200.0,261100.0,208400.0,203100.0
20231026101812000,SZSE,SZSE.ETF.159845,2.324,2.313,2.327,2.301,0.0,2.556,2.092,360201960.0,357431.0,360201960.0,357431.0,0.0,0.0,20231026,20231026,101812000,2.324,0.0,0.0,2.324,2.323,2.322,2.321,2.32,2.319,2.318,2.317,2.316,2.315,2.325,2.326,2.327,2.328,2.329,2.33,2.331,2.332,2.333,2.334,2999400.0,4422900.0,4529100.0,2452100.0,6401400.0,701400.0,924900.0,248600.0,213000.0,222600.0,1850400.0,1949100.0,2354400.0,1596300.0,802600.0,419900.0,252100.0,1171200.0,208400.0,203100.0
20231026101815000,SZSE,SZSE.ETF.159845,2.324,2.313,2.327,2.301,0.0,2.556,2.092,360275398.0,73438.0,360275398.0,73438.0,0.0,0.0,20231026,20231026,101815000,2.324,0.0,0.0,2.324,2.323,2.322,2.321,2.32,2.319,2.318,2.317,2.316,2.315,2.325,2.326,2.327,2.328,2.329,2.33,2.331,2.332,2.333,2.334,3927300.0,5252600.0,4529100.0,2752100.0,6401400.0,701400.0,924900.0,248600.0,213000.0,222600.0,1956400.0,1963100.0,2234400.0,1596300.0,802600.0,419900.0,252100.0,1171200.0,208400.0,203100.0
20231026101818000,SZSE,SZSE.ETF.159845,2.324,2.313,2.327,2.301,0.0,2.556,2.092,360377189.0,101791.0,360377189.0,101791.0,0.0,0.0,20231026,20231026,101818000,2.324,0.0,0.0,2.324,2.323,2.322,2.321,2.32,2.319,2.318,2.317,2.316,2.315,2.325,2.326,2.327,2.328,2.329,2.33,2.331,2.332,2.333,2.334,3883500.0,4078900.0,4245900.0,3121500.0,6891400.0,701400.0,924900.0,248600.0,213000.0,222600.0,2526400.0,1838600.0,2184400.0,1106300.0,802600.0,419900.0,252100.0,261100.0,1118500.0,203100.0
20231026101821000,SZSE,SZSE.ETF.159845,2.324,2.313,2.327,2.301,0.0,2.556,2.092,364146253.0,3769064.0,364146253.0,3769064.0,0.0,0.0,20231026,20231026,101821000,2.324,0.0,0.0,2.324,2.323,2.322,2.321,2.32,2.319,2.318,2.317,2.316,2.315,2.325,2.326,2.327,2.328,2.329,2.33,2.331,2.332,2.333,2.334,2261700.0,3223600.0,3839700.0,2562100.0,6891400.0,1021400.0,924900.0,248600.0,213000.0,222600.0,2160100.0,2518600.0,2284400.0,1106300.0,582600.0,319900.0,252100.0,261100.0,1118500.0,203100.0
20231026101824000,SZSE,SZSE.ETF.159845,2.324,2.313,2.327,2.301,0.0,2.556,2.092,366758429.0,2612176.0,366758429.0,2612176.0,0.0,0.0,20231026,20231026,101824000,2.324,0.0,0.0,2.324,2.323,2.322,2.321,2.32,2.319,2.318,2.317,2.316,2.315,2.325,2.326,2.327,2.328,2.329,2.33,2.331,2.332,2.333,2.334,1289200.0,3637600.0,3929700.0,2442100.0,6891400.0,1021400.0,924900.0,248600.0,213000.0,222600.0,2066300.0,2616600.0,2494400.0,1106300.0,582600.0,319900.0,252100.0,261100.0,1118500.0,203100.0
20231026101827000,SZSE,SZSE.ETF.159845,2.324,2.313,2.327,2.301,0.0,2.556,2.092,366814437.0,56008.0,366814437.0,56008.0,0.0,0.0,20231026,20231026,101827000,2.324,0.0,0.0,2.324,2.323,2.322,2.321,2.32,2.319,2.318,2.317,2.316,2.315,2.325,2.326,2.327,2.328,2.329,2.33,2.331,2.332,2.333,2.334,2305100.0,3587600.0,3936200.0,2485700.0,6891400.0,1021400.0,924900.0,248600.0,213000.0,222600.0,2026300.0,2566600.0,2538000.0,1062800.0,582600.0,319900.0,252100.0,261100.0,1118500.0,203100.0
20231026101830000,SZSE,SZSE.ETF.159845,2.324,2.313,2.327,2.301,0.0,2.556,2.092,366918785.0,104348.0,366918785.0,104348.0,0.0,0.0,20231026,20231026,101830000,2.324,0.0,0.0,2.324,2.323,2.322,2.321,2.32,2.319,2.318,2.317,2.316,2.315,2.325,2.326,2.327,2.328,2.329,2.33,2.331,2.332,2.333,2.334,4302200.0,1635600.0,3929700.0,2542100.0,6891400.0,1021400.0,872900.0,248600.0,213000.0,222600.0,1052300.0,3630600.0,2442400.0,1106300.0,582600.0,319900.0,252100.0,1171200.0,208400.0,203100.0
20231026101833000,SZSE,SZSE.ETF.159845,2.324,2.313,2.327,2.301,0.0,2.556,2.092,367010583.0,91798.0,367010583.0,91798.0,0.0,0.0,20231026,20231026,101833000,2.324,0.0,0.0,2.324,2.323,2.322,2.321,2.32,2.319,2.318,2.317,2.316,2.315,2.325,2.326,2.327,2.328,2.329,2.33,2.331,2.332,2.333,2.334,5262700.0,2145600.0,3029700.0,2542100.0,6891400.0,973400.0,872900.0,248600.0,213000.0,222600.0,1052300.0,3580600.0,2392400.0,1158300.0,582600.0,419900.0,252100.0,1171200.0,208400.0,203100.0
20231026101836000,SZSE,SZSE.ETF.159845,2.324,2.313,2.327,2.301,0.0,2.556,2.092,367118649.0,108066.0,367118649.0,108066.0,0.0,0.0,20231026,20231026,101836000,2.324,0.0,0.0,2.324,2.323,2.322,2.321,2.32,2.319,2.318,2.317,2.316,2.315,2.325,2.326,2.327,2.328,2.329,2.33,2.331,2.332,2.333,2.334,5229900.0,3485600.0,3129700.0,2362100.0,6401400.0,973400.0,872900.0,248600.0,213000.0,222600.0,529800.0,3580600.0,2392400.0,1828300.0,582600.0,319900.0,252100.0,1171200.0,208400.0,203100.0
20231026101839000,SZSE,SZSE.ETF.159845,2.324,2.313,2.327,2.301,0.0,2.556,2.092,367191157.0,72508.0,367191157.0,72508.0,0.0,0.0,20231026,20231026,101839000,2.324,0.0,0.0,2.324,2.323,2.322,2.321,2.32,2.319,2.318,2.317,2.316,2.315,2.325,2.326,2.327,2.328,2.329,2.33,2.331,2.332,2.333,2.334,5171000.0,2149600.0,2829700.0,2492100.0,6892200.0,1073400.0,872900.0,248600.0,213000.0,222600.0,1066300.0,3566600.0,2192400.0,1208300.0,582600.0,319900.0,252100.0,1171200.0,208400.0,203100.0
20231026101842000,SZSE,SZSE.ETF.159845,2.324,2.313,2.327,2.301,0.0,2.556,2.092,367304336.0,113179.0,367304336.0,113179.0,0.0,0.0,20231026,20231026,101842000,2.324,0.0,0.0,2.324,2.323,2.322,2.321,2.32,2.319,2.318,2.317,2.316,2.315,2.325,2.326,2.327,2.328,2.329,2.33,2.331,2.332,2.333,2.334,5122300.0,2599600.0,2929700.0,2262100.0,6892200.0,973400.0,872900.0,248600.0,213000.0,222600.0,1172300.0,3566600.0,2342400.0,1158300.0,582600.0,319900.0,252100.0,1171200.0,208400.0,203100.0
20231026101845000,SZSE,SZSE.ETF.159845,2.326,2.313,2.327,2.301,0.0,2.556,2.092,370882363.0,3578027.0,370882363.0,3578027.0,0.0,0.0,20231026,20231026,101845000,2.324,0.0,0.0,2.325,2.324,2.323,2.322,2.321,2.32,2.319,2.318,2.317,2.316,2.326,2.327,2.328,2.329,2.33,2.331,2.332,2.333,2.334,2.335,278500.0,5493400.0,3685500.0,3029700.0,2262100.0,6402200.0,973400.0,872900.0,248600.0,213000.0,2923800.0,2392400.0,1828300.0,582600.0,419900.0,252100.0,1171200.0,208400.0,203100.0,207600.0
20231026101848000,SZSE,SZSE.ETF.159845,2.325,2.313,2.327,2.301,0.0,2.556,2.092,371016050.0,133687.0,371016050.0,133687.0,0.0,0.0,20231026,20231026,101848000,2.324,0.0,0.0,2.325,2.324,2.323,2.322,2.321,2.32,2.319,2.318,2.317,2.316,2.326,2.327,2.328,2.329,2.33,2.331,2.332,2.333,2.334,2.335,341000.0,4843400.0,3124400.0,2716200.0,1827500.0,6254800.0,973400.0,872900.0,248600.0,213000.0,2834800.0,1937400.0,1722800.0,673700.0,589300.0,252100.0,1171200.0,208400.0,203100.0,207600.0
20231026101851000,SZSE,SZSE.ETF.159845,2.325,2.313,2.327,2.301,0.0,2.556,2.092,371078593.0,62543.0,371078593.0,62543.0,0.0,0.0,20231026,20231026,101851000,2.324,0.0,0.0,2.325,2.324,2.323,2.322,2.321,2.32,2.319,2.318,2.317,2.316,2.326,2.327,2.328,2.329,2.33,2.331,2.332,2.333,2.334,2.335,396900.0,4928200.0,3464400.0,2616200.0,1827500.0,6254800.0,1073400.0,872900.0,248600.0,213000.0,2836800.0,1987400.0,2112800.0,673700.0,489300.0,252100.0,1171200.0,208400.0,203100.0,207600.0
20231026101854000,SZSE,SZSE.ETF.159845,2.325,2.313,2.327,2.301,0.0,2.556,2.092,371160433.0,81840.0,371160433.0,81840.0,0.0,0.0,20231026,20231026,101854000,2.324,0.0,0.0,2.325,2.324,2.323,2.322,2.321,2.32,2.319,2.318,2.317,2.316,2.326,2.327,2.328,2.329,2.33,2.331,2.332,2.333,2.334,2.335,361700.0,3940200.0,3514400.0,2716200.0,1927500.0,6254800.0,973400.0,872900.0,248600.0,213000.0,2964700.0,1937400.0,2112800.0,673700.0,589300.0,252100.0,1171200.0,208400.0,203100.0,207600.0
20231026101857000,SZSE,SZSE.ETF.159845,2.325,2.313,2.327,2.301,0.0,2.556,2.092,372090665.0,930232.0,372090665.0,930232.0,0.0,0.0,20231026,20231026,101857000,2.324,0.0,0.0,2.325,2.324,2.323,2.322,2.321,2.32,2.319,2.318,2.317,2.316,2.326,2.327,2.328,2.329,2.33,2.331,2.332,2.333,2.334,2.335,16600.0,3926200.0,3514400.0,2496200.0,1927500.0,6254800.0,1073400.0,872900.0,248600.0,213000.0,3022800.0,2051400.0,2232800.0,673700.0,489300.0,252100.0,1171200.0,208400.0,203100.0,207600.0
20231026101900000,SZSE,SZSE.ETF.159845,2.325,2.313,2.327,2.301,0.0,2.556,2.092,372125540.0,34875.0,372125540.0,34875.0,0.0,0.0,20231026,20231026,101900000,2.324,0.0,0.0,2.324,2.323,2.322,2.321,2.32,2.319,2.318,2.317,2.316,2.315,2.325,2.326,2.327,2.328,2.329,2.33,2.331,2.332,2.333,2.334,3639700.0,4252400.0,2696200.0,1827500.0,6254800.0,973400.0,872900.0,248600.0,213000.0,222600.0,32200.0,3375200.0,1887400.0,2232800.0,673700.0,489300.0,252100.0,1171200.0,208400.0,203100.0
20231026101903000,SZSE,SZSE.ETF.159845,2.324,2.313,2.327,2.301,0.0,2.556,2.092,373388403.0,1262863.0,373388403.0,1262863.0,0.0,0.0,20231026,20231026,101903000,2.324,0.0,0.0,2.324,2.323,2.322,2.321,2.32,2.319,2.318,2.317,2.316,2.315,2.325,2.326,2.327,2.328,2.329,2.33,2.331,2.332,2.333,2.334,1642700.0,4054100.0,3409100.0,1642100.0,6892200.0,1021400.0,872900.0,748600.0,213000.0,222600.0,1758900.0,2555200.0,1802400.0,1586300.0,582600.0,319900.0,1162200.0,261100.0,208400.0,203100.0
20231026101906000,SZSE,SZSE.ETF.159845,2.324,2.313,2.327,2.301,0.0,2.556,2.092,373485082.0,96679.0,373485082.0,96679.0,0.0,0.0,20231026,20231026,101906000,2.324,0.0,0.0,2.324,2.323,2.322,2.321,2.32,2.319,2.318,2.317,2.316,2.315,2.325,2.326,2.327,2.328,2.329,2.33,2.331,2.332,2.333,2.334,1401100.0,3004100.0,4805600.0,1365700.0,6892200.0,1021400.0,1144900.0,748600.0,213000.0,222600.0,3063000.0,1945200.0,1988000.0,1142800.0,482600.0,319900.0,1162200.0,261100.0,208400.0,203100.0
20231026101909000,SZSE,SZSE.ETF.159845,2.324,2.313,2.327,2.301,0.0,2.556,2.092,373582225.0,97143.0,373582225.0,97143.0,0.0,0.0,20231026,20231026,101909000,2.324,0.0,0.0,2.324,2.323,2.322,2.321,2.32,2.319,2.318,2.317,2.316,2.315,2.325,2.326,2.327,2.328,2.329,2.33,2.331,2.332,2.333,2.334,359300.0,1964500.0,4627600.0,1565700.0,6892200.0,1121400.0,1244900.0,748600.0,213000.0,222600.0,3063000.0,2135200.0,1938000.0,1142800.0,482600.0,1230000.0,252100.0,261100.0,208400.0,203100.0
