time,exchg,code,price,open,high,low,settle_price,upper_limit,lower_limit,total_volume,volume,total_turnover,turnover,open_interest,diff_interest,trading_date,action_date,action_time,pre_close,pre_settle,pre_interest,bid_price_0,bid_price_1,bid_price_2,bid_price_3,bid_price_4,bid_price_5,bid_price_6,bid_price_7,bid_price_8,bid_price_9,ask_price_0,ask_price_1,ask_price_2,ask_price_3,ask_price_4,ask_price_5,ask_price_6,ask_price_7,ask_price_8,ask_price_9,bid_qty_0,bid_qty_1,bid_qty_2,bid_qty_3,bid_qty_4,bid_qty_5,bid_qty_6,bid_qty_7,bid_qty_8,bid_qty_9,ask_qty_0,ask_qty_1,ask_qty_2,ask_qty_3,ask_qty_4,ask_qty_5,ask_qty_6,ask_qty_7,ask_qty_8,ask_qty_9
20231026093648000,SZSE,SZSE.ETF.159915,1.803,1.802,1.812,1.8,0.0,2.178,1.452,153760405.0,107070847.0,153760405.0,107070847.0,0.0,0.0,20231026,20231026,93648000,1.815,0.0,0.0,1.802,1.801,1.8,1.799,1.798,1.797,1.796,1.795,1.794,1.793,1.803,1.804,1.805,1.806,1.807,1.808,1.809,1.81,1.811,1.812,1013900.0,1962800.0,3230200.0,1503300.0,2209500.0,870900.0,643500.0,704200.0,285200.0,347100.0,86100.0,1517500.0,2226000.0,590100.0,203800.0,286800.0,881700.0,1099500.0,1086000.0,964400.0
20231026093651000,SZSE,SZSE.ETF.159915,1.803,1.802,1.812,1.8,0.0,2.178,1.452,153817560.0,57155.0,153817560.0,57155.0,0.0,0.0,20231026,20231026,93651000,1.815,0.0,0.0,1.802,1.801,1.8,1.799,1.798,1.797,1.796,1.795,1.794,1.793,1.803,1.804,1.805,1.806,1.807,1.808,1.809,1.81,1.811,1.812,1087600.0,1938400.0,3274700.0,1626300.0,2149500.0,927900.0,643500.0,704200.0,285200.0,347100.0,260800.0,1837900.0,2343000.0,590100.0,203800.0,286800.0,881700.0,1099500.0,1086000.0,954700.0
20231026093654000,SZSE,SZSE.ETF.159915,1.802,1.802,1.812,1.8,0.0,2.178,1.452,154241979.0,424419.0,154241979.0,424419.0,0.0,0.0,20231026,20231026,93654000,1.815,0.0,0.0,1.802,1.801,1.8,1.799,1.798,1.797,1.796,1.795,1.794,1.793,1.803,1.804,1.805,1.806,1.807,1.808,1.809,1.81,1.811,1.812,1061400.0,1975100.0,3229200.0,1506300.0,2329500.0,987900.0,643500.0,702800.0,285200.0,347100.0,743200.0,2671100.0,1342700.0,520100.0,203800.0,281800.0,881700.0,1104500.0,1086000.0,954700.0
20231026093657000,SZSE,SZSE.ETF.159915,1.803,1.802,1.812,1.8,0.0,2.178,1.452,154795779.0,553800.0,154795779.0,553800.0,0.0,0.0,20231026,20231026,93657000,1.815,0.0,0.0,1.802,1.801,1.8,1.799,1.798,1.797,1.796,1.795,1.794,1.793,1.803,1.804,1.805,1.806,1.807,1.808,1.809,1.81,1.811,1.812,808300.0,1883000.0,3373300.0,1536300.0,2732500.0,927900.0,526500.0,822800.0,285200.0,339100.0,812600.0,2490600.0,662700.0,360100.0,203800.0,281800.0,1001700.0,984500.0,1086000.0,950000.0
20231026093700000,SZSE,SZSE.ETF.159915,1.803,1.802,1.812,1.8,0.0,2.178,1.452,155006722.0,210943.0,155006722.0,210943.0,0.0,0.0,20231026,20231026,93700000,1.815,0.0,0.0,1.802,1.801,1.8,1.799,1.798,1.797,1.796,1.795,1.794,1.793,1.803,1.804,1.805,1.806,1.807,1.808,1.809,1.81,1.811,1.812,729900.0,2005100.0,3195200.0,1136300.0,2722500.0,987900.0,703500.0,702800.0,285200.0,339100.0,1252300.0,2960600.0,622700.0,440100.0,203800.0,281800.0,881700.0,1104500.0,1086200.0,950000.0
20231026093703000,SZSE,SZSE.ETF.159915,1.802,1.802,1.812,1.8,0.0,2.178,1.452,156540407.0,1533685.0,156540407.0,1533685.0,0.0,0.0,20231026,20231026,93703000,1.815,0.0,0.0,1.801,1.8,1.799,1.798,1.797,1.796,1.795,1.794,1.793,1.792,1.802,1.803,1.804,1.805,1.806,1.807,1.808,1.809,1.81,1.811,1619100.0,3291400.0,1277300.0,2842500.0,1387900.0,526500.0,832800.0,285200.0,338500.0,959000.0,337800.0,1640800.0,2656200.0,442700.0,365100.0,203800.0,281800.0,1001700.0,982500.0,1086200.0
20231026093706000,SZSE,SZSE.ETF.159915,1.802,1.802,1.812,1.8,0.0,2.178,1.452,157117047.0,576640.0,157117047.0,576640.0,0.0,0.0,20231026,20231026,93706000,1.815,0.0,0.0,1.801,1.8,1.799,1.798,1.797,1.796,1.795,1.794,1.793,1.792,1.802,1.803,1.804,1.805,1.806,1.807,1.808,1.809,1.81,1.811,1560600.0,3262800.0,1528800.0,1505200.0,2385200.0,583500.0,832800.0,285200.0,338500.0,967000.0,576400.0,1707100.0,2058300.0,205500.0,233100.0,203800.0,281800.0,1000700.0,982500.0,1086200.0
20231026093709000,SZSE,SZSE.ETF.159915,1.801,1.802,1.812,1.8,0.0,2.178,1.452,160136493.0,3019446.0,160136493.0,3019446.0,0.0,0.0,20231026,20231026,93709000,1.815,0.0,0.0,1.8,1.799,1.798,1.797,1.796,1.795,1.794,1.793,1.792,1.791,1.801,1.802,1.803,1.804,1.805,1.806,1.807,1.808,1.809,1.81,3070700.0,1468800.0,1425200.0,1634900.0,1573900.0,846300.0,285200.0,338500.0,967800.0,1233300.0,599700.0,1672300.0,2494900.0,765300.0,205500.0,223100.0,203800.0,281800.0,1000700.0,982500.0
20231026093712000,SZSE,SZSE.ETF.159915,1.801,1.802,1.812,1.8,0.0,2.178,1.452,160316953.0,180460.0,160316953.0,180460.0,0.0,0.0,20231026,20231026,93712000,1.815,0.0,0.0,1.8,1.799,1.798,1.797,1.796,1.795,1.794,1.793,1.792,1.791,1.801,1.802,1.803,1.804,1.805,1.806,1.807,1.808,1.809,1.81,2948700.0,1108700.0,1838400.0,1170900.0,1051400.0,1773800.0,405200.0,338500.0,967800.0,1233300.0,870900.0,2560000.0,1197900.0,577100.0,73500.0,223900.0,203800.0,401800.0,880700.0,982500.0
20231026093715000,SZSE,SZSE.ETF.159915,1.801,1.802,1.812,1.8,0.0,2.178,1.452,162314871.0,1997918.0,162314871.0,1997918.0,0.0,0.0,20231026,20231026,93715000,1.815,0.0,0.0,1.8,1.799,1.798,1.797,1.796,1.795,1.794,1.793,1.792,1.791,1.801,1.802,1.803,1.804,1.805,1.806,1.807,1.808,1.809,1.81,1928100.0,990700.0,1859600.0,1333400.0,1111400.0,1779400.0,285200.0,460000.0,968200.0,1234300.0,929700.0,3065600.0,1052400.0,357100.0,73500.0,223900.0,325300.0,282200.0,881700.0,984600.0
20231026093742000,SZSE,SZSE.ETF.159915,1.798,1.802,1.812,1.797,0.0,2.178,1.452,176008497.0,1017648.0,176008497.0,1017648.0,0.0,0.0,20231026,20231026,93742000,1.815,0.0,0.0,1.798,1.797,1.796,1.795,1.794,1.793,1.792,1.791,1.79,1.789,1.799,1.8,1.801,1.802,1.803,1.804,1.805,1.806,1.807,1.808,71700.0,1935700.0,2356100.0,2108800.0,547700.0,416600.0,971200.0,1246400.0,1079600.0,142600.0,273700.0,1428300.0,1860400.0,896300.0,305200.0,345200.0,103500.0,155100.0,205800.0,301600.0
20231026093745000,SZSE,SZSE.ETF.159915,1.799,1.802,1.812,1.797,0.0,2.178,1.452,176789437.0,780940.0,176789437.0,780940.0,0.0,0.0,20231026,20231026,93745000,1.815,0.0,0.0,1.799,1.798,1.797,1.796,1.795,1.794,1.793,1.792,1.791,1.79,1.8,1.801,1.802,1.803,1.804,1.805,1.806,1.807,1.808,1.809,621900.0,681600.0,2516000.0,2466600.0,1757400.0,447700.0,421600.0,1091600.0,1248900.0,960100.0,266800.0,2977300.0,881300.0,305200.0,225200.0,103500.0,275100.0,205800.0,301600.0,790900.0
20231026093748000,SZSE,SZSE.ETF.159915,1.799,1.802,1.812,1.797,0.0,2.178,1.452,177859483.0,1070046.0,177859483.0,1070046.0,0.0,0.0,20231026,20231026,93748000,1.815,0.0,0.0,1.799,1.798,1.797,1.796,1.795,1.794,1.793,1.792,1.791,1.79,1.8,1.801,1.802,1.803,1.804,1.805,1.806,1.807,1.808,1.809,54200.0,877400.0,1647100.0,1176000.0,2284400.0,440700.0,541600.0,971600.0,1250900.0,970500.0,255900.0,3618200.0,1160100.0,380200.0,225200.0,103500.0,175100.0,325800.0,301600.0,790900.0
20231026093751000,SZSE,SZSE.ETF.159915,1.798,1.802,1.812,1.797,0.0,2.178,1.452,178054854.0,195371.0,178054854.0,195371.0,0.0,0.0,20231026,20231026,93751000,1.815,0.0,0.0,1.799,1.798,1.797,1.796,1.795,1.794,1.793,1.792,1.791,1.79,1.8,1.801,1.802,1.803,1.804,1.805,1.806,1.807,1.808,1.809,63600.0,940600.0,1759700.0,1496300.0,1457200.0,1498600.0,427900.0,1091600.0,1250900.0,984200.0,637900.0,3512900.0,864100.0,417200.0,225200.0,103500.0,295100.0,205800.0,302400.0,790900.0
20231026093754000,SZSE,SZSE.ETF.159915,1.799,1.802,1.812,1.797,0.0,2.178,1.452,178679065.0,624211.0,178679065.0,624211.0,0.0,0.0,20231026,20231026,93754000,1.815,0.0,0.0,1.799,1.798,1.797,1.796,1.795,1.794,1.793,1.792,1.791,1.79,1.8,1.801,1.802,1.803,1.804,1.805,1.806,1.807,1.808,1.809,65800.0,1093700.0,2085200.0,1121000.0,1890000.0,509300.0,477900.0,1091600.0,1250900.0,984700.0,1329000.0,2392500.0,965100.0,417200.0,225200.0,103500.0,295100.0,205800.0,302400.0,790900.0
20231026093757000,SZSE,SZSE.ETF.159915,1.799,1.802,1.812,1.797,0.0,2.178,1.452,179491866.0,812801.0,179491866.0,812801.0,0.0,0.0,20231026,20231026,93757000,1.815,0.0,0.0,1.798,1.797,1.796,1.795,1.794,1.793,1.792,1.791,1.79,1.789,1.8,1.801,1.802,1.803,1.804,1.805,1.806,1.807,1.808,1.809,1262600.0,2531500.0,1361900.0,1001800.0,450800.0,490900.0,1097600.0,1282000.0,1004700.0,142300.0,1902900.0,2392400.0,965100.0,417200.0,225200.0,103500.0,295100.0,176500.0,302400.0,790900.0
20231026093951000,SZSE,SZSE.ETF.159915,1.801,1.802,1.812,1.797,0.0,2.178,1.452,200359552.0,1790405.0,200359552.0,1790405.0,0.0,0.0,20231026,20231026,93951000,1.815,0.0,0.0,1.801,1.8,1.799,1.798,1.797,1.796,1.795,1.794,1.793,1.792,1.803,1.804,1.805,1.806,1.807,1.808,1.809,1.81,1.811,1.812,1023800.0,3774100.0,3322600.0,1977900.0,1799400.0,1167000.0,1026000.0,422800.0,518400.0,1178000.0,1737400.0,1373800.0,1065100.0,530200.0,185200.0,451800.0,816500.0,1256000.0,1653400.0,986700.0
20231026093954000,SZSE,SZSE.ETF.159915,1.801,1.802,1.812,1.797,0.0,2.178,1.452,200540282.0,180730.0,200540282.0,180730.0,0.0,0.0,20231026,20231026,93954000,1.815,0.0,0.0,1.801,1.8,1.799,1.798,1.797,1.796,1.795,1.794,1.793,1.792,1.802,1.803,1.804,1.805,1.806,1.807,1.808,1.809,1.81,1.811,1011800.0,4173400.0,3437600.0,2045900.0,1769500.0,1287000.0,1018000.0,422800.0,521700.0,1178000.0,188300.0,839200.0,1590900.0,3278100.0,665200.0,185200.0,451800.0,816500.0,1270000.0,1653400.0
20231026093957000,SZSE,SZSE.ETF.159915,1.802,1.802,1.812,1.797,0.0,2.178,1.452,200729311.0,189029.0,200729311.0,189029.0,0.0,0.0,20231026,20231026,93957000,1.815,0.0,0.0,1.801,1.8,1.799,1.798,1.797,1.796,1.795,1.794,1.793,1.792,1.802,1.803,1.804,1.805,1.806,1.807,1.808,1.809,1.81,1.811,1129800.0,4178300.0,3338300.0,1978900.0,1915000.0,1167000.0,1018600.0,422800.0,521700.0,1179700.0,107400.0,900300.0,1056800.0,3326100.0,690200.0,185200.0,451800.0,816500.0,1270000.0,1653400.0
20231026094000000,SZSE,SZSE.ETF.159915,1.802,1.802,1.812,1.797,0.0,2.178,1.452,200959785.0,230474.0,200959785.0,230474.0,0.0,0.0,20231026,20231026,94000000,1.815,0.0,0.0,1.802,1.801,1.8,1.799,1.798,1.797,1.796,1.795,1.794,1.793,1.803,1.804,1.805,1.806,1.807,1.808,1.809,1.81,1.811,1.812,13900.0,1391000.0,4027400.0,3339900.0,1979400.0,1993100.0,1167300.0,1018600.0,422800.0,521700.0,900300.0,1063800.0,3386100.0,690200.0,185200.0,451800.0,816500.0,1300000.0,1653400.0,986700.0
20231026094542000,SZSE,SZSE.ETF.159915,1.795,1.802,1.812,1.795,0.0,2.178,1.452,276560415.0,353225.0,276560415.0,353225.0,0.0,0.0,20231026,20231026,94542000,1.815,0.0,0.0,1.795,1.794,1.793,1.792,1.791,1.79,1.789,1.788,1.787,1.786,1.796,1.797,1.798,1.799,1.8,1.801,1.802,1.803,1.804,1.805,1590200.0,919300.0,2219200.0,1964900.0,1717400.0,1714600.0,350500.0,1348900.0,6104800.0,247500.0,1353700.0,725200.0,5141000.0,1052400.0,115500.0,266100.0,50100.0,146300.0,261800.0,327000.0
20231026094545000,SZSE,SZSE.ETF.159915,1.795,1.802,1.812,1.795,0.0,2.178,1.452,278588010.0,2027595.0,278588010.0,2027595.0,0.0,0.0,20231026,20231026,94545000,1.815,0.0,0.0,1.795,1.794,1.793,1.792,1.791,1.79,1.789,1.788,1.787,1.786,1.796,1.797,1.798,1.799,1.8,1.801,1.802,1.803,1.804,1.805,1139800.0,1005900.0,2234200.0,1954900.0,1777400.0,1732200.0,356100.0,1353400.0,6104800.0,248100.0,1226200.0,633100.0,4974900.0,1128400.0,115500.0,266100.0,50100.0,146300.0,262000.0,327000.0
20231026094548000,SZSE,SZSE.ETF.159915,1.795,1.802,1.812,1.795,0.0,2.178,1.452,279087251.0,499241.0,279087251.0,499241.0,0.0,0.0,20231026,20231026,94548000,1.815,0.0,0.0,1.795,1.794,1.793,1.792,1.791,1.79,1.789,1.788,1.787,1.786,1.796,1.797,1.798,1.799,1.8,1.801,1.802,1.803,1.804,1.805,1276500.0,1428800.0,3239200.0,2566200.0,1728500.0,1737500.0,356100.0,1490400.0,6104800.0,248100.0,1136800.0,564400.0,4134900.0,1613400.0,116500.0,267200.0,50100.0,146300.0,262000.0,317000.0
20231026094551000,SZSE,SZSE.ETF.159915,1.795,1.802,1.812,1.795,0.0,2.178,1.452,279205393.0,118142.0,279205393.0,118142.0,0.0,0.0,20231026,20231026,94551000,1.815,0.0,0.0,1.795,1.794,1.793,1.792,1.791,1.79,1.789,1.788,1.787,1.786,1.796,1.797,1.798,1.799,1.8,1.801,1.802,1.803,1.804,1.805,1235700.0,1773200.0,2669100.0,2560000.0,1792100.0,1752000.0,356100.0,1610400.0,5984800.0,258100.0,1099700.0,910900.0,4534900.0,1383400.0,125500.0,148200.0,170100.0,146300.0,262000.0,284800.0
20231026094554000,SZSE,SZSE.ETF.159915,1.796,1.802,1.812,1.795,0.0,2.178,1.452,281408613.0,2203220.0,281408613.0,2203220.0,0.0,0.0,20231026,20231026,94554000,1.815,0.0,0.0,1.795,1.794,1.793,1.792,1.791,1.79,1.789,1.788,1.787,1.786,1.796,1.797,1.798,1.799,1.8,1.801,1.802,1.803,1.804,1.805,142200.0,1334900.0,3490700.0,2567500.0,1847400.0,1753700.0,367500.0,1617900.0,5984800.0,258100.0,1354800.0,1621500.0,3810900.0,1284400.0,125500.0,125100.0,170100.0,146300.0,262000.0,284800.0
20231026094557000,SZSE,SZSE.ETF.159915,1.795,1.802,1.812,1.795,0.0,2.178,1.452,281769242.0,360629.0,281769242.0,360629.0,0.0,0.0,20231026,20231026,94557000,1.815,0.0,0.0,1.795,1.794,1.793,1.792,1.791,1.79,1.789,1.788,1.787,1.786,1.796,1.797,1.798,1.799,1.8,1.801,1.802,1.803,1.804,1.805,285400.0,1439600.0,3485700.0,3168000.0,1836400.0,1808300.0,367500.0,1497900.0,6104800.0,258100.0,1260800.0,2499200.0,2370900.0,1299400.0,133700.0,245100.0,51100.0,126300.0,262000.0,284800.0
20231026094600000,SZSE,SZSE.ETF.159915,1.795,1.802,1.812,1.795,0.0,2.178,1.452,282409975.0,640733.0,282409975.0,640733.0,0.0,0.0,20231026,20231026,94600000,1.815,0.0,0.0,1.795,1.794,1.793,1.792,1.791,1.79,1.789,1.788,1.787,1.786,1.796,1.797,1.798,1.799,1.8,1.801,1.802,1.803,1.804,1.805,117500.0,1173600.0,3670800.0,2673500.0,2082000.0,1843300.0,367500.0,1617900.0,5984800.0,278600.0,933500.0,1508300.0,3930900.0,1224400.0,139700.0,118100.0,171100.0,126300.0,262000.0,284800.0
20231026094603000,SZSE,SZSE.ETF.159915,1.795,1.802,1.812,1.794,0.0,2.178,1.452,283480434.0,1070459.0,283480434.0,1070459.0,0.0,0.0,20231026,20231026,94603000,1.815,0.0,0.0,1.795,1.794,1.793,1.792,1.791,1.79,1.789,1.788,1.787,1.786,1.796,1.797,1.798,1.799,1.8,1.801,1.802,1.803,1.804,1.805,59200.0,1566900.0,3673300.0,3016900.0,1962000.0,1843500.0,367500.0,1617900.0,5984800.0,278600.0,886500.0,1438300.0,3930900.0,1224400.0,227300.0,118100.0,171100.0,125800.0,262000.0,284800.0
20231026100942000,SZSE,SZSE.ETF.159915,1.801,1.802,1.812,1.793,0.0,2.178,1.452,460853516.0,500240.0,460853516.0,500240.0,0.0,0.0,20231026,20231026,100942000,1.815,0.0,0.0,1.8,1.799,1.798,1.797,1.796,1.795,1.794,1.793,1.792,1.791,1.801,1.802,1.803,1.804,1.805,1.806,1.807,1.808,1.809,1.81,930600.0,3947200.0,4640400.0,985500.0,696300.0,956000.0,733000.0,2394300.0,2657000.0,2874600.0,14900.0,2467400.0,1296500.0,4422100.0,1126000.0,773900.0,787700.0,1335900.0,731400.0,1686100.0
20231026100945000,SZSE,SZSE.ETF.159915,1.801,1.802,1.812,1.793,0.0,2.178,1.452,460875845.0,22329.0,460875845.0,22329.0,0.0,0.0,20231026,20231026,100945000,1.815,0.0,0.0,1.8,1.799,1.798,1.797,1.796,1.795,1.794,1.793,1.792,1.791,1.801,1.802,1.803,1.804,1.805,1.806,1.807,1.808,1.809,1.81,838200.0,5247200.0,4585400.0,1146500.0,696300.0,926000.0,733000.0,2394300.0,2657000.0,2874600.0,13600.0,1879300.0,1346500.0,4362100.0,1256000.0,773900.0,687700.0,1336300.0,731400.0,1686100.0
20231026100948000,SZSE,SZSE.ETF.159915,1.801,1.802,1.812,1.793,0.0,2.178,1.452,460885931.0,10086.0,460885931.0,10086.0,0.0,0.0,20231026,20231026,100948000,1.815,0.0,0.0,1.8,1.799,1.798,1.797,1.796,1.795,1.794,1.793,1.792,1.791,1.801,1.802,1.803,1.804,1.805,1.806,1.807,1.808,1.809,1.81,1148100.0,4726700.0,4602400.0,1086500.0,696300.0,936000.0,853000.0,2274400.0,2657000.0,2874600.0,45000.0,1794300.0,1066500.0,4507100.0,1249000.0,773900.0,567700.0,1455900.0,731400.0,1686100.0
20231026100951000,SZSE,SZSE.ETF.159915,1.801,1.802,1.812,1.793,0.0,2.178,1.452,461111056.0,225125.0,461111056.0,225125.0,0.0,0.0,20231026,20231026,100951000,1.815,0.0,0.0,1.801,1.8,1.799,1.798,1.797,1.796,1.795,1.794,1.793,1.792,1.802,1.803,1.804,1.805,1.806,1.807,1.808,1.809,1.81,1.811,875000.0,1818600.0,4846700.0,4467400.0,1086500.0,696300.0,938500.0,853000.0,2274400.0,2657000.0,1794300.0,1066500.0,4360100.0,1309000.0,773900.0,567700.0,1455900.0,731400.0,1686100.0,667200.0
20231026100954000,SZSE,SZSE.ETF.159915,1.801,1.802,1.812,1.793,0.0,2.178,1.452,461242889.0,131833.0,461242889.0,131833.0,0.0,0.0,20231026,20231026,100954000,1.815,0.0,0.0,1.801,1.8,1.799,1.798,1.797,1.796,1.795,1.794,1.793,1.792,1.802,1.803,1.804,1.805,1.806,1.807,1.808,1.809,1.81,1.811,832300.0,1647600.0,5076600.0,4431400.0,1096500.0,629300.0,941800.0,853000.0,2274400.0,2657000.0,1533200.0,1157600.0,4428100.0,1164000.0,773900.0,567700.0,1455900.0,731400.0,1686100.0,667200.0
20231026100957000,SZSE,SZSE.ETF.159915,1.802,1.802,1.812,1.793,0.0,2.178,1.452,461307395.0,64506.0,461307395.0,64506.0,0.0,0.0,20231026,20231026,100957000,1.815,0.0,0.0,1.801,1.8,1.799,1.798,1.797,1.796,1.795,1.794,1.793,1.792,1.802,1.803,1.804,1.805,1.806,1.807,1.808,1.809,1.81,1.811,1806000.0,1825000.0,5193600.0,4204500.0,1099500.0,633800.0,941800.0,855400.0,2274400.0,2658000.0,1503200.0,1097600.0,4368100.0,1341000.0,774400.0,567700.0,1455900.0,734400.0,1686100.0,667200.0
20231026101000000,SZSE,SZSE.ETF.159915,1.802,1.802,1.812,1.793,0.0,2.178,1.452,461307395.0,0.0,461307395.0,0.0,0.0,0.0,20231026,20231026,101000000,1.815,0.0,0.0,1.801,1.8,1.799,1.798,1.797,1.796,1.795,1.794,1.793,1.792,1.802,1.803,1.804,1.805,1.806,1.807,1.808,1.809,1.81,1.811,1970600.0,1993300.0,4873600.0,4164500.0,1099500.0,633800.0,941800.0,855400.0,2274400.0,2658000.0,1503200.0,1097600.0,4374500.0,1341000.0,774400.0,567700.0,1455900.0,734400.0,1686100.0,667200.0
20231026101003000,SZSE,SZSE.ETF.159915,1.802,1.802,1.812,1.793,0.0,2.178,1.452,461313160.0,5765.0,461313160.0,5765.0,0.0,0.0,20231026,20231026,101003000,1.815,0.0,0.0,1.801,1.8,1.799,1.798,1.797,1.796,1.795,1.794,1.793,1.792,1.802,1.803,1.804,1.805,1.806,1.807,1.808,1.809,1.81,1.811,1819400.0,2996200.0,5036800.0,3163500.0,1099500.0,633800.0,941800.0,855400.0,2276400.0,2658000.0,1617200.0,1101600.0,3774500.0,1341000.0,774400.0,567700.0,1455900.0,734400.0,1686100.0,667200.0
20231026101006000,SZSE,SZSE.ETF.159915,1.802,1.802,1.812,1.793,0.0,2.178,1.452,464165726.0,2852566.0,464165726.0,2852566.0,0.0,0.0,20231026,20231026,101006000,1.815,0.0,0.0,1.802,1.801,1.8,1.799,1.798,1.797,1.796,1.795,1.794,1.793,1.803,1.804,1.805,1.806,1.807,1.808,1.809,1.81,1.811,1.812,98400.0,2890000.0,2756800.0,3971800.0,2692500.0,999500.0,633800.0,941800.0,857900.0,2276900.0,852700.0,2595500.0,2796000.0,774400.0,667700.0,1455900.0,734400.0,1686100.0,667200.0,1123700.0
20231026101009000,SZSE,SZSE.ETF.159915,1.802,1.802,1.812,1.793,0.0,2.178,1.452,464165726.0,0.0,464165726.0,0.0,0.0,0.0,20231026,20231026,101009000,1.815,0.0,0.0,1.802,1.801,1.8,1.799,1.798,1.797,1.796,1.795,1.794,1.793,1.803,1.804,1.805,1.806,1.807,1.808,1.809,1.81,1.811,1.812,103400.0,2691100.0,4181700.0,2605800.0,2699900.0,932500.0,633800.0,1061800.0,737900.0,2276900.0,513300.0,2480100.0,2049000.0,849400.0,667700.0,1335900.0,854400.0,1686100.0,667200.0,1123700.0
20231026101012000,SZSE,SZSE.ETF.159915,1.802,1.802,1.812,1.793,0.0,2.178,1.452,465072132.0,906406.0,465072132.0,906406.0,0.0,0.0,20231026,20231026,101012000,1.815,0.0,0.0,1.802,1.801,1.8,1.799,1.798,1.797,1.796,1.795,1.794,1.793,1.803,1.804,1.805,1.806,1.807,1.808,1.809,1.81,1.811,1.812,22300.0,4091100.0,4088800.0,1135800.0,2526800.0,932500.0,633800.0,1061800.0,737900.0,2266600.0,446300.0,1423100.0,3109000.0,1816400.0,667700.0,1435900.0,854400.0,1686100.0,667200.0,1123700.0
20231026101015000,SZSE,SZSE.ETF.159915,1.802,1.802,1.812,1.793,0.0,2.178,1.452,465072132.0,0.0,465072132.0,0.0,0.0,0.0,20231026,20231026,101015000,1.815,0.0,0.0,1.802,1.801,1.8,1.799,1.798,1.797,1.796,1.795,1.794,1.793,1.803,1.804,1.805,1.806,1.807,1.808,1.809,1.81,1.811,1.812,1733700.0,2561000.0,4009800.0,1148800.0,2546800.0,932500.0,633800.0,1062800.0,737900.0,2266700.0,521800.0,1363100.0,2489000.0,2276400.0,667700.0,1435900.0,854400.0,1686100.0,667200.0,1123700.0
20231026101018000,SZSE,SZSE.ETF.159915,1.803,1.802,1.812,1.793,0.0,2.178,1.452,465120993.0,48861.0,465120993.0,48861.0,0.0,0.0,20231026,20231026,101018000,1.815,0.0,0.0,1.802,1.801,1.8,1.799,1.798,1.797,1.796,1.795,1.794,1.793,1.803,1.804,1.805,1.806,1.807,1.808,1.809,1.81,1.811,1.812,3053500.0,3869100.0,2626900.0,918800.0,2531500.0,932500.0,759400.0,942800.0,747900.0,2266700.0,423800.0,923100.0,2909000.0,2336400.0,677700.0,1435900.0,734400.0,1806100.0,667200.0,1123700.0
20231026101021000,SZSE,SZSE.ETF.159915,1.803,1.802,1.812,1.793,0.0,2.178,1.452,465129828.0,8835.0,465129828.0,8835.0,0.0,0.0,20231026,20231026,101021000,1.815,0.0,0.0,1.802,1.801,1.8,1.799,1.798,1.797,1.796,1.795,1.794,1.793,1.803,1.804,1.805,1.806,1.807,1.808,1.809,1.81,1.811,1.812,2145800.0,3869100.0,2704400.0,919800.0,2531500.0,932500.0,759400.0,942800.0,747900.0,2266700.0,438900.0,923100.0,1589000.0,2801400.0,847700.0,1435900.0,734400.0,1806100.0,667200.0,1123700.0
20231026101024000,SZSE,SZSE.ETF.159915,1.803,1.802,1.812,1.793,0.0,2.178,1.452,465249186.0,119358.0,465249186.0,119358.0,0.0,0.0,20231026,20231026,101024000,1.815,0.0,0.0,1.802,1.801,1.8,1.799,1.798,1.797,1.796,1.795,1.794,1.793,1.803,1.804,1.805,1.806,1.807,1.808,1.809,1.81,1.811,1.812,2136100.0,3929100.0,2639400.0,859800.0,2531500.0,932500.0,753000.0,949800.0,749000.0,2271700.0,365200.0,919100.0,1589000.0,2726400.0,847700.0,1445900.0,734400.0,1814700.0,667200.0,1120500.0
20231026101027000,SZSE,SZSE.ETF.159915,1.803,1.802,1.812,1.793,0.0,2.178,1.452,465476835.0,227649.0,465476835.0,227649.0,0.0,0.0,20231026,20231026,101027000,1.815,0.0,0.0,1.802,1.801,1.8,1.799,1.798,1.797,1.796,1.795,1.794,1.793,1.803,1.804,1.805,1.806,1.807,1.808,1.809,1.81,1.811,1.812,2165600.0,3134300.0,2579400.0,859800.0,2528800.0,1089100.0,753000.0,927500.0,749000.0,2305000.0,305900.0,921400.0,1509500.0,2666400.0,967700.0,1445900.0,734400.0,1814700.0,667200.0,1120500.0
20231026101030000,SZSE,SZSE.ETF.159915,1.803,1.802,1.812,1.793,0.0,2.178,1.452,465637121.0,160286.0,465637121.0,160286.0,0.0,0.0,20231026,20231026,101030000,1.815,0.0,0.0,1.802,1.801,1.8,1.799,1.798,1.797,1.796,1.795,1.794,1.793,1.803,1.804,1.805,1.806,1.807,1.808,1.809,1.81,1.811,1.812,1795200.0,3294300.0,2579400.0,869800.0,2528800.0,1086600.0,753000.0,927500.0,751000.0,2305000.0,218600.0,923100.0,1569500.0,2666400.0,907700.0,1445900.0,744400.0,1814700.0,667200.0,1120500.0
20231026101033000,SZSE,SZSE.ETF.159915,1.803,1.802,1.812,1.793,0.0,2.178,1.452,465660199.0,23078.0,465660199.0,23078.0,0.0,0.0,20231026,20231026,101033000,1.815,0.0,0.0,1.802,1.801,1.8,1.799,1.798,1.797,1.796,1.795,1.794,1.793,1.803,1.804,1.805,1.806,1.807,1.808,1.809,1.81,1.811,1.812,1175200.0,3134300.0,2732800.0,869800.0,2520700.0,1086600.0,753000.0,948500.0,751000.0,2265600.0,226800.0,923300.0,1511500.0,2741400.0,957700.0,1445900.0,744400.0,1814700.0,667200.0,1120500.0
20231026101036000,SZSE,SZSE.ETF.159915,1.803,1.802,1.812,1.793,0.0,2.178,1.452,466151177.0,490978.0,466151177.0,490978.0,0.0,0.0,20231026,20231026,101036000,1.815,0.0,0.0,1.803,1.802,1.801,1.8,1.799,1.798,1.797,1.796,1.795,1.794,1.804,1.805,1.806,1.807,1.808,1.809,1.81,1.811,1.812,1.813,77800.0,1169500.0,3134200.0,2657800.0,869800.0,2520700.0,971100.0,753000.0,948500.0,751000.0,897400.0,1571500.0,2666400.0,947700.0,1445900.0,744400.0,1824700.0,667200.0,1121000.0,414900.0
20231026101039000,SZSE,SZSE.ETF.159915,1.803,1.802,1.812,1.793,0.0,2.178,1.452,466184893.0,33716.0,466184893.0,33716.0,0.0,0.0,20231026,20231026,101039000,1.815,0.0,0.0,1.803,1.802,1.801,1.8,1.799,1.798,1.797,1.796,1.795,1.794,1.804,1.805,1.806,1.807,1.808,1.809,1.81,1.811,1.812,1.813,74900.0,1088600.0,3126200.0,2793500.0,835000.0,2338300.0,971100.0,633000.0,1068500.0,751000.0,1129300.0,1564500.0,3522400.0,787700.0,1445900.0,864400.0,1720900.0,667200.0,1121000.0,414900.0
20231026101042000,SZSE,SZSE.ETF.159915,1.804,1.802,1.812,1.793,0.0,2.178,1.452,466196794.0,11901.0,466196794.0,11901.0,0.0,0.0,20231026,20231026,101042000,1.815,0.0,0.0,1.803,1.802,1.801,1.8,1.799,1.798,1.797,1.796,1.795,1.794,1.804,1.805,1.806,1.807,1.808,1.809,1.81,1.811,1.812,1.813,282100.0,1087600.0,3422200.0,2555500.0,901900.0,2338200.0,971100.0,633000.0,1067500.0,771000.0,884600.0,1599000.0,3674400.0,919700.0,1445900.0,864400.0,1720900.0,667200.0,1121000.0,414900.0
20231026101045000,SZSE,SZSE.ETF.159915,1.804,1.802,1.812,1.793,0.0,2.178,1.452,468495076.0,2298282.0,468495076.0,2298282.0,0.0,0.0,20231026,20231026,101045000,1.815,0.0,0.0,1.803,1.802,1.801,1.8,1.799,1.798,1.797,1.796,1.795,1.794,1.805,1.806,1.807,1.808,1.809,1.81,1.811,1.812,1.813,1.814,448800.0,2288100.0,3592200.0,1435200.0,801900.0,2338200.0,971300.0,752900.0,947700.0,771000.0,1569900.0,3675400.0,899700.0,1446000.0,854400.0,1840900.0,667400.0,1121000.0,415100.0,686500.0
20231026101048000,SZSE,SZSE.ETF.159915,1.803,1.802,1.812,1.793,0.0,2.178,1.452,468502829.0,7753.0,468502829.0,7753.0,0.0,0.0,20231026,20231026,101048000,1.815,0.0,0.0,1.803,1.802,1.801,1.8,1.799,1.798,1.797,1.796,1.795,1.794,1.805,1.806,1.807,1.808,1.809,1.81,1.811,1.812,1.813,1.814,1105600.0,2872600.0,2474300.0,1432700.0,734900.0,2338200.0,1091300.0,632900.0,947700.0,771000.0,1449900.0,2585400.0,2000700.0,1521000.0,854400.0,1720900.0,787400.0,1121000.0,415100.0,686500.0
20231026101051000,SZSE,SZSE.ETF.159915,1.804,1.802,1.812,1.793,0.0,2.178,1.452,468516899.0,14070.0,468516899.0,14070.0,0.0,0.0,20231026,20231026,101051000,1.815,0.0,0.0,1.804,1.803,1.802,1.801,1.8,1.799,1.798,1.797,1.796,1.795,1.805,1.806,1.807,1.808,1.809,1.81,1.811,1.812,1.813,1.814,19500.0,1434600.0,2926600.0,2124300.0,1439700.0,734900.0,2308200.0,1091300.0,632900.0,945400.0,1329900.0,1745900.0,3061100.0,1584600.0,854400.0,1720900.0,787400.0,1120000.0,415100.0,686500.0
20231026101054000,SZSE,SZSE.ETF.159915,1.804,1.802,1.812,1.793,0.0,2.178,1.452,468614504.0,97605.0,468614504.0,97605.0,0.0,0.0,20231026,20231026,101054000,1.815,0.0,0.0,1.804,1.803,1.802,1.801,1.8,1.799,1.798,1.797,1.796,1.795,1.805,1.806,1.807,1.808,1.809,1.81,1.811,1.812,1.813,1.814,4700.0,1177000.0,2786600.0,2093300.0,1129800.0,734900.0,2308200.0,1091300.0,621300.0,950900.0,1539700.0,1646900.0,3061100.0,1584600.0,854400.0,1720900.0,807400.0,1115000.0,415100.0,686500.0
20231026101057000,SZSE,SZSE.ETF.159915,1.804,1.802,1.812,1.793,0.0,2.178,1.452,468661588.0,47084.0,468661588.0,47084.0,0.0,0.0,20231026,20231026,101057000,1.815,0.0,0.0,1.804,1.803,1.802,1.801,1.8,1.799,1.798,1.797,1.796,1.795,1.805,1.806,1.807,1.808,1.809,1.81,1.811,1.812,1.813,1.814,10400.0,1056800.0,3286600.0,2023300.0,975100.0,734900.0,2319900.0,1091300.0,621300.0,953900.0,1615000.0,1787000.0,3061600.0,1590200.0,932200.0,1720900.0,807400.0,1115000.0,415100.0,686500.0
20231026101100000,SZSE,SZSE.ETF.159915,1.805,1.802,1.812,1.793,0.0,2.178,1.452,468675125.0,13537.0,468675125.0,13537.0,0.0,0.0,20231026,20231026,101100000,1.815,0.0,0.0,1.804,1.803,1.802,1.801,1.8,1.799,1.798,1.797,1.796,1.795,1.805,1.806,1.807,1.808,1.809,1.81,1.811,1.812,1.813,1.814,78600.0,996800.0,3246600.0,2034300.0,1135600.0,734900.0,2319900.0,1091300.0,821300.0,943900.0,1702500.0,1777000.0,3001600.0,1725200.0,932200.0,1720900.0,807400.0,1115000.0,415100.0,686500.0
20231026101103000,SZSE,SZSE.ETF.159915,1.804,1.802,1.812,1.793,0.0,2.178,1.452,468983309.0,308184.0,468983309.0,308184.0,0.0,0.0,20231026,20231026,101103000,1.815,0.0,0.0,1.803,1.802,1.801,1.8,1.799,1.798,1.797,1.796,1.795,1.794,1.804,1.805,1.806,1.807,1.808,1.809,1.81,1.811,1.812,1.813,1067900.0,3167300.0,2024300.0,982100.0,734900.0,2319900.0,1091300.0,821300.0,943900.0,782300.0,15000.0,1460200.0,1853100.0,2221600.0,2589700.0,932200.0,1720900.0,807400.0,1115000.0,415100.0
20231026101106000,SZSE,SZSE.ETF.159915,1.804,1.802,1.812,1.793,0.0,2.178,1.452,469168399.0,185090.0,469168399.0,185090.0,0.0,0.0,20231026,20231026,101106000,1.815,0.0,0.0,1.803,1.802,1.801,1.8,1.799,1.798,1.797,1.796,1.795,1.794,1.804,1.805,1.806,1.807,1.808,1.809,1.81,1.811,1.812,1.813,1336500.0,3080300.0,2025300.0,892600.0,734900.0,2319900.0,1091300.0,821300.0,942400.0,782300.0,20700.0,1610200.0,1189100.0,2613800.0,2680600.0,952200.0,1720900.0,807400.0,1115000.0,415100.0
20231026101109000,SZSE,SZSE.ETF.159915,1.804,1.802,1.812,1.793,0.0,2.178,1.452,469244347.0,75948.0,469244347.0,75948.0,0.0,0.0,20231026,20231026,101109000,1.815,0.0,0.0,1.803,1.802,1.801,1.8,1.799,1.798,1.797,1.796,1.795,1.794,1.804,1.805,1.806,1.807,1.808,1.809,1.81,1.811,1.812,1.813,1346700.0,3290300.0,1965300.0,938600.0,801900.0,2319900.0,1091300.0,821300.0,942400.0,775900.0,165300.0,1622400.0,1713100.0,3559300.0,1740600.0,952700.0,1720900.0,807400.0,1115000.0,415100.0
20231026101112000,SZSE,SZSE.ETF.159915,1.804,1.802,1.812,1.793,0.0,2.178,1.452,469341204.0,96857.0,469341204.0,96857.0,0.0,0.0,20231026,20231026,101112000,1.815,0.0,0.0,1.803,1.802,1.801,1.8,1.799,1.798,1.797,1.796,1.795,1.794,1.804,1.805,1.806,1.807,1.808,1.809,1.81,1.811,1.812,1.813,1173200.0,3347300.0,1965300.0,938600.0,801900.0,2319900.0,1091300.0,821300.0,945400.0,775900.0,450900.0,1593100.0,1700200.0,3642500.0,1680600.0,947700.0,1721900.0,797400.0,1095000.0,415100.0
20231026101115000,SZSE,SZSE.ETF.159915,1.804,1.802,1.812,1.793,0.0,2.178,1.452,469359244.0,18040.0,469359244.0,18040.0,0.0,0.0,20231026,20231026,101115000,1.815,0.0,0.0,1.803,1.802,1.801,1.8,1.799,1.798,1.797,1.796,1.795,1.794,1.804,1.805,1.806,1.807,1.808,1.809,1.81,1.811,1.812,1.813,324700.0,3592800.0,2127300.0,943600.0,811900.0,2319900.0,1091300.0,821300.0,940200.0,775900.0,448800.0,1593100.0,1990800.0,2495600.0,1580600.0,947700.0,1722400.0,797400.0,1095000.0,414100.0
20231026101118000,SZSE,SZSE.ETF.159915,1.804,1.802,1.812,1.793,0.0,2.178,1.452,469409754.0,50510.0,469409754.0,50510.0,0.0,0.0,20231026,20231026,101118000,1.815,0.0,0.0,1.803,1.802,1.801,1.8,1.799,1.798,1.797,1.796,1.795,1.794,1.804,1.805,1.806,1.807,1.808,1.809,1.81,1.811,1.812,1.813,253200.0,2807300.0,2837800.0,943600.0,811900.0,2319900.0,1211300.0,821300.0,940200.0,775900.0,477500.0,1974100.0,2874800.0,2340800.0,1520600.0,947700.0,1716700.0,797400.0,1095000.0,414100.0
20231026101121000,SZSE,SZSE.ETF.159915,1.803,1.802,1.812,1.793,0.0,2.178,1.452,469851129.0,441375.0,469851129.0,441375.0,0.0,0.0,20231026,20231026,101121000,1.815,0.0,0.0,1.802,1.801,1.8,1.799,1.798,1.797,1.796,1.795,1.794,1.793,1.804,1.805,1.806,1.807,1.808,1.809,1.81,1.811,1.812,1.813,1217400.0,3102800.0,2239200.0,811900.0,2319900.0,1091300.0,941300.0,940200.0,775900.0,2268500.0,1574500.0,2007000.0,4134800.0,1325800.0,1460600.0,947700.0,1836700.0,677400.0,1097000.0,414100.0
20231026101124000,SZSE,SZSE.ETF.159915,1.803,1.802,1.812,1.793,0.0,2.178,1.452,469893320.0,42191.0,469893320.0,42191.0,0.0,0.0,20231026,20231026,101124000,1.815,0.0,0.0,1.802,1.801,1.8,1.799,1.798,1.797,1.796,1.795,1.794,1.793,1.803,1.804,1.805,1.806,1.807,1.808,1.809,1.81,1.811,1.812,1597700.0,2964800.0,2270200.0,811900.0,2329900.0,1091300.0,941300.0,940200.0,775900.0,2267100.0,34000.0,1297500.0,2300900.0,4238700.0,1322600.0,1461400.0,950700.0,1837700.0,677400.0,1097000.0
20231026101127000,SZSE,SZSE.ETF.159915,1.804,1.802,1.812,1.793,0.0,2.178,1.452,470053206.0,159886.0,470053206.0,159886.0,0.0,0.0,20231026,20231026,101127000,1.815,0.0,0.0,1.803,1.802,1.801,1.8,1.799,1.798,1.797,1.796,1.795,1.794,1.804,1.805,1.806,1.807,1.808,1.809,1.81,1.811,1.812,1.813,296000.0,2551800.0,2240400.0,1330700.0,821900.0,2329900.0,971300.0,941300.0,940200.0,776900.0,1412000.0,2021100.0,2986700.0,1510600.0,1646400.0,950700.0,1837700.0,680400.0,1097000.0,414100.0
20231026101130000,SZSE,SZSE.ETF.159915,1.803,1.802,1.812,1.793,0.0,2.178,1.452,472522657.0,2469451.0,472522657.0,2469451.0,0.0,0.0,20231026,20231026,101130000,1.815,0.0,0.0,1.803,1.802,1.801,1.8,1.799,1.798,1.797,1.796,1.795,1.794,1.805,1.806,1.807,1.808,1.809,1.81,1.811,1.812,1.813,1.814,874200.0,3267200.0,3120300.0,1010200.0,1131900.0,2329900.0,971300.0,941300.0,940200.0,776900.0,1985000.0,2158700.0,1312600.0,2886400.0,956700.0,1857700.0,680400.0,1097000.0,414100.0,686500.0
20231026101133000,SZSE,SZSE.ETF.159915,1.804,1.802,1.812,1.793,0.0,2.178,1.452,472717308.0,194651.0,472717308.0,194651.0,0.0,0.0,20231026,20231026,101133000,1.815,0.0,0.0,1.804,1.803,1.802,1.801,1.8,1.799,1.798,1.797,1.796,1.795,1.805,1.806,1.807,1.808,1.809,1.81,1.811,1.812,1.813,1.814,531100.0,2140100.0,3922200.0,1449300.0,850200.0,1064900.0,2329900.0,1091300.0,821300.0,970200.0,1865000.0,1134700.0,2503200.0,2997400.0,957700.0,1840700.0,800400.0,1097000.0,414100.0,686500.0
20231026101136000,SZSE,SZSE.ETF.159915,1.804,1.802,1.812,1.793,0.0,2.178,1.452,472791994.0,74686.0,472791994.0,74686.0,0.0,0.0,20231026,20231026,101136000,1.815,0.0,0.0,1.804,1.803,1.802,1.801,1.8,1.799,1.798,1.797,1.796,1.795,1.805,1.806,1.807,1.808,1.809,1.81,1.811,1.812,1.813,1.814,889700.0,3366100.0,3001600.0,383900.0,860300.0,1064900.0,2329900.0,1091300.0,821300.0,980200.0,1909500.0,1469700.0,1791200.0,2029400.0,1957700.0,1840700.0,800400.0,1097000.0,414100.0,686500.0
20231026101139000,SZSE,SZSE.ETF.159915,1.804,1.802,1.812,1.793,0.0,2.178,1.452,472866153.0,74159.0,472866153.0,74159.0,0.0,0.0,20231026,20231026,101139000,1.815,0.0,0.0,1.804,1.803,1.802,1.801,1.8,1.799,1.798,1.797,1.796,1.795,1.805,1.806,1.807,1.808,1.809,1.81,1.811,1.812,1.813,1.814,863700.0,2866100.0,3174600.0,268300.0,863100.0,1064900.0,2329900.0,1091300.0,821300.0,980200.0,1947500.0,1458200.0,1751200.0,2114400.0,1996500.0,1840700.0,800400.0,1097000.0,424100.0,686500.0
20231026101142000,SZSE,SZSE.ETF.159915,1.804,1.802,1.812,1.793,0.0,2.178,1.452,473267002.0,400849.0,473267002.0,400849.0,0.0,0.0,20231026,20231026,101142000,1.815,0.0,0.0,1.804,1.803,1.802,1.801,1.8,1.799,1.798,1.797,1.796,1.795,1.805,1.806,1.807,1.808,1.809,1.81,1.811,1.812,1.813,1.814,641500.0,2946100.0,3334600.0,268300.0,869100.0,1065200.0,2329900.0,1091300.0,819300.0,981200.0,1973600.0,1459200.0,1351200.0,3119400.0,997500.0,1840700.0,800400.0,1097000.0,424100.0,686500.0
20231026101145000,SZSE,SZSE.ETF.159915,1.805,1.802,1.812,1.793,0.0,2.178,1.452,473295341.0,28339.0,473295341.0,28339.0,0.0,0.0,20231026,20231026,101145000,1.815,0.0,0.0,1.804,1.803,1.802,1.801,1.8,1.799,1.798,1.797,1.796,1.795,1.805,1.806,1.807,1.808,1.809,1.81,1.811,1.812,1.813,1.814,642000.0,2598100.0,2834600.0,268300.0,870100.0,1185200.0,2329900.0,1091300.0,819300.0,981300.0,1745500.0,1449200.0,1758300.0,3124400.0,997500.0,1840700.0,800400.0,1095000.0,424100.0,686500.0
20231026101148000,SZSE,SZSE.ETF.159915,1.804,1.802,1.812,1.793,0.0,2.178,1.452,473534749.0,239408.0,473534749.0,239408.0,0.0,0.0,20231026,20231026,101148000,1.815,0.0,0.0,1.804,1.803,1.802,1.801,1.8,1.799,1.798,1.797,1.796,1.795,1.805,1.806,1.807,1.808,1.809,1.81,1.811,1.812,1.813,1.814,401700.0,2500100.0,2911600.0,428300.0,867600.0,1185200.0,2329900.0,1091300.0,819000.0,981300.0,1729200.0,1454900.0,1764900.0,2199400.0,1002500.0,1840700.0,800400.0,1095000.0,424100.0,686500.0
20231026101151000,SZSE,SZSE.ETF.159915,1.804,1.802,1.812,1.793,0.0,2.178,1.452,473535651.0,902.0,473535651.0,902.0,0.0,0.0,20231026,20231026,101151000,1.815,0.0,0.0,1.804,1.803,1.802,1.801,1.8,1.799,1.798,1.797,1.796,1.795,1.805,1.806,1.807,1.808,1.809,1.81,1.811,1.812,1.813,1.814,410800.0,2626400.0,2538300.0,588300.0,871600.0,1185200.0,2329900.0,1091300.0,819000.0,981300.0,1719200.0,1486300.0,2770900.0,2117800.0,1002500.0,1840700.0,803400.0,1095000.0,424100.0,686500.0
20231026101154000,SZSE,SZSE.ETF.159915,1.805,1.802,1.812,1.793,0.0,2.178,1.452,475346604.0,1810953.0,475346604.0,1810953.0,0.0,0.0,20231026,20231026,101154000,1.815,0.0,0.0,1.804,1.803,1.802,1.801,1.8,1.799,1.798,1.797,1.796,1.795,1.805,1.806,1.807,1.808,1.809,1.81,1.811,1.812,1.813,1.814,1444300.0,3010200.0,2802300.0,428300.0,899400.0,1185200.0,2329900.0,1091300.0,821000.0,981300.0,715800.0,1012000.0,1930900.0,3057800.0,1062500.0,1841100.0,803400.0,1122900.0,424100.0,686500.0
20231026101157000,SZSE,SZSE.ETF.159915,1.805,1.802,1.812,1.793,0.0,2.178,1.452,476685690.0,1339086.0,476685690.0,1339086.0,0.0,0.0,20231026,20231026,101157000,1.815,0.0,0.0,1.805,1.804,1.803,1.802,1.801,1.8,1.799,1.798,1.797,1.796,1.806,1.807,1.808,1.809,1.81,1.811,1.812,1.813,1.814,1.815,1324600.0,2008400.0,3310100.0,2362300.0,198300.0,899400.0,1185800.0,2449900.0,971300.0,821000.0,892100.0,1990800.0,3348100.0,1002500.0,1831100.0,683400.0,1247200.0,424100.0,686500.0,1767700.0
20231026101200000,SZSE,SZSE.ETF.159915,1.806,1.802,1.812,1.793,0.0,2.178,1.452,476884889.0,199199.0,476884889.0,199199.0,0.0,0.0,20231026,20231026,101200000,1.815,0.0,0.0,1.805,1.804,1.803,1.802,1.801,1.8,1.799,1.798,1.797,1.796,1.806,1.807,1.808,1.809,1.81,1.811,1.812,1.813,1.814,1.815,420900.0,2180400.0,3506200.0,1801300.0,211100.0,952400.0,1185800.0,2329900.0,971300.0,821000.0,885100.0,2062800.0,4532200.0,1077500.0,1831100.0,683400.0,1127200.0,547100.0,686500.0,1767700.0
20231026101203000,SZSE,SZSE.ETF.159915,1.806,1.802,1.812,1.793,0.0,2.178,1.452,476933625.0,48736.0,476933625.0,48736.0,0.0,0.0,20231026,20231026,101203000,1.815,0.0,0.0,1.805,1.804,1.803,1.802,1.801,1.8,1.799,1.798,1.797,1.796,1.806,1.807,1.808,1.809,1.81,1.811,1.812,1.813,1.814,1.815,397500.0,1757000.0,3623200.0,1901300.0,213100.0,833000.0,1065800.0,2449900.0,971300.0,821000.0,571100.0,2128800.0,4352200.0,1264500.0,1835500.0,683400.0,1247200.0,427100.0,686500.0,1768200.0
20231026101206000,SZSE,SZSE.ETF.159915,1.805,1.802,1.812,1.793,0.0,2.178,1.452,476987785.0,54160.0,476987785.0,54160.0,0.0,0.0,20231026,20231026,101206000,1.815,0.0,0.0,1.805,1.804,1.803,1.802,1.801,1.8,1.799,1.798,1.797,1.796,1.806,1.807,1.808,1.809,1.81,1.811,1.812,1.813,1.814,1.815,382800.0,1725000.0,3363200.0,1741300.0,213100.0,838000.0,1065800.0,2449900.0,971300.0,821000.0,823600.0,2139300.0,4352200.0,1321200.0,1835500.0,683400.0,1247200.0,427100.0,686500.0,1773200.0
20231026101209000,SZSE,SZSE.ETF.159915,1.805,1.802,1.812,1.793,0.0,2.178,1.452,477034731.0,46946.0,477034731.0,46946.0,0.0,0.0,20231026,20231026,101209000,1.815,0.0,0.0,1.805,1.804,1.803,1.802,1.801,1.8,1.799,1.798,1.797,1.796,1.806,1.807,1.808,1.809,1.81,1.811,1.812,1.813,1.814,1.815,392800.0,3405200.0,2313000.0,901300.0,213100.0,838000.0,1043600.0,2449900.0,971300.0,821100.0,991100.0,1720700.0,4352300.0,1321200.0,1835500.0,684400.0,1247200.0,427100.0,686500.0,1773200.0
20231026101212000,SZSE,SZSE.ETF.159915,1.805,1.802,1.812,1.793,0.0,2.178,1.452,477051699.0,16968.0,477051699.0,16968.0,0.0,0.0,20231026,20231026,101212000,1.815,0.0,0.0,1.805,1.804,1.803,1.802,1.801,1.8,1.799,1.798,1.797,1.796,1.806,1.807,1.808,1.809,1.81,1.811,1.812,1.813,1.814,1.815,386900.0,2395200.0,2715000.0,1900200.0,213100.0,838300.0,1043600.0,2449900.0,970800.0,821100.0,1165700.0,2180700.0,4952300.0,1331200.0,1826800.0,684400.0,1191700.0,427100.0,686500.0,1776200.0
20231026101215000,SZSE,SZSE.ETF.159915,1.805,1.802,1.812,1.793,0.0,2.178,1.452,477161805.0,110106.0,477161805.0,110106.0,0.0,0.0,20231026,20231026,101215000,1.815,0.0,0.0,1.805,1.804,1.803,1.802,1.801,1.8,1.799,1.798,1.797,1.796,1.806,1.807,1.808,1.809,1.81,1.811,1.812,1.813,1.814,1.815,327600.0,2405200.0,2715000.0,1900200.0,213100.0,866000.0,1043600.0,2449900.0,970800.0,821600.0,1174700.0,2183600.0,5116900.0,1331200.0,1826800.0,684400.0,1191700.0,427100.0,686500.0,1776200.0
20231026101218000,SZSE,SZSE.ETF.159915,1.805,1.802,1.812,1.793,0.0,2.178,1.452,477171914.0,10109.0,477171914.0,10109.0,0.0,0.0,20231026,20231026,101218000,1.815,0.0,0.0,1.805,1.804,1.803,1.802,1.801,1.8,1.799,1.798,1.797,1.796,1.806,1.807,1.808,1.809,1.81,1.811,1.812,1.813,1.814,1.815,522500.0,2571400.0,2715000.0,1740200.0,213100.0,866000.0,1043600.0,2449900.0,970800.0,821600.0,1093200.0,2206100.0,5276900.0,1446200.0,1826900.0,684400.0,1191700.0,427100.0,686500.0,1776700.0
20231026101221000,SZSE,SZSE.ETF.159915,1.805,1.802,1.812,1.793,0.0,2.178,1.452,477277516.0,105602.0,477277516.0,105602.0,0.0,0.0,20231026,20231026,101221000,1.815,0.0,0.0,1.805,1.804,1.803,1.802,1.801,1.8,1.799,1.798,1.797,1.796,1.806,1.807,1.808,1.809,1.81,1.811,1.812,1.813,1.814,1.815,574000.0,3489100.0,2715000.0,900200.0,213100.0,973700.0,1043600.0,2451400.0,970800.0,821600.0,1418900.0,1792600.0,4536400.0,1446200.0,1831900.0,684400.0,1191700.0,427100.0,686500.0,1776700.0
20231026101224000,SZSE,SZSE.ETF.159915,1.805,1.802,1.812,1.793,0.0,2.178,1.452,477295566.0,18050.0,477295566.0,18050.0,0.0,0.0,20231026,20231026,101224000,1.815,0.0,0.0,1.805,1.804,1.803,1.802,1.801,1.8,1.799,1.798,1.797,1.796,1.806,1.807,1.808,1.809,1.81,1.811,1.812,1.813,1.814,1.815,1195300.0,2684200.0,2555000.0,740200.0,213100.0,973700.0,1043600.0,2451400.0,970800.0,821600.0,1325900.0,1808100.0,3696400.0,2446200.0,1831900.0,684400.0,1171700.0,433100.0,686500.0,1776700.0
20231026101227000,SZSE,SZSE.ETF.159915,1.805,1.802,1.812,1.793,0.0,2.178,1.452,477372827.0,77261.0,477372827.0,77261.0,0.0,0.0,20231026,20231026,101227000,1.815,0.0,0.0,1.805,1.804,1.803,1.802,1.801,1.8,1.799,1.798,1.797,1.796,1.806,1.807,1.808,1.809,1.81,1.811,1.812,1.813,1.814,1.815,1165900.0,1784200.0,2630000.0,1729600.0,213100.0,973700.0,1043600.0,2451400.0,970800.0,818600.0,1401200.0,1830200.0,4296400.0,2521200.0,1826400.0,684400.0,1171700.0,433100.0,686500.0,1776700.0
20231026101230000,SZSE,SZSE.ETF.159915,1.806,1.802,1.812,1.793,0.0,2.178,1.452,477444163.0,71336.0,477444163.0,71336.0,0.0,0.0,20231026,20231026,101230000,1.815,0.0,0.0,1.805,1.804,1.803,1.802,1.801,1.8,1.799,1.798,1.797,1.796,1.806,1.807,1.808,1.809,1.81,1.811,1.812,1.813,1.814,1.815,1173800.0,2784200.0,2553900.0,659600.0,213100.0,973700.0,1043600.0,2451400.0,970800.0,818600.0,1390900.0,1802700.0,2916400.0,2446200.0,1826400.0,684400.0,1167700.0,433100.0,686500.0,1793000.0
20231026101233000,SZSE,SZSE.ETF.159915,1.805,1.802,1.812,1.793,0.0,2.178,1.452,477589720.0,145557.0,477589720.0,145557.0,0.0,0.0,20231026,20231026,101233000,1.815,0.0,0.0,1.805,1.804,1.803,1.802,1.801,1.8,1.799,1.798,1.797,1.796,1.806,1.807,1.808,1.809,1.81,1.811,1.812,1.813,1.814,1.815,1241200.0,2792200.0,2615300.0,729600.0,213100.0,968700.0,1043600.0,2451400.0,970800.0,818600.0,1515600.0,1812700.0,2916400.0,2451700.0,1833100.0,684900.0,1167700.0,433100.0,686500.0,1793000.0
20231026101236000,SZSE,SZSE.ETF.159915,1.805,1.802,1.812,1.793,0.0,2.178,1.452,479478576.0,1888856.0,479478576.0,1888856.0,0.0,0.0,20231026,20231026,101236000,1.815,0.0,0.0,1.805,1.804,1.803,1.802,1.801,1.8,1.799,1.798,1.797,1.796,1.806,1.807,1.808,1.809,1.81,1.811,1.812,1.813,1.814,1.815,1273600.0,2853100.0,2615300.0,598600.0,213900.0,968700.0,1043600.0,2451400.0,970800.0,817800.0,873300.0,1825800.0,2992300.0,2521700.0,1851100.0,685700.0,1152600.0,433100.0,686500.0,1793000.0
20231026101239000,SZSE,SZSE.ETF.159915,1.806,1.802,1.812,1.793,0.0,2.178,1.452,479619444.0,140868.0,479619444.0,140868.0,0.0,0.0,20231026,20231026,101239000,1.815,0.0,0.0,1.805,1.804,1.803,1.802,1.801,1.8,1.799,1.798,1.797,1.796,1.806,1.807,1.808,1.809,1.81,1.811,1.812,1.813,1.814,1.815,1605100.0,2928600.0,2533300.0,258600.0,233900.0,964700.0,1043600.0,2451400.0,970800.0,817800.0,847900.0,1506300.0,2752800.0,2996700.0,1851100.0,685700.0,1152600.0,433100.0,686500.0,1793000.0
20231026101242000,SZSE,SZSE.ETF.159915,1.806,1.802,1.812,1.793,0.0,2.178,1.452,481193553.0,1574109.0,481193553.0,1574109.0,0.0,0.0,20231026,20231026,101242000,1.815,0.0,0.0,1.806,1.805,1.804,1.803,1.802,1.801,1.8,1.799,1.798,1.797,1.807,1.808,1.809,1.81,1.811,1.812,1.813,1.814,1.815,1.816,1143900.0,1578300.0,3150800.0,2458300.0,198600.0,233900.0,970400.0,1038600.0,2451400.0,970800.0,1572000.0,2426300.0,2241700.0,2851100.0,685700.0,1153100.0,433100.0,686500.0,1793000.0,464300.0
20231026101245000,SZSE,SZSE.ETF.159915,1.806,1.802,1.812,1.793,0.0,2.178,1.452,481304442.0,110889.0,481304442.0,110889.0,0.0,0.0,20231026,20231026,101245000,1.815,0.0,0.0,1.806,1.805,1.804,1.803,1.802,1.801,1.8,1.799,1.798,1.797,1.807,1.808,1.809,1.81,1.811,1.812,1.813,1.814,1.815,1.816,1084000.0,1820300.0,3859100.0,1921200.0,214600.0,89100.0,974600.0,1156200.0,2331400.0,970800.0,1692900.0,2571100.0,3045700.0,2929100.0,785700.0,1033100.0,551400.0,686500.0,1793000.0,464400.0
20231026101248000,SZSE,SZSE.ETF.159915,1.806,1.802,1.812,1.793,0.0,2.178,1.452,481513577.0,209135.0,481513577.0,209135.0,0.0,0.0,20231026,20231026,101248000,1.815,0.0,0.0,1.806,1.805,1.804,1.803,1.802,1.801,1.8,1.799,1.798,1.797,1.807,1.808,1.809,1.81,1.811,1.812,1.813,1.814,1.815,1.816,968200.0,1619000.0,4076100.0,2021200.0,214600.0,93900.0,979600.0,1156200.0,2331400.0,970800.0,1753100.0,2511100.0,2985700.0,3118100.0,785700.0,1033100.0,551900.0,686500.0,1793000.0,464400.0
20231026101251000,SZSE,SZSE.ETF.159915,1.807,1.802,1.812,1.793,0.0,2.178,1.452,482584314.0,1070737.0,482584314.0,1070737.0,0.0,0.0,20231026,20231026,101251000,1.815,0.0,0.0,1.806,1.805,1.804,1.803,1.802,1.801,1.8,1.799,1.798,1.797,1.807,1.808,1.809,1.81,1.811,1.812,1.813,1.814,1.815,1.816,911300.0,1559000.0,4078100.0,2021200.0,214600.0,123900.0,986600.0,1156200.0,2331400.0,970800.0,1461500.0,2428600.0,3985700.0,2058100.0,785700.0,1033100.0,551900.0,704800.0,1793000.0,464400.0
20231026101254000,SZSE,SZSE.ETF.159915,1.806,1.802,1.812,1.793,0.0,2.178,1.452,482831916.0,247602.0,482831916.0,247602.0,0.0,0.0,20231026,20231026,101254000,1.815,0.0,0.0,1.805,1.804,1.803,1.802,1.801,1.8,1.799,1.798,1.797,1.796,1.806,1.807,1.808,1.809,1.81,1.811,1.812,1.813,1.814,1.815,1480400.0,3832100.0,2021200.0,214600.0,123900.0,986600.0,1156200.0,2321400.0,970800.0,818300.0,41100.0,1349100.0,2619800.0,3985700.0,2058100.0,826700.0,1033100.0,551900.0,704800.0,1793000.0
20231026101257000,SZSE,SZSE.ETF.159915,1.806,1.802,1.812,1.793,0.0,2.178,1.452,483291182.0,459266.0,483291182.0,459266.0,0.0,0.0,20231026,20231026,101257000,1.815,0.0,0.0,1.805,1.804,1.803,1.802,1.801,1.8,1.799,1.798,1.797,1.796,1.806,1.807,1.808,1.809,1.81,1.811,1.812,1.813,1.814,1.815,1613200.0,3445400.0,2168300.0,147600.0,123900.0,986600.0,1156200.0,2321400.0,970800.0,815600.0,220600.0,1196800.0,2473000.0,4081700.0,2087100.0,826700.0,1033100.0,551900.0,705300.0,1793000.0
20231026101300000,SZSE,SZSE.ETF.159915,1.806,1.802,1.812,1.793,0.0,2.178,1.452,483318453.0,27271.0,483318453.0,27271.0,0.0,0.0,20231026,20231026,101300000,1.815,0.0,0.0,1.805,1.804,1.803,1.802,1.801,1.8,1.799,1.798,1.797,1.796,1.806,1.807,1.808,1.809,1.81,1.811,1.812,1.813,1.814,1.815,1233200.0,3625400.0,2168300.0,210400.0,310900.0,756100.0,1156200.0,2321400.0,970800.0,815800.0,341100.0,1203200.0,3031900.0,4087900.0,2087100.0,826700.0,1033100.0,551900.0,705300.0,1793000.0
20231026101303000,SZSE,SZSE.ETF.159915,1.806,1.802,1.812,1.793,0.0,2.178,1.452,483417060.0,98607.0,483417060.0,98607.0,0.0,0.0,20231026,20231026,101303000,1.815,0.0,0.0,1.805,1.804,1.803,1.802,1.801,1.8,1.799,1.798,1.797,1.796,1.806,1.807,1.808,1.809,1.81,1.811,1.812,1.813,1.814,1.815,1580400.0,2755400.0,2288300.0,210400.0,211900.0,876100.0,1036200.0,2441400.0,970800.0,815300.0,410200.0,1350900.0,4231900.0,2927900.0,1915300.0,826700.0,1153100.0,431900.0,705300.0,1794000.0
20231026101306000,SZSE,SZSE.ETF.159915,1.806,1.802,1.812,1.793,0.0,2.178,1.452,483503200.0,86140.0,483503200.0,86140.0,0.0,0.0,20231026,20231026,101306000,1.815,0.0,0.0,1.805,1.804,1.803,1.802,1.801,1.8,1.799,1.798,1.797,1.796,1.806,1.807,1.808,1.809,1.81,1.811,1.812,1.813,1.814,1.815,1714200.0,2605400.0,2288300.0,210400.0,181900.0,871200.0,1036200.0,2452700.0,970800.0,815300.0,402900.0,1403900.0,4179200.0,2934900.0,1975300.0,826700.0,1153100.0,431900.0,700300.0,1794000.0
20231026101309000,SZSE,SZSE.ETF.159915,1.806,1.802,1.812,1.793,0.0,2.178,1.452,483540223.0,37023.0,483540223.0,37023.0,0.0,0.0,20231026,20231026,101309000,1.815,0.0,0.0,1.805,1.804,1.803,1.802,1.801,1.8,1.799,1.798,1.797,1.796,1.806,1.807,1.808,1.809,1.81,1.811,1.812,1.813,1.814,1.815,1774000.0,3155400.0,2363300.0,210400.0,181900.0,731200.0,1156200.0,2452700.0,970800.0,815300.0,467700.0,1529700.0,2482200.0,3169900.0,2134900.0,826700.0,1153100.0,431900.0,700300.0,1794000.0
20231026101312000,SZSE,SZSE.ETF.159915,1.806,1.802,1.812,1.793,0.0,2.178,1.452,486446025.0,2905802.0,486446025.0,2905802.0,0.0,0.0,20231026,20231026,101312000,1.815,0.0,0.0,1.806,1.805,1.804,1.803,1.802,1.801,1.8,1.799,1.798,1.797,1.807,1.808,1.809,1.81,1.811,1.812,1.813,1.814,1.815,1.816,995100.0,2850000.0,3439100.0,1168300.0,240200.0,412400.0,850700.0,1194200.0,2332700.0,970800.0,1459700.0,2473000.0,3155100.0,2974900.0,826700.0,1061300.0,551900.0,700300.0,1794000.0,464900.0
20231026101315000,SZSE,SZSE.ETF.159915,1.806,1.802,1.812,1.793,0.0,2.178,1.452,486489369.0,43344.0,486489369.0,43344.0,0.0,0.0,20231026,20231026,101315000,1.815,0.0,0.0,1.806,1.805,1.804,1.803,1.802,1.801,1.8,1.799,1.798,1.797,1.807,1.808,1.809,1.81,1.811,1.812,1.813,1.814,1.815,1.816,3019100.0,3701000.0,2685100.0,801200.0,250200.0,345400.0,752700.0,1194200.0,2332700.0,970800.0,1515700.0,2510800.0,3219100.0,3049900.0,826700.0,1061300.0,551900.0,702300.0,1799000.0,464900.0
20231026101318000,SZSE,SZSE.ETF.159915,1.806,1.802,1.812,1.793,0.0,2.178,1.452,486529283.0,39914.0,486529283.0,39914.0,0.0,0.0,20231026,20231026,101318000,1.815,0.0,0.0,1.806,1.805,1.804,1.803,1.802,1.801,1.8,1.799,1.798,1.797,1.807,1.808,1.809,1.81,1.811,1.812,1.813,1.814,1.815,1.816,3999000.0,3921000.0,2622100.0,401200.0,250200.0,345400.0,892700.0,1074200.0,2337700.0,970800.0,1522100.0,2202600.0,2529100.0,3156900.0,826700.0,1061300.0,460100.0,822300.0,1799000.0,464900.0
20231026101321000,SZSE,SZSE.ETF.159915,1.806,1.802,1.812,1.793,0.0,2.178,1.452,486593582.0,64299.0,486593582.0,64299.0,0.0,0.0,20231026,20231026,101321000,1.815,0.0,0.0,1.806,1.805,1.804,1.803,1.802,1.801,1.8,1.799,1.798,1.797,1.807,1.808,1.809,1.81,1.811,1.812,1.813,1.814,1.815,1.816,4221500.0,4261400.0,2562100.0,331200.0,150200.0,345400.0,894200.0,1074200.0,2337700.0,970800.0,1652100.0,2065200.0,2529100.0,3626900.0,826700.0,1161300.0,460100.0,822300.0,1799000.0,497500.0
20231026101324000,SZSE,SZSE.ETF.159915,1.807,1.802,1.812,1.793,0.0,2.178,1.452,490658809.0,4065227.0,490658809.0,4065227.0,0.0,0.0,20231026,20231026,101324000,1.815,0.0,0.0,1.807,1.806,1.805,1.804,1.803,1.802,1.801,1.8,1.799,1.798,1.808,1.809,1.81,1.811,1.812,1.813,1.814,1.815,1.816,1.817,913800.0,1347700.0,4268900.0,2659800.0,331200.0,150200.0,465400.0,895100.0,1074200.0,2338700.0,1865300.0,2489900.0,2696900.0,1826700.0,1161300.0,460100.0,822300.0,1827000.0,497900.0,150800.0
20231026101327000,SZSE,SZSE.ETF.159915,1.807,1.802,1.812,1.793,0.0,2.178,1.452,491099536.0,440727.0,491099536.0,440727.0,0.0,0.0,20231026,20231026,101327000,1.815,0.0,0.0,1.807,1.806,1.805,1.804,1.803,1.802,1.801,1.8,1.799,1.798,1.808,1.809,1.81,1.811,1.812,1.813,1.814,1.815,1.816,1.817,1691500.0,426600.0,4575000.0,1967600.0,274200.0,83200.0,465400.0,910700.0,1074200.0,2338700.0,2274400.0,1604800.0,4241300.0,2021700.0,1173300.0,460100.0,822300.0,1827000.0,497900.0,150800.0
20231026101330000,SZSE,SZSE.ETF.159915,1.807,1.802,1.812,1.793,0.0,2.178,1.452,491536115.0,436579.0,491536115.0,436579.0,0.0,0.0,20231026,20231026,101330000,1.815,0.0,0.0,1.807,1.806,1.805,1.804,1.803,1.802,1.801,1.8,1.799,1.798,1.808,1.809,1.81,1.811,1.812,1.813,1.814,1.815,1.816,1.817,1458000.0,1588700.0,4638000.0,807600.0,341200.0,88200.0,465400.0,910700.0,1074200.0,2338700.0,2372600.0,1539200.0,3770400.0,2077200.0,1173500.0,460100.0,822300.0,1827000.0,498000.0,150800.0
20231026101333000,SZSE,SZSE.ETF.159915,1.807,1.802,1.812,1.793,0.0,2.178,1.452,491706037.0,169922.0,491706037.0,169922.0,0.0,0.0,20231026,20231026,101333000,1.815,0.0,0.0,1.807,1.806,1.805,1.804,1.803,1.802,1.801,1.8,1.799,1.798,1.808,1.809,1.81,1.811,1.812,1.813,1.814,1.815,1.816,1.817,1427600.0,1429700.0,4628000.0,1967600.0,341200.0,88200.0,465400.0,903300.0,1074200.0,2388700.0,2187300.0,1598200.0,4308900.0,2087700.0,1552500.0,460100.0,827300.0,1827000.0,498000.0,150800.0
20231026101336000,SZSE,SZSE.ETF.159915,1.808,1.802,1.812,1.793,0.0,2.178,1.452,491751408.0,45371.0,491751408.0,45371.0,0.0,0.0,20231026,20231026,101336000,1.815,0.0,0.0,1.807,1.806,1.805,1.804,1.803,1.802,1.801,1.8,1.799,1.798,1.808,1.809,1.81,1.811,1.812,1.813,1.814,1.815,1.816,1.817,467600.0,2480700.0,4578000.0,991600.0,341200.0,208200.0,345400.0,903300.0,1074200.0,2388700.0,2024000.0,1703300.0,3708900.0,2082200.0,1553500.0,460100.0,827300.0,1827000.0,498000.0,150800.0
20231026101339000,SZSE,SZSE.ETF.159915,1.807,1.802,1.812,1.793,0.0,2.178,1.452,493773541.0,2022133.0,493773541.0,2022133.0,0.0,0.0,20231026,20231026,101339000,1.815,0.0,0.0,1.807,1.806,1.805,1.804,1.803,1.802,1.801,1.8,1.799,1.798,1.808,1.809,1.81,1.811,1.812,1.813,1.814,1.815,1.816,1.817,352600.0,1487700.0,4303000.0,2151700.0,501200.0,204400.0,345400.0,958200.0,1074200.0,2388700.0,1813100.0,2040300.0,4308900.0,2157200.0,1553600.0,460100.0,859900.0,1877000.0,498000.0,150800.0
20231026101342000,SZSE,SZSE.ETF.159915,1.807,1.802,1.812,1.793,0.0,2.178,1.452,494491653.0,718112.0,494491653.0,718112.0,0.0,0.0,20231026,20231026,101342000,1.815,0.0,0.0,1.806,1.805,1.804,1.803,1.802,1.801,1.8,1.799,1.798,1.797,1.807,1.808,1.809,1.81,1.811,1.812,1.813,1.814,1.815,1.816,1378700.0,3730000.0,1991700.0,661200.0,84400.0,345400.0,958200.0,1074200.0,2408700.0,1000800.0,33300.0,1038800.0,2030400.0,5463500.0,1082400.0,1553600.0,451600.0,871900.0,1878000.0,498000.0
20231026101345000,SZSE,SZSE.ETF.159915,1.807,1.802,1.812,1.793,0.0,2.178,1.452,494530504.0,38851.0,494530504.0,38851.0,0.0,0.0,20231026,20231026,101345000,1.815,0.0,0.0,1.806,1.805,1.804,1.803,1.802,1.801,1.8,1.799,1.798,1.797,1.807,1.808,1.809,1.81,1.811,1.812,1.813,1.814,1.815,1.816,1368700.0,3832800.0,2138700.0,274200.0,84400.0,345400.0,952600.0,1074200.0,2408700.0,1000800.0,146400.0,737400.0,2126700.0,5539700.0,1050400.0,1562400.0,451600.0,871900.0,1878000.0,460700.0
20231026101348000,SZSE,SZSE.ETF.159915,1.807,1.802,1.812,1.793,0.0,2.178,1.452,494534840.0,4336.0,494534840.0,4336.0,0.0,0.0,20231026,20231026,101348000,1.815,0.0,0.0,1.806,1.805,1.804,1.803,1.802,1.801,1.8,1.799,1.798,1.797,1.807,1.808,1.809,1.81,1.811,1.812,1.813,1.814,1.815,1.816,1140100.0,3619100.0,2298700.0,401200.0,151400.0,114900.0,952600.0,1074200.0,2408700.0,1010700.0,500500.0,642400.0,2570700.0,5309700.0,885400.0,1562400.0,451600.0,871900.0,1878000.0,460700.0
20231026101424000,SZSE,SZSE.ETF.159915,1.803,1.802,1.812,1.793,0.0,2.178,1.452,501505879.0,787190.0,501505879.0,787190.0,0.0,0.0,20231026,20231026,101424000,1.815,0.0,0.0,1.802,1.801,1.8,1.799,1.798,1.797,1.796,1.795,1.794,1.793,1.803,1.804,1.805,1.806,1.807,1.808,1.809,1.81,1.811,1.812,274200.0,2552000.0,3256700.0,1963600.0,2359700.0,1141500.0,756000.0,1330900.0,754400.0,2429500.0,70200.0,1259200.0,1931900.0,2399700.0,753600.0,791400.0,1107600.0,1937900.0,834700.0,1585000.0
20231026101427000,SZSE,SZSE.ETF.159915,1.803,1.802,1.812,1.793,0.0,2.178,1.452,501506420.0,541.0,501506420.0,541.0,0.0,0.0,20231026,20231026,101427000,1.815,0.0,0.0,1.802,1.801,1.8,1.799,1.798,1.797,1.796,1.795,1.794,1.793,1.803,1.804,1.805,1.806,1.807,1.808,1.809,1.81,1.811,1.812,223100.0,1777000.0,3253900.0,2894600.0,2359700.0,1141500.0,756000.0,1335200.0,759400.0,2429500.0,240600.0,1265700.0,2703000.0,1577600.0,565600.0,791400.0,1007600.0,1914900.0,834700.0,1585500.0
20231026101430000,SZSE,SZSE.ETF.159915,1.802,1.802,1.812,1.793,0.0,2.178,1.452,501780877.0,274457.0,501780877.0,274457.0,0.0,0.0,20231026,20231026,101430000,1.815,0.0,0.0,1.801,1.8,1.799,1.798,1.797,1.796,1.795,1.794,1.793,1.792,1.803,1.804,1.805,1.806,1.807,1.808,1.809,1.81,1.811,1.812,1867100.0,2747200.0,2903600.0,2426700.0,1021500.0,881000.0,1335200.0,759400.0,2429500.0,2419400.0,488900.0,1875000.0,1787000.0,1456700.0,885600.0,821400.0,1007600.0,2110100.0,714700.0,1585500.0
20231026101433000,SZSE,SZSE.ETF.159915,1.803,1.802,1.812,1.793,0.0,2.178,1.452,501885221.0,104344.0,501885221.0,104344.0,0.0,0.0,20231026,20231026,101433000,1.815,0.0,0.0,1.802,1.801,1.8,1.799,1.798,1.797,1.796,1.795,1.794,1.793,1.803,1.804,1.805,1.806,1.807,1.808,1.809,1.81,1.811,1.812,103600.0,784900.0,4013000.0,3277800.0,2429500.0,1021500.0,883200.0,1335200.0,759400.0,2432500.0,550700.0,1285000.0,3885800.0,457900.0,875600.0,819500.0,1007600.0,2110100.0,714700.0,1585500.0
20231026101436000,SZSE,SZSE.ETF.159915,1.803,1.802,1.812,1.793,0.0,2.178,1.452,501894593.0,9372.0,501894593.0,9372.0,0.0,0.0,20231026,20231026,101436000,1.815,0.0,0.0,1.802,1.801,1.8,1.799,1.798,1.797,1.796,1.795,1.794,1.793,1.803,1.804,1.805,1.806,1.807,1.808,1.809,1.81,1.811,1.812,110600.0,1472400.0,4432200.0,2230600.0,2419500.0,1021500.0,884100.0,1335200.0,759400.0,2425600.0,554800.0,772400.0,3434500.0,407900.0,819500.0,819500.0,1037600.0,2121100.0,714700.0,1585500.0
20231026101439000,SZSE,SZSE.ETF.159915,1.802,1.802,1.812,1.793,0.0,2.178,1.452,502007776.0,113183.0,502007776.0,113183.0,0.0,0.0,20231026,20231026,101439000,1.815,0.0,0.0,1.802,1.801,1.8,1.799,1.798,1.797,1.796,1.795,1.794,1.793,1.803,1.804,1.805,1.806,1.807,1.808,1.809,1.81,1.811,1.812,119400.0,422600.0,4288700.0,3290600.0,2579500.0,1021500.0,975100.0,1335200.0,759400.0,2421600.0,924900.0,1670400.0,2824500.0,467900.0,825500.0,819500.0,1035500.0,2121100.0,714700.0,1585500.0
20231026101442000,SZSE,SZSE.ETF.159915,1.802,1.802,1.812,1.793,0.0,2.178,1.452,502016245.0,8469.0,502016245.0,8469.0,0.0,0.0,20231026,20231026,101442000,1.815,0.0,0.0,1.802,1.801,1.8,1.799,1.798,1.797,1.796,1.795,1.794,1.793,1.803,1.804,1.805,1.806,1.807,1.808,1.809,1.81,1.811,1.812,1145200.0,2048600.0,4535500.0,1730600.0,2419500.0,1031500.0,972900.0,1335200.0,753900.0,2421600.0,743200.0,737400.0,3611400.0,467900.0,825500.0,829500.0,1035500.0,2137000.0,714700.0,1606100.0
20231026101445000,SZSE,SZSE.ETF.159915,1.803,1.802,1.812,1.793,0.0,2.178,1.452,502017146.0,901.0,502017146.0,901.0,0.0,0.0,20231026,20231026,101445000,1.815,0.0,0.0,1.802,1.801,1.8,1.799,1.798,1.797,1.796,1.795,1.794,1.793,1.803,1.804,1.805,1.806,1.807,1.808,1.809,1.81,1.811,1.812,1615200.0,2221100.0,4099200.0,1570600.0,2419500.0,1171500.0,852900.0,1336000.0,753900.0,2421600.0,705600.0,437400.0,3591400.0,725700.0,815500.0,836900.0,1035500.0,2027000.0,834700.0,1606100.0
20231026101448000,SZSE,SZSE.ETF.159915,1.803,1.802,1.812,1.793,0.0,2.178,1.452,502037330.0,20184.0,502037330.0,20184.0,0.0,0.0,20231026,20231026,101448000,1.815,0.0,0.0,1.802,1.801,1.8,1.799,1.798,1.797,1.796,1.795,1.794,1.793,1.803,1.804,1.805,1.806,1.807,1.808,1.809,1.81,1.811,1.812,1286700.0,3212500.0,3331900.0,1503600.0,2416700.0,1174500.0,854200.0,1336000.0,753900.0,2431600.0,749400.0,663700.0,3592400.0,554700.0,815500.0,865000.0,1035500.0,2025600.0,834700.0,1606100.0
20231026101451000,SZSE,SZSE.ETF.159915,1.803,1.802,1.812,1.793,0.0,2.178,1.452,502041477.0,4147.0,502041477.0,4147.0,0.0,0.0,20231026,20231026,101451000,1.815,0.0,0.0,1.802,1.801,1.8,1.799,1.798,1.797,1.796,1.795,1.794,1.793,1.803,1.804,1.805,1.806,1.807,1.808,1.809,1.81,1.811,1.812,1414000.0,4894800.0,3194900.0,1503600.0,2416700.0,1174500.0,854200.0,1336000.0,625800.0,2431600.0,719600.0,627300.0,1680200.0,1468000.0,875500.0,865000.0,1025500.0,2025600.0,834700.0,1606100.0
20231026101454000,SZSE,SZSE.ETF.159915,1.803,1.802,1.812,1.793,0.0,2.178,1.452,503221721.0,1180244.0,503221721.0,1180244.0,0.0,0.0,20231026,20231026,101454000,1.815,0.0,0.0,1.803,1.802,1.801,1.8,1.799,1.798,1.797,1.796,1.795,1.794,1.804,1.805,1.806,1.807,1.808,1.809,1.81,1.811,1.812,1.813,45000.0,2706500.0,3998400.0,3100400.0,1601400.0,2536700.0,1174500.0,914200.0,1336000.0,626000.0,467400.0,1280200.0,2183900.0,815500.0,982300.0,1024800.0,2070600.0,834900.0,1606100.0,442000.0
20231026101457000,SZSE,SZSE.ETF.159915,1.803,1.802,1.812,1.793,0.0,2.178,1.452,503254355.0,32634.0,503254355.0,32634.0,0.0,0.0,20231026,20231026,101457000,1.815,0.0,0.0,1.803,1.802,1.801,1.8,1.799,1.798,1.797,1.796,1.795,1.794,1.804,1.805,1.806,1.807,1.808,1.809,1.81,1.811,1.812,1.813,2246900.0,2916500.0,4504400.0,2456400.0,1451400.0,2589700.0,1074500.0,914200.0,1339300.0,643700.0,319300.0,1028000.0,1879000.0,2341700.0,982300.0,1224800.0,2070600.0,714900.0,1666100.0,442000.0
20231026101500000,SZSE,SZSE.ETF.159915,1.804,1.802,1.812,1.793,0.0,2.178,1.452,503841190.0,586835.0,503841190.0,586835.0,0.0,0.0,20231026,20231026,101500000,1.815,0.0,0.0,1.803,1.802,1.801,1.8,1.799,1.798,1.797,1.796,1.795,1.794,1.805,1.806,1.807,1.808,1.809,1.81,1.811,1.812,1.813,1.814,2397800.0,4191900.0,4128400.0,1225800.0,1451400.0,2469700.0,1084500.0,914200.0,1339300.0,643600.0,698400.0,2120000.0,2899700.0,1152300.0,1224800.0,2070600.0,714900.0,1666100.0,442000.0,496000.0
20231026101503000,SZSE,SZSE.ETF.159915,1.804,1.802,1.812,1.793,0.0,2.178,1.452,503850928.0,9738.0,503850928.0,9738.0,0.0,0.0,20231026,20231026,101503000,1.815,0.0,0.0,1.804,1.803,1.802,1.801,1.8,1.799,1.798,1.797,1.796,1.795,1.805,1.806,1.807,1.808,1.809,1.81,1.811,1.812,1.813,1.814,998600.0,2001200.0,4244600.0,4211600.0,1165800.0,1624400.0,2469700.0,1082500.0,914200.0,1339300.0,627400.0,1509200.0,3060700.0,1073300.0,1224800.0,2070600.0,714900.0,1666100.0,413800.0,496000.0
20231026101506000,SZSE,SZSE.ETF.159915,1.805,1.802,1.812,1.793,0.0,2.178,1.452,503980302.0,129374.0,503980302.0,129374.0,0.0,0.0,20231026,20231026,101506000,1.815,0.0,0.0,1.804,1.803,1.802,1.801,1.8,1.799,1.798,1.797,1.796,1.795,1.805,1.806,1.807,1.808,1.809,1.81,1.811,1.812,1.813,1.814,1344600.0,3201200.0,5731700.0,624300.0,1019800.0,1519400.0,2469700.0,1088000.0,954200.0,1354800.0,480400.0,393100.0,3243800.0,2266800.0,1226800.0,2170600.0,714900.0,1666100.0,413800.0,496000.0
20231026101509000,SZSE,SZSE.ETF.159915,1.805,1.802,1.812,1.793,0.0,2.178,1.452,504729192.0,748890.0,504729192.0,748890.0,0.0,0.0,20231026,20231026,101509000,1.815,0.0,0.0,1.804,1.803,1.802,1.801,1.8,1.799,1.798,1.797,1.796,1.795,1.805,1.806,1.807,1.808,1.809,1.81,1.811,1.812,1.813,1.814,868300.0,1244700.0,5849700.0,564300.0,1013300.0,1519400.0,2349700.0,1088000.0,954600.0,1354800.0,171700.0,333100.0,3040900.0,2676800.0,1226800.0,2170600.0,714900.0,1546100.0,533800.0,496000.0
20231026101512000,SZSE,SZSE.ETF.159915,1.805,1.802,1.812,1.793,0.0,2.178,1.452,505093982.0,364790.0,505093982.0,364790.0,0.0,0.0,20231026,20231026,101512000,1.815,0.0,0.0,1.805,1.804,1.803,1.802,1.801,1.8,1.799,1.798,1.797,1.796,1.806,1.807,1.808,1.809,1.81,1.811,1.812,1.813,1.814,1.815,1747600.0,878400.0,2864200.0,3842200.0,504300.0,1134900.0,1399400.0,2470700.0,1088000.0,957400.0,847100.0,1901500.0,2962200.0,1386800.0,2170600.0,714900.0,1666100.0,413800.0,496000.0,1783600.0
20231026101515000,SZSE,SZSE.ETF.159915,1.805,1.802,1.812,1.793,0.0,2.178,1.452,505265277.0,171295.0,505265277.0,171295.0,0.0,0.0,20231026,20231026,101515000,1.815,0.0,0.0,1.805,1.804,1.803,1.802,1.801,1.8,1.799,1.798,1.797,1.796,1.806,1.807,1.808,1.809,1.81,1.811,1.812,1.813,1.814,1.815,1666000.0,1114300.0,3930300.0,2713100.0,631300.0,1069900.0,1526300.0,2352700.0,1088000.0,957400.0,816600.0,1523000.0,4308300.0,1461800.0,2170600.0,714900.0,1546100.0,653800.0,496000.0,1783600.0
20231026101518000,SZSE,SZSE.ETF.159915,1.805,1.802,1.812,1.793,0.0,2.178,1.452,505523216.0,257939.0,505523216.0,257939.0,0.0,0.0,20231026,20231026,101518000,1.815,0.0,0.0,1.805,1.804,1.803,1.802,1.801,1.8,1.799,1.798,1.797,1.796,1.806,1.807,1.808,1.809,1.81,1.811,1.812,1.813,1.814,1.815,1633000.0,623100.0,3734100.0,2713100.0,541300.0,1069900.0,1526300.0,2352700.0,1088000.0,957400.0,1088000.0,1873000.0,4145300.0,1358800.0,2171600.0,714900.0,1546100.0,653800.0,496000.0,1783600.0
20231026101521000,SZSE,SZSE.ETF.159915,1.805,1.802,1.812,1.793,0.0,2.178,1.452,505525021.0,1805.0,505525021.0,1805.0,0.0,0.0,20231026,20231026,101521000,1.815,0.0,0.0,1.805,1.804,1.803,1.802,1.801,1.8,1.799,1.798,1.797,1.796,1.806,1.807,1.808,1.809,1.81,1.811,1.812,1.813,1.814,1.815,632000.0,563100.0,3567300.0,2653100.0,567300.0,1069900.0,1406300.0,2472700.0,1108000.0,957400.0,1088000.0,1993000.0,3799300.0,1418800.0,2171600.0,714900.0,1676100.0,533800.0,496000.0,1783600.0
20231026101524000,SZSE,SZSE.ETF.159915,1.806,1.802,1.812,1.793,0.0,2.178,1.452,505546692.0,21671.0,505546692.0,21671.0,0.0,0.0,20231026,20231026,101524000,1.815,0.0,0.0,1.805,1.804,1.803,1.802,1.801,1.8,1.799,1.798,1.797,1.796,1.806,1.807,1.808,1.809,1.81,1.811,1.812,1.813,1.814,1.815,685400.0,444100.0,3727300.0,2803100.0,587500.0,1069900.0,1506300.0,2472700.0,1108000.0,957400.0,1402700.0,1661400.0,3791900.0,1418800.0,2168600.0,714900.0,1676100.0,533800.0,496000.0,1783600.0
20231026101527000,SZSE,SZSE.ETF.159915,1.806,1.802,1.812,1.793,0.0,2.178,1.452,505670892.0,124200.0,505670892.0,124200.0,0.0,0.0,20231026,20231026,101527000,1.815,0.0,0.0,1.805,1.804,1.803,1.802,1.801,1.8,1.799,1.798,1.797,1.796,1.806,1.807,1.808,1.809,1.81,1.811,1.812,1.813,1.814,1.815,121500.0,444100.0,3742300.0,2868100.0,587500.0,1069900.0,1506300.0,2472700.0,1108000.0,957400.0,1280600.0,1973400.0,3851900.0,1436800.0,2168600.0,714900.0,1680100.0,536600.0,496000.0,1783600.0
20231026101530000,SZSE,SZSE.ETF.159915,1.806,1.802,1.812,1.793,0.0,2.178,1.452,505705382.0,34490.0,505705382.0,34490.0,0.0,0.0,20231026,20231026,101530000,1.815,0.0,0.0,1.805,1.804,1.803,1.802,1.801,1.8,1.799,1.798,1.797,1.796,1.806,1.807,1.808,1.809,1.81,1.811,1.812,1.813,1.814,1.815,252600.0,497700.0,3507300.0,3086400.0,617500.0,1067700.0,1506300.0,2472700.0,1108000.0,929100.0,499000.0,1943400.0,4011900.0,1334000.0,2168600.0,714900.0,1679900.0,536600.0,496000.0,1789600.0
20231026101533000,SZSE,SZSE.ETF.159915,1.806,1.802,1.812,1.793,0.0,2.178,1.452,505770192.0,64810.0,505770192.0,64810.0,0.0,0.0,20231026,20231026,101533000,1.815,0.0,0.0,1.805,1.804,1.803,1.802,1.801,1.8,1.799,1.798,1.797,1.796,1.806,1.807,1.808,1.809,1.81,1.811,1.812,1.813,1.814,1.815,227200.0,917700.0,3687300.0,2766400.0,676300.0,1067700.0,1506300.0,2472700.0,1108000.0,929100.0,482800.0,1943400.0,4017500.0,1334000.0,2168600.0,687100.0,1679900.0,536600.0,499200.0,1789600.0
20231026101536000,SZSE,SZSE.ETF.159915,1.806,1.802,1.812,1.793,0.0,2.178,1.452,505850915.0,80723.0,505850915.0,80723.0,0.0,0.0,20231026,20231026,101536000,1.815,0.0,0.0,1.805,1.804,1.803,1.802,1.801,1.8,1.799,1.798,1.797,1.796,1.806,1.807,1.808,1.809,1.81,1.811,1.812,1.813,1.814,1.815,222200.0,1046400.0,3749300.0,2766400.0,736300.0,947700.0,1506300.0,2478300.0,1079700.0,929100.0,496100.0,1784400.0,4212500.0,1334200.0,2169600.0,687100.0,1679900.0,536600.0,499200.0,1794400.0
20231026101539000,SZSE,SZSE.ETF.159915,1.805,1.802,1.812,1.793,0.0,2.178,1.452,505868062.0,17147.0,505868062.0,17147.0,0.0,0.0,20231026,20231026,101539000,1.815,0.0,0.0,1.805,1.804,1.803,1.802,1.801,1.8,1.799,1.798,1.797,1.796,1.806,1.807,1.808,1.809,1.81,1.811,1.812,1.813,1.814,1.815,298200.0,1155400.0,3682500.0,2697500.0,731900.0,942700.0,1506300.0,2478300.0,1079700.0,929100.0,553100.0,1241700.0,4220100.0,1564200.0,2169600.0,685100.0,1681900.0,536600.0,499200.0,1796400.0
20231026101542000,SZSE,SZSE.ETF.159915,1.806,1.802,1.812,1.793,0.0,2.178,1.452,506890445.0,1022383.0,506890445.0,1022383.0,0.0,0.0,20231026,20231026,101542000,1.815,0.0,0.0,1.806,1.805,1.804,1.803,1.802,1.801,1.8,1.799,1.798,1.797,1.807,1.808,1.809,1.81,1.811,1.812,1.813,1.814,1.815,1.816,301500.0,649300.0,1416300.0,3842500.0,1636700.0,661600.0,942700.0,1506300.0,2478300.0,1079700.0,1248400.0,3161800.0,2524200.0,2169600.0,785100.0,1681900.0,539100.0,499200.0,1799400.0,440300.0
20231026101545000,SZSE,SZSE.ETF.159915,1.805,1.802,1.812,1.793,0.0,2.178,1.452,507683870.0,793425.0,507683870.0,793425.0,0.0,0.0,20231026,20231026,101545000,1.815,0.0,0.0,1.805,1.804,1.803,1.802,1.801,1.8,1.799,1.798,1.797,1.796,1.806,1.807,1.808,1.809,1.81,1.811,1.812,1.813,1.814,1.815,528700.0,2511400.0,3165400.0,1636700.0,594600.0,942700.0,1626300.0,2358300.0,1079700.0,929100.0,29200.0,1098400.0,3053600.0,2741200.0,2244600.0,785100.0,1551900.0,669100.0,499200.0,1799400.0
20231026101548000,SZSE,SZSE.ETF.159915,1.805,1.802,1.812,1.793,0.0,2.178,1.452,507804287.0,120417.0,507804287.0,120417.0,0.0,0.0,20231026,20231026,101548000,1.815,0.0,0.0,1.805,1.804,1.803,1.802,1.801,1.8,1.799,1.798,1.797,1.796,1.806,1.807,1.808,1.809,1.81,1.811,1.812,1.813,1.814,1.815,809200.0,3427400.0,2235300.0,1659500.0,654600.0,942700.0,1626300.0,2358300.0,1079700.0,929100.0,88400.0,1241400.0,2979800.0,2584200.0,2489600.0,785100.0,1551900.0,669100.0,499200.0,1799400.0
20231026101551000,SZSE,SZSE.ETF.159915,1.806,1.802,1.812,1.793,0.0,2.178,1.452,508162417.0,358130.0,508162417.0,358130.0,0.0,0.0,20231026,20231026,101551000,1.815,0.0,0.0,1.806,1.805,1.804,1.803,1.802,1.801,1.8,1.799,1.798,1.797,1.807,1.808,1.809,1.81,1.811,1.812,1.813,1.814,1.815,1.816,1861900.0,1054000.0,3777600.0,2235300.0,1599500.0,595200.0,942700.0,1626300.0,2402500.0,1079700.0,1241400.0,2036700.0,2424200.0,2499600.0,945100.0,1551900.0,669100.0,499200.0,1799400.0,440300.0
20231026101554000,SZSE,SZSE.ETF.159915,1.806,1.802,1.812,1.793,0.0,2.178,1.452,508258315.0,95898.0,508258315.0,95898.0,0.0,0.0,20231026,20231026,101554000,1.815,0.0,0.0,1.806,1.805,1.804,1.803,1.802,1.801,1.8,1.799,1.798,1.797,1.807,1.808,1.809,1.81,1.811,1.812,1.813,1.814,1.815,1.816,2980800.0,1206000.0,4107300.0,1929200.0,1142500.0,528200.0,1062700.0,1506300.0,2418800.0,1049700.0,1232500.0,1540000.0,4263600.0,2264600.0,785100.0,1551900.0,549100.0,619200.0,1722400.0,440300.0
20231026101557000,SZSE,SZSE.ETF.159915,1.807,1.802,1.812,1.793,0.0,2.178,1.452,508426547.0,168232.0,508426547.0,168232.0,0.0,0.0,20231026,20231026,101557000,1.815,0.0,0.0,1.806,1.805,1.804,1.803,1.802,1.801,1.8,1.799,1.798,1.797,1.807,1.808,1.809,1.81,1.811,1.812,1.813,1.814,1.815,1.816,1983700.0,1492300.0,4164300.0,1805200.0,1209500.0,528200.0,1062700.0,1506300.0,2418800.0,1049700.0,1100600.0,1181000.0,4430600.0,2525400.0,785100.0,1551900.0,549100.0,619200.0,1709400.0,440300.0
20231026101600000,SZSE,SZSE.ETF.159915,1.807,1.802,1.812,1.793,0.0,2.178,1.452,509390751.0,964204.0,509390751.0,964204.0,0.0,0.0,20231026,20231026,101600000,1.815,0.0,0.0,1.806,1.805,1.804,1.803,1.802,1.801,1.8,1.799,1.798,1.797,1.807,1.808,1.809,1.81,1.811,1.812,1.813,1.814,1.815,1.816,2204100.0,2332300.0,4264300.0,817200.0,1109500.0,528200.0,1062700.0,1506300.0,2413800.0,1049700.0,504400.0,1073000.0,3330600.0,3715400.0,785100.0,1651900.0,549100.0,619200.0,1709400.0,440300.0
20231026101603000,SZSE,SZSE.ETF.159915,1.807,1.802,1.812,1.793,0.0,2.178,1.452,510399237.0,1008486.0,510399237.0,1008486.0,0.0,0.0,20231026,20231026,101603000,1.815,0.0,0.0,1.807,1.806,1.805,1.804,1.803,1.802,1.801,1.8,1.799,1.798,1.808,1.809,1.81,1.811,1.812,1.813,1.814,1.815,1.816,1.817,589800.0,2560500.0,3025900.0,3074300.0,417200.0,1111500.0,344000.0,1063800.0,1506300.0,2413800.0,1008700.0,1770600.0,2750400.0,2175100.0,1651900.0,549100.0,619200.0,1709400.0,440300.0,340900.0
20231026101606000,SZSE,SZSE.ETF.159915,1.807,1.802,1.812,1.793,0.0,2.178,1.452,510623305.0,224068.0,510623305.0,224068.0,0.0,0.0,20231026,20231026,101606000,1.815,0.0,0.0,1.807,1.806,1.805,1.804,1.803,1.802,1.801,1.8,1.799,1.798,1.808,1.809,1.81,1.811,1.812,1.813,1.814,1.815,1.816,1.817,1355200.0,2811600.0,4321900.0,949700.0,367200.0,1044500.0,464000.0,944800.0,1506300.0,2414400.0,1022800.0,1395500.0,4472400.0,1994100.0,1651900.0,549800.0,499200.0,1829400.0,440300.0,340900.0
20231026101609000,SZSE,SZSE.ETF.159915,1.807,1.802,1.812,1.793,0.0,2.178,1.452,511321308.0,698003.0,511321308.0,698003.0,0.0,0.0,20231026,20231026,101609000,1.815,0.0,0.0,1.807,1.806,1.805,1.804,1.803,1.802,1.801,1.8,1.799,1.798,1.808,1.809,1.81,1.811,1.812,1.813,1.814,1.815,1.816,1.817,1686600.0,2651600.0,3378900.0,829700.0,267200.0,1044500.0,464000.0,945900.0,1511300.0,2414400.0,652800.0,1166100.0,4352400.0,1071100.0,2640000.0,649800.0,499200.0,1829400.0,440300.0,340900.0
20231026101612000,SZSE,SZSE.ETF.159915,1.808,1.802,1.812,1.793,0.0,2.178,1.452,512454562.0,1133254.0,512454562.0,1133254.0,0.0,0.0,20231026,20231026,101612000,1.815,0.0,0.0,1.808,1.807,1.806,1.805,1.804,1.803,1.802,1.801,1.8,1.799,1.809,1.81,1.811,1.812,1.813,1.814,1.815,1.816,1.817,1.818,443200.0,1837700.0,3875300.0,3248900.0,850800.0,304400.0,1046000.0,464000.0,965900.0,1511300.0,1189400.0,3405400.0,1171100.0,2710100.0,649800.0,499200.0,1828400.0,440300.0,354900.0,1246900.0
20231026101615000,SZSE,SZSE.ETF.159915,1.808,1.802,1.812,1.793,0.0,2.178,1.452,512556714.0,102152.0,512556714.0,102152.0,0.0,0.0,20231026,20231026,101615000,1.815,0.0,0.0,1.808,1.807,1.806,1.805,1.804,1.803,1.802,1.801,1.8,1.799,1.809,1.81,1.811,1.812,1.813,1.814,1.815,1.816,1.817,1.818,537700.0,3090700.0,4064600.0,1059500.0,255300.0,242400.0,1166000.0,344000.0,965900.0,1280600.0,1178500.0,2533300.0,1908600.0,2742100.0,649800.0,611100.0,1714200.0,560300.0,354900.0,1246900.0
20231026101618000,SZSE,SZSE.ETF.159915,1.808,1.802,1.812,1.793,0.0,2.178,1.452,512600106.0,43392.0,512600106.0,43392.0,0.0,0.0,20231026,20231026,101618000,1.815,0.0,0.0,1.808,1.807,1.806,1.805,1.804,1.803,1.802,1.801,1.8,1.799,1.809,1.81,1.811,1.812,1.813,1.814,1.815,1.816,1.817,1.818,596200.0,1932700.0,4181600.0,1162500.0,318700.0,242400.0,1166000.0,342000.0,965900.0,1280600.0,1338500.0,2762500.0,1695600.0,2862600.0,649800.0,611100.0,1714200.0,560300.0,354900.0,1246900.0
20231026101621000,SZSE,SZSE.ETF.159915,1.808,1.802,1.812,1.793,0.0,2.178,1.452,513854686.0,1254580.0,513854686.0,1254580.0,0.0,0.0,20231026,20231026,101621000,1.815,0.0,0.0,1.808,1.807,1.806,1.805,1.804,1.803,1.802,1.801,1.8,1.799,1.809,1.81,1.811,1.812,1.813,1.814,1.815,1.816,1.817,1.818,433000.0,2332700.0,4301600.0,907700.0,318700.0,236100.0,1046000.0,462000.0,966900.0,1280600.0,595200.0,2822500.0,1735600.0,2863100.0,649800.0,611100.0,1834200.0,440300.0,354900.0,1247900.0
20231026101624000,SZSE,SZSE.ETF.159915,1.808,1.802,1.812,1.793,0.0,2.178,1.452,514200139.0,345453.0,514200139.0,345453.0,0.0,0.0,20231026,20231026,101624000,1.815,0.0,0.0,1.808,1.807,1.806,1.805,1.804,1.803,1.802,1.801,1.8,1.799,1.809,1.81,1.811,1.812,1.813,1.814,1.815,1.816,1.817,1.818,422500.0,3490700.0,4081600.0,843500.0,288900.0,116100.0,1037200.0,462000.0,966900.0,1280600.0,671400.0,2822500.0,1635600.0,2863100.0,650500.0,611100.0,1834200.0,440400.0,354900.0,1247900.0
20231026101627000,SZSE,SZSE.ETF.159915,1.809,1.802,1.812,1.793,0.0,2.178,1.452,515528453.0,1328314.0,515528453.0,1328314.0,0.0,0.0,20231026,20231026,101627000,1.815,0.0,0.0,1.809,1.808,1.807,1.806,1.805,1.804,1.803,1.802,1.801,1.8,1.81,1.811,1.812,1.813,1.814,1.815,1.816,1.817,1.818,1.819,449600.0,636600.0,2418600.0,4137600.0,845200.0,288900.0,116100.0,1157200.0,342000.0,966900.0,3304100.0,1855700.0,2839000.0,640500.0,617200.0,1714200.0,725000.0,354900.0,1247900.0,589200.0
20231026101630000,SZSE,SZSE.ETF.159915,1.809,1.802,1.812,1.793,0.0,2.178,1.452,515699996.0,171543.0,515699996.0,171543.0,0.0,0.0,20231026,20231026,101630000,1.815,0.0,0.0,1.809,1.808,1.807,1.806,1.805,1.804,1.803,1.802,1.801,1.8,1.81,1.811,1.812,1.813,1.814,1.815,1.816,1.817,1.818,1.819,455300.0,550400.0,2504600.0,2886100.0,1108200.0,221900.0,116100.0,1157200.0,342000.0,966900.0,3233200.0,1633500.0,3950900.0,595500.0,617200.0,1714700.0,725000.0,354900.0,1247900.0,589200.0
20231026101633000,SZSE,SZSE.ETF.159915,1.81,1.802,1.812,1.793,0.0,2.178,1.452,516058871.0,358875.0,516058871.0,358875.0,0.0,0.0,20231026,20231026,101633000,1.815,0.0,0.0,1.809,1.808,1.807,1.806,1.805,1.804,1.803,1.802,1.801,1.8,1.81,1.811,1.812,1.813,1.814,1.815,1.816,1.817,1.818,1.819,450200.0,676700.0,2315300.0,3326100.0,915200.0,221700.0,126100.0,1037200.0,439800.0,966900.0,2662400.0,1501800.0,4009000.0,652500.0,618500.0,1834700.0,577300.0,355000.0,1247900.0,589200.0
20231026101636000,SZSE,SZSE.ETF.159915,1.809,1.802,1.812,1.793,0.0,2.178,1.452,517058163.0,999292.0,517058163.0,999292.0,0.0,0.0,20231026,20231026,101636000,1.815,0.0,0.0,1.809,1.808,1.807,1.806,1.805,1.804,1.803,1.802,1.801,1.8,1.81,1.811,1.812,1.813,1.814,1.815,1.816,1.817,1.818,1.819,445400.0,660700.0,3418100.0,2228000.0,915200.0,223700.0,126100.0,1157200.0,319800.0,969000.0,2006500.0,1622800.0,3997700.0,652500.0,621500.0,1715300.0,699300.0,355000.0,1252400.0,589200.0
20231026101639000,SZSE,SZSE.ETF.159915,1.809,1.802,1.812,1.793,0.0,2.178,1.452,517410518.0,352355.0,517410518.0,352355.0,0.0,0.0,20231026,20231026,101639000,1.815,0.0,0.0,1.809,1.808,1.807,1.806,1.805,1.804,1.803,1.802,1.801,1.8,1.81,1.811,1.812,1.813,1.814,1.815,1.816,1.817,1.818,1.819,493800.0,660700.0,3387100.0,2228000.0,915200.0,223700.0,126100.0,1157200.0,319800.0,969000.0,2426900.0,1622800.0,3981100.0,652500.0,643400.0,1710500.0,705900.0,355000.0,1252400.0,589200.0
20231026101642000,SZSE,SZSE.ETF.159915,1.809,1.802,1.812,1.793,0.0,2.178,1.452,517742569.0,332051.0,517742569.0,332051.0,0.0,0.0,20231026,20231026,101642000,1.815,0.0,0.0,1.809,1.808,1.807,1.806,1.805,1.804,1.803,1.802,1.801,1.8,1.81,1.811,1.812,1.813,1.814,1.815,1.816,1.817,1.818,1.819,365300.0,814400.0,3457100.0,1828000.0,915300.0,223700.0,126100.0,1157200.0,319800.0,969000.0,2338900.0,1622800.0,3951100.0,727500.0,648400.0,1714500.0,705900.0,365000.0,1252400.0,589200.0
20231026101645000,SZSE,SZSE.ETF.159915,1.809,1.802,1.812,1.793,0.0,2.178,1.452,518500388.0,757819.0,518500388.0,757819.0,0.0,0.0,20231026,20231026,101645000,1.815,0.0,0.0,1.808,1.807,1.806,1.805,1.804,1.803,1.802,1.801,1.8,1.799,1.809,1.81,1.811,1.812,1.813,1.814,1.815,1.816,1.817,1.818,355600.0,3308400.0,1668000.0,1075300.0,223700.0,126100.0,1152200.0,319800.0,967000.0,1270700.0,24900.0,2425100.0,1683500.0,3952600.0,652500.0,648300.0,1708700.0,705900.0,365000.0,1252400.0
20231026101648000,SZSE,SZSE.ETF.159915,1.809,1.802,1.812,1.793,0.0,2.178,1.452,518526079.0,25691.0,518526079.0,25691.0,0.0,0.0,20231026,20231026,101648000,1.815,0.0,0.0,1.808,1.807,1.806,1.805,1.804,1.803,1.802,1.801,1.8,1.799,1.809,1.81,1.811,1.812,1.813,1.814,1.815,1.816,1.817,1.818,259600.0,3246400.0,2033400.0,693300.0,288700.0,246100.0,1032200.0,439800.0,967000.0,1270700.0,67300.0,1619500.0,1961700.0,3828700.0,523500.0,662100.0,1826700.0,585900.0,365000.0,1252400.0
20231026101651000,SZSE,SZSE.ETF.159915,1.809,1.802,1.812,1.793,0.0,2.178,1.452,518662839.0,136760.0,518662839.0,136760.0,0.0,0.0,20231026,20231026,101651000,1.815,0.0,0.0,1.808,1.807,1.806,1.805,1.804,1.803,1.802,1.801,1.8,1.799,1.809,1.81,1.811,1.812,1.813,1.814,1.815,1.816,1.817,1.818,359600.0,3306400.0,2033400.0,750300.0,288700.0,226100.0,1032200.0,439800.0,967000.0,1270700.0,87200.0,1791900.0,2018700.0,3668700.0,583500.0,662100.0,1826700.0,585900.0,365000.0,1252400.0
20231026101654000,SZSE,SZSE.ETF.159915,1.809,1.802,1.812,1.793,0.0,2.178,1.452,518680025.0,17186.0,518680025.0,17186.0,0.0,0.0,20231026,20231026,101654000,1.815,0.0,0.0,1.808,1.807,1.806,1.805,1.804,1.803,1.802,1.801,1.8,1.799,1.809,1.81,1.811,1.812,1.813,1.814,1.815,1.816,1.817,1.818,313600.0,3188700.0,2033400.0,755300.0,323700.0,216100.0,1032200.0,439800.0,967000.0,1270700.0,162200.0,1641700.0,3019100.0,2828700.0,563100.0,662100.0,1826700.0,585900.0,365000.0,1252400.0
20231026101657000,SZSE,SZSE.ETF.159915,1.809,1.802,1.812,1.793,0.0,2.178,1.452,518738274.0,58249.0,518738274.0,58249.0,0.0,0.0,20231026,20231026,101657000,1.815,0.0,0.0,1.808,1.807,1.806,1.805,1.804,1.803,1.802,1.801,1.8,1.799,1.809,1.81,1.811,1.812,1.813,1.814,1.815,1.816,1.817,1.818,313600.0,3188700.0,2033400.0,755300.0,323700.0,209200.0,1032200.0,439800.0,967000.0,1270700.0,198900.0,1220200.0,3019100.0,2829200.0,563100.0,663100.0,1857700.0,585900.0,365000.0,1252400.0
20231026101700000,SZSE,SZSE.ETF.159915,1.808,1.802,1.812,1.793,0.0,2.178,1.452,519292788.0,554514.0,519292788.0,554514.0,0.0,0.0,20231026,20231026,101700000,1.815,0.0,0.0,1.808,1.807,1.806,1.805,1.804,1.803,1.802,1.801,1.8,1.799,1.809,1.81,1.811,1.812,1.813,1.814,1.815,1.816,1.817,1.818,552900.0,3098800.0,1828400.0,755700.0,323700.0,89200.0,1152200.0,319800.0,967000.0,1270700.0,318000.0,1532500.0,3164100.0,2904400.0,565100.0,663100.0,1777700.0,705900.0,365000.0,1252400.0
20231026101703000,SZSE,SZSE.ETF.159915,1.808,1.802,1.812,1.793,0.0,2.178,1.452,519446190.0,153402.0,519446190.0,153402.0,0.0,0.0,20231026,20231026,101703000,1.815,0.0,0.0,1.808,1.807,1.806,1.805,1.804,1.803,1.802,1.801,1.8,1.799,1.809,1.81,1.811,1.812,1.813,1.814,1.815,1.816,1.817,1.818,434400.0,3238800.0,2329400.0,784100.0,323700.0,89600.0,1032200.0,439800.0,972800.0,1270700.0,296900.0,1756900.0,3063500.0,2889400.0,505100.0,663100.0,1897700.0,585900.0,375000.0,1252400.0
20231026101706000,SZSE,SZSE.ETF.159915,1.809,1.802,1.812,1.793,0.0,2.178,1.452,521641773.0,2195583.0,521641773.0,2195583.0,0.0,0.0,20231026,20231026,101706000,1.815,0.0,0.0,1.808,1.807,1.806,1.805,1.804,1.803,1.802,1.801,1.8,1.799,1.809,1.81,1.811,1.812,1.813,1.814,1.815,1.816,1.817,1.818,234500.0,3144700.0,2030400.0,784100.0,323700.0,89600.0,1032200.0,483600.0,972800.0,1270700.0,153000.0,2697000.0,2903500.0,2669400.0,582100.0,663100.0,1903300.0,585900.0,375000.0,1252400.0
20231026101709000,SZSE,SZSE.ETF.159915,1.808,1.802,1.812,1.793,0.0,2.178,1.452,521837799.0,196026.0,521837799.0,196026.0,0.0,0.0,20231026,20231026,101709000,1.815,0.0,0.0,1.808,1.807,1.806,1.805,1.804,1.803,1.802,1.801,1.8,1.799,1.809,1.81,1.811,1.812,1.813,1.814,1.815,1.816,1.817,1.818,184800.0,1725800.0,2190400.0,1784100.0,323700.0,89600.0,1037700.0,483600.0,977800.0,1270700.0,777700.0,2772300.0,3413800.0,2669900.0,522100.0,651100.0,1903300.0,591900.0,375000.0,1252400.0
20231026101712000,SZSE,SZSE.ETF.159915,1.808,1.802,1.812,1.793,0.0,2.178,1.452,522960125.0,1122326.0,522960125.0,1122326.0,0.0,0.0,20231026,20231026,101712000,1.815,0.0,0.0,1.807,1.806,1.805,1.804,1.803,1.802,1.801,1.8,1.799,1.798,1.808,1.809,1.81,1.811,1.812,1.813,1.814,1.815,1.816,1.817,110100.0,785400.0,634100.0,493700.0,809600.0,1217700.0,363600.0,1098800.0,1270700.0,2387400.0,478800.0,1719900.0,2200200.0,1153800.0,1837900.0,522100.0,671100.0,1797700.0,591900.0,375000.0
20231026101715000,SZSE,SZSE.ETF.159915,1.807,1.802,1.812,1.793,0.0,2.178,1.452,523315779.0,355654.0,523315779.0,355654.0,0.0,0.0,20231026,20231026,101715000,1.815,0.0,0.0,1.806,1.805,1.804,1.803,1.802,1.801,1.8,1.799,1.798,1.797,1.807,1.808,1.809,1.81,1.811,1.812,1.813,1.814,1.815,1.816,347700.0,711100.0,1053000.0,749600.0,1057700.0,363600.0,978800.0,1390700.0,2387400.0,892200.0,43000.0,646200.0,2925200.0,2387200.0,1029900.0,1572900.0,542100.0,551100.0,1807700.0,591900.0
20231026101718000,SZSE,SZSE.ETF.159915,1.807,1.802,1.812,1.793,0.0,2.178,1.452,524220123.0,904344.0,524220123.0,904344.0,0.0,0.0,20231026,20231026,101718000,1.815,0.0,0.0,1.806,1.805,1.804,1.803,1.802,1.801,1.8,1.799,1.798,1.797,1.807,1.808,1.809,1.81,1.811,1.812,1.813,1.814,1.815,1.816,241300.0,701700.0,922500.0,779600.0,1057700.0,363600.0,978900.0,1267900.0,2507400.0,892200.0,273600.0,726400.0,2938300.0,2551200.0,997900.0,1632900.0,427100.0,551100.0,1797700.0,593900.0
20231026101721000,SZSE,SZSE.ETF.159915,1.806,1.802,1.812,1.793,0.0,2.178,1.452,524440456.0,220333.0,524440456.0,220333.0,0.0,0.0,20231026,20231026,101721000,1.815,0.0,0.0,1.806,1.805,1.804,1.803,1.802,1.801,1.8,1.799,1.798,1.797,1.807,1.808,1.809,1.81,1.811,1.812,1.813,1.814,1.815,1.816,900.0,1845800.0,1979500.0,947100.0,1184700.0,363600.0,978900.0,1267900.0,2507400.0,892200.0,548400.0,1272400.0,3133700.0,1605700.0,857900.0,1632900.0,427100.0,551100.0,1820400.0,593900.0
20231026101724000,SZSE,SZSE.ETF.159915,1.807,1.802,1.812,1.793,0.0,2.178,1.452,524584395.0,143939.0,524584395.0,143939.0,0.0,0.0,20231026,20231026,101724000,1.815,0.0,0.0,1.806,1.805,1.804,1.803,1.802,1.801,1.8,1.799,1.798,1.797,1.807,1.808,1.809,1.81,1.811,1.812,1.813,1.814,1.815,1.816,924900.0,620300.0,2061500.0,2088100.0,1124700.0,548600.0,981900.0,1387900.0,2387400.0,892200.0,548200.0,1442500.0,3644800.0,1585700.0,854900.0,1514900.0,547100.0,676100.0,1820400.0,587300.0
20231026101727000,SZSE,SZSE.ETF.159915,1.806,1.802,1.812,1.793,0.0,2.178,1.452,524721478.0,137083.0,524721478.0,137083.0,0.0,0.0,20231026,20231026,101727000,1.815,0.0,0.0,1.806,1.805,1.804,1.803,1.802,1.801,1.8,1.799,1.798,1.797,1.807,1.808,1.809,1.81,1.811,1.812,1.813,1.814,1.815,1.816,1039000.0,1880300.0,2061500.0,828100.0,1184700.0,368600.0,1009900.0,1382200.0,2387400.0,892200.0,490400.0,1252600.0,3185800.0,1765700.0,861500.0,1514900.0,547200.0,678400.0,1820400.0,587300.0
20231026101730000,SZSE,SZSE.ETF.159915,1.806,1.802,1.812,1.793,0.0,2.178,1.452,524839952.0,118474.0,524839952.0,118474.0,0.0,0.0,20231026,20231026,101730000,1.815,0.0,0.0,1.806,1.805,1.804,1.803,1.802,1.801,1.8,1.799,1.798,1.797,1.807,1.808,1.809,1.81,1.811,1.812,1.813,1.814,1.815,1.816,815400.0,2000300.0,2233500.0,835000.0,1124700.0,428600.0,1133800.0,1262200.0,2387400.0,892200.0,633000.0,1050700.0,3356000.0,1845700.0,869500.0,1530500.0,417200.0,848400.0,1819800.0,587300.0
20231026101733000,SZSE,SZSE.ETF.159915,1.807,1.802,1.812,1.793,0.0,2.178,1.452,524885488.0,45536.0,524885488.0,45536.0,0.0,0.0,20231026,20231026,101733000,1.815,0.0,0.0,1.806,1.805,1.804,1.803,1.802,1.801,1.8,1.799,1.798,1.797,1.807,1.808,1.809,1.81,1.811,1.812,1.813,1.814,1.815,1.816,935400.0,780300.0,2278500.0,1858500.0,1124700.0,428600.0,1138400.0,1383400.0,2387400.0,916400.0,1138900.0,1530300.0,3448400.0,1618100.0,871500.0,1533300.0,537200.0,728400.0,1819900.0,587300.0
20231026101736000,SZSE,SZSE.ETF.159915,1.807,1.802,1.812,1.793,0.0,2.178,1.452,525306855.0,421367.0,525306855.0,421367.0,0.0,0.0,20231026,20231026,101736000,1.815,0.0,0.0,1.806,1.805,1.804,1.803,1.802,1.801,1.8,1.799,1.798,1.797,1.807,1.808,1.809,1.81,1.811,1.812,1.813,1.814,1.815,1.816,754300.0,782700.0,2278500.0,1858500.0,1124700.0,458600.0,1179500.0,1383400.0,2387400.0,921400.0,1602000.0,1532600.0,2909300.0,1618100.0,851500.0,1533300.0,547200.0,723400.0,1820300.0,587300.0
20231026101739000,SZSE,SZSE.ETF.159915,1.807,1.802,1.812,1.793,0.0,2.178,1.452,525315890.0,9035.0,525315890.0,9035.0,0.0,0.0,20231026,20231026,101739000,1.815,0.0,0.0,1.806,1.805,1.804,1.803,1.802,1.801,1.8,1.799,1.798,1.797,1.807,1.808,1.809,1.81,1.811,1.812,1.813,1.814,1.815,1.816,754300.0,417200.0,2438500.0,2018500.0,1124700.0,458600.0,1180500.0,1383400.0,2383300.0,921400.0,1461000.0,1547600.0,3033300.0,1614300.0,851500.0,1533300.0,547200.0,723400.0,1820300.0,587300.0
20231026101742000,SZSE,SZSE.ETF.159915,1.806,1.802,1.812,1.793,0.0,2.178,1.452,525763418.0,447528.0,525763418.0,447528.0,0.0,0.0,20231026,20231026,101742000,1.815,0.0,0.0,1.806,1.805,1.804,1.803,1.802,1.801,1.8,1.799,1.798,1.797,1.807,1.808,1.809,1.81,1.811,1.812,1.813,1.814,1.815,1.816,572700.0,287200.0,2473500.0,1858500.0,1294700.0,458600.0,1180500.0,1383400.0,2383300.0,921400.0,1813700.0,1474000.0,2823300.0,1789300.0,851500.0,1433300.0,547200.0,723400.0,1820300.0,587300.0
20231026101745000,SZSE,SZSE.ETF.159915,1.806,1.802,1.812,1.793,0.0,2.178,1.452,526161872.0,398454.0,526161872.0,398454.0,0.0,0.0,20231026,20231026,101745000,1.815,0.0,0.0,1.806,1.805,1.804,1.803,1.802,1.801,1.8,1.799,1.798,1.797,1.807,1.808,1.809,1.81,1.811,1.812,1.813,1.814,1.815,1.816,424900.0,367200.0,2243500.0,1778500.0,1634700.0,458600.0,1180500.0,1393400.0,2383300.0,921400.0,1975700.0,2544000.0,1893300.0,1654300.0,852500.0,1445500.0,547200.0,723400.0,1810100.0,587300.0
20231026101748000,SZSE,SZSE.ETF.159915,1.806,1.802,1.812,1.793,0.0,2.178,1.452,526518032.0,356160.0,526518032.0,356160.0,0.0,0.0,20231026,20231026,101748000,1.815,0.0,0.0,1.806,1.805,1.804,1.803,1.802,1.801,1.8,1.799,1.798,1.797,1.807,1.808,1.809,1.81,1.811,1.812,1.813,1.814,1.815,1.816,245000.0,583600.0,1963500.0,2298500.0,1795300.0,458600.0,1313300.0,1273400.0,2503400.0,921400.0,2113100.0,2327000.0,1883300.0,1654300.0,852500.0,1570600.0,427200.0,723400.0,1810100.0,587300.0
20231026101751000,SZSE,SZSE.ETF.159915,1.806,1.802,1.812,1.793,0.0,2.178,1.452,526997525.0,479493.0,526997525.0,479493.0,0.0,0.0,20231026,20231026,101751000,1.815,0.0,0.0,1.805,1.804,1.803,1.802,1.801,1.8,1.799,1.798,1.797,1.796,1.806,1.807,1.808,1.809,1.81,1.811,1.812,1.813,1.814,1.815,618400.0,1963500.0,2348500.0,1795300.0,458600.0,1323300.0,1273400.0,2303400.0,921400.0,935400.0,1026900.0,1923600.0,2451100.0,1893300.0,1647500.0,855300.0,1570600.0,427200.0,705800.0,1828100.0
20231026101754000,SZSE,SZSE.ETF.159915,1.806,1.802,1.812,1.793,0.0,2.178,1.452,527017391.0,19866.0,527017391.0,19866.0,0.0,0.0,20231026,20231026,101754000,1.815,0.0,0.0,1.805,1.804,1.803,1.802,1.801,1.8,1.799,1.798,1.797,1.796,1.806,1.807,1.808,1.809,1.81,1.811,1.812,1.813,1.814,1.815,560600.0,2061500.0,2495600.0,1568300.0,525600.0,1323300.0,1277200.0,2303400.0,921400.0,935400.0,1045900.0,1691600.0,2679300.0,1671800.0,1518600.0,855300.0,1570600.0,427200.0,705800.0,1828100.0
20231026101757000,SZSE,SZSE.ETF.159915,1.806,1.802,1.812,1.793,0.0,2.178,1.452,527075003.0,57612.0,527075003.0,57612.0,0.0,0.0,20231026,20231026,101757000,1.815,0.0,0.0,1.805,1.804,1.803,1.802,1.801,1.8,1.799,1.798,1.797,1.796,1.806,1.807,1.808,1.809,1.81,1.811,1.812,1.813,1.814,1.815,571900.0,2066500.0,2095600.0,1625300.0,525600.0,1203300.0,1277200.0,2303400.0,921400.0,935400.0,1188400.0,2091500.0,2586300.0,1679800.0,1554600.0,855600.0,1570300.0,427200.0,705800.0,1828100.0
20231026101800000,SZSE,SZSE.ETF.159915,1.805,1.802,1.812,1.793,0.0,2.178,1.452,527149008.0,74005.0,527149008.0,74005.0,0.0,0.0,20231026,20231026,101800000,1.815,0.0,0.0,1.805,1.804,1.803,1.802,1.801,1.8,1.799,1.798,1.797,1.796,1.806,1.807,1.808,1.809,1.81,1.811,1.812,1.813,1.814,1.815,1606900.0,2006500.0,2097600.0,1625300.0,526800.0,1208300.0,1277200.0,2303400.0,921400.0,935400.0,1247300.0,1930500.0,2754800.0,1679800.0,1554600.0,855600.0,1570300.0,427200.0,705800.0,1828100.0
20231026101803000,SZSE,SZSE.ETF.159915,1.806,1.802,1.812,1.793,0.0,2.178,1.452,527170491.0,21483.0,527170491.0,21483.0,0.0,0.0,20231026,20231026,101803000,1.815,0.0,0.0,1.805,1.804,1.803,1.802,1.801,1.8,1.799,1.798,1.797,1.796,1.806,1.807,1.808,1.809,1.81,1.811,1.812,1.813,1.814,1.815,1701700.0,2166500.0,2337600.0,1624800.0,583000.0,1208300.0,1277200.0,2303400.0,921400.0,935400.0,1264400.0,1870500.0,2594800.0,1684800.0,1557000.0,855600.0,1570300.0,430200.0,705800.0,1828100.0
20231026101806000,SZSE,SZSE.ETF.159915,1.806,1.802,1.812,1.793,0.0,2.178,1.452,527297985.0,127494.0,527297985.0,127494.0,0.0,0.0,20231026,20231026,101806000,1.815,0.0,0.0,1.805,1.804,1.803,1.802,1.801,1.8,1.799,1.798,1.797,1.796,1.806,1.807,1.808,1.809,1.81,1.811,1.812,1.813,1.814,1.815,1964400.0,2056500.0,2292600.0,1684900.0,583000.0,1211300.0,1397200.0,2183400.0,921400.0,935400.0,1222900.0,974900.0,2874800.0,1759800.0,1557000.0,855600.0,1450300.0,550200.0,705800.0,1833100.0
20231026101809000,SZSE,SZSE.ETF.159915,1.807,1.802,1.812,1.793,0.0,2.178,1.452,529510152.0,2212167.0,529510152.0,2212167.0,0.0,0.0,20231026,20231026,101809000,1.815,0.0,0.0,1.806,1.805,1.804,1.803,1.802,1.801,1.8,1.799,1.798,1.797,1.807,1.808,1.809,1.81,1.811,1.812,1.813,1.814,1.815,1.816,2048000.0,1480500.0,2670200.0,2217600.0,1284900.0,583000.0,1217300.0,1397200.0,2183400.0,921400.0,905600.0,1524800.0,2004800.0,1717000.0,855600.0,1450300.0,558700.0,705800.0,1833100.0,597800.0
20231026101812000,SZSE,SZSE.ETF.159915,1.807,1.802,1.812,1.793,0.0,2.178,1.452,530198600.0,688448.0,530198600.0,688448.0,0.0,0.0,20231026,20231026,101812000,1.815,0.0,0.0,1.806,1.805,1.804,1.803,1.802,1.801,1.8,1.799,1.798,1.797,1.807,1.808,1.809,1.81,1.811,1.812,1.813,1.814,1.815,1.816,2009600.0,1645100.0,3039700.0,1966500.0,1117900.0,486000.0,1337300.0,1277200.0,2183400.0,1328100.0,643600.0,1198500.0,1853800.0,2821200.0,855600.0,1450300.0,438700.0,825800.0,1835100.0,597800.0
20231026101815000,SZSE,SZSE.ETF.159915,1.807,1.802,1.812,1.793,0.0,2.178,1.452,530297081.0,98481.0,530297081.0,98481.0,0.0,0.0,20231026,20231026,101815000,1.815,0.0,0.0,1.806,1.805,1.804,1.803,1.802,1.801,1.8,1.799,1.798,1.797,1.807,1.808,1.809,1.81,1.811,1.812,1.813,1.814,1.815,1.816,2018600.0,2865100.0,3311700.0,790000.0,1184400.0,506000.0,1337300.0,1277200.0,2183400.0,1328100.0,520800.0,623500.0,1836800.0,3008700.0,855600.0,1450300.0,466200.0,825800.0,1835100.0,597800.0
20231026101818000,SZSE,SZSE.ETF.159915,1.807,1.802,1.812,1.793,0.0,2.178,1.452,530297984.0,903.0,530297984.0,903.0,0.0,0.0,20231026,20231026,101818000,1.815,0.0,0.0,1.806,1.805,1.804,1.803,1.802,1.801,1.8,1.799,1.798,1.797,1.807,1.808,1.809,1.81,1.811,1.812,1.813,1.814,1.815,1.816,4115100.0,1715200.0,3251700.0,1860000.0,1184400.0,626000.0,1217300.0,1277200.0,2183400.0,1328100.0,613200.0,1238500.0,2256800.0,2918800.0,855900.0,1450300.0,466200.0,705800.0,1955100.0,597800.0
20231026101821000,SZSE,SZSE.ETF.159915,1.806,1.802,1.812,1.793,0.0,2.178,1.452,530352164.0,54180.0,530352164.0,54180.0,0.0,0.0,20231026,20231026,101821000,1.815,0.0,0.0,1.806,1.805,1.804,1.803,1.802,1.801,1.8,1.799,1.798,1.797,1.807,1.808,1.809,1.81,1.811,1.812,1.813,1.814,1.815,1.816,4087600.0,2901500.0,2851700.0,790000.0,1304400.0,626000.0,1218800.0,1277200.0,2183400.0,1328100.0,714500.0,815400.0,1656800.0,3088300.0,855900.0,1450600.0,466200.0,705800.0,1955100.0,597800.0
20231026101824000,SZSE,SZSE.ETF.159915,1.807,1.802,1.812,1.793,0.0,2.178,1.452,530392800.0,40636.0,530392800.0,40636.0,0.0,0.0,20231026,20231026,101824000,1.815,0.0,0.0,1.806,1.805,1.804,1.803,1.802,1.801,1.8,1.799,1.798,1.797,1.807,1.808,1.809,1.81,1.811,1.812,1.813,1.814,1.815,1.816,2987300.0,1901500.0,2877600.0,860000.0,1304400.0,631000.0,1234800.0,1277200.0,2193400.0,1328100.0,934400.0,983900.0,2656800.0,2155900.0,852300.0,1450600.0,466500.0,712400.0,1955100.0,597800.0
20231026101827000,SZSE,SZSE.ETF.159915,1.806,1.802,1.812,1.793,0.0,2.178,1.452,531708829.0,1316029.0,531708829.0,1316029.0,0.0,0.0,20231026,20231026,101827000,1.815,0.0,0.0,1.806,1.805,1.804,1.803,1.802,1.801,1.8,1.799,1.798,1.797,1.807,1.808,1.809,1.81,1.811,1.812,1.813,1.814,1.815,1.816,2779200.0,1365700.0,2962600.0,2020000.0,1184400.0,451000.0,1354800.0,1277200.0,2194400.0,1328100.0,1263700.0,1306400.0,2808800.0,1800900.0,852300.0,1450600.0,466500.0,832700.0,1835100.0,597800.0
20231026101830000,SZSE,SZSE.ETF.159915,1.807,1.802,1.812,1.793,0.0,2.178,1.452,531733405.0,24576.0,531733405.0,24576.0,0.0,0.0,20231026,20231026,101830000,1.815,0.0,0.0,1.806,1.805,1.804,1.803,1.802,1.801,1.8,1.799,1.798,1.797,1.807,1.808,1.809,1.81,1.811,1.812,1.813,1.814,1.815,1.816,2779200.0,1376900.0,3048900.0,2020000.0,1184400.0,451000.0,1354800.0,1277200.0,2194400.0,1328100.0,1261000.0,1366400.0,2813800.0,1805900.0,852600.0,1450600.0,466500.0,832700.0,1835400.0,597800.0
20231026101833000,SZSE,SZSE.ETF.159915,1.806,1.802,1.812,1.793,0.0,2.178,1.452,531739726.0,6321.0,531739726.0,6321.0,0.0,0.0,20231026,20231026,101833000,1.815,0.0,0.0,1.806,1.805,1.804,1.803,1.802,1.801,1.8,1.799,1.798,1.797,1.807,1.808,1.809,1.81,1.811,1.812,1.813,1.814,1.815,1.816,2780300.0,1459500.0,3978700.0,1860000.0,1244400.0,451000.0,1355800.0,1277200.0,2194400.0,1328100.0,1361100.0,1397400.0,3815200.0,1802900.0,892600.0,1450600.0,466500.0,832700.0,1835400.0,598100.0
20231026101836000,SZSE,SZSE.ETF.159915,1.806,1.802,1.812,1.793,0.0,2.178,1.452,532168851.0,429125.0,532168851.0,429125.0,0.0,0.0,20231026,20231026,101836000,1.815,0.0,0.0,1.806,1.805,1.804,1.803,1.802,1.801,1.8,1.799,1.798,1.797,1.807,1.808,1.809,1.81,1.811,1.812,1.813,1.814,1.815,1.816,2562200.0,1399500.0,4013700.0,2080000.0,1244400.0,451000.0,1355800.0,1277200.0,2194400.0,1328400.0,1506900.0,1403000.0,3705200.0,1816400.0,892600.0,1434000.0,466500.0,831400.0,1835400.0,598100.0
20231026101839000,SZSE,SZSE.ETF.159915,1.807,1.802,1.812,1.793,0.0,2.178,1.452,532479872.0,311021.0,532479872.0,311021.0,0.0,0.0,20231026,20231026,101839000,1.815,0.0,0.0,1.806,1.805,1.804,1.803,1.802,1.801,1.8,1.799,1.798,1.797,1.807,1.808,1.809,1.81,1.811,1.812,1.813,1.814,1.815,1.816,2423800.0,1399500.0,3998700.0,1681500.0,1599400.0,451000.0,1357800.0,1277200.0,2194400.0,1321500.0,1453300.0,1409500.0,3706700.0,1790500.0,902600.0,1434000.0,466500.0,831400.0,1835400.0,598100.0
20231026101842000,SZSE,SZSE.ETF.159915,1.806,1.802,1.812,1.793,0.0,2.178,1.452,532668609.0,188737.0,532668609.0,188737.0,0.0,0.0,20231026,20231026,101842000,1.815,0.0,0.0,1.806,1.805,1.804,1.803,1.802,1.801,1.8,1.799,1.798,1.797,1.807,1.808,1.809,1.81,1.811,1.812,1.813,1.814,1.815,1.816,2343300.0,1349500.0,3798700.0,1621500.0,1659400.0,451000.0,1357800.0,1277200.0,2195900.0,1321500.0,1570600.0,2639400.0,2806700.0,1850500.0,902600.0,1434000.0,466500.0,831400.0,1835400.0,598100.0
20231026101845000,SZSE,SZSE.ETF.159915,1.807,1.802,1.812,1.793,0.0,2.178,1.452,532698048.0,29439.0,532698048.0,29439.0,0.0,0.0,20231026,20231026,101845000,1.815,0.0,0.0,1.806,1.805,1.804,1.803,1.802,1.801,1.8,1.799,1.798,1.797,1.807,1.808,1.809,1.81,1.811,1.812,1.813,1.814,1.815,1.816,2368100.0,1407200.0,3738700.0,1681500.0,1659400.0,451000.0,1357800.0,1277200.0,2195900.0,1321500.0,2183300.0,2411000.0,2690200.0,1790500.0,902600.0,1434000.0,466500.0,831400.0,1836400.0,598100.0
20231026101848000,SZSE,SZSE.ETF.159915,1.806,1.802,1.812,1.793,0.0,2.178,1.452,536984048.0,4286000.0,536984048.0,4286000.0,0.0,0.0,20231026,20231026,101848000,1.815,0.0,0.0,1.805,1.804,1.803,1.802,1.801,1.8,1.799,1.798,1.797,1.796,1.806,1.807,1.808,1.809,1.81,1.811,1.812,1.813,1.814,1.815,1350300.0,2478700.0,501500.0,1729400.0,551000.0,1357800.0,1277200.0,2195900.0,1321500.0,934400.0,866600.0,1696800.0,3640900.0,1120200.0,1802300.0,802600.0,1434000.0,473000.0,831400.0,1836400.0
20231026101851000,SZSE,SZSE.ETF.159915,1.806,1.802,1.812,1.793,0.0,2.178,1.452,536996690.0,12642.0,536996690.0,12642.0,0.0,0.0,20231026,20231026,101851000,1.815,0.0,0.0,1.805,1.804,1.803,1.802,1.801,1.8,1.799,1.798,1.797,1.796,1.806,1.807,1.808,1.809,1.81,1.811,1.812,1.813,1.814,1.815,1139400.0,879400.0,2054900.0,1719400.0,951000.0,1237800.0,1277200.0,2315900.0,1321500.0,934400.0,826900.0,1505700.0,3972100.0,956200.0,1670300.0,802600.0,1554000.0,473000.0,711400.0,1836400.0
20231026101854000,SZSE,SZSE.ETF.159915,1.806,1.802,1.812,1.793,0.0,2.178,1.452,537032810.0,36120.0,537032810.0,36120.0,0.0,0.0,20231026,20231026,101854000,1.815,0.0,0.0,1.805,1.804,1.803,1.802,1.801,1.8,1.799,1.798,1.797,1.796,1.806,1.807,1.808,1.809,1.81,1.811,1.812,1.813,1.814,1.815,881900.0,779400.0,2224900.0,1719900.0,1174500.0,1237800.0,1277200.0,2315900.0,1321500.0,934500.0,882100.0,1936500.0,3936100.0,736200.0,1660300.0,802600.0,1554000.0,479200.0,711400.0,1847400.0
20231026101857000,SZSE,SZSE.ETF.159915,1.805,1.802,1.812,1.793,0.0,2.178,1.452,537086785.0,53975.0,537086785.0,53975.0,0.0,0.0,20231026,20231026,101857000,1.815,0.0,0.0,1.805,1.804,1.803,1.802,1.801,1.8,1.799,1.798,1.797,1.796,1.806,1.807,1.808,1.809,1.81,1.811,1.812,1.813,1.814,1.815,857600.0,779400.0,2230900.0,1719900.0,1175000.0,1266100.0,1277200.0,2315900.0,1321500.0,934500.0,1602000.0,2939500.0,2908200.0,736200.0,1660300.0,802600.0,1554000.0,479200.0,711400.0,1853200.0
20231026101900000,SZSE,SZSE.ETF.159915,1.805,1.802,1.812,1.793,0.0,2.178,1.452,537395801.0,309016.0,537395801.0,309016.0,0.0,0.0,20231026,20231026,101900000,1.815,0.0,0.0,1.805,1.804,1.803,1.802,1.801,1.8,1.799,1.798,1.797,1.796,1.806,1.807,1.808,1.809,1.81,1.811,1.812,1.813,1.814,1.815,684500.0,339400.0,2394600.0,1479900.0,1305000.0,1266100.0,1277200.0,2315900.0,1321500.0,934500.0,2273100.0,3281600.0,2028700.0,736200.0,1660300.0,802600.0,1554000.0,479200.0,711400.0,1853200.0
20231026101903000,SZSE,SZSE.ETF.159915,1.805,1.802,1.812,1.793,0.0,2.178,1.452,538682405.0,1286604.0,538682405.0,1286604.0,0.0,0.0,20231026,20231026,101903000,1.815,0.0,0.0,1.804,1.803,1.802,1.801,1.8,1.799,1.798,1.797,1.796,1.795,1.805,1.806,1.807,1.808,1.809,1.81,1.811,1.812,1.813,1.814,379500.0,2289600.0,1786200.0,1235000.0,1266100.0,1277200.0,2195900.0,1441500.0,934500.0,1714200.0,167700.0,1734000.0,3208000.0,1148800.0,746200.0,1660300.0,962400.0,1434000.0,479200.0,711400.0
20231026101906000,SZSE,SZSE.ETF.159915,1.804,1.802,1.812,1.793,0.0,2.178,1.452,538864609.0,182204.0,538864609.0,182204.0,0.0,0.0,20231026,20231026,101906000,1.815,0.0,0.0,1.804,1.803,1.802,1.801,1.8,1.799,1.798,1.797,1.796,1.795,1.805,1.806,1.807,1.808,1.809,1.81,1.811,1.812,1.813,1.814,376600.0,2001500.0,1773300.0,1168000.0,1436100.0,1287200.0,2315900.0,1321500.0,934500.0,1714200.0,1215100.0,2635000.0,3119600.0,1124700.0,539800.0,1559800.0,842400.0,1554000.0,479200.0,711400.0
20231026101909000,SZSE,SZSE.ETF.159915,1.804,1.802,1.812,1.793,0.0,2.178,1.452,539055838.0,191229.0,539055838.0,191229.0,0.0,0.0,20231026,20231026,101909000,1.815,0.0,0.0,1.804,1.803,1.802,1.801,1.8,1.799,1.798,1.797,1.796,1.795,1.805,1.806,1.807,1.808,1.809,1.81,1.811,1.812,1.813,1.814,64500.0,566500.0,3088000.0,1581800.0,1836200.0,1287200.0,2195900.0,1441500.0,934500.0,1716200.0,1296600.0,2956000.0,2857100.0,953800.0,549800.0,1561300.0,962400.0,1433900.0,479200.0,711400.0
