time,exchg,code,price,open,high,low,settle_price,upper_limit,lower_limit,total_volume,volume,total_turnover,turnover,open_interest,diff_interest,trading_date,action_date,action_time,pre_close,pre_settle,pre_interest,bid_price_0,bid_price_1,bid_price_2,bid_price_3,bid_price_4,bid_price_5,bid_price_6,bid_price_7,bid_price_8,bid_price_9,ask_price_0,ask_price_1,ask_price_2,ask_price_3,ask_price_4,ask_price_5,ask_price_6,ask_price_7,ask_price_8,ask_price_9,bid_qty_0,bid_qty_1,bid_qty_2,bid_qty_3,bid_qty_4,bid_qty_5,bid_qty_6,bid_qty_7,bid_qty_8,bid_qty_9,ask_qty_0,ask_qty_1,ask_qty_2,ask_qty_3,ask_qty_4,ask_qty_5,ask_qty_6,ask_qty_7,ask_qty_8,ask_qty_9
20231026093648000,SZSE,SZSE.ETF.159919,3.635,3.625,3.637,3.618,0.0,4.003,3.275,92643929.0,76252468.0,92643929.0,76252468.0,0.0,0.0,20231026,20231026,93648000,3.639,0.0,0.0,3.633,3.632,3.631,3.63,3.629,3.628,3.627,3.626,3.625,3.624,3.635,3.636,3.637,3.638,3.639,3.64,3.641,3.642,3.643,3.644,831000.0,1431800.0,1199600.0,894500.0,340500.0,333500.0,54500.0,154500.0,946700.0,30100.0,2454100.0,2098200.0,1467700.0,729000.0,348300.0,1058700.0,148200.0,193000.0,3000.0,11200.0
20231026093651000,SZSE,SZSE.ETF.159919,3.635,3.625,3.637,3.618,0.0,4.003,3.275,92643929.0,0.0,92643929.0,0.0,0.0,0.0,20231026,20231026,93651000,3.639,0.0,0.0,3.633,3.632,3.631,3.63,3.629,3.628,3.627,3.626,3.625,3.624,3.635,3.636,3.637,3.638,3.639,3.64,3.641,3.642,3.643,3.644,1370900.0,1131800.0,1599600.0,496900.0,238100.0,233500.0,154500.0,154500.0,946700.0,30100.0,2354100.0,1298200.0,2969700.0,129000.0,329500.0,978500.0,148200.0,293000.0,3000.0,11200.0
20231026093654000,SZSE,SZSE.ETF.159919,3.634,3.625,3.637,3.618,0.0,4.003,3.275,92644293.0,364.0,92644293.0,364.0,0.0,0.0,20231026,20231026,93654000,3.639,0.0,0.0,3.633,3.632,3.631,3.63,3.629,3.628,3.627,3.626,3.625,3.624,3.634,3.635,3.636,3.637,3.638,3.639,3.64,3.641,3.642,3.643,1519200.0,983500.0,1499600.0,496900.0,338100.0,233500.0,154500.0,274500.0,946700.0,30100.0,43100.0,1055600.0,1298200.0,3369700.0,129000.0,329500.0,978500.0,148200.0,253000.0,3000.0
20231026093657000,SZSE,SZSE.ETF.159919,3.634,3.625,3.637,3.618,0.0,4.003,3.275,94888663.0,2244370.0,94888663.0,2244370.0,0.0,0.0,20231026,20231026,93657000,3.639,0.0,0.0,3.633,3.632,3.631,3.63,3.629,3.628,3.627,3.626,3.625,3.624,3.634,3.635,3.636,3.637,3.638,3.639,3.64,3.641,3.642,3.643,899200.0,1131800.0,1599600.0,896900.0,184400.0,287200.0,174600.0,154500.0,913700.0,30100.0,337000.0,1548000.0,2028200.0,1099700.0,449000.0,326500.0,978500.0,148200.0,3000.0,3000.0
20231026093700000,SZSE,SZSE.ETF.159919,3.633,3.625,3.637,3.618,0.0,4.003,3.275,94903195.0,14532.0,94903195.0,14532.0,0.0,0.0,20231026,20231026,93700000,3.639,0.0,0.0,3.633,3.632,3.631,3.63,3.629,3.628,3.627,3.626,3.625,3.624,3.634,3.635,3.636,3.637,3.638,3.639,3.64,3.641,3.642,3.643,112500.0,1316200.0,2196500.0,896900.0,256500.0,315100.0,54700.0,294500.0,1013700.0,163100.0,948100.0,2582500.0,1721000.0,899700.0,409900.0,298600.0,978500.0,148200.0,3000.0,3000.0
20231026093703000,SZSE,SZSE.ETF.159919,3.634,3.625,3.637,3.618,0.0,4.003,3.275,95004947.0,101752.0,95004947.0,101752.0,0.0,0.0,20231026,20231026,93703000,3.639,0.0,0.0,3.633,3.632,3.631,3.63,3.629,3.628,3.627,3.626,3.625,3.624,3.634,3.635,3.636,3.637,3.638,3.639,3.64,3.641,3.642,3.643,72500.0,1016200.0,996500.0,1546900.0,284400.0,487200.0,154700.0,274500.0,1013700.0,63100.0,2320400.0,1282500.0,1621000.0,799700.0,482000.0,926500.0,378500.0,48200.0,3000.0,3000.0
20231026093706000,SZSE,SZSE.ETF.159919,3.633,3.625,3.637,3.618,0.0,4.003,3.275,95263616.0,258669.0,95263616.0,258669.0,0.0,0.0,20231026,20231026,93706000,3.639,0.0,0.0,3.632,3.631,3.63,3.629,3.628,3.627,3.626,3.625,3.624,3.623,3.633,3.634,3.635,3.636,3.637,3.638,3.639,3.64,3.641,3.642,144200.0,1518200.0,1897000.0,628900.0,442700.0,154700.0,304500.0,113700.0,63100.0,28500.0,1048000.0,2213600.0,814500.0,1321000.0,799700.0,537400.0,871100.0,378500.0,48200.0,3000.0
20231026093709000,SZSE,SZSE.ETF.159919,3.633,3.625,3.637,3.618,0.0,4.003,3.275,95263616.0,0.0,95263616.0,0.0,0.0,0.0,20231026,20231026,93709000,3.639,0.0,0.0,3.632,3.631,3.63,3.629,3.628,3.627,3.626,3.625,3.624,3.623,3.633,3.634,3.635,3.636,3.637,3.638,3.639,3.64,3.641,3.642,132000.0,1369800.0,1745300.0,858900.0,459000.0,208400.0,304500.0,173700.0,130100.0,961500.0,2111600.0,1613600.0,1048500.0,1591000.0,302700.0,1088100.0,217400.0,378500.0,8200.0,3000.0
20231026093712000,SZSE,SZSE.ETF.159919,3.632,3.625,3.637,3.618,0.0,4.003,3.275,95530570.0,266954.0,95530570.0,266954.0,0.0,0.0,20231026,20231026,93712000,3.639,0.0,0.0,3.631,3.63,3.629,3.628,3.627,3.626,3.625,3.624,3.623,3.622,3.632,3.633,3.634,3.635,3.636,3.637,3.638,3.639,3.64,3.641,1007000.0,1765300.0,858900.0,831100.0,236300.0,304500.0,153700.0,190100.0,1061500.0,32800.0,1177500.0,1274600.0,1804400.0,1108500.0,651000.0,503100.0,1060200.0,217400.0,238500.0,8200.0
20231026093715000,SZSE,SZSE.ETF.159919,3.632,3.625,3.637,3.618,0.0,4.003,3.275,95541829.0,11259.0,95541829.0,11259.0,0.0,0.0,20231026,20231026,93715000,3.639,0.0,0.0,3.631,3.63,3.629,3.628,3.627,3.626,3.625,3.624,3.623,3.622,3.632,3.633,3.634,3.635,3.636,3.637,3.638,3.639,3.64,3.641,235300.0,2187000.0,1208900.0,683500.0,352300.0,286100.0,53700.0,290100.0,128500.0,32800.0,1209500.0,1624600.0,1681600.0,1076500.0,898900.0,256200.0,979000.0,217400.0,88500.0,8200.0
20231026093742000,SZSE,SZSE.ETF.159919,3.629,3.625,3.637,3.618,0.0,4.003,3.275,101093906.0,0.0,101093906.0,0.0,0.0,0.0,20231026,20231026,93742000,3.639,0.0,0.0,3.629,3.628,3.627,3.626,3.625,3.624,3.623,3.622,3.621,3.62,3.63,3.631,3.632,3.633,3.634,3.635,3.636,3.637,3.638,3.639,1186300.0,1542400.0,1248700.0,604500.0,299200.0,103800.0,168500.0,146800.0,6200.0,108000.0,1070700.0,1993000.0,1531400.0,653600.0,893400.0,125700.0,301000.0,775000.0,189000.0,77400.0
20231026093745000,SZSE,SZSE.ETF.159919,3.629,3.625,3.637,3.618,0.0,4.003,3.275,101129470.0,35564.0,101129470.0,35564.0,0.0,0.0,20231026,20231026,93745000,3.639,0.0,0.0,3.629,3.628,3.627,3.626,3.625,3.624,3.623,3.622,3.621,3.62,3.63,3.631,3.632,3.633,3.634,3.635,3.636,3.637,3.638,3.639,1176600.0,2142400.0,948700.0,304500.0,299200.0,203800.0,168500.0,46800.0,906200.0,108000.0,170600.0,1153000.0,1874200.0,1050800.0,293400.0,720300.0,301000.0,775000.0,189000.0,77400.0
20231026093748000,SZSE,SZSE.ETF.159919,3.629,3.625,3.637,3.618,0.0,4.003,3.275,101243431.0,113961.0,101243431.0,113961.0,0.0,0.0,20231026,20231026,93748000,3.639,0.0,0.0,3.629,3.628,3.627,3.626,3.625,3.624,3.623,3.622,3.621,3.62,3.63,3.631,3.632,3.633,3.634,3.635,3.636,3.637,3.638,3.639,5000.0,442400.0,2447000.0,1404500.0,371300.0,281700.0,68500.0,146800.0,1006200.0,108100.0,1350000.0,1100200.0,1974200.0,53600.0,421300.0,892400.0,751000.0,175000.0,89000.0,77400.0
20231026093751000,SZSE,SZSE.ETF.159919,3.629,3.625,3.637,3.618,0.0,4.003,3.275,101261939.0,18508.0,101261939.0,18508.0,0.0,0.0,20231026,20231026,93751000,3.639,0.0,0.0,3.628,3.627,3.626,3.625,3.624,3.623,3.622,3.621,3.62,3.619,3.629,3.63,3.631,3.632,3.633,3.634,3.635,3.636,3.637,3.638,1497900.0,848700.0,904500.0,771600.0,381400.0,168500.0,146800.0,946200.0,108100.0,213100.0,46600.0,370400.0,1453000.0,2221400.0,53600.0,1021000.0,192700.0,751000.0,135000.0,91000.0
20231026093754000,SZSE,SZSE.ETF.159919,3.629,3.625,3.637,3.618,0.0,4.003,3.275,101450647.0,188708.0,101450647.0,188708.0,0.0,0.0,20231026,20231026,93754000,3.639,0.0,0.0,3.629,3.628,3.627,3.626,3.625,3.624,3.623,3.622,3.621,3.62,3.63,3.631,3.632,3.633,3.634,3.635,3.636,3.637,3.638,3.639,2106800.0,1787400.0,1225200.0,304500.0,173700.0,397700.0,489900.0,946900.0,6200.0,75100.0,370400.0,128100.0,2544200.0,1031700.0,371700.0,811100.0,251000.0,775000.0,191000.0,77400.0
20231026093757000,SZSE,SZSE.ETF.159919,3.63,3.625,3.637,3.618,0.0,4.003,3.275,102961090.0,1510443.0,102961090.0,1510443.0,0.0,0.0,20231026,20231026,93757000,3.639,0.0,0.0,3.63,3.629,3.628,3.627,3.626,3.625,3.624,3.623,3.622,3.621,3.631,3.632,3.633,3.634,3.635,3.636,3.637,3.638,3.639,3.64,822200.0,2439900.0,1666400.0,548700.0,204500.0,251300.0,351700.0,968500.0,6900.0,6200.0,12500.0,1604700.0,1273600.0,1368500.0,692400.0,301000.0,275000.0,831000.0,177400.0,88500.0
20231026093951000,SZSE,SZSE.ETF.159919,3.632,3.625,3.637,3.618,0.0,4.003,3.275,110857802.0,33414.0,110857802.0,33414.0,0.0,0.0,20231026,20231026,93951000,3.639,0.0,0.0,3.631,3.63,3.629,3.628,3.627,3.626,3.625,3.624,3.623,3.622,3.632,3.633,3.634,3.635,3.636,3.637,3.638,3.639,3.64,3.641,443000.0,1877800.0,1738900.0,550000.0,346600.0,486800.0,1053700.0,320300.0,58500.0,39900.0,612200.0,744600.0,1073600.0,2093000.0,1327600.0,253600.0,894400.0,205200.0,78500.0,131000.0
20231026093954000,SZSE,SZSE.ETF.159919,3.632,3.625,3.637,3.618,0.0,4.003,3.275,110930423.0,72621.0,110930423.0,72621.0,0.0,0.0,20231026,20231026,93954000,3.639,0.0,0.0,3.631,3.63,3.629,3.628,3.627,3.626,3.625,3.624,3.623,3.622,3.632,3.633,3.634,3.635,3.636,3.637,3.638,3.639,3.64,3.641,723600.0,1977800.0,1238900.0,851300.0,274200.0,359200.0,961700.0,320300.0,998500.0,39900.0,37100.0,1376800.0,1573600.0,2193000.0,1300000.0,1121100.0,744400.0,205200.0,78500.0,131000.0
20231026093957000,SZSE,SZSE.ETF.159919,3.632,3.625,3.637,3.618,0.0,4.003,3.275,111209724.0,279301.0,111209724.0,279301.0,0.0,0.0,20231026,20231026,93957000,3.639,0.0,0.0,3.632,3.631,3.63,3.629,3.628,3.627,3.626,3.625,3.624,3.623,3.633,3.634,3.635,3.636,3.637,3.638,3.639,3.64,3.641,3.642,11000.0,833700.0,2703300.0,938900.0,151300.0,246300.0,387100.0,961700.0,280300.0,998500.0,1382000.0,1453400.0,1493000.0,2027900.0,1193200.0,744400.0,205200.0,218500.0,131000.0,61200.0
20231026094000000,SZSE,SZSE.ETF.159919,3.632,3.625,3.637,3.618,0.0,4.003,3.275,111209724.0,0.0,111209724.0,0.0,0.0,0.0,20231026,20231026,94000000,3.639,0.0,0.0,3.632,3.631,3.63,3.629,3.628,3.627,3.626,3.625,3.624,3.623,3.633,3.634,3.635,3.636,3.637,3.638,3.639,3.64,3.641,3.642,12000.0,423700.0,2703300.0,1138900.0,371300.0,357900.0,405500.0,961700.0,130300.0,998500.0,1581700.0,1453400.0,593000.0,1797000.0,1137400.0,198100.0,805200.0,218500.0,131000.0,61200.0
20231026094542000,SZSE,SZSE.ETF.159919,3.628,3.625,3.64,3.618,0.0,4.003,3.275,174132889.0,170518.0,174132889.0,170518.0,0.0,0.0,20231026,20231026,94542000,3.639,0.0,0.0,3.627,3.626,3.625,3.624,3.623,3.622,3.621,3.62,3.619,3.618,3.628,3.629,3.63,3.631,3.632,3.633,3.634,3.635,3.636,3.637,1522500.0,1317000.0,875100.0,450300.0,604100.0,380600.0,395100.0,1182100.0,1084300.0,95000.0,218200.0,1532200.0,2151400.0,1558400.0,381000.0,1799700.0,1285000.0,142000.0,9900.0,11400.0
20231026094545000,SZSE,SZSE.ETF.159919,3.628,3.625,3.64,3.618,0.0,4.003,3.275,174187309.0,54420.0,174187309.0,54420.0,0.0,0.0,20231026,20231026,94545000,3.639,0.0,0.0,3.627,3.626,3.625,3.624,3.623,3.622,3.621,3.62,3.619,3.618,3.628,3.629,3.63,3.631,3.632,3.633,3.634,3.635,3.636,3.637,1285500.0,1454100.0,1175100.0,450300.0,276200.0,408500.0,295100.0,1182100.0,1244300.0,128000.0,243300.0,1932200.0,2398400.0,1558400.0,441900.0,2411800.0,235000.0,142000.0,9900.0,11400.0
20231026094548000,SZSE,SZSE.ETF.159919,3.628,3.625,3.64,3.618,0.0,4.003,3.275,174946650.0,759341.0,174946650.0,759341.0,0.0,0.0,20231026,20231026,94548000,3.639,0.0,0.0,3.628,3.627,3.626,3.625,3.624,3.623,3.622,3.621,3.62,3.619,3.629,3.63,3.631,3.632,3.633,3.634,3.635,3.636,3.637,3.638,537900.0,2126400.0,978000.0,175100.0,450300.0,476200.0,408500.0,395100.0,1172100.0,1124300.0,1021200.0,1468700.0,2508400.0,941900.0,1711800.0,985000.0,142000.0,9900.0,11400.0,8100.0
20231026094551000,SZSE,SZSE.ETF.159919,3.628,3.625,3.64,3.618,0.0,4.003,3.275,174964064.0,17414.0,174964064.0,17414.0,0.0,0.0,20231026,20231026,94551000,3.639,0.0,0.0,3.628,3.627,3.626,3.625,3.624,3.623,3.622,3.621,3.62,3.619,3.629,3.63,3.631,3.632,3.633,3.634,3.635,3.636,3.637,3.638,53100.0,1686400.0,1917000.0,875100.0,497900.0,260100.0,326900.0,295100.0,982100.0,217300.0,1321600.0,2585600.0,1788400.0,1951000.0,821400.0,816300.0,142000.0,49900.0,11400.0,8100.0
20231026094554000,SZSE,SZSE.ETF.159919,3.628,3.625,3.64,3.618,0.0,4.003,3.275,174964064.0,0.0,174964064.0,0.0,0.0,0.0,20231026,20231026,94554000,3.639,0.0,0.0,3.628,3.627,3.626,3.625,3.624,3.623,3.622,3.621,3.62,3.619,3.629,3.63,3.631,3.632,3.633,3.634,3.635,3.636,3.637,3.638,51300.0,1689400.0,1617000.0,775100.0,825800.0,332200.0,326900.0,195100.0,1082100.0,217300.0,2021600.0,1709100.0,1788400.0,1951000.0,793500.0,844200.0,142000.0,49900.0,11400.0,8100.0
20231026094557000,SZSE,SZSE.ETF.159919,3.629,3.625,3.64,3.618,0.0,4.003,3.275,174970959.0,6895.0,174970959.0,6895.0,0.0,0.0,20231026,20231026,94557000,3.639,0.0,0.0,3.628,3.627,3.626,3.625,3.624,3.623,3.622,3.621,3.62,3.619,3.629,3.63,3.631,3.632,3.633,3.634,3.635,3.636,3.637,3.638,1055800.0,1839400.0,1167000.0,586600.0,797900.0,260100.0,326900.0,95100.0,1082100.0,217300.0,1040100.0,1059100.0,2886500.0,2011000.0,1001000.0,991300.0,142000.0,44900.0,11400.0,8100.0
20231026094600000,SZSE,SZSE.ETF.159919,3.629,3.625,3.64,3.618,0.0,4.003,3.275,175232968.0,262009.0,175232968.0,262009.0,0.0,0.0,20231026,20231026,94600000,3.639,0.0,0.0,3.629,3.628,3.627,3.626,3.625,3.624,3.623,3.622,3.621,3.62,3.63,3.631,3.632,3.633,3.634,3.635,3.636,3.637,3.638,3.639,52700.0,1168700.0,1985000.0,1267000.0,486600.0,725800.0,132200.0,326900.0,955100.0,282100.0,1539500.0,3186500.0,2151000.0,718500.0,394200.0,742000.0,144900.0,51400.0,8100.0,5200.0
20231026094603000,SZSE,SZSE.ETF.159919,3.629,3.625,3.64,3.618,0.0,4.003,3.275,175239137.0,6169.0,175239137.0,6169.0,0.0,0.0,20231026,20231026,94603000,3.639,0.0,0.0,3.629,3.628,3.627,3.626,3.625,3.624,3.623,3.622,3.621,3.62,3.63,3.631,3.632,3.633,3.634,3.635,3.636,3.637,3.638,3.639,1050900.0,1509100.0,1835000.0,467000.0,656600.0,409500.0,178500.0,1226900.0,155100.0,115100.0,1239500.0,2506500.0,2831000.0,1415500.0,343500.0,195700.0,744900.0,151400.0,8100.0,5200.0
20231026100942000,SZSE,SZSE.ETF.159919,3.619,3.625,3.64,3.618,0.0,4.003,3.275,346162133.0,2047641.0,346162133.0,2047641.0,0.0,0.0,20231026,20231026,100942000,3.639,0.0,0.0,3.619,3.618,3.617,3.616,3.615,3.614,3.613,3.612,3.611,3.61,3.62,3.621,3.622,3.623,3.624,3.625,3.626,3.627,3.628,3.629,41900.0,2325000.0,1973500.0,679200.0,446000.0,360700.0,115800.0,299800.0,1098300.0,641900.0,357200.0,2522200.0,1570800.0,1825500.0,293000.0,184400.0,193100.0,1166300.0,472200.0,30000.0
20231026100945000,SZSE,SZSE.ETF.159919,3.619,3.625,3.64,3.618,0.0,4.003,3.275,346162133.0,0.0,346162133.0,0.0,0.0,0.0,20231026,20231026,100945000,3.639,0.0,0.0,3.619,3.618,3.617,3.616,3.615,3.614,3.613,3.612,3.611,3.61,3.62,3.621,3.622,3.623,3.624,3.625,3.626,3.627,3.628,3.629,302300.0,2507600.0,1973500.0,679200.0,470300.0,388400.0,215800.0,299800.0,998300.0,641900.0,866600.0,1769800.0,1723200.0,1825500.0,320600.0,156800.0,193100.0,1166300.0,472200.0,30000.0
20231026100948000,SZSE,SZSE.ETF.159919,3.62,3.625,3.64,3.618,0.0,4.003,3.275,346172269.0,10136.0,346172269.0,10136.0,0.0,0.0,20231026,20231026,100948000,3.639,0.0,0.0,3.619,3.618,3.617,3.616,3.615,3.614,3.613,3.612,3.611,3.61,3.62,3.621,3.622,3.623,3.624,3.625,3.626,3.627,3.628,3.629,1113300.0,1920600.0,2073500.0,679200.0,398000.0,260700.0,215800.0,1199800.0,98300.0,641900.0,81700.0,2133900.0,936800.0,2625500.0,693000.0,184400.0,193100.0,1166300.0,472200.0,30000.0
20231026100951000,SZSE,SZSE.ETF.159919,3.62,3.625,3.64,3.618,0.0,4.003,3.275,346468023.0,295754.0,346468023.0,295754.0,0.0,0.0,20231026,20231026,100951000,3.639,0.0,0.0,3.62,3.619,3.618,3.617,3.616,3.615,3.614,3.613,3.612,3.611,3.621,3.622,3.623,3.624,3.625,3.626,3.627,3.628,3.629,3.63,40000.0,1332700.0,1719600.0,1873600.0,579200.0,398000.0,314400.0,215800.0,1159800.0,98300.0,2338700.0,1023200.0,2325500.0,593000.0,338100.0,293100.0,1166300.0,512200.0,30000.0,22100.0
20231026100954000,SZSE,SZSE.ETF.159919,3.62,3.625,3.64,3.618,0.0,4.003,3.275,346779343.0,311320.0,346779343.0,311320.0,0.0,0.0,20231026,20231026,100954000,3.639,0.0,0.0,3.619,3.618,3.617,3.616,3.615,3.614,3.613,3.612,3.611,3.61,3.62,3.621,3.622,3.623,3.624,3.625,3.626,3.627,3.628,3.629,532700.0,2099600.0,1753600.0,999200.0,481700.0,207000.0,185800.0,1049800.0,98300.0,611700.0,154000.0,2238700.0,1193200.0,2315500.0,490000.0,200700.0,246800.0,1166300.0,472200.0,60000.0
20231026100957000,SZSE,SZSE.ETF.159919,3.62,3.625,3.64,3.618,0.0,4.003,3.275,346781153.0,1810.0,346781153.0,1810.0,0.0,0.0,20231026,20231026,100957000,3.639,0.0,0.0,3.619,3.618,3.617,3.616,3.615,3.614,3.613,3.612,3.611,3.61,3.621,3.622,3.623,3.624,3.625,3.626,3.627,3.628,3.629,3.63,554800.0,2299600.0,1753600.0,489200.0,399000.0,290700.0,185800.0,1199800.0,98300.0,1584700.0,2338700.0,1123200.0,2225500.0,693000.0,184400.0,193100.0,1166300.0,512200.0,60000.0,22100.0
20231026101000000,SZSE,SZSE.ETF.159919,3.62,3.625,3.64,3.618,0.0,4.003,3.275,348631186.0,1850033.0,348631186.0,1850033.0,0.0,0.0,20231026,20231026,101000000,3.639,0.0,0.0,3.619,3.618,3.617,3.616,3.615,3.614,3.613,3.612,3.611,3.61,3.62,3.621,3.622,3.623,3.624,3.625,3.626,3.627,3.628,3.629,133100.0,1822400.0,1953600.0,889200.0,552700.0,307000.0,215800.0,1199800.0,98300.0,1551700.0,40800.0,2637700.0,893200.0,2355500.0,490000.0,254400.0,193100.0,1166300.0,472200.0,60000.0
20231026101003000,SZSE,SZSE.ETF.159919,3.62,3.625,3.64,3.618,0.0,4.003,3.275,348631186.0,0.0,348631186.0,0.0,0.0,0.0,20231026,20231026,101003000,3.639,0.0,0.0,3.619,3.618,3.617,3.616,3.615,3.614,3.613,3.612,3.611,3.61,3.62,3.621,3.622,3.623,3.624,3.625,3.626,3.627,3.628,3.629,757800.0,2220600.0,1653600.0,489200.0,399000.0,360700.0,215800.0,1099800.0,98300.0,1584700.0,40800.0,2537700.0,923200.0,2325500.0,693000.0,184400.0,193100.0,1166300.0,472200.0,60000.0
20231026101006000,SZSE,SZSE.ETF.159919,3.62,3.625,3.64,3.618,0.0,4.003,3.275,348923682.0,292496.0,348923682.0,292496.0,0.0,0.0,20231026,20231026,101006000,3.639,0.0,0.0,3.62,3.619,3.618,3.617,3.616,3.615,3.614,3.613,3.612,3.611,3.621,3.622,3.623,3.624,3.625,3.626,3.627,3.628,3.629,3.63,1081000.0,1340000.0,2351600.0,503600.0,339200.0,399000.0,390700.0,985800.0,9800.0,98300.0,853400.0,1798900.0,1369000.0,1493000.0,284400.0,293100.0,566300.0,1112200.0,60000.0,22100.0
20231026101009000,SZSE,SZSE.ETF.159919,3.62,3.625,3.64,3.618,0.0,4.003,3.275,350741646.0,1817964.0,350741646.0,1817964.0,0.0,0.0,20231026,20231026,101009000,3.639,0.0,0.0,3.62,3.619,3.618,3.617,3.616,3.615,3.614,3.613,3.612,3.611,3.621,3.622,3.623,3.624,3.625,3.626,3.627,3.628,3.629,3.63,459600.0,1940000.0,2451600.0,503600.0,436900.0,385000.0,307000.0,985800.0,9800.0,131300.0,1561800.0,1168900.0,1399000.0,2280000.0,206100.0,274400.0,566300.0,1262200.0,60000.0,22100.0
20231026101012000,SZSE,SZSE.ETF.159919,3.62,3.625,3.64,3.618,0.0,4.003,3.275,350741646.0,0.0,350741646.0,0.0,0.0,0.0,20231026,20231026,101012000,3.639,0.0,0.0,3.62,3.619,3.618,3.617,3.616,3.615,3.614,3.613,3.612,3.611,3.621,3.622,3.623,3.624,3.625,3.626,3.627,3.628,3.629,3.63,570600.0,1251600.0,2351600.0,603600.0,436900.0,485000.0,307000.0,985800.0,9800.0,131300.0,1490800.0,1279900.0,1099000.0,2280000.0,506100.0,274400.0,566300.0,1262200.0,60000.0,22100.0
20231026101015000,SZSE,SZSE.ETF.159919,3.622,3.625,3.64,3.618,0.0,4.003,3.275,353881069.0,3139423.0,353881069.0,3139423.0,0.0,0.0,20231026,20231026,101015000,3.639,0.0,0.0,3.621,3.62,3.619,3.618,3.617,3.616,3.615,3.614,3.613,3.612,3.622,3.623,3.624,3.625,3.626,3.627,3.628,3.629,3.63,3.631,819000.0,1618500.0,2533400.0,696600.0,203600.0,466900.0,1355000.0,307000.0,45800.0,9800.0,112800.0,1945800.0,1963500.0,1506100.0,374400.0,566300.0,662200.0,700000.0,22100.0,1500.0
20231026101018000,SZSE,SZSE.ETF.159919,3.622,3.625,3.64,3.618,0.0,4.003,3.275,353881069.0,0.0,353881069.0,0.0,0.0,0.0,20231026,20231026,101018000,3.639,0.0,0.0,3.621,3.62,3.619,3.618,3.617,3.616,3.615,3.614,3.613,3.612,3.622,3.623,3.624,3.625,3.626,3.627,3.628,3.629,3.63,3.631,340000.0,1618500.0,2433400.0,676600.0,301300.0,422900.0,1301300.0,307000.0,45800.0,42800.0,752800.0,1315800.0,753500.0,2243100.0,596100.0,747600.0,762200.0,700000.0,22100.0,1500.0
20231026101021000,SZSE,SZSE.ETF.159919,3.622,3.625,3.64,3.618,0.0,4.003,3.275,355774735.0,1893666.0,355774735.0,1893666.0,0.0,0.0,20231026,20231026,101021000,3.639,0.0,0.0,3.621,3.62,3.619,3.618,3.617,3.616,3.615,3.614,3.613,3.612,3.622,3.623,3.624,3.625,3.626,3.627,3.628,3.629,3.63,3.631,741000.0,2193900.0,1938300.0,576600.0,401300.0,422900.0,1301300.0,307000.0,45800.0,42800.0,141000.0,2126800.0,853500.0,2143100.0,596100.0,647600.0,190000.0,700000.0,22100.0,1500.0
20231026101024000,SZSE,SZSE.ETF.159919,3.622,3.625,3.64,3.618,0.0,4.003,3.275,356615951.0,841216.0,356615951.0,841216.0,0.0,0.0,20231026,20231026,101024000,3.639,0.0,0.0,3.621,3.62,3.619,3.618,3.617,3.616,3.615,3.614,3.613,3.612,3.622,3.623,3.624,3.625,3.626,3.627,3.628,3.629,3.63,3.631,404400.0,1592900.0,2183200.0,878600.0,301300.0,522900.0,1301300.0,207000.0,45800.0,982800.0,103100.0,2016800.0,753500.0,1203100.0,1636100.0,747600.0,190000.0,700000.0,22100.0,1500.0
20231026101027000,SZSE,SZSE.ETF.159919,3.622,3.625,3.64,3.618,0.0,4.003,3.275,356618124.0,2173.0,356618124.0,2173.0,0.0,0.0,20231026,20231026,101027000,3.639,0.0,0.0,3.621,3.62,3.619,3.618,3.617,3.616,3.615,3.614,3.613,3.612,3.622,3.623,3.624,3.625,3.626,3.627,3.628,3.629,3.63,3.631,167700.0,1422600.0,2283200.0,1178600.0,301300.0,422900.0,1301300.0,207000.0,45800.0,982800.0,171000.0,1916800.0,953500.0,1303100.0,1536100.0,647600.0,190000.0,700000.0,22100.0,1500.0
20231026101030000,SZSE,SZSE.ETF.159919,3.622,3.625,3.64,3.618,0.0,4.003,3.275,357765636.0,1147512.0,357765636.0,1147512.0,0.0,0.0,20231026,20231026,101030000,3.639,0.0,0.0,3.621,3.62,3.619,3.618,3.617,3.616,3.615,3.614,3.613,3.612,3.622,3.623,3.624,3.625,3.626,3.627,3.628,3.629,3.63,3.631,427700.0,1935900.0,1681400.0,778600.0,301300.0,522900.0,1301300.0,207000.0,45800.0,942800.0,44100.0,2126800.0,953500.0,1303100.0,1496100.0,647600.0,190000.0,700000.0,22100.0,1500.0
20231026101033000,SZSE,SZSE.ETF.159919,3.622,3.625,3.64,3.618,0.0,4.003,3.275,357765636.0,0.0,357765636.0,0.0,0.0,0.0,20231026,20231026,101033000,3.639,0.0,0.0,3.621,3.62,3.619,3.618,3.617,3.616,3.615,3.614,3.613,3.612,3.622,3.623,3.624,3.625,3.626,3.627,3.628,3.629,3.63,3.631,1016700.0,1480700.0,1681400.0,655600.0,301300.0,522900.0,1301300.0,207000.0,45800.0,982700.0,55100.0,1895800.0,853500.0,1423100.0,1636100.0,747600.0,190000.0,100000.0,622100.0,1500.0
20231026101036000,SZSE,SZSE.ETF.159919,3.622,3.625,3.64,3.618,0.0,4.003,3.275,357770344.0,4708.0,357770344.0,4708.0,0.0,0.0,20231026,20231026,101036000,3.639,0.0,0.0,3.621,3.62,3.619,3.618,3.617,3.616,3.615,3.614,3.613,3.612,3.622,3.623,3.624,3.625,3.626,3.627,3.628,3.629,3.63,3.631,1495800.0,2522400.0,988400.0,255600.0,401300.0,522900.0,1201300.0,207000.0,45800.0,982700.0,53800.0,1245800.0,1251100.0,1575500.0,1636100.0,747600.0,190000.0,100000.0,622100.0,1500.0
20231026101039000,SZSE,SZSE.ETF.159919,3.622,3.625,3.64,3.618,0.0,4.003,3.275,357770344.0,0.0,357770344.0,0.0,0.0,0.0,20231026,20231026,101039000,3.639,0.0,0.0,3.621,3.62,3.619,3.618,3.617,3.616,3.615,3.614,3.613,3.612,3.622,3.623,3.624,3.625,3.626,3.627,3.628,3.629,3.63,3.631,1443400.0,2611500.0,988400.0,265400.0,301300.0,522900.0,1201300.0,207000.0,45800.0,982700.0,51600.0,1245800.0,1251100.0,1575500.0,1636100.0,747600.0,190000.0,100000.0,622200.0,1500.0
20231026101042000,SZSE,SZSE.ETF.159919,3.622,3.625,3.64,3.618,0.0,4.003,3.275,357780486.0,10142.0,357780486.0,10142.0,0.0,0.0,20231026,20231026,101042000,3.639,0.0,0.0,3.621,3.62,3.619,3.618,3.617,3.616,3.615,3.614,3.613,3.612,3.622,3.623,3.624,3.625,3.626,3.627,3.628,3.629,3.63,3.631,1753400.0,2622500.0,988400.0,265400.0,301300.0,576600.0,1201300.0,207000.0,985800.0,42700.0,59800.0,1245800.0,1251100.0,1575500.0,1636100.0,801300.0,190000.0,100000.0,622200.0,1500.0
20231026101045000,SZSE,SZSE.ETF.159919,3.623,3.625,3.64,3.618,0.0,4.003,3.275,358168450.0,387964.0,358168450.0,387964.0,0.0,0.0,20231026,20231026,101045000,3.639,0.0,0.0,3.622,3.621,3.62,3.619,3.618,3.617,3.616,3.615,3.614,3.613,3.623,3.624,3.625,3.626,3.627,3.628,3.629,3.63,3.631,3.633,151000.0,1754400.0,2483800.0,888400.0,265400.0,301300.0,576600.0,1201300.0,17000.0,985800.0,719200.0,1251100.0,1275500.0,2036100.0,801300.0,190000.0,100000.0,662200.0,6500.0,55300.0
20231026101048000,SZSE,SZSE.ETF.159919,3.623,3.625,3.64,3.618,0.0,4.003,3.275,361431652.0,3263202.0,361431652.0,3263202.0,0.0,0.0,20231026,20231026,101048000,3.639,0.0,0.0,3.622,3.621,3.62,3.619,3.618,3.617,3.616,3.615,3.614,3.613,3.623,3.624,3.625,3.626,3.627,3.628,3.629,3.63,3.631,3.633,722100.0,1890100.0,2283800.0,368400.0,613100.0,387300.0,1339200.0,301300.0,17000.0,978800.0,40000.0,1991000.0,1436600.0,1143100.0,1609300.0,271300.0,100000.0,812200.0,6500.0,55300.0
20231026101051000,SZSE,SZSE.ETF.159919,3.623,3.625,3.64,3.618,0.0,4.003,3.275,361471505.0,39853.0,361471505.0,39853.0,0.0,0.0,20231026,20231026,101051000,3.639,0.0,0.0,3.622,3.621,3.62,3.619,3.618,3.617,3.616,3.615,3.614,3.613,3.624,3.625,3.626,3.627,3.628,3.629,3.63,3.631,3.633,3.635,1109800.0,1712400.0,2084500.0,368400.0,513100.0,287300.0,1339200.0,301300.0,17000.0,1018800.0,1402000.0,1936600.0,1143100.0,1609300.0,371300.0,200000.0,812200.0,46500.0,55300.0,86000.0
20231026101054000,SZSE,SZSE.ETF.159919,3.623,3.625,3.64,3.618,0.0,4.003,3.275,361471505.0,0.0,361471505.0,0.0,0.0,0.0,20231026,20231026,101054000,3.639,0.0,0.0,3.622,3.621,3.62,3.619,3.618,3.617,3.616,3.615,3.614,3.613,3.624,3.625,3.626,3.627,3.628,3.629,3.63,3.631,3.633,3.635,1409800.0,1912400.0,1584500.0,368400.0,566800.0,203600.0,1369200.0,311300.0,17000.0,985800.0,1302000.0,1806600.0,1273100.0,1806300.0,341300.0,100000.0,212200.0,646500.0,55300.0,86000.0
20231026101057000,SZSE,SZSE.ETF.159919,3.622,3.625,3.64,3.618,0.0,4.003,3.275,361483820.0,12315.0,361483820.0,12315.0,0.0,0.0,20231026,20231026,101057000,3.639,0.0,0.0,3.623,3.622,3.621,3.62,3.619,3.618,3.617,3.616,3.615,3.614,3.624,3.625,3.626,3.627,3.628,3.629,3.63,3.631,3.633,3.635,265700.0,1434400.0,2562400.0,1234500.0,68400.0,566800.0,203600.0,1369200.0,271300.0,90000.0,1552000.0,1404200.0,1425500.0,1806300.0,374300.0,100000.0,212200.0,646500.0,55300.0,86000.0
20231026101100000,SZSE,SZSE.ETF.159919,3.622,3.625,3.64,3.618,0.0,4.003,3.275,361483820.0,0.0,361483820.0,0.0,0.0,0.0,20231026,20231026,101100000,3.639,0.0,0.0,3.623,3.622,3.621,3.62,3.619,3.618,3.617,3.616,3.615,3.614,3.624,3.625,3.626,3.627,3.628,3.629,3.63,3.631,3.633,3.635,314100.0,1156700.0,2089100.0,1664500.0,266100.0,569100.0,233600.0,1339200.0,271300.0,990000.0,1302000.0,1806600.0,1273100.0,1806300.0,293000.0,181300.0,212200.0,646500.0,55300.0,86000.0
20231026101103000,SZSE,SZSE.ETF.159919,3.623,3.625,3.64,3.618,0.0,4.003,3.275,362589217.0,1105397.0,362589217.0,1105397.0,0.0,0.0,20231026,20231026,101103000,3.639,0.0,0.0,3.622,3.621,3.62,3.619,3.618,3.617,3.616,3.615,3.614,3.613,3.623,3.624,3.625,3.626,3.627,3.628,3.629,3.63,3.631,3.633,831800.0,1669100.0,1664500.0,166100.0,569100.0,303600.0,1369200.0,311300.0,950000.0,45800.0,165800.0,1996800.0,1206600.0,873100.0,1766300.0,293000.0,181300.0,812200.0,6500.0,55300.0
20231026101106000,SZSE,SZSE.ETF.159919,3.623,3.625,3.64,3.618,0.0,4.003,3.275,362629070.0,39853.0,362629070.0,39853.0,0.0,0.0,20231026,20231026,101106000,3.639,0.0,0.0,3.622,3.621,3.62,3.619,3.618,3.617,3.616,3.615,3.614,3.613,3.624,3.625,3.626,3.627,3.628,3.629,3.63,3.631,3.633,3.635,556900.0,2469100.0,1664500.0,68400.0,503300.0,257300.0,1369200.0,311300.0,17000.0,1018800.0,1482000.0,851400.0,1143100.0,2009300.0,371300.0,100000.0,812200.0,6500.0,55300.0,86000.0
20231026101109000,SZSE,SZSE.ETF.159919,3.622,3.625,3.64,3.618,0.0,4.003,3.275,362639937.0,10867.0,362639937.0,10867.0,0.0,0.0,20231026,20231026,101109000,3.639,0.0,0.0,3.622,3.621,3.62,3.619,3.618,3.617,3.616,3.615,3.614,3.613,3.623,3.624,3.625,3.626,3.627,3.628,3.629,3.63,3.631,3.633,1557400.0,1586700.0,1259500.0,268400.0,663000.0,203600.0,1369200.0,311300.0,17000.0,45800.0,138900.0,1610300.0,921400.0,1073100.0,1806300.0,341300.0,100000.0,812200.0,6500.0,55300.0
20231026101112000,SZSE,SZSE.ETF.159919,3.623,3.625,3.64,3.618,0.0,4.003,3.275,363805456.0,1165519.0,363805456.0,1165519.0,0.0,0.0,20231026,20231026,101112000,3.639,0.0,0.0,3.622,3.621,3.62,3.619,3.618,3.617,3.616,3.615,3.614,3.613,3.623,3.624,3.625,3.626,3.627,3.628,3.629,3.63,3.631,3.633,407700.0,2098100.0,1409500.0,1118400.0,499300.0,257300.0,1369200.0,311300.0,17000.0,1018800.0,508200.0,1389000.0,853100.0,1293100.0,2009300.0,371300.0,100000.0,662200.0,6500.0,55300.0
20231026101115000,SZSE,SZSE.ETF.159919,3.623,3.625,3.64,3.618,0.0,4.003,3.275,364598893.0,793437.0,364598893.0,793437.0,0.0,0.0,20231026,20231026,101115000,3.639,0.0,0.0,3.622,3.621,3.62,3.619,3.618,3.617,3.616,3.615,3.614,3.613,3.623,3.624,3.625,3.626,3.627,3.628,3.629,3.63,3.631,3.633,312700.0,1594700.0,1686200.0,1219400.0,499300.0,257300.0,369200.0,1211300.0,117000.0,1018800.0,1529200.0,1189000.0,1153100.0,343100.0,1909300.0,271300.0,700000.0,62200.0,6500.0,55300.0
20231026101118000,SZSE,SZSE.ETF.159919,3.622,3.625,3.64,3.618,0.0,4.003,3.275,365869492.0,1270599.0,365869492.0,1270599.0,0.0,0.0,20231026,20231026,101118000,3.639,0.0,0.0,3.622,3.621,3.62,3.619,3.618,3.617,3.616,3.615,3.614,3.613,3.623,3.624,3.625,3.626,3.627,3.628,3.629,3.63,3.631,3.633,157800.0,253000.0,1786200.0,1519400.0,499300.0,357300.0,469200.0,411300.0,117300.0,1878800.0,2130700.0,1148300.0,1053100.0,493100.0,1569300.0,271300.0,700000.0,62200.0,6500.0,55300.0
20231026101121000,SZSE,SZSE.ETF.159919,3.622,3.625,3.64,3.618,0.0,4.003,3.275,366451909.0,582417.0,366451909.0,582417.0,0.0,0.0,20231026,20231026,101121000,3.639,0.0,0.0,3.621,3.62,3.619,3.618,3.617,3.616,3.615,3.614,3.613,3.612,3.622,3.623,3.624,3.625,3.626,3.627,3.628,3.629,3.63,3.631,565500.0,2450300.0,869400.0,799300.0,357300.0,468200.0,411300.0,160300.0,1018800.0,9700.0,1627000.0,1034800.0,1790000.0,1153100.0,493100.0,669300.0,871300.0,100000.0,22200.0,6500.0
20231026101124000,SZSE,SZSE.ETF.159919,3.622,3.625,3.64,3.618,0.0,4.003,3.275,366460602.0,8693.0,366460602.0,8693.0,0.0,0.0,20231026,20231026,101124000,3.639,0.0,0.0,3.622,3.621,3.62,3.619,3.618,3.617,3.616,3.615,3.614,3.613,3.623,3.624,3.625,3.626,3.627,3.628,3.629,3.63,3.631,3.633,852500.0,2012200.0,1243600.0,769400.0,351600.0,301300.0,421900.0,411300.0,270300.0,45800.0,1155000.0,357400.0,2425500.0,2036100.0,647600.0,190000.0,100000.0,662200.0,6500.0,55300.0
20231026101127000,SZSE,SZSE.ETF.159919,3.623,3.625,3.64,3.618,0.0,4.003,3.275,370170192.0,3709590.0,370170192.0,3709590.0,0.0,0.0,20231026,20231026,101127000,3.639,0.0,0.0,3.623,3.622,3.621,3.62,3.619,3.618,3.617,3.616,3.615,3.614,3.624,3.625,3.626,3.627,3.628,3.629,3.63,3.631,3.633,3.635,479600.0,1693300.0,1174500.0,711100.0,369400.0,349300.0,360300.0,1338200.0,271300.0,20300.0,341000.0,1664100.0,2685500.0,869300.0,271300.0,100000.0,62200.0,646500.0,55300.0,86000.0
20231026101130000,SZSE,SZSE.ETF.159919,3.624,3.625,3.64,3.618,0.0,4.003,3.275,370608616.0,438424.0,370608616.0,438424.0,0.0,0.0,20231026,20231026,101130000,3.639,0.0,0.0,3.623,3.622,3.621,3.62,3.619,3.618,3.617,3.616,3.615,3.614,3.625,3.626,3.627,3.628,3.629,3.63,3.631,3.632,3.633,3.635,2542500.0,1476700.0,1074500.0,91100.0,145000.0,1485300.0,306600.0,338200.0,271300.0,53300.0,164100.0,1573100.0,2399800.0,593000.0,181300.0,212200.0,46500.0,640000.0,55300.0,86000.0
20231026101133000,SZSE,SZSE.ETF.159919,3.625,3.625,3.64,3.618,0.0,4.003,3.275,370735853.0,127237.0,370735853.0,127237.0,0.0,0.0,20231026,20231026,101133000,3.639,0.0,0.0,3.624,3.623,3.622,3.621,3.62,3.619,3.618,3.617,3.616,3.615,3.625,3.626,3.627,3.628,3.629,3.63,3.631,3.632,3.633,3.635,129500.0,2417900.0,1477300.0,762000.0,242500.0,228700.0,1401600.0,306600.0,148200.0,271300.0,469500.0,1143100.0,3169800.0,440000.0,351300.0,312200.0,46500.0,790000.0,55300.0,86000.0
20231026101136000,SZSE,SZSE.ETF.159919,3.623,3.625,3.64,3.618,0.0,4.003,3.275,372837685.0,2101832.0,372837685.0,2101832.0,0.0,0.0,20231026,20231026,101136000,3.639,0.0,0.0,3.623,3.622,3.621,3.62,3.619,3.618,3.617,3.616,3.615,3.614,3.624,3.625,3.626,3.627,3.628,3.629,3.63,3.631,3.632,3.633,1898600.0,1177300.0,1242000.0,440200.0,131000.0,1401600.0,306600.0,188200.0,304300.0,960300.0,120000.0,869400.0,1395500.0,2277400.0,1530000.0,203000.0,293500.0,46500.0,600000.0,55300.0
20231026101139000,SZSE,SZSE.ETF.159919,3.624,3.625,3.64,3.618,0.0,4.003,3.275,373448691.0,611006.0,373448691.0,611006.0,0.0,0.0,20231026,20231026,101139000,3.639,0.0,0.0,3.624,3.623,3.622,3.621,3.62,3.619,3.618,3.617,3.616,3.615,3.625,3.626,3.627,3.628,3.629,3.63,3.631,3.632,3.633,3.635,29800.0,759600.0,1949700.0,1542000.0,92500.0,175000.0,1455300.0,306600.0,298200.0,1211300.0,1500100.0,1075500.0,1797400.0,693000.0,1221300.0,212200.0,646500.0,40000.0,55300.0,86000.0
20231026101142000,SZSE,SZSE.ETF.159919,3.624,3.625,3.64,3.618,0.0,4.003,3.275,373448691.0,0.0,373448691.0,0.0,0.0,0.0,20231026,20231026,101142000,3.639,0.0,0.0,3.624,3.623,3.622,3.621,3.62,3.619,3.618,3.617,3.616,3.615,3.625,3.626,3.627,3.628,3.629,3.63,3.631,3.632,3.633,3.635,169800.0,1909600.0,999700.0,1142500.0,312500.0,228700.0,1501600.0,306600.0,148200.0,1244300.0,1300100.0,943100.0,2429800.0,340000.0,1170600.0,265900.0,46500.0,640000.0,55300.0,86000.0
20231026101145000,SZSE,SZSE.ETF.159919,3.623,3.625,3.64,3.618,0.0,4.003,3.275,374535799.0,1087108.0,374535799.0,1087108.0,0.0,0.0,20231026,20231026,101145000,3.639,0.0,0.0,3.623,3.622,3.621,3.62,3.619,3.618,3.617,3.616,3.615,3.614,3.624,3.625,3.626,3.627,3.628,3.629,3.63,3.631,3.632,3.633,390800.0,1434200.0,1442500.0,340200.0,201000.0,1432000.0,206600.0,48200.0,1204300.0,20300.0,399900.0,1600100.0,1676600.0,996300.0,490000.0,1103000.0,293500.0,646500.0,40000.0,55300.0
20231026101148000,SZSE,SZSE.ETF.159919,3.624,3.625,3.64,3.618,0.0,4.003,3.275,374537974.0,2175.0,374537974.0,2175.0,0.0,0.0,20231026,20231026,101148000,3.639,0.0,0.0,3.623,3.622,3.621,3.62,3.619,3.618,3.617,3.616,3.615,3.614,3.624,3.625,3.626,3.627,3.628,3.629,3.63,3.631,3.633,3.635,391500.0,1634200.0,1242500.0,892500.0,145000.0,485700.0,1106600.0,238200.0,1211300.0,20300.0,968000.0,1580400.0,1706600.0,1366300.0,560000.0,1121300.0,212200.0,646500.0,55300.0,86000.0
20231026101151000,SZSE,SZSE.ETF.159919,3.624,3.625,3.64,3.618,0.0,4.003,3.275,374537974.0,0.0,374537974.0,0.0,0.0,0.0,20231026,20231026,101151000,3.639,0.0,0.0,3.623,3.622,3.621,3.62,3.619,3.618,3.617,3.616,3.615,3.614,3.624,3.625,3.626,3.627,3.628,3.629,3.63,3.631,3.633,3.635,391500.0,1634200.0,1142500.0,992500.0,245000.0,485700.0,1106600.0,238200.0,1216300.0,53300.0,1247900.0,980400.0,1706600.0,966300.0,593000.0,1121300.0,212200.0,646500.0,55300.0,86000.0
20231026101154000,SZSE,SZSE.ETF.159919,3.624,3.625,3.64,3.618,0.0,4.003,3.275,374546671.0,8697.0,374546671.0,8697.0,0.0,0.0,20231026,20231026,101154000,3.639,0.0,0.0,3.623,3.622,3.621,3.62,3.619,3.618,3.617,3.616,3.615,3.614,3.624,3.625,3.626,3.627,3.628,3.629,3.63,3.631,3.633,3.635,561000.0,1665200.0,1142500.0,592500.0,245000.0,485700.0,1106600.0,238200.0,1216300.0,53300.0,218200.0,1569400.0,1706600.0,966300.0,593000.0,1121300.0,212200.0,646500.0,55300.0,86000.0
20231026101157000,SZSE,SZSE.ETF.159919,3.624,3.625,3.64,3.618,0.0,4.003,3.275,374546671.0,0.0,374546671.0,0.0,0.0,0.0,20231026,20231026,101157000,3.639,0.0,0.0,3.623,3.622,3.621,3.62,3.619,3.618,3.617,3.616,3.615,3.614,3.624,3.625,3.626,3.627,3.628,3.629,3.63,3.631,3.633,3.635,753900.0,2165200.0,1542500.0,197500.0,145000.0,485700.0,1106600.0,238200.0,1216300.0,53300.0,218200.0,1469400.0,1606600.0,1466300.0,693000.0,1121300.0,212200.0,646500.0,55300.0,86000.0
20231026101200000,SZSE,SZSE.ETF.159919,3.624,3.625,3.64,3.618,0.0,4.003,3.275,374549570.0,2899.0,374549570.0,2899.0,0.0,0.0,20231026,20231026,101200000,3.639,0.0,0.0,3.623,3.622,3.621,3.62,3.619,3.618,3.617,3.616,3.615,3.614,3.624,3.625,3.626,3.627,3.628,3.629,3.63,3.631,3.633,3.635,767700.0,1754200.0,1542500.0,497500.0,145000.0,513700.0,1106600.0,238200.0,1176300.0,53300.0,146400.0,1480400.0,1606600.0,1466300.0,721000.0,1081300.0,212200.0,646500.0,55300.0,86000.0
20231026101203000,SZSE,SZSE.ETF.159919,3.624,3.625,3.64,3.618,0.0,4.003,3.275,374600306.0,50736.0,374600306.0,50736.0,0.0,0.0,20231026,20231026,101203000,3.639,0.0,0.0,3.623,3.622,3.621,3.62,3.619,3.618,3.617,3.616,3.615,3.614,3.624,3.625,3.626,3.627,3.628,3.629,3.63,3.631,3.633,3.635,757200.0,1765200.0,1542500.0,598000.0,145000.0,507700.0,1106600.0,238200.0,1221300.0,53300.0,1443300.0,821800.0,1354200.0,1176300.0,721000.0,1121300.0,212200.0,646500.0,55300.0,86000.0
20231026101206000,SZSE,SZSE.ETF.159919,3.624,3.625,3.64,3.618,0.0,4.003,3.275,374600306.0,0.0,374600306.0,0.0,0.0,0.0,20231026,20231026,101206000,3.639,0.0,0.0,3.623,3.622,3.621,3.62,3.619,3.618,3.617,3.616,3.615,3.614,3.624,3.625,3.626,3.627,3.628,3.629,3.63,3.631,3.633,3.635,568300.0,1207100.0,1607100.0,1298000.0,245000.0,507700.0,1106600.0,238200.0,1221300.0,53300.0,1832300.0,1293800.0,1104200.0,976300.0,621000.0,1121300.0,812200.0,46500.0,55300.0,86000.0
20231026101209000,SZSE,SZSE.ETF.159919,3.623,3.625,3.64,3.618,0.0,4.003,3.275,376554190.0,1953884.0,376554190.0,1953884.0,0.0,0.0,20231026,20231026,101209000,3.639,0.0,0.0,3.622,3.621,3.62,3.619,3.618,3.617,3.616,3.615,3.614,3.613,3.623,3.624,3.625,3.626,3.627,3.628,3.629,3.63,3.631,3.633,608000.0,2007100.0,1498600.0,245000.0,607700.0,1006600.0,338200.0,1361300.0,53300.0,45800.0,358200.0,1485800.0,1040500.0,1304200.0,876300.0,321000.0,1121300.0,662200.0,6500.0,55300.0
20231026101212000,SZSE,SZSE.ETF.159919,3.624,3.625,3.64,3.618,0.0,4.003,3.275,383862772.0,7308582.0,383862772.0,7308582.0,0.0,0.0,20231026,20231026,101212000,3.639,0.0,0.0,3.623,3.622,3.621,3.62,3.619,3.618,3.617,3.616,3.615,3.614,3.624,3.625,3.626,3.627,3.628,3.629,3.63,3.631,3.633,3.635,36600.0,1712000.0,1707100.0,898600.0,47800.0,523700.0,1088300.0,338200.0,1321300.0,20300.0,90000.0,1423900.0,1674200.0,1474300.0,276200.0,100000.0,812200.0,46500.0,55300.0,86000.0
20231026101215000,SZSE,SZSE.ETF.159919,3.624,3.625,3.64,3.618,0.0,4.003,3.275,383904448.0,41676.0,383904448.0,41676.0,0.0,0.0,20231026,20231026,101215000,3.639,0.0,0.0,3.623,3.622,3.621,3.62,3.619,3.618,3.617,3.616,3.615,3.614,3.624,3.625,3.626,3.627,3.628,3.629,3.63,3.631,3.633,3.635,236600.0,1985200.0,1212500.0,637200.0,545800.0,607400.0,1106600.0,338300.0,281300.0,993300.0,220000.0,1491900.0,1704200.0,1376300.0,1265500.0,181700.0,812200.0,46500.0,55300.0,86000.0
20231026101218000,SZSE,SZSE.ETF.159919,3.624,3.625,3.64,3.618,0.0,4.003,3.275,383909884.0,5436.0,383909884.0,5436.0,0.0,0.0,20231026,20231026,101218000,3.639,0.0,0.0,3.623,3.622,3.621,3.62,3.619,3.618,3.617,3.616,3.615,3.614,3.624,3.625,3.626,3.627,3.628,3.629,3.63,3.631,3.633,3.635,1236500.0,2046200.0,762500.0,637200.0,473500.0,479700.0,1106600.0,338300.0,281300.0,993300.0,91000.0,1141900.0,2154200.0,1376300.0,1237900.0,209300.0,812200.0,46500.0,55300.0,86000.0
20231026101221000,SZSE,SZSE.ETF.159919,3.624,3.625,3.64,3.618,0.0,4.003,3.275,383910972.0,1088.0,383910972.0,1088.0,0.0,0.0,20231026,20231026,101221000,3.639,0.0,0.0,3.623,3.622,3.621,3.62,3.619,3.618,3.617,3.616,3.615,3.614,3.624,3.625,3.626,3.627,3.628,3.629,3.63,3.631,3.633,3.635,636500.0,1996200.0,1112500.0,737200.0,473500.0,479800.0,1106600.0,338300.0,281300.0,959000.0,139200.0,1591900.0,1404200.0,1376300.0,1297900.0,309300.0,812200.0,46500.0,55300.0,86000.0
20231026101224000,SZSE,SZSE.ETF.159919,3.624,3.625,3.64,3.618,0.0,4.003,3.275,384270472.0,359500.0,384270472.0,359500.0,0.0,0.0,20231026,20231026,101224000,3.639,0.0,0.0,3.624,3.623,3.622,3.621,3.62,3.619,3.618,3.617,3.616,3.615,3.625,3.626,3.627,3.628,3.629,3.63,3.631,3.632,3.633,3.635,151200.0,1633400.0,1755200.0,400000.0,699700.0,145500.0,1510500.0,206600.0,198300.0,281300.0,148700.0,2205800.0,1676300.0,1465900.0,281300.0,212200.0,646500.0,40000.0,55300.0,86000.0
20231026101227000,SZSE,SZSE.ETF.159919,3.624,3.625,3.64,3.618,0.0,4.003,3.275,384270472.0,0.0,384270472.0,0.0,0.0,0.0,20231026,20231026,101227000,3.639,0.0,0.0,3.624,3.623,3.622,3.621,3.62,3.619,3.618,3.617,3.616,3.615,3.625,3.626,3.627,3.628,3.629,3.63,3.631,3.632,3.633,3.635,151200.0,1633400.0,1755200.0,780000.0,798400.0,129500.0,1428800.0,207000.0,198300.0,1221300.0,288700.0,2576600.0,1706300.0,1234900.0,198000.0,293500.0,646500.0,40000.0,55300.0,86000.0
20231026101230000,SZSE,SZSE.ETF.159919,3.624,3.625,3.64,3.618,0.0,4.003,3.275,384379192.0,108720.0,384379192.0,108720.0,0.0,0.0,20231026,20231026,101230000,3.639,0.0,0.0,3.624,3.623,3.622,3.621,3.62,3.619,3.618,3.617,3.616,3.615,3.625,3.626,3.627,3.628,3.629,3.63,3.631,3.632,3.633,3.635,140200.0,1644400.0,1655200.0,680000.0,898400.0,229500.0,1428800.0,207000.0,198300.0,1254300.0,299700.0,2576600.0,1706300.0,1234900.0,231000.0,293500.0,646500.0,40000.0,55300.0,86000.0
20231026101233000,SZSE,SZSE.ETF.159919,3.624,3.625,3.64,3.618,0.0,4.003,3.275,384379192.0,0.0,384379192.0,0.0,0.0,0.0,20231026,20231026,101233000,3.639,0.0,0.0,3.624,3.623,3.622,3.621,3.62,3.619,3.618,3.617,3.616,3.615,3.625,3.626,3.627,3.628,3.629,3.63,3.631,3.632,3.633,3.635,200.0,1045800.0,2156000.0,786100.0,898400.0,229500.0,1328800.0,207000.0,198300.0,1214300.0,999700.0,2276600.0,1406300.0,1094900.0,231000.0,293500.0,646500.0,40000.0,55300.0,86000.0
20231026101236000,SZSE,SZSE.ETF.159919,3.624,3.625,3.64,3.618,0.0,4.003,3.275,384379192.0,0.0,384379192.0,0.0,0.0,0.0,20231026,20231026,101236000,3.639,0.0,0.0,3.624,3.623,3.622,3.621,3.62,3.619,3.618,3.617,3.616,3.615,3.625,3.626,3.627,3.628,3.629,3.63,3.631,3.632,3.633,3.635,1447300.0,1634800.0,1556000.0,686100.0,798700.0,229200.0,1428800.0,207000.0,202300.0,1254300.0,149500.0,1886800.0,2106300.0,1634900.0,230600.0,293900.0,646500.0,40000.0,55300.0,86000.0
20231026101239000,SZSE,SZSE.ETF.159919,3.625,3.625,3.64,3.618,0.0,4.003,3.275,384558630.0,179438.0,384558630.0,179438.0,0.0,0.0,20231026,20231026,101239000,3.639,0.0,0.0,3.625,3.624,3.623,3.622,3.621,3.62,3.619,3.618,3.617,3.616,3.626,3.627,3.628,3.629,3.63,3.631,3.632,3.633,3.635,3.636,491700.0,2749000.0,1180900.0,428200.0,686100.0,498400.0,229500.0,528800.0,107000.0,202300.0,15100.0,2607900.0,2466000.0,431000.0,393500.0,46500.0,640000.0,55300.0,86000.0,4600.0
20231026101242000,SZSE,SZSE.ETF.159919,3.625,3.625,3.64,3.618,0.0,4.003,3.275,384603580.0,44950.0,384603580.0,44950.0,0.0,0.0,20231026,20231026,101242000,3.639,0.0,0.0,3.625,3.624,3.623,3.622,3.621,3.62,3.619,3.618,3.617,3.616,3.626,3.627,3.628,3.629,3.63,3.631,3.632,3.633,3.635,3.636,360100.0,2649000.0,1617000.0,408200.0,774200.0,154400.0,1047800.0,528800.0,67000.0,202300.0,55100.0,2577900.0,2496000.0,300000.0,377200.0,155700.0,640000.0,95300.0,86000.0,4600.0
20231026101245000,SZSE,SZSE.ETF.159919,3.626,3.625,3.64,3.618,0.0,4.003,3.275,384830205.0,226625.0,384830205.0,226625.0,0.0,0.0,20231026,20231026,101245000,3.639,0.0,0.0,3.625,3.624,3.623,3.622,3.621,3.62,3.619,3.618,3.617,3.616,3.626,3.627,3.628,3.629,3.63,3.631,3.632,3.633,3.635,3.636,1261800.0,2051900.0,1423400.0,512100.0,474200.0,154400.0,1077800.0,498800.0,67000.0,235300.0,52000.0,2278900.0,1856000.0,700000.0,410200.0,155700.0,640000.0,95300.0,86000.0,4600.0
20231026101248000,SZSE,SZSE.ETF.159919,3.625,3.625,3.64,3.618,0.0,4.003,3.275,386185455.0,1355250.0,386185455.0,1355250.0,0.0,0.0,20231026,20231026,101248000,3.639,0.0,0.0,3.625,3.624,3.623,3.622,3.621,3.62,3.619,3.618,3.617,3.616,3.626,3.627,3.628,3.629,3.63,3.631,3.632,3.633,3.635,3.636,174600.0,2240900.0,1623400.0,912100.0,546300.0,187400.0,953900.0,528800.0,67000.0,236300.0,128200.0,2708500.0,1556000.0,1140000.0,338200.0,127800.0,640000.0,95300.0,86000.0,4600.0
20231026101251000,SZSE,SZSE.ETF.159919,3.626,3.625,3.64,3.618,0.0,4.003,3.275,386189081.0,3626.0,386189081.0,3626.0,0.0,0.0,20231026,20231026,101251000,3.639,0.0,0.0,3.625,3.624,3.623,3.622,3.621,3.62,3.619,3.618,3.617,3.616,3.626,3.627,3.628,3.629,3.63,3.631,3.632,3.633,3.635,3.636,41500.0,1562900.0,2263400.0,712100.0,846300.0,187400.0,53900.0,1278800.0,67000.0,86300.0,938200.0,2528600.0,974900.0,1040000.0,188200.0,127800.0,640000.0,95300.0,86000.0,4600.0
20231026101254000,SZSE,SZSE.ETF.159919,3.626,3.625,3.64,3.618,0.0,4.003,3.275,386190894.0,1813.0,386190894.0,1813.0,0.0,0.0,20231026,20231026,101254000,3.639,0.0,0.0,3.625,3.624,3.623,3.622,3.621,3.62,3.619,3.618,3.617,3.616,3.626,3.627,3.628,3.629,3.63,3.631,3.632,3.633,3.635,3.636,42000.0,2164400.0,1663400.0,612100.0,746500.0,187100.0,153900.0,1378800.0,67000.0,86300.0,937700.0,2528600.0,974900.0,1040000.0,247800.0,128100.0,640000.0,95300.0,86000.0,4600.0
20231026101257000,SZSE,SZSE.ETF.159919,3.626,3.625,3.64,3.618,0.0,4.003,3.275,387255487.0,1064593.0,387255487.0,1064593.0,0.0,0.0,20231026,20231026,101257000,3.639,0.0,0.0,3.625,3.624,3.623,3.622,3.621,3.62,3.619,3.618,3.617,3.616,3.626,3.627,3.628,3.629,3.63,3.631,3.632,3.633,3.635,3.636,153000.0,2453400.0,1363400.0,612100.0,746500.0,286100.0,283900.0,1248800.0,67000.0,86300.0,219900.0,2339600.0,1374900.0,1040000.0,247800.0,128100.0,640000.0,95300.0,86000.0,4600.0
20231026101300000,SZSE,SZSE.ETF.159919,3.626,3.625,3.64,3.618,0.0,4.003,3.275,387698222.0,442735.0,387698222.0,442735.0,0.0,0.0,20231026,20231026,101300000,3.639,0.0,0.0,3.625,3.624,3.623,3.622,3.621,3.62,3.619,3.618,3.617,3.616,3.626,3.627,3.628,3.629,3.63,3.631,3.632,3.633,3.635,3.636,1158300.0,1953400.0,1493400.0,412100.0,474200.0,158400.0,983900.0,348800.0,67000.0,86300.0,5000.0,2339600.0,974900.0,1400000.0,620200.0,155700.0,640000.0,95300.0,86000.0,4600.0
20231026101303000,SZSE,SZSE.ETF.159919,3.626,3.625,3.64,3.618,0.0,4.003,3.275,387960675.0,262453.0,387960675.0,262453.0,0.0,0.0,20231026,20231026,101303000,3.639,0.0,0.0,3.624,3.623,3.622,3.621,3.62,3.619,3.618,3.617,3.616,3.615,3.626,3.627,3.628,3.629,3.63,3.631,3.632,3.633,3.635,3.636,2165400.0,1793400.0,712100.0,746300.0,186400.0,51000.0,378800.0,1007000.0,86300.0,1221300.0,362500.0,2444100.0,874900.0,1440000.0,348200.0,227800.0,640000.0,95300.0,86000.0,4600.0
20231026101306000,SZSE,SZSE.ETF.159919,3.625,3.625,3.64,3.618,0.0,4.003,3.275,388206087.0,245412.0,388206087.0,245412.0,0.0,0.0,20231026,20231026,101306000,3.639,0.0,0.0,3.624,3.623,3.622,3.621,3.62,3.619,3.618,3.617,3.616,3.615,3.625,3.626,3.627,3.628,3.629,3.63,3.631,3.632,3.633,3.635,2265400.0,1266300.0,1139200.0,648600.0,337800.0,51000.0,248800.0,1007000.0,186300.0,1221300.0,232300.0,1432600.0,1494100.0,874900.0,1440000.0,429500.0,746500.0,40000.0,55300.0,86000.0
20231026101309000,SZSE,SZSE.ETF.159919,3.625,3.625,3.64,3.618,0.0,4.003,3.275,388579462.0,373375.0,388579462.0,373375.0,0.0,0.0,20231026,20231026,101309000,3.639,0.0,0.0,3.624,3.623,3.622,3.621,3.62,3.619,3.618,3.617,3.616,3.615,3.625,3.626,3.627,3.628,3.629,3.63,3.631,3.632,3.633,3.635,2565400.0,1693400.0,212100.0,648600.0,230400.0,104700.0,378800.0,207000.0,53300.0,1221300.0,129300.0,1230300.0,2626500.0,1744900.0,1510000.0,326500.0,146500.0,640000.0,55300.0,86000.0
20231026101312000,SZSE,SZSE.ETF.159919,3.625,3.625,3.64,3.618,0.0,4.003,3.275,389048175.0,468713.0,389048175.0,468713.0,0.0,0.0,20231026,20231026,101312000,3.639,0.0,0.0,3.625,3.624,3.623,3.622,3.621,3.62,3.619,3.618,3.617,3.616,3.626,3.627,3.628,3.629,3.63,3.631,3.632,3.633,3.635,3.636,740000.0,1822800.0,1814700.0,812100.0,348600.0,231600.0,134700.0,1248800.0,167000.0,53300.0,1199200.0,2386900.0,2984900.0,703000.0,226500.0,146500.0,740000.0,95300.0,86000.0,4600.0
20231026101315000,SZSE,SZSE.ETF.159919,3.625,3.625,3.64,3.618,0.0,4.003,3.275,389088781.0,40606.0,389088781.0,40606.0,0.0,0.0,20231026,20231026,101315000,3.639,0.0,0.0,3.625,3.624,3.623,3.622,3.621,3.62,3.619,3.618,3.617,3.616,3.626,3.627,3.628,3.629,3.63,3.631,3.632,3.633,3.635,3.636,1005500.0,2649900.0,1107600.0,512100.0,441300.0,187600.0,51000.0,1278800.0,167000.0,53300.0,101900.0,1806900.0,2984900.0,700000.0,215200.0,127800.0,640000.0,95300.0,86000.0,4600.0
20231026101318000,SZSE,SZSE.ETF.159919,3.625,3.625,3.64,3.618,0.0,4.003,3.275,389088781.0,0.0,389088781.0,0.0,0.0,0.0,20231026,20231026,101318000,3.639,0.0,0.0,3.625,3.624,3.623,3.622,3.621,3.62,3.619,3.618,3.617,3.616,3.626,3.627,3.628,3.629,3.63,3.631,3.632,3.633,3.634,3.635,636400.0,1622800.0,2034700.0,812100.0,441300.0,187600.0,81000.0,1248800.0,167000.0,86300.0,301900.0,2356900.0,1294900.0,1440000.0,348200.0,227800.0,640000.0,95300.0,1000.0,86000.0
20231026101321000,SZSE,SZSE.ETF.159919,3.626,3.625,3.64,3.618,0.0,4.003,3.275,389128657.0,39876.0,389128657.0,39876.0,0.0,0.0,20231026,20231026,101321000,3.639,0.0,0.0,3.625,3.624,3.623,3.622,3.621,3.62,3.619,3.618,3.617,3.616,3.626,3.627,3.628,3.629,3.63,3.631,3.632,3.633,3.634,3.635,1111400.0,1912100.0,1634700.0,412100.0,441300.0,187600.0,81000.0,1248800.0,167000.0,86300.0,154900.0,2067900.0,1594900.0,1640000.0,348200.0,127800.0,640000.0,95300.0,1000.0,86000.0
20231026101324000,SZSE,SZSE.ETF.159919,3.626,3.625,3.64,3.618,0.0,4.003,3.275,389142073.0,13416.0,389142073.0,13416.0,0.0,0.0,20231026,20231026,101324000,3.639,0.0,0.0,3.625,3.624,3.623,3.622,3.621,3.62,3.619,3.618,3.617,3.616,3.626,3.627,3.628,3.629,3.63,3.631,3.632,3.633,3.634,3.635,40800.0,2412100.0,1734700.0,812100.0,441300.0,191100.0,81000.0,1248800.0,167000.0,86300.0,298700.0,2367900.0,1294900.0,1440000.0,348200.0,227800.0,640000.0,95300.0,1000.0,86000.0
20231026101327000,SZSE,SZSE.ETF.159919,3.626,3.625,3.64,3.618,0.0,4.003,3.275,389469138.0,327065.0,389469138.0,327065.0,0.0,0.0,20231026,20231026,101327000,3.639,0.0,0.0,3.625,3.624,3.623,3.622,3.621,3.62,3.619,3.618,3.617,3.616,3.626,3.627,3.628,3.629,3.63,3.631,3.632,3.633,3.634,3.635,41800.0,2411100.0,1534700.0,912100.0,513600.0,318800.0,81000.0,1248800.0,167000.0,86300.0,250500.0,2468900.0,1394900.0,1540000.0,275800.0,100200.0,640000.0,95300.0,1000.0,86000.0
20231026101330000,SZSE,SZSE.ETF.159919,3.626,3.625,3.64,3.618,0.0,4.003,3.275,389469138.0,0.0,389469138.0,0.0,0.0,0.0,20231026,20231026,101330000,3.639,0.0,0.0,3.625,3.624,3.623,3.622,3.621,3.62,3.619,3.618,3.617,3.616,3.626,3.627,3.628,3.629,3.63,3.631,3.632,3.633,3.634,3.635,741800.0,1988200.0,1357600.0,812100.0,513600.0,318800.0,981000.0,348800.0,167000.0,86300.0,10500.0,1868900.0,1694900.0,1940000.0,275800.0,100200.0,640000.0,95300.0,1000.0,86000.0
20231026101333000,SZSE,SZSE.ETF.159919,3.626,3.625,3.64,3.618,0.0,4.003,3.275,389717089.0,247951.0,389717089.0,247951.0,0.0,0.0,20231026,20231026,101333000,3.639,0.0,0.0,3.625,3.624,3.623,3.622,3.621,3.62,3.619,3.618,3.617,3.616,3.626,3.627,3.628,3.629,3.63,3.631,3.632,3.633,3.634,3.635,713500.0,2539200.0,1107600.0,412100.0,441300.0,193100.0,981000.0,348800.0,167000.0,86300.0,56300.0,1517900.0,1944900.0,1800000.0,248200.0,227800.0,740000.0,95300.0,1000.0,86000.0
20231026101336000,SZSE,SZSE.ETF.159919,3.625,3.625,3.64,3.618,0.0,4.003,3.275,391529589.0,1812500.0,391529589.0,1812500.0,0.0,0.0,20231026,20231026,101336000,3.639,0.0,0.0,3.625,3.624,3.623,3.622,3.621,3.62,3.619,3.618,3.617,3.616,3.626,3.627,3.628,3.629,3.63,3.631,3.632,3.633,3.634,3.635,1510600.0,2339200.0,1307600.0,117100.0,441300.0,193100.0,1081000.0,348800.0,67000.0,86300.0,56300.0,1136200.0,1626600.0,2140000.0,648200.0,227800.0,140000.0,695300.0,1000.0,86000.0
20231026101339000,SZSE,SZSE.ETF.159919,3.625,3.625,3.64,3.618,0.0,4.003,3.275,391569464.0,39875.0,391569464.0,39875.0,0.0,0.0,20231026,20231026,101339000,3.639,0.0,0.0,3.625,3.624,3.623,3.622,3.621,3.62,3.619,3.618,3.617,3.616,3.626,3.627,3.628,3.629,3.63,3.631,3.632,3.633,3.634,3.635,229000.0,2812100.0,1834700.0,117100.0,469200.0,218800.0,981000.0,348800.0,67000.0,86300.0,58300.0,1727600.0,1324200.0,1840000.0,220200.0,309400.0,740000.0,95300.0,1000.0,86000.0
20231026101342000,SZSE,SZSE.ETF.159919,3.625,3.625,3.64,3.618,0.0,4.003,3.275,391569464.0,0.0,391569464.0,0.0,0.0,0.0,20231026,20231026,101342000,3.639,0.0,0.0,3.625,3.624,3.623,3.622,3.621,3.62,3.619,3.618,3.617,3.616,3.626,3.627,3.628,3.629,3.63,3.631,3.632,3.633,3.634,3.635,49300.0,2512100.0,1633400.0,917100.0,469200.0,218800.0,81000.0,1248800.0,67000.0,86300.0,258400.0,1856900.0,1594900.0,1840000.0,320500.0,209400.0,640000.0,95300.0,1000.0,86000.0
20231026101345000,SZSE,SZSE.ETF.159919,3.625,3.625,3.64,3.618,0.0,4.003,3.275,393093051.0,1523587.0,393093051.0,1523587.0,0.0,0.0,20231026,20231026,101345000,3.639,0.0,0.0,3.624,3.623,3.622,3.621,3.62,3.619,3.618,3.617,3.616,3.615,3.625,3.626,3.627,3.628,3.629,3.63,3.631,3.632,3.633,3.634,2939600.0,1006300.0,1017100.0,541500.0,192800.0,81000.0,1248800.0,107000.0,86300.0,1218900.0,79700.0,179300.0,1777500.0,2044900.0,1840000.0,248100.0,128100.0,640000.0,55300.0,1000.0
20231026101348000,SZSE,SZSE.ETF.159919,3.625,3.625,3.64,3.618,0.0,4.003,3.275,393093051.0,0.0,393093051.0,0.0,0.0,0.0,20231026,20231026,101348000,3.639,0.0,0.0,3.624,3.623,3.622,3.621,3.62,3.619,3.618,3.617,3.616,3.615,3.625,3.626,3.627,3.628,3.629,3.63,3.631,3.632,3.633,3.634,2212500.0,1733400.0,917100.0,343600.0,237100.0,134700.0,1248800.0,107000.0,53300.0,1178900.0,79700.0,679200.0,2657500.0,1264900.0,1070000.0,226800.0,146500.0,740000.0,55300.0,1000.0
20231026101424000,SZSE,SZSE.ETF.159919,3.623,3.625,3.64,3.618,0.0,4.003,3.275,397307725.0,1078205.0,397307725.0,1078205.0,0.0,0.0,20231026,20231026,101424000,3.639,0.0,0.0,3.622,3.621,3.62,3.619,3.618,3.617,3.616,3.615,3.614,3.613,3.623,3.624,3.625,3.626,3.627,3.628,3.629,3.63,3.631,3.633,218100.0,1663600.0,1419500.0,1168700.0,417100.0,313200.0,123300.0,418900.0,959400.0,64800.0,139300.0,2218200.0,2539000.0,1011400.0,294100.0,175900.0,781300.0,117800.0,6500.0,55300.0
20231026101427000,SZSE,SZSE.ETF.159919,3.623,3.625,3.64,3.618,0.0,4.003,3.275,397307725.0,0.0,397307725.0,0.0,0.0,0.0,20231026,20231026,101427000,3.639,0.0,0.0,3.622,3.621,3.62,3.619,3.618,3.617,3.616,3.615,3.614,3.613,3.623,3.624,3.625,3.626,3.627,3.628,3.629,3.63,3.631,3.633,1318000.0,1713600.0,1169500.0,671000.0,333100.0,294900.0,123300.0,418900.0,926400.0,97800.0,154300.0,1340400.0,2508000.0,2021400.0,525100.0,126200.0,700000.0,117800.0,6500.0,55300.0
20231026101430000,SZSE,SZSE.ETF.159919,3.623,3.625,3.64,3.618,0.0,4.003,3.275,397307725.0,0.0,397307725.0,0.0,0.0,0.0,20231026,20231026,101430000,3.639,0.0,0.0,3.622,3.621,3.62,3.619,3.618,3.617,3.616,3.615,3.614,3.613,3.623,3.624,3.625,3.626,3.627,3.628,3.629,3.63,3.631,3.633,178100.0,1863600.0,1519500.0,1071200.0,333100.0,294900.0,123300.0,418900.0,926400.0,97800.0,184000.0,2090400.0,2058000.0,1921400.0,525100.0,226200.0,700000.0,117800.0,6500.0,55300.0
20231026101433000,SZSE,SZSE.ETF.159919,3.623,3.625,3.64,3.618,0.0,4.003,3.275,397307725.0,0.0,397307725.0,0.0,0.0,0.0,20231026,20231026,101433000,3.639,0.0,0.0,3.622,3.621,3.62,3.619,3.618,3.617,3.616,3.615,3.614,3.613,3.623,3.624,3.625,3.626,3.627,3.628,3.629,3.63,3.631,3.633,218100.0,1863600.0,1282000.0,611700.0,633100.0,294900.0,123300.0,418900.0,926400.0,97800.0,587400.0,1865400.0,2382300.0,1921400.0,425100.0,126200.0,700000.0,117800.0,6500.0,55300.0
20231026101436000,SZSE,SZSE.ETF.159919,3.623,3.625,3.64,3.618,0.0,4.003,3.275,397601112.0,293387.0,397601112.0,293387.0,0.0,0.0,20231026,20231026,101436000,3.639,0.0,0.0,3.622,3.621,3.62,3.619,3.618,3.617,3.616,3.615,3.614,3.613,3.623,3.624,3.625,3.626,3.627,3.628,3.629,3.63,3.631,3.633,152400.0,1763600.0,1519500.0,774200.0,361200.0,266900.0,123300.0,418900.0,926400.0,97800.0,1182100.0,1565400.0,2082300.0,1921400.0,397100.0,154200.0,700000.0,117800.0,6500.0,55300.0
20231026101439000,SZSE,SZSE.ETF.159919,3.622,3.625,3.64,3.618,0.0,4.003,3.275,397739835.0,138723.0,397739835.0,138723.0,0.0,0.0,20231026,20231026,101439000,3.639,0.0,0.0,3.622,3.621,3.62,3.619,3.618,3.617,3.616,3.615,3.614,3.613,3.623,3.624,3.625,3.626,3.627,3.628,3.629,3.63,3.631,3.633,514500.0,1941700.0,1242400.0,674200.0,461200.0,366900.0,123300.0,418900.0,926400.0,97800.0,306700.0,1843800.0,2382300.0,1881400.0,397100.0,154200.0,700000.0,117800.0,6500.0,55300.0
20231026101442000,SZSE,SZSE.ETF.159919,3.622,3.625,3.64,3.618,0.0,4.003,3.275,397739835.0,0.0,397739835.0,0.0,0.0,0.0,20231026,20231026,101442000,3.639,0.0,0.0,3.622,3.621,3.62,3.619,3.618,3.617,3.616,3.615,3.614,3.613,3.623,3.624,3.625,3.626,3.627,3.628,3.629,3.63,3.631,3.633,1715300.0,1611700.0,1192400.0,374200.0,333200.0,174900.0,223300.0,366900.0,26400.0,97800.0,164400.0,1141400.0,1984700.0,1921400.0,925100.0,226200.0,100000.0,117800.0,6500.0,55300.0
20231026101445000,SZSE,SZSE.ETF.159919,3.622,3.625,3.64,3.618,0.0,4.003,3.275,400146842.0,2407007.0,400146842.0,2407007.0,0.0,0.0,20231026,20231026,101445000,3.639,0.0,0.0,3.622,3.621,3.62,3.619,3.618,3.617,3.616,3.615,3.614,3.613,3.624,3.625,3.626,3.627,3.628,3.629,3.63,3.631,3.633,3.634,1014300.0,1310700.0,1292400.0,374200.0,361200.0,146900.0,223300.0,1226900.0,26400.0,97800.0,719400.0,1949100.0,2221400.0,697100.0,254200.0,200000.0,717800.0,46500.0,55300.0,1000.0
20231026101448000,SZSE,SZSE.ETF.159919,3.622,3.625,3.64,3.618,0.0,4.003,3.275,400146842.0,0.0,400146842.0,0.0,0.0,0.0,20231026,20231026,101448000,3.639,0.0,0.0,3.622,3.621,3.62,3.619,3.618,3.617,3.616,3.615,3.614,3.613,3.624,3.625,3.626,3.627,3.628,3.629,3.63,3.631,3.633,3.634,714300.0,1590700.0,1292400.0,774200.0,414900.0,93200.0,223400.0,1266900.0,59400.0,64800.0,1811800.0,2202300.0,2051400.0,294100.0,257200.0,100000.0,717800.0,46500.0,55300.0,1000.0
20231026101451000,SZSE,SZSE.ETF.159919,3.622,3.625,3.64,3.618,0.0,4.003,3.275,400146842.0,0.0,400146842.0,0.0,0.0,0.0,20231026,20231026,101451000,3.639,0.0,0.0,3.622,3.621,3.62,3.619,3.618,3.617,3.616,3.615,3.614,3.613,3.623,3.624,3.625,3.626,3.627,3.628,3.629,3.63,3.631,3.633,714300.0,1490700.0,1292400.0,874200.0,414900.0,93200.0,223400.0,1266900.0,59400.0,64800.0,140000.0,1667800.0,2054700.0,2051400.0,294100.0,257200.0,100000.0,717800.0,6500.0,55300.0
20231026101454000,SZSE,SZSE.ETF.159919,3.622,3.625,3.64,3.618,0.0,4.003,3.275,400155172.0,8330.0,400155172.0,8330.0,0.0,0.0,20231026,20231026,101454000,3.639,0.0,0.0,3.622,3.621,3.62,3.619,3.618,3.617,3.616,3.615,3.614,3.613,3.623,3.624,3.625,3.626,3.627,3.628,3.629,3.63,3.631,3.633,1839100.0,883600.0,1192400.0,374200.0,333000.0,274900.0,223400.0,1166900.0,26400.0,64800.0,100000.0,127900.0,1582300.0,3083700.0,792100.0,279900.0,200000.0,117800.0,6500.0,55300.0
20231026101457000,SZSE,SZSE.ETF.159919,3.623,3.625,3.64,3.618,0.0,4.003,3.275,401620676.0,1465504.0,401620676.0,1465504.0,0.0,0.0,20231026,20231026,101457000,3.639,0.0,0.0,3.623,3.622,3.621,3.62,3.619,3.618,3.617,3.616,3.615,3.614,3.624,3.625,3.626,3.627,3.628,3.629,3.63,3.631,3.633,3.634,1062600.0,1612000.0,783600.0,673400.0,374200.0,361000.0,276900.0,1093400.0,226900.0,26400.0,67900.0,1182300.0,2823700.0,1197100.0,154200.0,200000.0,217800.0,646500.0,55300.0,1000.0
20231026101500000,SZSE,SZSE.ETF.159919,3.624,3.625,3.64,3.618,0.0,4.003,3.275,401866745.0,246069.0,401866745.0,246069.0,0.0,0.0,20231026,20231026,101500000,3.639,0.0,0.0,3.623,3.622,3.621,3.62,3.619,3.618,3.617,3.616,3.615,3.614,3.624,3.625,3.626,3.627,3.628,3.629,3.63,3.631,3.632,3.633,1326500.0,1387100.0,1221100.0,435900.0,171900.0,347100.0,193200.0,1093400.0,226900.0,59400.0,80000.0,253300.0,2213700.0,1694100.0,575900.0,281300.0,217800.0,646500.0,40000.0,55300.0
20231026101503000,SZSE,SZSE.ETF.159919,3.624,3.625,3.64,3.618,0.0,4.003,3.275,402269009.0,402264.0,402269009.0,402264.0,0.0,0.0,20231026,20231026,101503000,3.639,0.0,0.0,3.623,3.622,3.621,3.62,3.619,3.618,3.617,3.616,3.615,3.614,3.624,3.625,3.626,3.627,3.628,3.629,3.63,3.631,3.633,3.634,1124800.0,1210000.0,1321100.0,436000.0,171900.0,447100.0,1093200.0,93400.0,226900.0,59400.0,9000.0,264300.0,1913700.0,2634100.0,975900.0,281300.0,117800.0,646500.0,55300.0,1000.0
20231026101506000,SZSE,SZSE.ETF.159919,3.624,3.625,3.64,3.618,0.0,4.003,3.275,402269009.0,0.0,402269009.0,0.0,0.0,0.0,20231026,20231026,101506000,3.639,0.0,0.0,3.623,3.622,3.621,3.62,3.619,3.618,3.617,3.616,3.615,3.614,3.624,3.625,3.626,3.627,3.628,3.629,3.63,3.631,3.633,3.634,1047800.0,1387100.0,1221100.0,436000.0,201900.0,417100.0,1093200.0,93400.0,226900.0,59400.0,82500.0,284300.0,1913700.0,2634100.0,875900.0,281300.0,217800.0,646500.0,55300.0,1000.0
20231026101509000,SZSE,SZSE.ETF.159919,3.624,3.625,3.64,3.618,0.0,4.003,3.275,402567989.0,298980.0,402567989.0,298980.0,0.0,0.0,20231026,20231026,101509000,3.639,0.0,0.0,3.624,3.623,3.622,3.621,3.62,3.619,3.618,3.617,3.616,3.615,3.625,3.626,3.627,3.628,3.629,3.63,3.631,3.632,3.633,3.634,40000.0,1452300.0,1397100.0,1221100.0,436000.0,171900.0,447100.0,1093200.0,53400.0,226900.0,284300.0,1813700.0,2734100.0,875900.0,281300.0,217800.0,646500.0,40000.0,55300.0,1000.0
20231026101512000,SZSE,SZSE.ETF.159919,3.624,3.625,3.64,3.618,0.0,4.003,3.275,402724184.0,156195.0,402724184.0,156195.0,0.0,0.0,20231026,20231026,101512000,3.639,0.0,0.0,3.624,3.623,3.622,3.621,3.62,3.619,3.618,3.617,3.616,3.615,3.625,3.626,3.627,3.628,3.629,3.63,3.631,3.632,3.633,3.634,96900.0,1899400.0,1070000.0,901100.0,606000.0,183600.0,365400.0,1093200.0,53400.0,226900.0,1084300.0,881300.0,2426500.0,1884900.0,225600.0,171500.0,46500.0,640000.0,55300.0,1000.0
20231026101515000,SZSE,SZSE.ETF.159919,3.624,3.625,3.64,3.618,0.0,4.003,3.275,402974602.0,250418.0,402974602.0,250418.0,0.0,0.0,20231026,20231026,101515000,3.639,0.0,0.0,3.624,3.623,3.622,3.621,3.62,3.619,3.618,3.617,3.616,3.615,3.625,3.626,3.627,3.628,3.629,3.63,3.631,3.632,3.633,3.634,451300.0,1588400.0,1070000.0,801100.0,635200.0,285600.0,335400.0,1093200.0,53400.0,259900.0,1063300.0,1092300.0,2126500.0,2084900.0,630600.0,199500.0,46500.0,640000.0,55300.0,1000.0
20231026101518000,SZSE,SZSE.ETF.159919,3.624,3.625,3.64,3.618,0.0,4.003,3.275,402974602.0,0.0,402974602.0,0.0,0.0,0.0,20231026,20231026,101518000,3.639,0.0,0.0,3.624,3.623,3.622,3.621,3.62,3.619,3.618,3.617,3.616,3.615,3.625,3.626,3.627,3.628,3.629,3.63,3.631,3.632,3.633,3.634,11300.0,2105900.0,1070000.0,1063600.0,362900.0,137900.0,365400.0,1093200.0,53400.0,259900.0,1163300.0,1492200.0,2426500.0,1644900.0,203000.0,227100.0,46500.0,640000.0,55300.0,1000.0
20231026101521000,SZSE,SZSE.ETF.159919,3.625,3.625,3.64,3.618,0.0,4.003,3.275,402981852.0,7250.0,402981852.0,7250.0,0.0,0.0,20231026,20231026,101521000,3.639,0.0,0.0,3.624,3.623,3.622,3.621,3.62,3.619,3.618,3.617,3.616,3.615,3.625,3.626,3.627,3.628,3.629,3.63,3.631,3.632,3.633,3.634,600.0,1589800.0,1297100.0,1264600.0,235200.0,265600.0,365400.0,1093200.0,53400.0,259900.0,1781200.0,1383600.0,1824100.0,1684900.0,230600.0,199500.0,646500.0,40000.0,52300.0,1000.0
20231026101524000,SZSE,SZSE.ETF.159919,3.625,3.625,3.64,3.618,0.0,4.003,3.275,402981852.0,0.0,402981852.0,0.0,0.0,0.0,20231026,20231026,101524000,3.639,0.0,0.0,3.624,3.623,3.622,3.621,3.62,3.619,3.618,3.617,3.616,3.615,3.625,3.626,3.627,3.628,3.629,3.63,3.631,3.632,3.633,3.634,340600.0,1916900.0,670000.0,1264600.0,207200.0,293600.0,365400.0,1093200.0,53400.0,259900.0,1181200.0,1181300.0,2226500.0,1684900.0,658600.0,171500.0,46500.0,640000.0,52300.0,1000.0
20231026101527000,SZSE,SZSE.ETF.159919,3.625,3.625,3.64,3.618,0.0,4.003,3.275,402981852.0,0.0,402981852.0,0.0,0.0,0.0,20231026,20231026,101527000,3.639,0.0,0.0,3.624,3.623,3.622,3.621,3.62,3.619,3.618,3.617,3.616,3.615,3.625,3.626,3.627,3.628,3.629,3.63,3.631,3.632,3.633,3.634,340600.0,2036900.0,670000.0,1246600.0,362900.0,137900.0,265400.0,1093200.0,53400.0,259900.0,1081200.0,1061300.0,2326500.0,1804900.0,203000.0,227100.0,46500.0,640000.0,52300.0,1000.0
20231026101530000,SZSE,SZSE.ETF.159919,3.625,3.625,3.64,3.618,0.0,4.003,3.275,402981852.0,0.0,402981852.0,0.0,0.0,0.0,20231026,20231026,101530000,3.639,0.0,0.0,3.624,3.623,3.622,3.621,3.62,3.619,3.618,3.617,3.616,3.615,3.625,3.626,3.627,3.628,3.629,3.63,3.631,3.632,3.633,3.634,1051600.0,1845900.0,570000.0,846600.0,362900.0,137900.0,365400.0,1093200.0,51400.0,259900.0,130200.0,1072300.0,1726500.0,2404900.0,603000.0,227100.0,46500.0,640000.0,52300.0,1000.0
20231026101533000,SZSE,SZSE.ETF.159919,3.625,3.625,3.64,3.618,0.0,4.003,3.275,402989102.0,7250.0,402989102.0,7250.0,0.0,0.0,20231026,20231026,101533000,3.639,0.0,0.0,3.624,3.623,3.622,3.621,3.62,3.619,3.618,3.617,3.616,3.615,3.625,3.626,3.627,3.628,3.629,3.63,3.631,3.632,3.633,3.634,1051600.0,1945900.0,670000.0,646600.0,234900.0,165900.0,365400.0,1093200.0,51400.0,259900.0,28200.0,972300.0,1626500.0,2364900.0,731000.0,299100.0,46500.0,640000.0,52300.0,1000.0
20231026101536000,SZSE,SZSE.ETF.159919,3.625,3.625,3.64,3.618,0.0,4.003,3.275,403085527.0,96425.0,403085527.0,96425.0,0.0,0.0,20231026,20231026,101536000,3.639,0.0,0.0,3.624,3.623,3.622,3.621,3.62,3.619,3.618,3.617,3.616,3.615,3.625,3.626,3.627,3.628,3.629,3.63,3.631,3.632,3.633,3.634,1318700.0,1778800.0,970000.0,346600.0,262900.0,191600.0,365400.0,1093100.0,51400.0,259900.0,12600.0,962300.0,1626500.0,2504900.0,703000.0,380800.0,46500.0,640000.0,52300.0,1000.0
20231026101539000,SZSE,SZSE.ETF.159919,3.624,3.625,3.64,3.618,0.0,4.003,3.275,403499039.0,413512.0,403499039.0,413512.0,0.0,0.0,20231026,20231026,101539000,3.639,0.0,0.0,3.624,3.623,3.622,3.621,3.62,3.619,3.618,3.617,3.616,3.615,3.626,3.627,3.628,3.629,3.63,3.631,3.632,3.633,3.634,3.635,812000.0,1944900.0,1209600.0,346600.0,262900.0,221600.0,335400.0,1093100.0,51400.0,259900.0,1273300.0,1626500.0,2204900.0,603000.0,380800.0,146500.0,640000.0,52300.0,1000.0,86000.0
20231026101542000,SZSE,SZSE.ETF.159919,3.624,3.625,3.64,3.618,0.0,4.003,3.275,403553399.0,54360.0,403553399.0,54360.0,0.0,0.0,20231026,20231026,101542000,3.639,0.0,0.0,3.624,3.623,3.622,3.621,3.62,3.619,3.618,3.617,3.616,3.615,3.626,3.627,3.628,3.629,3.63,3.631,3.632,3.633,3.634,3.635,1127000.0,1844900.0,1209600.0,446600.0,316600.0,143200.0,335400.0,1093100.0,51400.0,1166900.0,1273300.0,1696500.0,2334900.0,500000.0,297100.0,46500.0,640000.0,92300.0,1000.0,86000.0
20231026101545000,SZSE,SZSE.ETF.159919,3.625,3.625,3.64,3.618,0.0,4.003,3.275,403596899.0,43500.0,403596899.0,43500.0,0.0,0.0,20231026,20231026,101545000,3.639,0.0,0.0,3.624,3.623,3.622,3.621,3.62,3.619,3.618,3.617,3.616,3.615,3.625,3.626,3.627,3.628,3.629,3.63,3.631,3.632,3.633,3.634,1027000.0,1944900.0,1209600.0,346600.0,316600.0,143200.0,335400.0,1093100.0,84400.0,1166900.0,638000.0,1273300.0,1696500.0,2234900.0,500000.0,329800.0,46500.0,640000.0,52300.0,1000.0
20231026101548000,SZSE,SZSE.ETF.159919,3.625,3.625,3.64,3.618,0.0,4.003,3.275,403686412.0,89513.0,403686412.0,89513.0,0.0,0.0,20231026,20231026,101548000,3.639,0.0,0.0,3.624,3.623,3.622,3.621,3.62,3.619,3.618,3.617,3.616,3.615,3.625,3.626,3.627,3.628,3.629,3.63,3.631,3.632,3.633,3.634,812500.0,1544900.0,1109600.0,746600.0,262900.0,196900.0,335300.0,1093100.0,51400.0,1159900.0,670500.0,1273300.0,1626500.0,2164900.0,703000.0,226800.0,46500.0,640000.0,52300.0,1000.0
20231026101551000,SZSE,SZSE.ETF.159919,3.625,3.625,3.64,3.618,0.0,4.003,3.275,403686412.0,0.0,403686412.0,0.0,0.0,0.0,20231026,20231026,101551000,3.639,0.0,0.0,3.624,3.623,3.622,3.621,3.62,3.619,3.618,3.617,3.616,3.615,3.625,3.626,3.627,3.628,3.629,3.63,3.631,3.632,3.633,3.634,402500.0,2144900.0,1209600.0,846600.0,262900.0,196900.0,335300.0,1093100.0,51400.0,1199900.0,770500.0,1273300.0,1726500.0,1264900.0,1543000.0,226800.0,46500.0,640000.0,52300.0,1000.0
20231026101554000,SZSE,SZSE.ETF.159919,3.625,3.625,3.64,3.618,0.0,4.003,3.275,404737662.0,1051250.0,404737662.0,1051250.0,0.0,0.0,20231026,20231026,101554000,3.639,0.0,0.0,3.624,3.623,3.622,3.621,3.62,3.619,3.618,3.617,3.616,3.615,3.625,3.626,3.627,3.628,3.629,3.63,3.631,3.632,3.633,3.634,1012500.0,1744900.0,1209600.0,346600.0,262900.0,166900.0,335300.0,193100.0,51400.0,1199900.0,380500.0,1273300.0,1726500.0,1364900.0,1543000.0,226800.0,46500.0,640000.0,52300.0,1000.0
20231026101557000,SZSE,SZSE.ETF.159919,3.625,3.625,3.64,3.618,0.0,4.003,3.275,405788912.0,1051250.0,405788912.0,1051250.0,0.0,0.0,20231026,20231026,101557000,3.639,0.0,0.0,3.624,3.623,3.622,3.621,3.62,3.619,3.618,3.617,3.616,3.615,3.625,3.626,3.627,3.628,3.629,3.63,3.631,3.632,3.633,3.634,1012500.0,1344900.0,1209600.0,346600.0,264900.0,175900.0,1235300.0,193100.0,51400.0,1199900.0,90500.0,1273300.0,1626500.0,1364900.0,1671000.0,198800.0,46500.0,640000.0,52300.0,1000.0
20231026101600000,SZSE,SZSE.ETF.159919,3.625,3.625,3.64,3.618,0.0,4.003,3.275,405788912.0,0.0,405788912.0,0.0,0.0,0.0,20231026,20231026,101600000,3.639,0.0,0.0,3.624,3.623,3.622,3.621,3.62,3.619,3.618,3.617,3.616,3.615,3.625,3.626,3.627,3.628,3.629,3.63,3.631,3.632,3.633,3.634,1101700.0,1755900.0,1109600.0,346600.0,264900.0,175900.0,1235300.0,193100.0,51400.0,1199900.0,101500.0,1262300.0,1627400.0,1264900.0,1571000.0,298800.0,146500.0,640000.0,52300.0,1000.0
20231026101603000,SZSE,SZSE.ETF.159919,3.625,3.625,3.64,3.618,0.0,4.003,3.275,406156849.0,367937.0,406156849.0,367937.0,0.0,0.0,20231026,20231026,101603000,3.639,0.0,0.0,3.625,3.624,3.623,3.622,3.621,3.62,3.619,3.618,3.617,3.616,3.626,3.627,3.628,3.629,3.63,3.631,3.632,3.633,3.634,3.635,1958100.0,1411300.0,1319800.0,51400.0,346600.0,264900.0,1175900.0,335300.0,53100.0,51400.0,22300.0,1125000.0,2167300.0,1931000.0,652500.0,146500.0,140000.0,692300.0,1000.0,86000.0
20231026101606000,SZSE,SZSE.ETF.159919,3.626,3.625,3.64,3.618,0.0,4.003,3.275,406690934.0,534085.0,406690934.0,534085.0,0.0,0.0,20231026,20231026,101606000,3.639,0.0,0.0,3.626,3.625,3.624,3.623,3.622,3.621,3.62,3.619,3.618,3.617,3.627,3.628,3.629,3.63,3.631,3.632,3.633,3.634,3.635,3.636,67700.0,255200.0,1785300.0,1221900.0,751400.0,172200.0,220900.0,994200.0,295300.0,53100.0,1496000.0,1597300.0,2040000.0,187500.0,255700.0,140000.0,692300.0,41000.0,86000.0,4600.0
20231026101609000,SZSE,SZSE.ETF.159919,3.625,3.625,3.64,3.618,0.0,4.003,3.275,406937502.0,246568.0,406937502.0,246568.0,0.0,0.0,20231026,20231026,101609000,3.639,0.0,0.0,3.625,3.624,3.623,3.622,3.621,3.62,3.619,3.618,3.617,3.616,3.627,3.628,3.629,3.63,3.631,3.632,3.633,3.634,3.635,3.636,1361100.0,1508200.0,901900.0,549300.0,258000.0,137200.0,1094200.0,335300.0,86100.0,991400.0,1396000.0,1667300.0,1330000.0,1557500.0,177100.0,121600.0,692300.0,41000.0,86000.0,4600.0
20231026101612000,SZSE,SZSE.ETF.159919,3.625,3.625,3.64,3.618,0.0,4.003,3.275,406937502.0,0.0,406937502.0,0.0,0.0,0.0,20231026,20231026,101612000,3.639,0.0,0.0,3.625,3.624,3.623,3.622,3.621,3.62,3.619,3.618,3.617,3.616,3.626,3.627,3.628,3.629,3.63,3.631,3.632,3.633,3.634,3.635,1461100.0,1847800.0,662300.0,351400.0,255900.0,137200.0,1094200.0,335300.0,86100.0,991400.0,300000.0,796000.0,2367300.0,1330000.0,1457500.0,258700.0,40000.0,692300.0,1000.0,86000.0
20231026101615000,SZSE,SZSE.ETF.159919,3.626,3.625,3.64,3.618,0.0,4.003,3.275,407735222.0,797720.0,407735222.0,797720.0,0.0,0.0,20231026,20231026,101615000,3.639,0.0,0.0,3.625,3.624,3.623,3.622,3.621,3.62,3.619,3.618,3.617,3.616,3.626,3.627,3.628,3.629,3.63,3.631,3.632,3.633,3.634,3.635,2083000.0,1437300.0,562300.0,351400.0,202200.0,1090900.0,194500.0,335300.0,53100.0,951400.0,80000.0,320100.0,2094900.0,1402400.0,1787500.0,255700.0,140000.0,92300.0,601000.0,86000.0
20231026101618000,SZSE,SZSE.ETF.159919,3.626,3.625,3.64,3.618,0.0,4.003,3.275,408025302.0,290080.0,408025302.0,290080.0,0.0,0.0,20231026,20231026,101618000,3.639,0.0,0.0,3.626,3.625,3.624,3.623,3.622,3.621,3.62,3.619,3.618,3.617,3.627,3.628,3.629,3.63,3.631,3.632,3.633,3.634,3.635,3.636,1037700.0,1492900.0,899800.0,462300.0,51400.0,651400.0,1118900.0,233400.0,295300.0,53100.0,320100.0,1294900.0,1502400.0,1248500.0,1167800.0,140000.0,92300.0,641000.0,86000.0,4600.0
20231026101621000,SZSE,SZSE.ETF.159919,3.626,3.625,3.64,3.618,0.0,4.003,3.275,408063737.0,38435.0,408063737.0,38435.0,0.0,0.0,20231026,20231026,101621000,3.639,0.0,0.0,3.626,3.625,3.624,3.623,3.622,3.621,3.62,3.619,3.618,3.617,3.627,3.628,3.629,3.63,3.631,3.632,3.633,3.634,3.635,3.636,737400.0,1492900.0,899800.0,862300.0,149100.0,641400.0,1037200.0,233400.0,295300.0,993100.0,320100.0,1264900.0,1532400.0,1317500.0,1584400.0,121300.0,92300.0,641000.0,86000.0,4600.0
20231026101624000,SZSE,SZSE.ETF.159919,3.626,3.625,3.64,3.618,0.0,4.003,3.275,408068452.0,4715.0,408068452.0,4715.0,0.0,0.0,20231026,20231026,101624000,3.639,0.0,0.0,3.626,3.625,3.624,3.623,3.622,3.621,3.62,3.619,3.618,3.617,3.627,3.628,3.629,3.63,3.631,3.632,3.633,3.634,3.635,3.636,1514200.0,1432500.0,560200.0,462300.0,149100.0,164300.0,1037200.0,233400.0,295300.0,1026100.0,299100.0,1164900.0,1532400.0,1317500.0,1617400.0,121300.0,92300.0,641000.0,86000.0,1600.0
20231026101627000,SZSE,SZSE.ETF.159919,3.627,3.625,3.64,3.618,0.0,4.003,3.275,409153288.0,1084836.0,409153288.0,1084836.0,0.0,0.0,20231026,20231026,101627000,3.639,0.0,0.0,3.627,3.626,3.625,3.624,3.623,3.622,3.621,3.62,3.619,3.618,3.628,3.629,3.63,3.631,3.632,3.633,3.634,3.635,3.636,3.637,40000.0,1765200.0,1601500.0,660200.0,342300.0,177000.0,136400.0,1137200.0,193400.0,195300.0,545900.0,1654900.0,1739900.0,1449500.0,249200.0,192300.0,41000.0,726000.0,1600.0,5800.0
20231026101630000,SZSE,SZSE.ETF.159919,3.627,3.625,3.64,3.618,0.0,4.003,3.275,409303083.0,149795.0,409303083.0,149795.0,0.0,0.0,20231026,20231026,101630000,3.639,0.0,0.0,3.626,3.625,3.624,3.623,3.622,3.621,3.62,3.619,3.618,3.617,3.627,3.628,3.629,3.63,3.631,3.632,3.633,3.634,3.635,3.636,852100.0,1889000.0,779800.0,440200.0,232800.0,182700.0,1037200.0,233400.0,195300.0,993100.0,99000.0,645900.0,2127300.0,1367200.0,1386500.0,137600.0,173900.0,641000.0,86000.0,1600.0
20231026101633000,SZSE,SZSE.ETF.159919,3.627,3.625,3.64,3.618,0.0,4.003,3.275,409321943.0,18860.0,409321943.0,18860.0,0.0,0.0,20231026,20231026,101633000,3.639,0.0,0.0,3.626,3.625,3.624,3.623,3.622,3.621,3.62,3.619,3.618,3.617,3.627,3.628,3.629,3.63,3.631,3.632,3.633,3.634,3.635,3.636,1242100.0,1489000.0,879800.0,342300.0,175600.0,136400.0,1037200.0,233400.0,195300.0,1026100.0,93800.0,1145900.0,1557300.0,1237200.0,1489500.0,249200.0,192300.0,641000.0,86000.0,1600.0
20231026101636000,SZSE,SZSE.ETF.159919,3.627,3.625,3.64,3.618,0.0,4.003,3.275,409327384.0,5441.0,409327384.0,5441.0,0.0,0.0,20231026,20231026,101636000,3.639,0.0,0.0,3.626,3.625,3.624,3.623,3.622,3.621,3.62,3.619,3.618,3.617,3.627,3.628,3.629,3.63,3.631,3.632,3.633,3.634,3.635,3.636,1680600.0,1251500.0,1079800.0,442300.0,175600.0,136400.0,1037200.0,233400.0,195300.0,1026100.0,592300.0,1151800.0,1257300.0,1337200.0,1789500.0,249200.0,192300.0,641000.0,86000.0,1600.0
20231026101639000,SZSE,SZSE.ETF.159919,3.627,3.625,3.64,3.618,0.0,4.003,3.275,409327384.0,0.0,409327384.0,0.0,0.0,0.0,20231026,20231026,101639000,3.639,0.0,0.0,3.626,3.625,3.624,3.623,3.622,3.621,3.62,3.619,3.618,3.617,3.627,3.628,3.629,3.63,3.631,3.632,3.633,3.634,3.635,3.636,1757700.0,1714000.0,943900.0,42300.0,175600.0,136400.0,1037200.0,233400.0,195300.0,1026100.0,592300.0,551800.0,1857300.0,1437200.0,1889500.0,149200.0,92300.0,41000.0,686000.0,1600.0
20231026101642000,SZSE,SZSE.ETF.159919,3.627,3.625,3.64,3.618,0.0,4.003,3.275,409560237.0,232853.0,409560237.0,232853.0,0.0,0.0,20231026,20231026,101642000,3.639,0.0,0.0,3.626,3.625,3.624,3.623,3.622,3.621,3.62,3.619,3.618,3.617,3.627,3.628,3.629,3.63,3.631,3.632,3.633,3.634,3.635,3.636,1290600.0,1352500.0,1483500.0,42300.0,175600.0,136400.0,1037200.0,233400.0,195300.0,986100.0,568100.0,1051800.0,1257300.0,1437200.0,1849500.0,149200.0,92300.0,641000.0,86000.0,1600.0
20231026101645000,SZSE,SZSE.ETF.159919,3.627,3.625,3.64,3.618,0.0,4.003,3.275,410112992.0,552755.0,410112992.0,552755.0,0.0,0.0,20231026,20231026,101645000,3.639,0.0,0.0,3.626,3.625,3.624,3.623,3.622,3.621,3.62,3.619,3.618,3.617,3.627,3.628,3.629,3.63,3.631,3.632,3.633,3.634,3.635,3.636,13100.0,1422900.0,1171000.0,1499900.0,175600.0,136400.0,137200.0,1133400.0,195300.0,1026100.0,1349300.0,1874100.0,1254900.0,917200.0,1189500.0,149200.0,92300.0,641000.0,86000.0,1600.0
20231026101648000,SZSE,SZSE.ETF.159919,3.627,3.625,3.64,3.618,0.0,4.003,3.275,410152164.0,39172.0,410152164.0,39172.0,0.0,0.0,20231026,20231026,101648000,3.639,0.0,0.0,3.626,3.625,3.624,3.623,3.622,3.621,3.62,3.619,3.618,3.617,3.627,3.628,3.629,3.63,3.631,3.632,3.633,3.634,3.635,3.636,443100.0,1850000.0,1083500.0,560300.0,247900.0,264100.0,137200.0,1133400.0,195300.0,1026100.0,1063500.0,1271800.0,1932300.0,817200.0,1117100.0,121600.0,92300.0,641000.0,86000.0,1600.0
20231026101651000,SZSE,SZSE.ETF.159919,3.626,3.625,3.64,3.618,0.0,4.003,3.275,410344704.0,192540.0,410344704.0,192540.0,0.0,0.0,20231026,20231026,101651000,3.639,0.0,0.0,3.625,3.624,3.623,3.622,3.621,3.62,3.619,3.618,3.617,3.616,3.626,3.627,3.628,3.629,3.63,3.631,3.632,3.633,3.634,3.635,1384200.0,671000.0,1599900.0,676600.0,136400.0,166600.0,1033400.0,335300.0,1126100.0,51400.0,40000.0,2365400.0,1373100.0,1329900.0,417200.0,1089500.0,149200.0,692300.0,1000.0,86000.0
20231026101654000,SZSE,SZSE.ETF.159919,3.626,3.625,3.64,3.618,0.0,4.003,3.275,410391117.0,46413.0,410391117.0,46413.0,0.0,0.0,20231026,20231026,101654000,3.639,0.0,0.0,3.625,3.624,3.623,3.622,3.621,3.62,3.619,3.618,3.617,3.616,3.626,3.627,3.628,3.629,3.63,3.631,3.632,3.633,3.634,3.635,1424200.0,891000.0,1599900.0,451000.0,150400.0,278300.0,1033400.0,335300.0,1093100.0,84400.0,27200.0,2570400.0,1303100.0,1199900.0,1048200.0,227800.0,40000.0,692300.0,1000.0,86000.0
20231026101657000,SZSE,SZSE.ETF.159919,3.626,3.625,3.64,3.618,0.0,4.003,3.275,410415774.0,24657.0,410415774.0,24657.0,0.0,0.0,20231026,20231026,101657000,3.639,0.0,0.0,3.625,3.624,3.623,3.622,3.621,3.62,3.619,3.618,3.617,3.616,3.626,3.627,3.628,3.629,3.63,3.631,3.632,3.633,3.634,3.635,1322800.0,1291000.0,1599900.0,151000.0,150400.0,278500.0,1033400.0,335300.0,153100.0,1024400.0,120400.0,2570400.0,1303100.0,1099900.0,1888200.0,227800.0,140000.0,692300.0,1000.0,86000.0
20231026101700000,SZSE,SZSE.ETF.159919,3.626,3.625,3.64,3.618,0.0,4.003,3.275,410415774.0,0.0,410415774.0,0.0,0.0,0.0,20231026,20231026,101700000,3.639,0.0,0.0,3.625,3.624,3.623,3.622,3.621,3.62,3.619,3.618,3.617,3.616,3.626,3.627,3.628,3.629,3.63,3.631,3.632,3.633,3.634,3.635,1522800.0,891000.0,1499900.0,451000.0,150400.0,278500.0,1033400.0,335300.0,153100.0,1024400.0,20400.0,2870300.0,1303100.0,1199900.0,1488200.0,227800.0,140000.0,692300.0,1000.0,86000.0
20231026101703000,SZSE,SZSE.ETF.159919,3.626,3.625,3.64,3.618,0.0,4.003,3.275,410416862.0,1088.0,410416862.0,1088.0,0.0,0.0,20231026,20231026,101703000,3.639,0.0,0.0,3.625,3.624,3.623,3.622,3.621,3.62,3.619,3.618,3.617,3.616,3.626,3.627,3.628,3.629,3.63,3.631,3.632,3.633,3.634,3.635,1185300.0,1528500.0,1310800.0,351000.0,150400.0,278500.0,1033400.0,335300.0,153100.0,984400.0,20100.0,2470400.0,1603100.0,1199900.0,1143200.0,227800.0,140000.0,692300.0,1000.0,86000.0
20231026101706000,SZSE,SZSE.ETF.159919,3.626,3.625,3.64,3.618,0.0,4.003,3.275,410416862.0,0.0,410416862.0,0.0,0.0,0.0,20231026,20231026,101706000,3.639,0.0,0.0,3.625,3.624,3.623,3.622,3.621,3.62,3.619,3.618,3.617,3.616,3.626,3.627,3.628,3.629,3.63,3.631,3.632,3.633,3.634,3.635,785300.0,901400.0,1598300.0,990600.0,150400.0,278500.0,133400.0,335300.0,153100.0,1024400.0,720100.0,3172700.0,1000700.0,1099900.0,1283200.0,227800.0,640000.0,92300.0,1000.0,86000.0
20231026101709000,SZSE,SZSE.ETF.159919,3.625,3.625,3.64,3.618,0.0,4.003,3.275,410583250.0,166388.0,410583250.0,166388.0,0.0,0.0,20231026,20231026,101709000,3.639,0.0,0.0,3.624,3.623,3.622,3.621,3.62,3.619,3.618,3.617,3.616,3.615,3.625,3.626,3.627,3.628,3.629,3.63,3.631,3.632,3.633,3.634,453400.0,1498300.0,1490600.0,608300.0,370500.0,133400.0,235300.0,1093100.0,1024400.0,231400.0,50000.0,1976100.0,2638100.0,1200700.0,400000.0,1155200.0,155700.0,640000.0,52300.0,1000.0
20231026101712000,SZSE,SZSE.ETF.159919,3.625,3.625,3.64,3.618,0.0,4.003,3.275,410583250.0,0.0,410583250.0,0.0,0.0,0.0,20231026,20231026,101712000,3.639,0.0,0.0,3.624,3.623,3.622,3.621,3.62,3.619,3.618,3.617,3.616,3.615,3.625,3.626,3.627,3.628,3.629,3.63,3.631,3.632,3.633,3.634,253400.0,1271200.0,1078100.0,1222300.0,838200.0,191400.0,235300.0,93100.0,151400.0,371400.0,1075000.0,1393800.0,2365700.0,970700.0,1538000.0,139800.0,700200.0,40000.0,52300.0,1000.0
20231026101715000,SZSE,SZSE.ETF.159919,3.625,3.625,3.64,3.618,0.0,4.003,3.275,410615875.0,32625.0,410615875.0,32625.0,0.0,0.0,20231026,20231026,101715000,3.639,0.0,0.0,3.624,3.623,3.622,3.621,3.62,3.619,3.618,3.617,3.616,3.615,3.625,3.626,3.627,3.628,3.629,3.63,3.631,3.632,3.633,3.634,104900.0,808700.0,1278100.0,1422300.0,514500.0,317100.0,235300.0,93100.0,1051400.0,1204400.0,1066000.0,1457800.0,2765700.0,870800.0,1143000.0,221500.0,646500.0,40000.0,52300.0,1000.0
20231026101718000,SZSE,SZSE.ETF.159919,3.625,3.625,3.64,3.618,0.0,4.003,3.275,410631461.0,15586.0,410631461.0,15586.0,0.0,0.0,20231026,20231026,101718000,3.639,0.0,0.0,3.624,3.623,3.622,3.621,3.62,3.619,3.618,3.617,3.616,3.615,3.625,3.626,3.627,3.628,3.629,3.63,3.631,3.632,3.633,3.634,159300.0,1946800.0,790600.0,1182700.0,386500.0,315100.0,365300.0,93100.0,1051400.0,1164400.0,493600.0,1688100.0,3115700.0,1810800.0,231000.0,193500.0,646500.0,40000.0,52300.0,1000.0
20231026101721000,SZSE,SZSE.ETF.159919,3.624,3.625,3.64,3.618,0.0,4.003,3.275,410632911.0,1450.0,410632911.0,1450.0,0.0,0.0,20231026,20231026,101721000,3.639,0.0,0.0,3.624,3.623,3.622,3.621,3.62,3.619,3.618,3.617,3.616,3.615,3.625,3.626,3.627,3.628,3.629,3.63,3.631,3.632,3.633,3.634,159300.0,1419700.0,1078100.0,1522300.0,486500.0,215100.0,265300.0,93100.0,1051400.0,264400.0,1293600.0,1438100.0,2665700.0,1810800.0,231000.0,193500.0,646500.0,40000.0,52300.0,1000.0
20231026101724000,SZSE,SZSE.ETF.159919,3.624,3.625,3.64,3.618,0.0,4.003,3.275,410703941.0,71030.0,410703941.0,71030.0,0.0,0.0,20231026,20231026,101724000,3.639,0.0,0.0,3.623,3.622,3.621,3.62,3.619,3.618,3.617,3.616,3.615,3.614,3.624,3.625,3.626,3.627,3.628,3.629,3.63,3.631,3.633,3.634,383200.0,1278100.0,1359800.0,994500.0,287100.0,365300.0,93100.0,1091400.0,264400.0,966400.0,40000.0,1594200.0,1821800.0,2075800.0,1110800.0,203000.0,221500.0,646500.0,52300.0,1000.0
20231026101727000,SZSE,SZSE.ETF.159919,3.624,3.625,3.64,3.618,0.0,4.003,3.275,410709015.0,5074.0,410709015.0,5074.0,0.0,0.0,20231026,20231026,101727000,3.639,0.0,0.0,3.623,3.622,3.621,3.62,3.619,3.618,3.617,3.616,3.615,3.614,3.624,3.625,3.626,3.627,3.628,3.629,3.63,3.631,3.633,3.634,243200.0,1678100.0,1279800.0,1268800.0,259100.0,319000.0,93100.0,1091400.0,231400.0,966400.0,738600.0,914100.0,2536700.0,1745800.0,1160800.0,309300.0,112200.0,46500.0,52300.0,1000.0
20231026101730000,SZSE,SZSE.ETF.159919,3.624,3.625,3.64,3.618,0.0,4.003,3.275,410709015.0,0.0,410709015.0,0.0,0.0,0.0,20231026,20231026,101730000,3.639,0.0,0.0,3.624,3.623,3.622,3.621,3.62,3.619,3.618,3.617,3.616,3.615,3.625,3.626,3.627,3.628,3.629,3.63,3.631,3.632,3.633,3.634,100000.0,483200.0,1398100.0,1579800.0,968800.0,260700.0,319000.0,93100.0,1051400.0,231400.0,1614100.0,2236700.0,2345800.0,1093800.0,209300.0,112200.0,646500.0,40000.0,52300.0,1000.0
20231026101733000,SZSE,SZSE.ETF.159919,3.624,3.625,3.64,3.618,0.0,4.003,3.275,411220362.0,511347.0,411220362.0,511347.0,0.0,0.0,20231026,20231026,101733000,3.639,0.0,0.0,3.623,3.622,3.621,3.62,3.619,3.618,3.617,3.616,3.615,3.614,3.624,3.625,3.626,3.627,3.628,3.629,3.63,3.631,3.633,3.634,43200.0,1587700.0,1590200.0,938800.0,244400.0,365300.0,193100.0,1091400.0,231400.0,926400.0,204000.0,1916000.0,1863700.0,1575800.0,950800.0,225600.0,165900.0,646500.0,52300.0,1000.0
20231026101736000,SZSE,SZSE.ETF.159919,3.624,3.625,3.64,3.618,0.0,4.003,3.275,411222174.0,1812.0,411222174.0,1812.0,0.0,0.0,20231026,20231026,101736000,3.639,0.0,0.0,3.623,3.622,3.621,3.62,3.619,3.618,3.617,3.616,3.615,3.614,3.624,3.625,3.626,3.627,3.628,3.629,3.63,3.631,3.633,3.634,43200.0,1567700.0,1052700.0,1206300.0,605000.0,474700.0,93100.0,1091400.0,231400.0,999400.0,1574700.0,1551100.0,2193700.0,1245800.0,209400.0,153700.0,112200.0,646500.0,52300.0,1000.0
20231026101739000,SZSE,SZSE.ETF.159919,3.624,3.625,3.64,3.618,0.0,4.003,3.275,411222174.0,0.0,411222174.0,0.0,0.0,0.0,20231026,20231026,101739000,3.639,0.0,0.0,3.623,3.622,3.621,3.62,3.619,3.618,3.617,3.616,3.615,3.614,3.624,3.625,3.626,3.627,3.628,3.629,3.63,3.631,3.633,3.634,32200.0,701600.0,1767300.0,1268800.0,705000.0,446700.0,93100.0,991400.0,331400.0,1099400.0,1330100.0,2199500.0,2034300.0,1785900.0,209400.0,153700.0,712200.0,46500.0,52300.0,1000.0
20231026101742000,SZSE,SZSE.ETF.159919,3.624,3.625,3.64,3.618,0.0,4.003,3.275,411229422.0,7248.0,411229422.0,7248.0,0.0,0.0,20231026,20231026,101742000,3.639,0.0,0.0,3.623,3.622,3.621,3.62,3.619,3.618,3.617,3.616,3.615,3.614,3.624,3.625,3.626,3.627,3.628,3.629,3.63,3.631,3.633,3.634,32200.0,701600.0,1767300.0,1268800.0,605000.0,474700.0,193100.0,1091400.0,331400.0,1099400.0,2428000.0,2599500.0,1934300.0,1285900.0,209400.0,153700.0,712200.0,46500.0,52300.0,1000.0
20231026101745000,SZSE,SZSE.ETF.159919,3.623,3.625,3.64,3.618,0.0,4.003,3.275,411346083.0,116661.0,411346083.0,116661.0,0.0,0.0,20231026,20231026,101745000,3.639,0.0,0.0,3.622,3.621,3.62,3.619,3.618,3.617,3.616,3.615,3.614,3.613,3.623,3.624,3.625,3.626,3.627,3.628,3.629,3.63,3.631,3.633,123000.0,1656900.0,1618800.0,705000.0,444700.0,223100.0,191400.0,1271400.0,159400.0,1004800.0,740000.0,2732200.0,2396100.0,1534300.0,1285900.0,209400.0,753700.0,112200.0,6500.0,52300.0
20231026101748000,SZSE,SZSE.ETF.159919,3.623,3.625,3.64,3.618,0.0,4.003,3.275,411353329.0,7246.0,411353329.0,7246.0,0.0,0.0,20231026,20231026,101748000,3.639,0.0,0.0,3.622,3.621,3.62,3.619,3.618,3.617,3.616,3.615,3.614,3.613,3.623,3.624,3.625,3.626,3.627,3.628,3.629,3.63,3.631,3.633,652600.0,1729800.0,1206300.0,935000.0,461000.0,276800.0,291400.0,1271400.0,126400.0,1037800.0,201300.0,2683600.0,3128500.0,1804300.0,1088900.0,160100.0,100000.0,112200.0,6500.0,52300.0
20231026101751000,SZSE,SZSE.ETF.159919,3.623,3.625,3.64,3.618,0.0,4.003,3.275,411570709.0,217380.0,411570709.0,217380.0,0.0,0.0,20231026,20231026,101751000,3.639,0.0,0.0,3.622,3.621,3.62,3.619,3.618,3.617,3.616,3.615,3.614,3.613,3.623,3.624,3.625,3.626,3.627,3.628,3.629,3.63,3.631,3.633,413000.0,2189400.0,1306300.0,835000.0,333000.0,204800.0,191400.0,1271400.0,126400.0,997800.0,157300.0,2836000.0,2676100.0,1904300.0,1176900.0,132100.0,100000.0,712200.0,6500.0,52300.0
20231026101754000,SZSE,SZSE.ETF.159919,3.623,3.625,3.64,3.618,0.0,4.003,3.275,411571796.0,1087.0,411571796.0,1087.0,0.0,0.0,20231026,20231026,101754000,3.639,0.0,0.0,3.622,3.621,3.62,3.619,3.618,3.617,3.616,3.615,3.614,3.613,3.623,3.624,3.625,3.626,3.627,3.628,3.629,3.63,3.631,3.633,502000.0,2220400.0,1306300.0,835000.0,333000.0,204800.0,91400.0,1371400.0,126400.0,1037800.0,112000.0,2672600.0,2928500.0,1704300.0,1216900.0,132100.0,100000.0,712200.0,6500.0,52300.0
20231026101757000,SZSE,SZSE.ETF.159919,3.623,3.625,3.64,3.618,0.0,4.003,3.275,411571796.0,0.0,411571796.0,0.0,0.0,0.0,20231026,20231026,101757000,3.639,0.0,0.0,3.622,3.621,3.62,3.619,3.618,3.617,3.616,3.615,3.614,3.613,3.623,3.624,3.625,3.626,3.627,3.628,3.629,3.63,3.631,3.633,402000.0,2220400.0,1306300.0,835000.0,333000.0,204800.0,91400.0,1271400.0,126400.0,1037800.0,232300.0,2972600.0,1928500.0,1604300.0,1216900.0,232100.0,100000.0,712200.0,6500.0,52300.0
20231026101800000,SZSE,SZSE.ETF.159919,3.622,3.625,3.64,3.618,0.0,4.003,3.275,411678662.0,106866.0,411678662.0,106866.0,0.0,0.0,20231026,20231026,101800000,3.639,0.0,0.0,3.621,3.62,3.619,3.618,3.617,3.616,3.615,3.614,3.613,3.612,3.622,3.623,3.624,3.625,3.626,3.627,3.628,3.629,3.63,3.631,1443300.0,1933400.0,835000.0,333000.0,204800.0,91400.0,1271400.0,126400.0,1037800.0,9700.0,44000.0,337300.0,3351000.0,1526100.0,1204400.0,1216900.0,132100.0,700000.0,112200.0,6500.0
20231026101803000,SZSE,SZSE.ETF.159919,3.622,3.625,3.64,3.618,0.0,4.003,3.275,412035698.0,357036.0,412035698.0,357036.0,0.0,0.0,20231026,20231026,101803000,3.639,0.0,0.0,3.621,3.62,3.619,3.618,3.617,3.616,3.615,3.614,3.613,3.612,3.622,3.623,3.624,3.625,3.626,3.627,3.628,3.629,3.63,3.631,1791600.0,1615900.0,972500.0,535300.0,190800.0,203100.0,1371400.0,166400.0,1004800.0,9700.0,38700.0,1338200.0,3039400.0,1436700.0,1002400.0,1167200.0,50800.0,700000.0,72200.0,6500.0
20231026101806000,SZSE,SZSE.ETF.159919,3.622,3.625,3.64,3.618,0.0,4.003,3.275,412075540.0,39842.0,412075540.0,39842.0,0.0,0.0,20231026,20231026,101806000,3.639,0.0,0.0,3.622,3.621,3.62,3.619,3.618,3.617,3.616,3.615,3.614,3.613,3.623,3.624,3.625,3.626,3.627,3.628,3.629,3.63,3.631,3.633,149000.0,2167700.0,1399800.0,872500.0,535300.0,218800.0,275100.0,1371400.0,26400.0,964800.0,788700.0,2477600.0,2098500.0,2247400.0,255200.0,150800.0,100000.0,112200.0,6500.0,52300.0
20231026101809000,SZSE,SZSE.ETF.159919,3.623,3.625,3.64,3.618,0.0,4.003,3.275,412396900.0,321360.0,412396900.0,321360.0,0.0,0.0,20231026,20231026,101809000,3.639,0.0,0.0,3.622,3.621,3.62,3.619,3.618,3.617,3.616,3.615,3.614,3.613,3.624,3.625,3.626,3.627,3.628,3.629,3.63,3.631,3.633,3.634,1645800.0,1227100.0,1306300.0,857500.0,461000.0,276800.0,991400.0,571400.0,26400.0,1004800.0,2448800.0,1769100.0,2805800.0,515900.0,160100.0,100000.0,712200.0,46500.0,52300.0,1000.0
20231026101812000,SZSE,SZSE.ETF.159919,3.624,3.625,3.64,3.618,0.0,4.003,3.275,412397625.0,725.0,412397625.0,725.0,0.0,0.0,20231026,20231026,101812000,3.639,0.0,0.0,3.622,3.621,3.62,3.619,3.618,3.617,3.616,3.615,3.614,3.613,3.624,3.625,3.626,3.627,3.628,3.629,3.63,3.631,3.633,3.634,1605600.0,1327100.0,1506300.0,857500.0,414700.0,123100.0,991400.0,471400.0,59400.0,1004800.0,2348600.0,1839100.0,2470900.0,445900.0,263100.0,100000.0,712200.0,46500.0,52300.0,1000.0
20231026101815000,SZSE,SZSE.ETF.159919,3.624,3.625,3.64,3.618,0.0,4.003,3.275,412397625.0,0.0,412397625.0,0.0,0.0,0.0,20231026,20231026,101815000,3.639,0.0,0.0,3.622,3.621,3.62,3.619,3.618,3.617,3.616,3.615,3.614,3.613,3.623,3.624,3.625,3.626,3.627,3.628,3.629,3.63,3.631,3.633,1651000.0,1327100.0,1506300.0,857500.0,414700.0,123100.0,1091400.0,576400.0,59400.0,1004800.0,364900.0,2456800.0,1698500.0,1271500.0,1285900.0,263100.0,100000.0,712200.0,46500.0,52300.0
20231026101818000,SZSE,SZSE.ETF.159919,3.624,3.625,3.64,3.618,0.0,4.003,3.275,412397625.0,0.0,412397625.0,0.0,0.0,0.0,20231026,20231026,101818000,3.639,0.0,0.0,3.622,3.621,3.62,3.619,3.618,3.617,3.616,3.615,3.614,3.613,3.623,3.624,3.625,3.626,3.627,3.628,3.629,3.63,3.631,3.633,181400.0,1419600.0,1833400.0,1403500.0,333000.0,204800.0,991400.0,476400.0,26400.0,1004800.0,604900.0,3179100.0,1526100.0,1021500.0,1184900.0,232100.0,700000.0,112200.0,6500.0,52300.0
20231026101821000,SZSE,SZSE.ETF.159919,3.622,3.625,3.64,3.618,0.0,4.003,3.275,412519686.0,122061.0,412519686.0,122061.0,0.0,0.0,20231026,20231026,101821000,3.639,0.0,0.0,3.621,3.62,3.619,3.618,3.617,3.616,3.615,3.614,3.613,3.612,3.622,3.623,3.624,3.625,3.626,3.627,3.628,3.629,3.63,3.631,670600.0,1933400.0,1503700.0,961000.0,176800.0,991400.0,576400.0,66400.0,997800.0,9700.0,151000.0,2005700.0,2837500.0,1466700.0,321500.0,1049900.0,160100.0,700000.0,72200.0,6500.0
20231026101824000,SZSE,SZSE.ETF.159919,3.623,3.625,3.64,3.618,0.0,4.003,3.275,413991554.0,1471868.0,413991554.0,1471868.0,0.0,0.0,20231026,20231026,101824000,3.639,0.0,0.0,3.622,3.621,3.62,3.619,3.618,3.617,3.616,3.615,3.614,3.613,3.623,3.624,3.625,3.626,3.627,3.628,3.629,3.63,3.631,3.633,35300.0,781600.0,1915900.0,1444200.0,935300.0,190800.0,1103100.0,376400.0,166400.0,1104800.0,1767400.0,2367500.0,1436700.0,1359500.0,228200.0,150800.0,700000.0,112200.0,6500.0,52300.0
20231026101827000,SZSE,SZSE.ETF.159919,3.622,3.625,3.64,3.618,0.0,4.003,3.275,415354151.0,1362597.0,415354151.0,1362597.0,0.0,0.0,20231026,20231026,101827000,3.639,0.0,0.0,3.621,3.62,3.619,3.618,3.617,3.616,3.615,3.614,3.613,3.612,3.622,3.623,3.624,3.625,3.626,3.627,3.628,3.629,3.63,3.631,781600.0,1815900.0,1344200.0,1105300.0,302500.0,121400.0,1376400.0,166400.0,1137800.0,9700.0,180000.0,1767400.0,2269900.0,1726100.0,1261500.0,205500.0,104500.0,700000.0,72300.0,6500.0
20231026101830000,SZSE,SZSE.ETF.159919,3.622,3.625,3.64,3.618,0.0,4.003,3.275,415354875.0,724.0,415354875.0,724.0,0.0,0.0,20231026,20231026,101830000,3.639,0.0,0.0,3.621,3.62,3.619,3.618,3.617,3.616,3.615,3.614,3.613,3.612,3.622,3.623,3.624,3.625,3.626,3.627,3.628,3.629,3.63,3.631,1481600.0,1215900.0,1444200.0,935300.0,190800.0,203100.0,1276400.0,166400.0,164800.0,982700.0,139800.0,1305500.0,2399900.0,1596100.0,1792500.0,228200.0,150800.0,700000.0,72300.0,6500.0
20231026101833000,SZSE,SZSE.ETF.159919,3.622,3.625,3.64,3.618,0.0,4.003,3.275,415367914.0,13039.0,415367914.0,13039.0,0.0,0.0,20231026,20231026,101833000,3.639,0.0,0.0,3.621,3.62,3.619,3.618,3.617,3.616,3.615,3.614,3.613,3.612,3.622,3.623,3.624,3.625,3.626,3.627,3.628,3.629,3.63,3.631,1381600.0,1315900.0,1444200.0,935300.0,218800.0,175100.0,1476400.0,166400.0,64800.0,982700.0,176200.0,1505500.0,1859300.0,1436700.0,1364500.0,256200.0,150800.0,700000.0,72300.0,6500.0
20231026101836000,SZSE,SZSE.ETF.159919,3.622,3.625,3.64,3.618,0.0,4.003,3.275,415367914.0,0.0,415367914.0,0.0,0.0,0.0,20231026,20231026,101836000,3.639,0.0,0.0,3.621,3.62,3.619,3.618,3.617,3.616,3.615,3.614,3.613,3.612,3.622,3.623,3.624,3.625,3.626,3.627,3.628,3.629,3.63,3.631,1470600.0,1326900.0,1344200.0,935400.0,190800.0,203100.0,1376400.0,166400.0,64800.0,942700.0,147200.0,1956500.0,1799900.0,1296200.0,1352500.0,228200.0,150800.0,700000.0,72300.0,6500.0
20231026101839000,SZSE,SZSE.ETF.159919,3.622,3.625,3.64,3.618,0.0,4.003,3.275,415404859.0,36945.0,415404859.0,36945.0,0.0,0.0,20231026,20231026,101839000,3.639,0.0,0.0,3.621,3.62,3.619,3.618,3.617,3.616,3.615,3.614,3.613,3.612,3.622,3.623,3.624,3.625,3.626,3.627,3.628,3.629,3.63,3.631,542000.0,2156100.0,1444200.0,935400.0,190800.0,203100.0,1376400.0,166400.0,64800.0,982700.0,166000.0,1967500.0,1859300.0,1136800.0,1392500.0,228200.0,150800.0,700000.0,72300.0,6500.0
20231026101842000,SZSE,SZSE.ETF.159919,3.622,3.625,3.64,3.618,0.0,4.003,3.275,415404859.0,0.0,415404859.0,0.0,0.0,0.0,20231026,20231026,101842000,3.639,0.0,0.0,3.621,3.62,3.619,3.618,3.617,3.616,3.615,3.614,3.613,3.612,3.622,3.623,3.624,3.625,3.626,3.627,3.628,3.629,3.63,3.631,542000.0,2156100.0,1444200.0,935400.0,188700.0,203100.0,1276400.0,166400.0,64800.0,982700.0,166000.0,1967500.0,1659300.0,1236800.0,1492500.0,128200.0,50800.0,700000.0,12300.0,6500.0
20231026101845000,SZSE,SZSE.ETF.159919,3.622,3.625,3.64,3.618,0.0,4.003,3.275,415420433.0,15574.0,415420433.0,15574.0,0.0,0.0,20231026,20231026,101845000,3.639,0.0,0.0,3.621,3.62,3.619,3.618,3.617,3.616,3.615,3.614,3.613,3.612,3.622,3.623,3.624,3.625,3.626,3.627,3.628,3.629,3.63,3.631,771400.0,2227500.0,1144200.0,935400.0,188700.0,203100.0,1376400.0,166400.0,64800.0,982700.0,172700.0,1856500.0,1559300.0,1236800.0,1492500.0,128200.0,50800.0,700000.0,12300.0,6500.0
20231026101848000,SZSE,SZSE.ETF.159919,3.622,3.625,3.64,3.618,0.0,4.003,3.275,415456653.0,36220.0,415456653.0,36220.0,0.0,0.0,20231026,20231026,101848000,3.639,0.0,0.0,3.621,3.62,3.619,3.618,3.617,3.616,3.615,3.614,3.613,3.612,3.622,3.623,3.624,3.625,3.626,3.627,3.628,3.629,3.63,3.631,1396400.0,1629600.0,1144200.0,935400.0,188700.0,203100.0,1276400.0,166400.0,64800.0,983200.0,200700.0,2156500.0,1659300.0,1136800.0,1492500.0,228200.0,50800.0,700000.0,12300.0,6500.0
20231026101851000,SZSE,SZSE.ETF.159919,3.622,3.625,3.64,3.618,0.0,4.003,3.275,415456653.0,0.0,415456653.0,0.0,0.0,0.0,20231026,20231026,101851000,3.639,0.0,0.0,3.621,3.62,3.619,3.618,3.617,3.616,3.615,3.614,3.613,3.612,3.622,3.623,3.624,3.625,3.626,3.627,3.628,3.629,3.63,3.631,546800.0,2069200.0,1444200.0,1135400.0,188700.0,203100.0,276400.0,1166400.0,164800.0,943200.0,362700.0,2156500.0,1859300.0,1036800.0,1152500.0,228200.0,50800.0,700000.0,12300.0,6500.0
20231026101854000,SZSE,SZSE.ETF.159919,3.622,3.625,3.64,3.618,0.0,4.003,3.275,415456653.0,0.0,415456653.0,0.0,0.0,0.0,20231026,20231026,101854000,3.639,0.0,0.0,3.621,3.62,3.619,3.618,3.617,3.616,3.615,3.614,3.613,3.612,3.622,3.623,3.624,3.625,3.626,3.627,3.628,3.629,3.63,3.631,256800.0,2169200.0,1444200.0,935400.0,188700.0,256800.0,276400.0,1166400.0,164800.0,983200.0,262700.0,2256500.0,1759300.0,1136800.0,1192500.0,181900.0,50800.0,700000.0,12300.0,6500.0
20231026101857000,SZSE,SZSE.ETF.159919,3.621,3.625,3.64,3.618,0.0,4.003,3.275,415600046.0,143393.0,415600046.0,143393.0,0.0,0.0,20231026,20231026,101857000,3.639,0.0,0.0,3.621,3.62,3.619,3.618,3.617,3.616,3.615,3.614,3.613,3.612,3.622,3.623,3.624,3.625,3.626,3.627,3.628,3.629,3.63,3.631,848400.0,1929600.0,1444200.0,935600.0,188700.0,256800.0,276400.0,1266400.0,164800.0,983200.0,164900.0,2356500.0,1859300.0,2076800.0,152500.0,181900.0,50800.0,700000.0,12300.0,6500.0
20231026101900000,SZSE,SZSE.ETF.159919,3.622,3.625,3.64,3.618,0.0,4.003,3.275,415609101.0,9055.0,415609101.0,9055.0,0.0,0.0,20231026,20231026,101900000,3.639,0.0,0.0,3.621,3.62,3.619,3.618,3.617,3.616,3.615,3.614,3.613,3.612,3.622,3.623,3.624,3.625,3.626,3.627,3.628,3.629,3.63,3.631,848400.0,1929900.0,1444200.0,935600.0,188700.0,203100.0,273700.0,1166400.0,168900.0,983200.0,182100.0,2456500.0,1459300.0,2076800.0,552500.0,228200.0,50800.0,700000.0,12300.0,6500.0
20231026101903000,SZSE,SZSE.ETF.159919,3.622,3.625,3.64,3.618,0.0,4.003,3.275,415609101.0,0.0,415609101.0,0.0,0.0,0.0,20231026,20231026,101903000,3.639,0.0,0.0,3.621,3.62,3.619,3.618,3.617,3.616,3.615,3.614,3.613,3.612,3.622,3.623,3.624,3.625,3.626,3.627,3.628,3.629,3.63,3.631,216800.0,1442400.0,2071300.0,1035600.0,188700.0,173100.0,303700.0,1266400.0,168900.0,43200.0,1282000.0,2058900.0,1256900.0,1436900.0,552500.0,128200.0,650800.0,100000.0,12300.0,6500.0
20231026101906000,SZSE,SZSE.ETF.159919,3.621,3.625,3.64,3.618,0.0,4.003,3.275,415803194.0,194093.0,415803194.0,194093.0,0.0,0.0,20231026,20231026,101906000,3.639,0.0,0.0,3.62,3.619,3.618,3.617,3.616,3.615,3.614,3.613,3.612,3.611,3.621,3.622,3.623,3.624,3.625,3.626,3.627,3.628,3.629,3.63,1492400.0,1248800.0,1335600.0,616700.0,245100.0,403700.0,166400.0,168900.0,943200.0,1029300.0,63200.0,1590800.0,2302700.0,1397500.0,1276900.0,124500.0,156200.0,650800.0,100000.0,12300.0
20231026101909000,SZSE,SZSE.ETF.159919,3.621,3.625,3.64,3.618,0.0,4.003,3.275,415803556.0,362.0,415803556.0,362.0,0.0,0.0,20231026,20231026,101909000,3.639,0.0,0.0,3.62,3.619,3.618,3.617,3.616,3.615,3.614,3.613,3.612,3.611,3.621,3.622,3.623,3.624,3.625,3.626,3.627,3.628,3.629,3.63,653800.0,2170700.0,1373100.0,891000.0,189100.0,385400.0,66400.0,1208900.0,110200.0,1029300.0,103100.0,1491800.0,2131700.0,967600.0,1474900.0,202800.0,46900.0,650800.0,60000.0,12300.0
20231026101912000,SZSE,SZSE.ETF.159919,3.621,3.625,3.64,3.618,0.0,4.003,3.275,415809712.0,6156.0,415809712.0,6156.0,0.0,0.0,20231026,20231026,101912000,3.639,0.0,0.0,3.62,3.619,3.618,3.617,3.616,3.615,3.614,3.613,3.612,3.611,3.621,3.622,3.623,3.624,3.625,3.626,3.627,3.628,3.629,3.63,943800.0,2270700.0,1373100.0,791000.0,189100.0,385400.0,66400.0,1208900.0,110200.0,1062300.0,39300.0,1496000.0,2031700.0,967600.0,1507900.0,202800.0,46900.0,650800.0,60000.0,12300.0
20231026101915000,SZSE,SZSE.ETF.159919,3.621,3.625,3.64,3.618,0.0,4.003,3.275,415823471.0,13759.0,415823471.0,13759.0,0.0,0.0,20231026,20231026,101915000,3.639,0.0,0.0,3.62,3.619,3.618,3.617,3.616,3.615,3.614,3.613,3.612,3.611,3.621,3.622,3.623,3.624,3.625,3.626,3.627,3.628,3.629,3.63,192700.0,1654600.0,1900200.0,893700.0,189100.0,355400.0,96400.0,1208900.0,110200.0,1062300.0,1047500.0,1387400.0,2129300.0,1507600.0,267900.0,202800.0,646900.0,50800.0,60000.0,12300.0
20231026101918000,SZSE,SZSE.ETF.159919,3.62,3.625,3.64,3.618,0.0,4.003,3.275,416340045.0,516574.0,416340045.0,516574.0,0.0,0.0,20231026,20231026,101918000,3.639,0.0,0.0,3.619,3.618,3.617,3.616,3.615,3.614,3.613,3.612,3.611,3.61,3.62,3.621,3.622,3.623,3.624,3.625,3.626,3.627,3.628,3.629,785600.0,1962900.0,1193700.0,217100.0,427400.0,196400.0,208900.0,1050200.0,122300.0,1553000.0,40000.0,1226400.0,1566700.0,2249400.0,1387600.0,139900.0,130800.0,646900.0,10800.0,60000.0
20231026101921000,SZSE,SZSE.ETF.159919,3.62,3.625,3.64,3.618,0.0,4.003,3.275,416349457.0,9412.0,416349457.0,9412.0,0.0,0.0,20231026,20231026,101921000,3.639,0.0,0.0,3.619,3.618,3.617,3.616,3.615,3.614,3.613,3.612,3.611,3.61,3.621,3.622,3.623,3.624,3.625,3.626,3.627,3.628,3.629,3.63,1128300.0,2640200.0,1293700.0,91400.0,371400.0,178100.0,108900.0,1150200.0,89300.0,1553100.0,1141500.0,1387900.0,1719400.0,1585600.0,218200.0,21500.0,646900.0,50800.0,60000.0,12300.0
20231026101924000,SZSE,SZSE.ETF.159919,3.619,3.625,3.64,3.618,0.0,4.003,3.275,416353438.0,3981.0,416353438.0,3981.0,0.0,0.0,20231026,20231026,101924000,3.639,0.0,0.0,3.619,3.618,3.617,3.616,3.615,3.614,3.613,3.612,3.611,3.61,3.62,3.621,3.622,3.623,3.624,3.625,3.626,3.627,3.628,3.629,1027200.0,2740200.0,1293700.0,91400.0,452100.0,96400.0,108900.0,1150200.0,122300.0,1513100.0,100000.0,1403600.0,1617300.0,1590000.0,1347600.0,249200.0,21500.0,647000.0,10800.0,60000.0
