minute,TradeDate,OrigTime,OfferPx1,BidPx1,OfferSize1,BidSize1,OfferPx2,BidPx2,OfferSize2,BidSize2,OfferPx3,BidPx3,OfferSize3,BidSize3,OfferPx4,BidPx4,OfferSize4,BidSize4,OfferPx5,BidPx5,OfferSize5,BidSize5,DownLimitPx,HighPx,LastPx,LowPx,OpenPx,PreClosePx,TotalValueTrade,TotalVolumeTrade,UpLimitPx,ticker,datetime,wap1,price_spread,price_spread2,bid_spread,ask_spread,bid_ask_spread,total_bid_qty,total_ask_qty,total_qty_diff,weighted_bid_prc,weighted_ask_prc,total_volume,volume_imbalance,log_return,PxChange1,PxChange2,mid,open,high,low,close,volume,amount,vwap,tendency,f_max,f_min,df_max,df_min,abs_diff,energy,iqr_p,abs_diff_v,energy_v,iqr_p_v,bOF1,aOF1,OFI1,bOF2,aOF2,OFI2,bOF3,aOF3,OFI3,bOF4,aOF4,OFI4,bOF5,aOF5,OFI5,volatility_QMLE,volatility
0.0,0.0,0.0,0.0,0.0,0.0,0.0,0.0,0.0,0.0,0.0,0.0,0.0,0.0,0.0,0.0,0.0,0.0,0.0,0.0,0.0,0.0,0.0,0.0,0.0,0.0,0.0,0.0,0.0,0.0,0.0,0.0,0.0,0.0,0.0,0.0,0.0,0.0,0.0,0.0,0.0,0.0,0.0,0.0,0.0,0.0,0.0,0.0,0.0,0.0,0.0,0.0,0.0,0.0,0.0,0.0,0.0,0.0,0.0,0.0,0.0,0.0,0.0,0.0,0.0,0.0,0.0,0.0,0.0,0.0,0.0,0.0,0.0,0.0,0.0,0.0,0.0,0.0,0.0,0.0,0.0,0.0,0.0,0.0,0.0,0.0
0.0,0.0,0.0,0.0,0.0,0.0,0.0,0.0,0.0,0.0,0.0,0.0,0.0,0.0,0.0,0.0,0.0,0.0,0.0,0.0,0.0,0.0,0.0,0.0,0.0,0.0,0.0,0.0,0.0,0.0,0.0,0.0,0.0,0.0,0.0,0.0,0.0,0.0,0.0,0.0,0.0,0.0,0.0,0.0,0.0,0.0,0.0,0.0,0.0,0.0,0.0,0.0,0.0,0.0,0.0,0.0,0.0,0.0,0.0,0.0,0.0,0.0,0.0,0.0,0.0,0.0,0.0,0.0,0.0,0.0,0.0,0.0,0.0,0.0,0.0,0.0,0.0,0.0,0.0,0.0,0.0,0.0,0.0,0.0,0.0,0.0
0.0,0.0,0.0,0.0,0.0,0.0,0.0,0.0,0.0,0.0,0.0,0.0,0.0,0.0,0.0,0.0,0.0,0.0,0.0,0.0,0.0,0.0,0.0,0.0,0.0,0.0,0.0,0.0,0.0,0.0,0.0,0.0,0.0,0.0,0.0,0.0,0.0,0.0,0.0,0.0,0.0,0.0,0.0,0.0,0.0,0.0,0.0,0.0,0.0,0.0,0.0,0.0,0.0,0.0,0.0,0.0,0.0,0.0,0.0,0.0,0.0,0.0,0.0,0.0,0.0,0.0,0.0,0.0,0.0,0.0,0.0,0.0,0.0,0.0,0.0,0.0,0.0,0.0,0.0,0.0,0.0,0.0,0.0,0.0,0.0,0.0
0.0,0.0,0.0,0.0,0.0,0.0,0.0,0.0,0.0,0.0,0.0,0.0,0.0,0.0,0.0,0.0,0.0,0.0,0.0,0.0,0.0,0.0,0.0,0.0,0.0,0.0,0.0,0.0,0.0,0.0,0.0,0.0,0.0,0.0,0.0,0.0,0.0,0.0,0.0,0.0,0.0,0.0,0.0,0.0,0.0,0.0,0.0,0.0,0.0,0.0,0.0,0.0,0.0,0.0,0.0,0.0,0.0,0.0,0.0,0.0,0.0,0.0,0.0,0.0,0.0,0.0,0.0,0.0,0.0,0.0,0.0,0.0,0.0,0.0,0.0,0.0,0.0,0.0,0.0,0.0,0.0,0.0,0.0,0.0,0.0,0.0
0.0,0.0,0.0,0.0,0.0,0.0,0.0,0.0,0.0,0.0,0.0,0.0,0.0,0.0,0.0,0.0,0.0,0.0,0.0,0.0,0.0,0.0,0.0,0.0,0.0,0.0,0.0,0.0,0.0,0.0,0.0,0.0,0.0,0.0,0.0,0.0,0.0,0.0,0.0,0.0,0.0,0.0,0.0,0.0,0.0,0.0,0.0,0.0,0.0,0.0,0.0,0.0,0.0,0.0,0.0,0.0,0.0,0.0,0.0,0.0,0.0,0.0,0.0,0.0,0.0,0.0,0.0,0.0,0.0,0.0,0.0,0.0,0.0,0.0,0.0,0.0,0.0,0.0,0.0,0.0,0.0,0.0,0.0,0.0,0.0,0.0
0.0,0.0,0.0,0.0,0.0,0.0,0.0,0.0,0.0,0.0,0.0,0.0,0.0,0.0,0.0,0.0,0.0,0.0,0.0,0.0,0.0,0.0,0.0,0.0,0.0,0.0,0.0,0.0,0.0,0.0,0.0,0.0,0.0,0.0,0.0,0.0,0.0,0.0,0.0,0.0,0.0,0.0,0.0,0.0,0.0,0.0,0.0,0.0,0.0,0.0,0.0,0.0,0.0,0.0,0.0,0.0,0.0,0.0,0.0,0.0,0.0,0.0,0.0,0.0,0.0,0.0,0.0,0.0,0.0,0.0,0.0,0.0,0.0,0.0,0.0,0.0,0.0,0.0,0.0,0.0,0.0,0.0,0.0,0.0,0.0,0.0
0.0,0.0,0.0,0.0,0.0,0.0,0.0,0.0,0.0,0.0,0.0,0.0,0.0,0.0,0.0,0.0,0.0,0.0,0.0,0.0,0.0,0.0,0.0,0.0,0.0,0.0,0.0,0.0,0.0,0.0,0.0,0.0,0.0,0.0,0.0,0.0,0.0,0.0,0.0,0.0,0.0,0.0,0.0,0.0,0.0,0.0,0.0,0.0,0.0,0.0,0.0,0.0,0.0,0.0,0.0,0.0,0.0,0.0,0.0,0.0,0.0,0.0,0.0,0.0,0.0,0.0,0.0,0.0,0.0,0.0,0.0,0.0,0.0,0.0,0.0,0.0,0.0,0.0,0.0,0.0,0.0,0.0,0.0,0.0,0.0,0.0
0.0,0.0,0.0,0.0,0.0,0.0,0.0,0.0,0.0,0.0,0.0,0.0,0.0,0.0,0.0,0.0,0.0,0.0,0.0,0.0,0.0,0.0,0.0,0.0,0.0,0.0,0.0,0.0,0.0,0.0,0.0,0.0,0.0,0.0,0.0,0.0,0.0,0.0,0.0,0.0,0.0,0.0,0.0,0.0,0.0,0.0,0.0,0.0,0.0,0.0,0.0,0.0,0.0,0.0,0.0,0.0,0.0,0.0,0.0,0.0,0.0,0.0,0.0,0.0,0.0,0.0,0.0,0.0,0.0,0.0,0.0,0.0,0.0,0.0,0.0,0.0,0.0,0.0,0.0,0.0,0.0,0.0,0.0,0.0,0.0,0.0
0.0,0.0,0.0,0.0,0.0,0.0,0.0,0.0,0.0,0.0,0.0,0.0,0.0,0.0,0.0,0.0,0.0,0.0,0.0,0.0,0.0,0.0,0.0,0.0,0.0,0.0,0.0,0.0,0.0,0.0,0.0,0.0,0.0,0.0,0.0,0.0,0.0,0.0,0.0,0.0,0.0,0.0,0.0,0.0,0.0,0.0,0.0,0.0,0.0,0.0,0.0,0.0,0.0,0.0,0.0,0.0,0.0,0.0,0.0,0.0,0.0,0.0,0.0,0.0,0.0,0.0,0.0,0.0,0.0,0.0,0.0,0.0,0.0,0.0,0.0,0.0,0.0,0.0,0.0,0.0,0.0,0.0,0.0,0.0,0.0,0.0
0.0,0.0,0.0,0.0,0.0,0.0,0.0,0.0,0.0,0.0,0.0,0.0,0.0,0.0,0.0,0.0,0.0,0.0,0.0,0.0,0.0,0.0,0.0,0.0,0.0,0.0,0.0,0.0,0.0,0.0,0.0,0.0,0.0,0.0,0.0,0.0,0.0,0.0,0.0,0.0,0.0,0.0,0.0,0.0,0.0,0.0,0.0,0.0,0.0,0.0,0.0,0.0,0.0,0.0,0.0,0.0,0.0,0.0,0.0,0.0,0.0,0.0,0.0,0.0,0.0,0.0,0.0,0.0,0.0,0.0,0.0,0.0,0.0,0.0,0.0,0.0,0.0,0.0,0.0,0.0,0.0,0.0,0.0,0.0,0.0,0.0
0.0,0.0,0.0,0.0,0.0,0.0,0.0,0.0,0.0,0.0,0.0,0.0,0.0,0.0,0.0,0.0,0.0,0.0,0.0,0.0,0.0,0.0,0.0,0.0,0.0,0.0,0.0,0.0,0.0,0.0,0.0,0.0,0.0,0.0,0.0,0.0,0.0,0.0,0.0,0.0,0.0,0.0,0.0,0.0,0.0,0.0,0.0,0.0,0.0,0.0,0.0,0.0,0.0,0.0,0.0,0.0,0.0,0.0,0.0,0.0,0.0,0.0,0.0,0.0,0.0,0.0,0.0,0.0,0.0,0.0,0.0,0.0,0.0,0.0,0.0,0.0,0.0,0.0,0.0,0.0,0.0,0.0,0.0,0.0,0.0,0.0
0.0,0.0,0.0,0.0,0.0,0.0,0.0,0.0,0.0,0.0,0.0,0.0,0.0,0.0,0.0,0.0,0.0,0.0,0.0,0.0,0.0,0.0,0.0,0.0,0.0,0.0,0.0,0.0,0.0,0.0,0.0,0.0,0.0,0.0,0.0,0.0,0.0,0.0,0.0,0.0,0.0,0.0,0.0,0.0,0.0,0.0,0.0,0.0,0.0,0.0,0.0,0.0,0.0,0.0,0.0,0.0,0.0,0.0,0.0,0.0,0.0,0.0,0.0,0.0,0.0,0.0,0.0,0.0,0.0,0.0,0.0,0.0,0.0,0.0,0.0,0.0,0.0,0.0,0.0,0.0,0.0,0.0,0.0,0.0,0.0,0.0
0.0,0.0,0.0,0.0,0.0,0.0,0.0,0.0,0.0,0.0,0.0,0.0,0.0,0.0,0.0,0.0,0.0,0.0,0.0,0.0,0.0,0.0,0.0,0.0,0.0,0.0,0.0,0.0,0.0,0.0,0.0,0.0,0.0,0.0,0.0,0.0,0.0,0.0,0.0,0.0,0.0,0.0,0.0,0.0,0.0,0.0,0.0,0.0,0.0,0.0,0.0,0.0,0.0,0.0,0.0,0.0,0.0,0.0,0.0,0.0,0.0,0.0,0.0,0.0,0.0,0.0,0.0,0.0,0.0,0.0,0.0,0.0,0.0,0.0,0.0,0.0,0.0,0.0,0.0,0.0,0.0,0.0,0.0,0.0,0.0,0.0
0.0,0.0,0.0,0.0,0.0,0.0,0.0,0.0,0.0,0.0,0.0,0.0,0.0,0.0,0.0,0.0,0.0,0.0,0.0,0.0,0.0,0.0,0.0,0.0,0.0,0.0,0.0,0.0,0.0,0.0,0.0,0.0,0.0,0.0,0.0,0.0,0.0,0.0,0.0,0.0,0.0,0.0,0.0,0.0,0.0,0.0,0.0,0.0,0.0,0.0,0.0,0.0,0.0,0.0,0.0,0.0,0.0,0.0,0.0,0.0,0.0,0.0,0.0,0.0,0.0,0.0,0.0,0.0,0.0,0.0,0.0,0.0,0.0,0.0,0.0,0.0,0.0,0.0,0.0,0.0,0.0,0.0,0.0,0.0,0.0,0.0
0.0,0.0,0.0,0.0,0.0,0.0,0.0,0.0,0.0,0.0,0.0,0.0,0.0,0.0,0.0,0.0,0.0,0.0,0.0,0.0,0.0,0.0,0.0,0.0,0.0,0.0,0.0,0.0,0.0,0.0,0.0,0.0,0.0,0.0,0.0,0.0,0.0,0.0,0.0,0.0,0.0,0.0,0.0,0.0,0.0,0.0,0.0,0.0,0.0,0.0,0.0,0.0,0.0,0.0,0.0,0.0,0.0,0.0,0.0,0.0,0.0,0.0,0.0,0.0,0.0,0.0,0.0,0.0,0.0,0.0,0.0,0.0,0.0,0.0,0.0,0.0,0.0,0.0,0.0,0.0,0.0,0.0,0.0,0.0,0.0,0.0
0.0,0.0,0.0,0.0,0.0,0.0,0.0,0.0,0.0,0.0,0.0,0.0,0.0,0.0,0.0,0.0,0.0,0.0,0.0,0.0,0.0,0.0,0.0,0.0,0.0,0.0,0.0,0.0,0.0,0.0,0.0,0.0,0.0,0.0,0.0,0.0,0.0,0.0,0.0,0.0,0.0,0.0,0.0,0.0,0.0,0.0,0.0,0.0,0.0,0.0,0.0,0.0,0.0,0.0,0.0,0.0,0.0,0.0,0.0,0.0,0.0,0.0,0.0,0.0,0.0,0.0,0.0,0.0,0.0,0.0,0.0,0.0,0.0,0.0,0.0,0.0,0.0,0.0,0.0,0.0,0.0,0.0,0.0,0.0,0.0,0.0
0.0,0.0,0.0,0.0,0.0,0.0,0.0,0.0,0.0,0.0,0.0,0.0,0.0,0.0,0.0,0.0,0.0,0.0,0.0,0.0,0.0,0.0,0.0,0.0,0.0,0.0,0.0,0.0,0.0,0.0,0.0,0.0,0.0,0.0,0.0,0.0,0.0,0.0,0.0,0.0,0.0,0.0,0.0,0.0,0.0,0.0,0.0,0.0,0.0,0.0,0.0,0.0,0.0,0.0,0.0,0.0,0.0,0.0,0.0,0.0,0.0,0.0,0.0,0.0,0.0,0.0,0.0,0.0,0.0,0.0,0.0,0.0,0.0,0.0,0.0,0.0,0.0,0.0,0.0,0.0,0.0,0.0,0.0,0.0,0.0,0.0
0.0,0.0,0.0,0.0,0.0,0.0,0.0,0.0,0.0,0.0,0.0,0.0,0.0,0.0,0.0,0.0,0.0,0.0,0.0,0.0,0.0,0.0,0.0,0.0,0.0,0.0,0.0,0.0,0.0,0.0,0.0,0.0,0.0,0.0,0.0,0.0,0.0,0.0,0.0,0.0,0.0,0.0,0.0,0.0,0.0,0.0,0.0,0.0,0.0,0.0,0.0,0.0,0.0,0.0,0.0,0.0,0.0,0.0,0.0,0.0,0.0,0.0,0.0,0.0,0.0,0.0,0.0,0.0,0.0,0.0,0.0,0.0,0.0,0.0,0.0,0.0,0.0,0.0,0.0,0.0,0.0,0.0,0.0,0.0,0.0,0.0
0.0,0.0,0.0,0.0,0.0,0.0,0.0,0.0,0.0,0.0,0.0,0.0,0.0,0.0,0.0,0.0,0.0,0.0,0.0,0.0,0.0,0.0,0.0,0.0,0.0,0.0,0.0,0.0,0.0,0.0,0.0,0.0,0.0,0.0,0.0,0.0,0.0,0.0,0.0,0.0,0.0,0.0,0.0,0.0,0.0,0.0,0.0,0.0,0.0,0.0,0.0,0.0,0.0,0.0,0.0,0.0,0.0,0.0,0.0,0.0,0.0,0.0,0.0,0.0,0.0,0.0,0.0,0.0,0.0,0.0,0.0,0.0,0.0,0.0,0.0,0.0,0.0,0.0,0.0,0.0,0.0,0.0,0.0,0.0,0.0,0.0
0.0,0.0,0.0,0.0,0.0,0.0,0.0,0.0,0.0,0.0,0.0,0.0,0.0,0.0,0.0,0.0,0.0,0.0,0.0,0.0,0.0,0.0,0.0,0.0,0.0,0.0,0.0,0.0,0.0,0.0,0.0,0.0,0.0,0.0,0.0,0.0,0.0,0.0,0.0,0.0,0.0,0.0,0.0,0.0,0.0,0.0,0.0,0.0,0.0,0.0,0.0,0.0,0.0,0.0,0.0,0.0,0.0,0.0,0.0,0.0,0.0,0.0,0.0,0.0,0.0,0.0,0.0,0.0,0.0,0.0,0.0,0.0,0.0,0.0,0.0,0.0,0.0,0.0,0.0,0.0,0.0,0.0,0.0,0.0,0.0,0.0
0.0,0.0,0.0,0.0,0.0,0.0,0.0,0.0,0.0,0.0,0.0,0.0,0.0,0.0,0.0,0.0,0.0,0.0,0.0,0.0,0.0,0.0,0.0,0.0,0.0,0.0,0.0,0.0,0.0,0.0,0.0,0.0,0.0,0.0,0.0,0.0,0.0,0.0,0.0,0.0,0.0,0.0,0.0,0.0,0.0,0.0,0.0,0.0,0.0,0.0,0.0,0.0,0.0,0.0,0.0,0.0,0.0,0.0,0.0,0.0,0.0,0.0,0.0,0.0,0.0,0.0,0.0,0.0,0.0,0.0,0.0,0.0,0.0,0.0,0.0,0.0,0.0,0.0,0.0,0.0,0.0,0.0,0.0,0.0,0.0,0.0
0.0,0.0,0.0,0.0,0.0,0.0,0.0,0.0,0.0,0.0,0.0,0.0,0.0,0.0,0.0,0.0,0.0,0.0,0.0,0.0,0.0,0.0,0.0,0.0,0.0,0.0,0.0,0.0,0.0,0.0,0.0,0.0,0.0,0.0,0.0,0.0,0.0,0.0,0.0,0.0,0.0,0.0,0.0,0.0,0.0,0.0,0.0,0.0,0.0,0.0,0.0,0.0,0.0,0.0,0.0,0.0,0.0,0.0,0.0,0.0,0.0,0.0,0.0,0.0,0.0,0.0,0.0,0.0,0.0,0.0,0.0,0.0,0.0,0.0,0.0,0.0,0.0,0.0,0.0,0.0,0.0,0.0,0.0,0.0,0.0,0.0
0.0,0.0,0.0,0.0,0.0,0.0,0.0,0.0,0.0,0.0,0.0,0.0,0.0,0.0,0.0,0.0,0.0,0.0,0.0,0.0,0.0,0.0,0.0,0.0,0.0,0.0,0.0,0.0,0.0,0.0,0.0,0.0,0.0,0.0,0.0,0.0,0.0,0.0,0.0,0.0,0.0,0.0,0.0,0.0,0.0,0.0,0.0,0.0,0.0,0.0,0.0,0.0,0.0,0.0,0.0,0.0,0.0,0.0,0.0,0.0,0.0,0.0,0.0,0.0,0.0,0.0,0.0,0.0,0.0,0.0,0.0,0.0,0.0,0.0,0.0,0.0,0.0,0.0,0.0,0.0,0.0,0.0,0.0,0.0,0.0,0.0
0.0,0.0,0.0,0.0,0.0,0.0,0.0,0.0,0.0,0.0,0.0,0.0,0.0,0.0,0.0,0.0,0.0,0.0,0.0,0.0,0.0,0.0,0.0,0.0,0.0,0.0,0.0,0.0,0.0,0.0,0.0,0.0,0.0,0.0,0.0,0.0,0.0,0.0,0.0,0.0,0.0,0.0,0.0,0.0,0.0,0.0,0.0,0.0,0.0,0.0,0.0,0.0,0.0,0.0,0.0,0.0,0.0,0.0,0.0,0.0,0.0,0.0,0.0,0.0,0.0,0.0,0.0,0.0,0.0,0.0,0.0,0.0,0.0,0.0,0.0,0.0,0.0,0.0,0.0,0.0,0.0,0.0,0.0,0.0,0.0,0.0
0.0,0.0,0.0,0.0,0.0,0.0,0.0,0.0,0.0,0.0,0.0,0.0,0.0,0.0,0.0,0.0,0.0,0.0,0.0,0.0,0.0,0.0,0.0,0.0,0.0,0.0,0.0,0.0,0.0,0.0,0.0,0.0,0.0,0.0,0.0,0.0,0.0,0.0,0.0,0.0,0.0,0.0,0.0,0.0,0.0,0.0,0.0,0.0,0.0,0.0,0.0,0.0,0.0,0.0,0.0,0.0,0.0,0.0,0.0,0.0,0.0,0.0,0.0,0.0,0.0,0.0,0.0,0.0,0.0,0.0,0.0,0.0,0.0,0.0,0.0,0.0,0.0,0.0,0.0,0.0,0.0,0.0,0.0,0.0,0.0,0.0
0.0,0.0,0.0,0.0,0.0,0.0,0.0,0.0,0.0,0.0,0.0,0.0,0.0,0.0,0.0,0.0,0.0,0.0,0.0,0.0,0.0,0.0,0.0,0.0,0.0,0.0,0.0,0.0,0.0,0.0,0.0,0.0,0.0,0.0,0.0,0.0,0.0,0.0,0.0,0.0,0.0,0.0,0.0,0.0,0.0,0.0,0.0,0.0,0.0,0.0,0.0,0.0,0.0,0.0,0.0,0.0,0.0,0.0,0.0,0.0,0.0,0.0,0.0,0.0,0.0,0.0,0.0,0.0,0.0,0.0,0.0,0.0,0.0,0.0,0.0,0.0,0.0,0.0,0.0,0.0,0.0,0.0,0.0,0.0,0.0,0.0
0.0,0.0,0.0,0.0,0.0,0.0,0.0,0.0,0.0,0.0,0.0,0.0,0.0,0.0,0.0,0.0,0.0,0.0,0.0,0.0,0.0,0.0,0.0,0.0,0.0,0.0,0.0,0.0,0.0,0.0,0.0,0.0,0.0,0.0,0.0,0.0,0.0,0.0,0.0,0.0,0.0,0.0,0.0,0.0,0.0,0.0,0.0,0.0,0.0,0.0,0.0,0.0,0.0,0.0,0.0,0.0,0.0,0.0,0.0,0.0,0.0,0.0,0.0,0.0,0.0,0.0,0.0,0.0,0.0,0.0,0.0,0.0,0.0,0.0,0.0,0.0,0.0,0.0,0.0,0.0,0.0,0.0,0.0,0.0,0.0,0.0
0.0,0.0,0.0,0.0,0.0,0.0,0.0,0.0,0.0,0.0,0.0,0.0,0.0,0.0,0.0,0.0,0.0,0.0,0.0,0.0,0.0,0.0,0.0,0.0,0.0,0.0,0.0,0.0,0.0,0.0,0.0,0.0,0.0,0.0,0.0,0.0,0.0,0.0,0.0,0.0,0.0,0.0,0.0,0.0,0.0,0.0,0.0,0.0,0.0,0.0,0.0,0.0,0.0,0.0,0.0,0.0,0.0,0.0,0.0,0.0,0.0,0.0,0.0,0.0,0.0,0.0,0.0,0.0,0.0,0.0,0.0,0.0,0.0,0.0,0.0,0.0,0.0,0.0,0.0,0.0,0.0,0.0,0.0,0.0,0.0,0.0
0.0,0.0,0.0,0.0,0.0,0.0,0.0,0.0,0.0,0.0,0.0,0.0,0.0,0.0,0.0,0.0,0.0,0.0,0.0,0.0,0.0,0.0,0.0,0.0,0.0,0.0,0.0,0.0,0.0,0.0,0.0,0.0,0.0,0.0,0.0,0.0,0.0,0.0,0.0,0.0,0.0,0.0,0.0,0.0,0.0,0.0,0.0,0.0,0.0,0.0,0.0,0.0,0.0,0.0,0.0,0.0,0.0,0.0,0.0,0.0,0.0,0.0,0.0,0.0,0.0,0.0,0.0,0.0,0.0,0.0,0.0,0.0,0.0,0.0,0.0,0.0,0.0,0.0,0.0,0.0,0.0,0.0,0.0,0.0,0.0,0.0
0.0,0.0,0.0,0.0,0.0,0.0,0.0,0.0,0.0,0.0,0.0,0.0,0.0,0.0,0.0,0.0,0.0,0.0,0.0,0.0,0.0,0.0,0.0,0.0,0.0,0.0,0.0,0.0,0.0,0.0,0.0,0.0,0.0,0.0,0.0,0.0,0.0,0.0,0.0,0.0,0.0,0.0,0.0,0.0,0.0,0.0,0.0,0.0,0.0,0.0,0.0,0.0,0.0,0.0,0.0,0.0,0.0,0.0,0.0,0.0,0.0,0.0,0.0,0.0,0.0,0.0,0.0,0.0,0.0,0.0,0.0,0.0,0.0,0.0,0.0,0.0,0.0,0.0,0.0,0.0,0.0,0.0,0.0,0.0,0.0,0.0
0.0,0.0,0.0,0.0,0.0,0.0,0.0,0.0,0.0,0.0,0.0,0.0,0.0,0.0,0.0,0.0,0.0,0.0,0.0,0.0,0.0,0.0,0.0,0.0,0.0,0.0,0.0,0.0,0.0,0.0,0.0,0.0,0.0,0.0,0.0,0.0,0.0,0.0,0.0,0.0,0.0,0.0,0.0,0.0,0.0,0.0,0.0,0.0,0.0,0.0,0.0,0.0,0.0,0.0,0.0,0.0,0.0,0.0,0.0,0.0,0.0,0.0,0.0,0.0,0.0,0.0,0.0,0.0,0.0,0.0,0.0,0.0,0.0,0.0,0.0,0.0,0.0,0.0,0.0,0.0,0.0,0.0,0.0,0.0,0.0,0.0
0.0,0.0,0.0,0.0,0.0,0.0,0.0,0.0,0.0,0.0,0.0,0.0,0.0,0.0,0.0,0.0,0.0,0.0,0.0,0.0,0.0,0.0,0.0,0.0,0.0,0.0,0.0,0.0,0.0,0.0,0.0,0.0,0.0,0.0,0.0,0.0,0.0,0.0,0.0,0.0,0.0,0.0,0.0,0.0,0.0,0.0,0.0,0.0,0.0,0.0,0.0,0.0,0.0,0.0,0.0,0.0,0.0,0.0,0.0,0.0,0.0,0.0,0.0,0.0,0.0,0.0,0.0,0.0,0.0,0.0,0.0,0.0,0.0,0.0,0.0,0.0,0.0,0.0,0.0,0.0,0.0,0.0,0.0,0.0,0.0,0.0
0.0,0.0,0.0,0.0,0.0,0.0,0.0,0.0,0.0,0.0,0.0,0.0,0.0,0.0,0.0,0.0,0.0,0.0,0.0,0.0,0.0,0.0,0.0,0.0,0.0,0.0,0.0,0.0,0.0,0.0,0.0,0.0,0.0,0.0,0.0,0.0,0.0,0.0,0.0,0.0,0.0,0.0,0.0,0.0,0.0,0.0,0.0,0.0,0.0,0.0,0.0,0.0,0.0,0.0,0.0,0.0,0.0,0.0,0.0,0.0,0.0,0.0,0.0,0.0,0.0,0.0,0.0,0.0,0.0,0.0,0.0,0.0,0.0,0.0,0.0,0.0,0.0,0.0,0.0,0.0,0.0,0.0,0.0,0.0,0.0,0.0
0.0,0.0,0.0,0.0,0.0,0.0,0.0,0.0,0.0,0.0,0.0,0.0,0.0,0.0,0.0,0.0,0.0,0.0,0.0,0.0,0.0,0.0,0.0,0.0,0.0,0.0,0.0,0.0,0.0,0.0,0.0,0.0,0.0,0.0,0.0,0.0,0.0,0.0,0.0,0.0,0.0,0.0,0.0,0.0,0.0,0.0,0.0,0.0,0.0,0.0,0.0,0.0,0.0,0.0,0.0,0.0,0.0,0.0,0.0,0.0,0.0,0.0,0.0,0.0,0.0,0.0,0.0,0.0,0.0,0.0,0.0,0.0,0.0,0.0,0.0,0.0,0.0,0.0,0.0,0.0,0.0,0.0,0.0,0.0,0.0,0.0
0.0,0.0,0.0,0.0,0.0,0.0,0.0,0.0,0.0,0.0,0.0,0.0,0.0,0.0,0.0,0.0,0.0,0.0,0.0,0.0,0.0,0.0,0.0,0.0,0.0,0.0,0.0,0.0,0.0,0.0,0.0,0.0,0.0,0.0,0.0,0.0,0.0,0.0,0.0,0.0,0.0,0.0,0.0,0.0,0.0,0.0,0.0,0.0,0.0,0.0,0.0,0.0,0.0,0.0,0.0,0.0,0.0,0.0,0.0,0.0,0.0,0.0,0.0,0.0,0.0,0.0,0.0,0.0,0.0,0.0,0.0,0.0,0.0,0.0,0.0,0.0,0.0,0.0,0.0,0.0,0.0,0.0,0.0,0.0,0.0,0.0
0.0,0.0,0.0,0.0,0.0,0.0,0.0,0.0,0.0,0.0,0.0,0.0,0.0,0.0,0.0,0.0,0.0,0.0,0.0,0.0,0.0,0.0,0.0,0.0,0.0,0.0,0.0,0.0,0.0,0.0,0.0,0.0,0.0,0.0,0.0,0.0,0.0,0.0,0.0,0.0,0.0,0.0,0.0,0.0,0.0,0.0,0.0,0.0,0.0,0.0,0.0,0.0,0.0,0.0,0.0,0.0,0.0,0.0,0.0,0.0,0.0,0.0,0.0,0.0,0.0,0.0,0.0,0.0,0.0,0.0,0.0,0.0,0.0,0.0,0.0,0.0,0.0,0.0,0.0,0.0,0.0,0.0,0.0,0.0,0.0,0.0
0.0,0.0,0.0,0.0,0.0,0.0,0.0,0.0,0.0,0.0,0.0,0.0,0.0,0.0,0.0,0.0,0.0,0.0,0.0,0.0,0.0,0.0,0.0,0.0,0.0,0.0,0.0,0.0,0.0,0.0,0.0,0.0,0.0,0.0,0.0,0.0,0.0,0.0,0.0,0.0,0.0,0.0,0.0,0.0,0.0,0.0,0.0,0.0,0.0,0.0,0.0,0.0,0.0,0.0,0.0,0.0,0.0,0.0,0.0,0.0,0.0,0.0,0.0,0.0,0.0,0.0,0.0,0.0,0.0,0.0,0.0,0.0,0.0,0.0,0.0,0.0,0.0,0.0,0.0,0.0,0.0,0.0,0.0,0.0,0.0,0.0
0.0,0.0,0.0,0.0,0.0,0.0,0.0,0.0,0.0,0.0,0.0,0.0,0.0,0.0,0.0,0.0,0.0,0.0,0.0,0.0,0.0,0.0,0.0,0.0,0.0,0.0,0.0,0.0,0.0,0.0,0.0,0.0,0.0,0.0,0.0,0.0,0.0,0.0,0.0,0.0,0.0,0.0,0.0,0.0,0.0,0.0,0.0,0.0,0.0,0.0,0.0,0.0,0.0,0.0,0.0,0.0,0.0,0.0,0.0,0.0,0.0,0.0,0.0,0.0,0.0,0.0,0.0,0.0,0.0,0.0,0.0,0.0,0.0,0.0,0.0,0.0,0.0,0.0,0.0,0.0,0.0,0.0,0.0,0.0,0.0,0.0
0.0,0.0,0.0,0.0,0.0,0.0,0.0,0.0,0.0,0.0,0.0,0.0,0.0,0.0,0.0,0.0,0.0,0.0,0.0,0.0,0.0,0.0,0.0,0.0,0.0,0.0,0.0,0.0,0.0,0.0,0.0,0.0,0.0,0.0,0.0,0.0,0.0,0.0,0.0,0.0,0.0,0.0,0.0,0.0,0.0,0.0,0.0,0.0,0.0,0.0,0.0,0.0,0.0,0.0,0.0,0.0,0.0,0.0,0.0,0.0,0.0,0.0,0.0,0.0,0.0,0.0,0.0,0.0,0.0,0.0,0.0,0.0,0.0,0.0,0.0,0.0,0.0,0.0,0.0,0.0,0.0,0.0,0.0,0.0,0.0,0.0
1010.0,20231026.0,2.0231026100957e+16,2.459,2.458,127000.0,42800.0,2.46,2.457,330000.0,277700.0,2.461,2.456,369000.0,1310500.0,2.462,2.455,699300.0,776000.0,2.463,2.454,334200.0,325100.0,2.231,2.477,2.459,2.456,2.467,2.479,48879191.0,48879191.0,2.727,159901.0,2023-10-26 10:09:57,2.458252061248528,0.0004067520846043,0.0012202562538133,0.0010000000000003,-0.0009999999999998,0.0020000000000002,2732100.0,1859500.0,-872600.0,2.4556109586032724,2.4614214573810167,4591600.0,872600.0,4.645510126222163e-05,-0.02,0.0,2.4585,2.459,2.459,2.459,2.459,48879191.0,48879191.0,1.0,0.0,0.0,0.0,0.0,0.0,0.0,6.046681,0.0,0.0,0.0,0.0,-42800.0,127000.0,-169800.0,-277700.0,330000.0,-607700.0,-1310500.0,369000.0,-1679500.0,-776000.0,699300.0,-1475300.0,-325100.0,334200.0,-659300.0,0.0219343568052512,0.0184886117972284
1011.0,20231026.0,2.0231026101057e+16,2.462,2.461,40400.0,420000.0,2.463,2.46,154100.0,1180700.0,2.464,2.459,388700.0,544700.0,2.465,2.458,544300.0,353900.0,2.466,2.457,460700.0,133400.0,2.231,2.477,2.462,2.456,2.467,2.479,49057610.0,49057610.0,2.727,159901.0,2023-10-26 10:10:57,2.461912250217203,0.0004062563477555,0.0012187690432663,0.0009999999999998,-0.0009999999999998,0.0019999999999997,2632700.0,1588200.0,-1044500.0,2.459531773464504,2.464774965369601,4220900.0,1044500.0,0.0014878322804552,-0.0169999999999999,0.0030000000000001,2.4615,2.459,2.462,2.459,2.462,178419.0,178419.0,1.0,5973072.412923718,8.0,12.0,2.0,0.0,0.0009000000000001,6.051109300000001,0.0019999999999997,8920.95,9384255447.0,4059.25,420000.0,-40400.0,460400.0,1180700.0,-154100.0,1334800.0,544700.0,-388700.0,933400.0,353900.0,-544300.0,898200.0,133400.0,-460700.0,594100.0,0.1531763461782741,0.1732018121438332
1012.0,20231026.0,2.0231026101157e+16,2.465,2.464,315900.0,2000.0,2.466,2.463,206000.0,233600.0,2.467,2.462,345100.0,1320100.0,2.468,2.461,531000.0,581900.0,2.469,2.46,505500.0,380000.0,2.231,2.477,2.464,2.456,2.467,2.479,49813098.0,49813098.0,2.727,159901.0,2023-10-26 10:11:57,2.464006291286568,0.0004057618178128,0.0012172854534388,0.0009999999999998,-0.0010000000000003,0.0020000000000002,2517600.0,1903500.0,-614100.0,2.4615613679694945,2.467369950091936,4421100.0,614100.0,0.0008502134892666,-0.0150000000000001,0.0019999999999997,2.4645,2.463,2.464,2.462,2.464,755488.0,755488.0,1.0,2034215.3223499088,8.0,12.0,2.0,1.0,0.0004999999999999,6.0678473,0.0009999999999998,37774.4,157813399378.0,20381.25,2000.0,-315900.0,317900.0,233600.0,-206000.0,439600.0,1320100.0,-345100.0,1665200.0,581900.0,-531000.0,1112900.0,380000.0,-505500.0,885500.0,0.2085339538008615,0.201597992453561
0.0,0.0,0.0,0.0,0.0,0.0,0.0,0.0,0.0,0.0,0.0,0.0,0.0,0.0,0.0,0.0,0.0,0.0,0.0,0.0,0.0,0.0,0.0,0.0,0.0,0.0,0.0,0.0,0.0,0.0,0.0,0.0,0.0,0.0,0.0,0.0,0.0,0.0,0.0,0.0,0.0,0.0,0.0,0.0,0.0,0.0,0.0,0.0,0.0,0.0,0.0,0.0,0.0,0.0,0.0,0.0,0.0,0.0,0.0,0.0,0.0,0.0,0.0,0.0,0.0,0.0,0.0,0.0,0.0,0.0,0.0,0.0,0.0,0.0,0.0,0.0,0.0,0.0,0.0,0.0,0.0,0.0,0.0,0.0,0.0,0.0
1014.0,20231026.0,2.0231026101351e+16,2.465,2.464,50000.0,62600.0,2.466,2.463,219900.0,1414700.0,2.467,2.462,271100.0,661900.0,2.468,2.461,216000.0,329300.0,2.469,2.46,565800.0,700.0,2.231,2.477,2.464,2.456,2.467,2.479,50942488.0,50942488.0,2.727,159901.0,2023-10-26 10:13:51,2.46455595026643,0.0004057618178128,0.0012172854534388,0.0009999999999998,-0.0010000000000003,0.0020000000000002,2469200.0,1322800.0,-1146400.0,2.462489713267455,2.467776912609616,3792000.0,1146400.0,5.529992782971061e-05,-0.0150000000000001,0.0,2.4645,2.464,2.466,2.464,2.464,120289.0,120289.0,1.0,-4414.984558254946,8.0,10.0,2.0,1.0,0.0006666666666665,6.074582444444446,0.0009999999999998,6682.722222222223,7832393573.0,0.0,62600.0,-143600.0,206200.0,1414700.0,-76100.0,1490800.0,661900.0,-98000.0,759900.0,329300.0,-376400.0,705700.0,700.0,45600.0,-44900.0,0.163791788771086,0.1901835378227301
0.0,0.0,0.0,0.0,0.0,0.0,0.0,0.0,0.0,0.0,0.0,0.0,0.0,0.0,0.0,0.0,0.0,0.0,0.0,0.0,0.0,0.0,0.0,0.0,0.0,0.0,0.0,0.0,0.0,0.0,0.0,0.0,0.0,0.0,0.0,0.0,0.0,0.0,0.0,0.0,0.0,0.0,0.0,0.0,0.0,0.0,0.0,0.0,0.0,0.0,0.0,0.0,0.0,0.0,0.0,0.0,0.0,0.0,0.0,0.0,0.0,0.0,0.0,0.0,0.0,0.0,0.0,0.0,0.0,0.0,0.0,0.0,0.0,0.0,0.0,0.0,0.0,0.0,0.0,0.0,0.0,0.0,0.0,0.0,0.0,0.0
1016.0,20231026.0,2.0231026101557e+16,2.466,2.465,290200.0,154300.0,2.467,2.464,381200.0,301000.0,2.468,2.463,416000.0,1630800.0,2.469,2.462,565800.0,1031000.0,2.47,2.461,271100.0,251300.0,2.231,2.477,2.466,2.456,2.467,2.479,51797980.0,51797980.0,2.727,159901.0,2023-10-26 10:15:57,2.465347131608549,0.0004055972419388,0.0012167917258163,0.0009999999999998,-0.0009999999999998,0.0019999999999997,3368400.0,1924300.0,-1444100.0,2.462725685785536,2.4680760796133665,5292700.0,1444100.0,0.0011697913393196,-0.0129999999999999,0.004,2.4655,2.462,2.466,2.462,2.466,735276.0,735276.0,1.0,8373361.149982334,14.0,6.0,4.0,0.0,0.0004999999999999,6.070804000000001,0.0009999999999998,36763.8,154932836580.0,15588.75,154300.0,-290200.0,444500.0,301000.0,-381200.0,682200.0,1630800.0,-416000.0,2046800.0,1031000.0,-565800.0,1596800.0,251300.0,-271100.0,522400.0,0.2415842868538083,0.2260530982508823
1017.0,20231026.0,2.0231026101657e+16,2.469,2.468,328600.0,175700.0,2.47,2.467,546400.0,331700.0,2.471,2.466,420200.0,377500.0,2.472,2.465,492200.0,1396300.0,2.473,2.464,143300.0,616400.0,2.231,2.477,2.468,2.456,2.467,2.479,52233830.0,52233830.0,2.727,159901.0,2023-10-26 10:16:57,2.46834840372794,0.0004051043143609,0.0012153129430828,0.0009999999999998,-0.0010000000000003,0.0020000000000002,2897600.0,1930700.0,-966900.0,2.465328409718388,2.4707799761744447,4828300.0,966900.0,0.0012166427652888,-0.0110000000000001,0.0019999999999997,2.4685,2.466,2.469,2.466,2.468,435850.0,435850.0,1.0,4199251.740795858,14.0,6.0,3.0,1.0,0.0004499999999985,6.088803750000002,0.0009999999999998,21792.5,72855381410.0,13139.0,175700.0,-328600.0,504300.0,331700.0,-546400.0,878100.0,377500.0,-420200.0,797700.0,1396300.0,-492200.0,1888500.0,616400.0,-143300.0,759700.0,0.2231446956073221,0.2119599825229426
1018.0,20231026.0,2.0231026101757e+16,2.465,2.464,151000.0,111700.0,2.466,2.463,120000.0,621200.0,2.467,2.462,554000.0,1365400.0,2.468,2.461,432100.0,472900.0,2.469,2.46,425600.0,402800.0,2.231,2.477,2.464,2.456,2.467,2.479,54384077.0,54384077.0,2.727,159901.0,2023-10-26 10:17:57,2.464425199847735,0.0004057618178128,0.0012172854534388,0.0009999999999998,-0.0010000000000003,0.0020000000000002,2974000.0,1682700.0,-1291300.0,2.4618541022192337,2.4675118559458014,4656700.0,1291300.0,-0.0015906688701777,-0.0150000000000001,-0.004,2.4645,2.468,2.468,2.464,2.464,2150247.0,2150247.0,1.0,-8635484.558223791,9.0,11.0,0.0,4.0,0.0010000000000001,6.079925049999999,0.0020000000000002,107512.35,1056304328089.0,61431.0,-111700.0,151000.0,-262700.0,-621200.0,120000.0,-741200.0,-1365400.0,554000.0,-1919400.0,-472900.0,432100.0,-905000.0,-402800.0,425600.0,-828400.0,0.2438874445990417,0.218475951566585
1019.0,20231026.0,2.0231026101857e+16,2.464,2.463,216300.0,404900.0,2.465,2.462,324800.0,320000.0,2.466,2.461,635500.0,382600.0,2.467,2.46,1215100.0,835600.0,2.468,2.459,151400.0,310500.0,2.231,2.477,2.464,2.456,2.467,2.479,54675819.0,54675819.0,2.727,159901.0,2023-10-26 10:18:57,2.463651802962009,0.0004059265272985,0.0012177795818955,0.0009999999999998,-0.0009999999999998,0.0019999999999997,2253600.0,2543100.0,289500.0,2.460854987575435,2.466299044473281,4796700.0,289500.0,-0.0003138737043412,-0.0150000000000001,0.0,2.4635,2.464,2.465,2.464,2.464,291742.0,291742.0,1.0,-1895.5846460843456,1.0,19.0,1.0,1.0,4.999999999943938e-05,6.071542450000002,0.0,14587.1,66030279114.0,0.0,-404900.0,216300.0,-621200.0,-320000.0,324800.0,-644800.0,-382600.0,635500.0,-1018100.0,-835600.0,1215100.0,-2050700.0,-310500.0,151400.0,-461900.0,0.1671629667237054,0.143080175240002
1020.0,20231026.0,2.0231026101957e+16,2.461,2.46,268000.0,137700.0,2.462,2.459,157400.0,409800.0,2.463,2.458,433700.0,864200.0,2.464,2.457,510700.0,448000.0,2.465,2.456,527300.0,188300.0,2.231,2.477,2.461,2.456,2.467,2.479,55867222.0,55867222.0,2.727,159901.0,2023-10-26 10:19:57,2.460339413359625,0.0004064214590529,0.0012192643771591,0.0009999999999998,-0.0010000000000003,0.0020000000000002,2048000.0,1897100.0,-150900.0,2.45793193359375,2.4634595962258183,3945100.0,150900.0,-0.0013454086152946,-0.0180000000000002,-0.0030000000000001,2.4605,2.464,2.464,2.461,2.461,1191403.0,1191403.0,1.0,-6786404.76356519,8.0,12.0,1.0,4.0,0.00075,6.06021425,0.0010000000000003,59570.15,810770327093.0,7566.75,-137700.0,268000.0,-405700.0,-409800.0,157400.0,-567200.0,-864200.0,433700.0,-1297900.0,-448000.0,510700.0,-958700.0,-188300.0,527300.0,-715600.0,0.1717125140462091,0.1458352836504485
1021.0,20231026.0,2.0231026102057e+16,2.462,2.461,202400.0,9600.0,2.463,2.46,293700.0,333200.0,2.464,2.459,366700.0,1330600.0,2.465,2.458,492100.0,714300.0,2.466,2.457,346400.0,363000.0,2.231,2.477,2.461,2.456,2.467,2.479,56832422.0,56832422.0,2.727,159901.0,2023-10-26 10:20:57,2.461045283018868,0.0004062563477555,0.0012187690432663,0.0009999999999998,-0.0009999999999998,0.0019999999999997,2750700.0,1701300.0,-1049400.0,2.458604500672556,2.4642858990183973,4452000.0,1049400.0,0.0002868581538048,-0.0180000000000002,0.0,2.4615,2.461,2.461,2.46,2.461,965200.0,965200.0,1.0,10627.0193886403,9.0,11.0,1.0,1.0,0.0004499999999998,6.053814449999999,0.0009999999999998,48260.0,241431328030.0,2952.0,9600.0,-202400.0,212000.0,333200.0,-293700.0,626900.0,1330600.0,-366700.0,1697300.0,714300.0,-492100.0,1206400.0,363000.0,-346400.0,709400.0,0.1549398070139586,0.1295280494324271
1022.0,20231026.0,2.0231026102157e+16,2.461,2.46,104600.0,165500.0,2.462,2.459,248800.0,965900.0,2.463,2.458,392700.0,783300.0,2.464,2.457,643300.0,461700.0,2.465,2.456,496700.0,203600.0,2.231,2.477,2.461,2.456,2.467,2.479,56881150.0,56881150.0,2.727,159901.0,2023-10-26 10:21:57,2.460612736023695,0.0004064214590529,0.0012192643771591,0.0009999999999998,-0.0010000000000003,0.0020000000000002,2580000.0,1886100.0,-693900.0,2.458165891472868,2.4636249403531094,4466100.0,693900.0,-0.0001757728776005,-0.0180000000000002,0.0,2.4605,2.461,2.461,2.461,2.461,48728.0,48728.0,1.0,0.0,20.0,0.0,0.0,0.0,4.440892098500626e-16,6.056520999999998,0.0,2436.4,1522570004.0,0.0,-165500.0,104600.0,-270100.0,-965900.0,248800.0,-1214700.0,-783300.0,392700.0,-1176000.0,-461700.0,643300.0,-1105000.0,-203600.0,496700.0,-700300.0,0.1425037158312868,0.1256452471666602
1023.0,20231026.0,2.0231026102257e+16,2.462,2.461,199600.0,1000.0,2.463,2.46,393700.0,269600.0,2.464,2.459,516700.0,1280600.0,2.465,2.458,642100.0,686300.0,2.466,2.457,196400.0,264700.0,2.231,2.477,2.461,2.456,2.467,2.479,57016490.0,57016490.0,2.727,159901.0,2023-10-26 10:22:57,2.461004985044865,0.0004062563477555,0.0012187690432663,0.0009999999999998,-0.0009999999999998,0.0019999999999997,2502200.0,1948500.0,-553700.0,2.4586226920310126,2.4641241981011035,4450700.0,553700.0,0.0001593984109418,-0.0180000000000002,0.0,2.4615,2.461,2.461,2.46,2.461,135340.0,135340.0,1.0,-370.30648853769526,12.0,8.0,2.0,2.0,0.0004000000000004,6.054552599999999,0.0009999999999998,6767.0,3992552434.0,5413.25,1000.0,-199600.0,200600.0,269600.0,-393700.0,663300.0,1280600.0,-516700.0,1797300.0,686300.0,-642100.0,1328400.0,264700.0,-196400.0,461100.0,0.1230010267978908,0.103996771792459
1024.0,20231026.0,2.0231026102357e+16,2.463,2.462,119600.0,9000.0,2.464,2.461,277700.0,339600.0,2.465,2.46,431700.0,1256000.0,2.466,2.459,671600.0,759200.0,2.467,2.458,150200.0,251400.0,2.231,2.477,2.462,2.456,2.467,2.479,57174550.0,57174550.0,2.727,159901.0,2023-10-26 10:23:57,2.4620699844479006,0.0004060913705583,0.0012182741116751,0.0010000000000003,-0.0009999999999998,0.0020000000000002,2615200.0,1650800.0,-964400.0,2.459654175588865,2.465275684516598,4266000.0,964400.0,0.0004326561859195,-0.0169999999999999,0.0010000000000003,2.4625000000000004,2.461,2.462,2.461,2.462,158060.0,158060.0,1.0,2318380.666125876,17.0,3.0,1.0,0.0,0.0001499999999992,6.060705550000001,0.0,7903.0,7220297160.0,2892.25,9000.0,-119600.0,128600.0,339600.0,-277700.0,617300.0,1256000.0,-431700.0,1687700.0,759200.0,-671600.0,1430800.0,251400.0,-150200.0,401600.0,0.1206414135403933,0.0995900373149939
1025.0,20231026.0,2.0231026102457e+16,2.46,2.459,114100.0,141200.0,2.461,2.458,249200.0,1155300.0,2.462,2.457,294000.0,632200.0,2.463,2.456,355100.0,458100.0,2.464,2.455,653400.0,334700.0,2.231,2.477,2.46,2.456,2.467,2.479,57339159.0,57339159.0,2.727,159901.0,2023-10-26 10:24:57,2.4595530748139445,0.0004065867046147,0.0012197601138441,0.0009999999999998,-0.0009999999999998,0.0019999999999997,2721500.0,1665800.0,-1055700.0,2.4571139812603344,2.4627110697562737,4387300.0,1055700.0,-0.0010227966762443,-0.0190000000000001,-0.0020000000000002,2.4595,2.462,2.462,2.46,2.46,164609.0,164609.0,1.0,-4653614.429143938,7.0,7.0,0.0,2.0,0.0009999999999998,6.056521699999999,0.0020000000000002,8230.45,8075850289.0,4244.25,-141200.0,114100.0,-255300.0,-1155300.0,249200.0,-1404500.0,-632200.0,294000.0,-926200.0,-458100.0,355100.0,-813200.0,-334700.0,653400.0,-988100.0,0.0931758859572024,0.0998677092008285
1026.0,20231026.0,2.0231026102557e+16,2.459,2.458,229200.0,100000.0,2.46,2.457,298700.0,290200.0,2.461,2.456,254600.0,1288400.0,2.462,2.455,640700.0,751200.0,2.463,2.454,346200.0,190500.0,2.231,2.477,2.459,2.456,2.467,2.479,57417110.0,57417110.0,2.727,159901.0,2023-10-26 10:25:57,2.458303766707169,0.0004067520846043,0.0012202562538133,0.0010000000000003,-0.0009999999999998,0.0020000000000002,2620300.0,1769400.0,-850900.0,2.455754989886654,2.461325534079349,4389700.0,850900.0,-0.0005080701508436,-0.02,-0.0009999999999998,2.4585,2.46,2.46,2.459,2.459,77951.0,77951.0,1.0,-2334168.0357866483,3.0,17.0,0.0,1.0,0.00015,6.04741885,0.0,3897.55,3513741059.0,491.75,-100000.0,229200.0,-329200.0,-290200.0,298700.0,-588900.0,-1288400.0,254600.0,-1543000.0,-751200.0,640700.0,-1391900.0,-190500.0,346200.0,-536700.0,0.0956144144262845,0.1011354163792157
1027.0,20231026.0,2.0231026102657e+16,2.459,2.458,235300.0,65200.0,2.46,2.457,388700.0,202200.0,2.461,2.456,164600.0,1378400.0,2.462,2.455,640700.0,951200.0,2.463,2.454,146200.0,205500.0,2.231,2.477,2.459,2.456,2.467,2.479,57564345.0,57564345.0,2.727,159901.0,2023-10-26 10:26:57,2.4582169717138105,0.0004067520846043,0.0012202562538133,0.0010000000000003,-0.0009999999999998,0.0020000000000002,2802500.0,1575500.0,-1227000.0,2.4556326137377344,2.461046842272294,4378000.0,1227000.0,-3.530748591762389e-05,-0.02,0.0,2.4585,2.459,2.459,2.458,2.459,147235.0,147235.0,1.0,4767.670611700974,11.0,9.0,1.0,1.0,0.0004499999999993,6.044468350000001,0.0009999999999998,7361.75,12931655741.0,1290.75,-34800.0,6100.0,-40900.0,-88000.0,90000.0,-178000.0,90000.0,-90000.0,180000.0,200000.0,0.0,200000.0,15000.0,-200000.0,215000.0,0.0994165283759515,0.0987804619033626
1028.0,20231026.0,2.0231026102757e+16,2.458,2.457,112100.0,39400.0,2.459,2.456,296600.0,466400.0,2.46,2.455,487700.0,1439700.0,2.461,2.454,536100.0,581900.0,2.462,2.453,450300.0,168900.0,2.231,2.477,2.458,2.456,2.467,2.479,57773518.0,57773518.0,2.727,159901.0,2023-10-26 10:27:57,2.457260066006601,0.0004069175991863,0.0012207527975585,0.0009999999999998,-0.0009999999999998,0.0019999999999997,2696300.0,1882800.0,-813500.0,2.454861105960019,2.460486456341619,4579100.0,813500.0,-0.0003893439891813,-0.0209999999999999,-0.0009999999999998,2.4575,2.459,2.459,2.457,2.458,209173.0,209173.0,1.0,-2344199.360011358,8.0,11.0,2.0,3.0,0.0003684210526309,6.043575631578949,0.0009999999999998,11009.105263157897,27258703091.0,3687.0,-39400.0,112100.0,-151500.0,-466400.0,296600.0,-763000.0,-1439700.0,487700.0,-1927400.0,-581900.0,536100.0,-1118000.0,-168900.0,450300.0,-619200.0,0.0894551310914442,0.099551507514583
1029.0,20231026.0,2.0231026102857e+16,2.457,2.456,168600.0,800.0,2.458,2.455,505000.0,338300.0,2.459,2.454,382900.0,645500.0,2.46,2.453,718500.0,704500.0,2.461,2.452,15600.0,660400.0,2.231,2.477,2.456,2.456,2.467,2.479,58090381.0,58090381.0,2.727,159901.0,2023-10-26 10:28:57,2.4560047225501767,0.0004070832485242,0.001221249745573,0.0009999999999998,-0.0010000000000003,0.0020000000000002,2349500.0,1790600.0,-558900.0,2.4532826558842307,2.458948341338099,4140100.0,558900.0,-0.0005110017626831,-0.0230000000000001,-0.0020000000000002,2.4565,2.458,2.458,2.456,2.456,316863.0,316863.0,1.0,-4709826.925878063,12.0,8.0,1.0,3.0,0.0003499999999987,6.03512955,0.0009999999999998,15843.15,44398610661.0,5281.5,-800.0,168600.0,-169400.0,-338300.0,505000.0,-843300.0,-645500.0,382900.0,-1028400.0,-704500.0,718500.0,-1423000.0,-660400.0,15600.0,-676000.0,0.0857103752518019,0.1003876388379484
1030.0,20231026.0,2.0231026102957e+16,2.456,2.455,253400.0,109500.0,2.457,2.454,435000.0,355500.0,2.458,2.453,295000.0,1383700.0,2.459,2.452,592500.0,815500.0,2.46,2.451,399000.0,153200.0,2.231,2.477,2.456,2.455,2.467,2.479,58222461.0,58222461.0,2.727,159901.0,2023-10-26 10:29:57,2.4553017360154312,0.0004072490327835,0.0012217470983505,0.0009999999999998,-0.0009999999999998,0.0019999999999997,2817400.0,1974900.0,-842500.0,2.452805707389792,2.458227201377285,4792300.0,842500.0,-0.0002862727241629,-0.0230000000000001,0.0,2.4555,2.456,2.456,2.455,2.456,132080.0,132080.0,1.0,4104.410844716243,18.0,1.0,1.0,1.0,5.263157894663806e-05,6.031677526315791,0.0,6951.578947368421,15534782634.0,0.0,-109500.0,253400.0,-362900.0,-355500.0,435000.0,-790500.0,-1383700.0,295000.0,-1678700.0,-815500.0,592500.0,-1408000.0,-153200.0,399000.0,-552200.0,0.0569399536225101,0.0715883925838822
1031.0,20231026.0,2.0231026103057e+16,2.457,2.456,168600.0,132800.0,2.458,2.455,305000.0,234600.0,2.459,2.454,406500.0,1295500.0,2.46,2.453,664900.0,350900.0,2.461,2.452,95700.0,664000.0,2.231,2.477,2.456,2.455,2.467,2.479,58776179.0,58776179.0,2.727,159901.0,2023-10-26 10:30:57,2.456440610484406,0.0004070832485242,0.001221249745573,0.0009999999999998,-0.0010000000000003,0.0020000000000002,2677800.0,1640700.0,-1037100.0,2.453559825229666,2.4591304930822213,4318500.0,1037100.0,0.0004637354360396,-0.0230000000000001,0.0,2.4565,2.456,2.456,2.455,2.456,553718.0,553718.0,1.0,1575.4513656236231,18.0,2.0,1.0,1.0,9.999999999932284e-05,6.0314449,0.0,27685.9,67538456704.0,31188.5,132800.0,-168600.0,301400.0,234600.0,-305000.0,539600.0,1295500.0,-406500.0,1702000.0,350900.0,-664900.0,1015800.0,664000.0,-95700.0,759700.0,0.0688375712823559,0.0758235127518109
1032.0,20231026.0,2.0231026103157e+16,2.457,2.456,263600.0,1600.0,2.458,2.455,246000.0,262700.0,2.459,2.454,635700.0,420300.0,2.46,2.453,629900.0,725900.0,2.461,2.452,60500.0,614200.0,2.231,2.477,2.456,2.455,2.467,2.479,58951297.0,58951297.0,2.727,159901.0,2023-10-26 10:31:57,2.4560060331825038,0.0004070832485242,0.001221249745573,0.0009999999999998,-0.0010000000000003,0.0020000000000002,2024700.0,1835700.0,-189000.0,2.4531660986812858,2.4589878520455413,3860400.0,189000.0,-0.0001769290679609,-0.0230000000000001,0.0,2.4565,2.456,2.457,2.456,2.456,175118.0,175118.0,1.0,-2895.7375324633904,8.0,12.0,1.0,1.0,0.0004000000000012,6.0339012,0.0009999999999998,8755.9,9294285624.0,9455.0,-131200.0,95000.0,-226200.0,28100.0,-59000.0,87100.0,-875200.0,229200.0,-1104400.0,375000.0,-35000.0,410000.0,-49800.0,-35200.0,-14600.0,0.066567872252719,0.0851557487415346
1033.0,20231026.0,2.0231026103257e+16,2.459,2.458,304700.0,4600.0,2.46,2.457,198800.0,335000.0,2.461,2.456,434700.0,1294200.0,2.462,2.455,590800.0,832600.0,2.463,2.454,146200.0,125500.0,2.231,2.477,2.458,2.455,2.467,2.479,59113507.0,59113507.0,2.727,159901.0,2023-10-26 10:32:57,2.458014872292273,0.0004067520846043,0.0012202562538133,0.0010000000000003,-0.0009999999999998,0.0020000000000002,2591900.0,1675200.0,-916700.0,2.455714726648404,2.461044770773639,4267100.0,916700.0,0.0008175949025509,-0.0209999999999999,0.0020000000000002,2.4585,2.456,2.458,2.456,2.458,162210.0,162210.0,1.0,4802253.511066213,15.0,5.0,2.0,0.0,9.999999999976694e-05,6.036357999999999,0.0002499999999998,8110.5,8137605014.0,0.0,4600.0,-304700.0,309300.0,335000.0,-198800.0,533800.0,1294200.0,-434700.0,1728900.0,832600.0,-590800.0,1423400.0,125500.0,-146200.0,271700.0,0.0861783466603984,0.0924615802966645
0.0,0.0,0.0,0.0,0.0,0.0,0.0,0.0,0.0,0.0,0.0,0.0,0.0,0.0,0.0,0.0,0.0,0.0,0.0,0.0,0.0,0.0,0.0,0.0,0.0,0.0,0.0,0.0,0.0,0.0,0.0,0.0,0.0,0.0,0.0,0.0,0.0,0.0,0.0,0.0,0.0,0.0,0.0,0.0,0.0,0.0,0.0,0.0,0.0,0.0,0.0,0.0,0.0,0.0,0.0,0.0,0.0,0.0,0.0,0.0,0.0,0.0,0.0,0.0,0.0,0.0,0.0,0.0,0.0,0.0,0.0,0.0,0.0,0.0,0.0,0.0,0.0,0.0,0.0,0.0,0.0,0.0,0.0,0.0,0.0,0.0
1035.0,20231026.0,2.0231026103457e+16,2.46,2.459,122500.0,54500.0,2.461,2.458,245700.0,445600.0,2.462,2.457,484100.0,1246000.0,2.463,2.456,491800.0,483600.0,2.464,2.455,207900.0,71200.0,2.231,2.477,2.459,2.455,2.467,2.479,59317553.0,59317553.0,2.727,159901.0,2023-10-26 10:34:57,2.45930790960452,0.0004065867046147,0.0012197601138441,0.0009999999999998,-0.0009999999999998,0.0019999999999997,2300900.0,1552000.0,-748900.0,2.456968968664436,2.462268621134021,3852900.0,748900.0,0.0005189095367765,-0.02,0.0009999999999998,2.4595,2.458,2.459,2.458,2.459,79672.0,79672.0,1.0,2410603.253354757,15.0,5.0,1.0,0.0,0.0002500000000003,6.04545175,0.0002499999999998,3983.6,3175746370.0,0.0,54500.0,-122500.0,177000.0,445600.0,-245700.0,691300.0,1246000.0,-484100.0,1730100.0,483600.0,-491800.0,975400.0,71200.0,-207900.0,279100.0,0.0882313704792186,0.1055202763802409
1036.0,20231026.0,2.0231026103557e+16,2.46,2.459,104600.0,40400.0,2.461,2.458,245700.0,615600.0,2.462,2.457,484100.0,1246000.0,2.463,2.456,291800.0,663600.0,2.464,2.455,422600.0,334500.0,2.231,2.477,2.459,2.455,2.467,2.479,59656031.0,59656031.0,2.727,159901.0,2023-10-26 10:35:57,2.4592786206896555,0.0004065867046147,0.0012197601138441,0.0009999999999998,-0.0009999999999998,0.0019999999999997,2900100.0,1548800.0,-1351300.0,2.456780628254198,2.4624404054752067,4448900.0,1351300.0,-1.1909484435856932e-05,-0.02,0.0,2.4595,2.459,2.46,2.459,2.459,338478.0,338478.0,1.0,-14715.458577581216,7.0,13.0,1.0,1.0,0.0003500000000009,6.04840265,0.0009999999999998,16923.9,50115000276.0,0.0,-14100.0,-17900.0,3800.0,170000.0,0.0,170000.0,0.0,0.0,0.0,180000.0,-200000.0,380000.0,263300.0,214700.0,48600.0,0.0890865212526761,0.102707421147846
1037.0,20231026.0,2.0231026103657e+16,2.46,2.459,248900.0,500.0,2.461,2.458,385700.0,29200.0,2.462,2.457,914100.0,556000.0,2.463,2.456,677100.0,549000.0,2.464,2.455,172600.0,568400.0,2.231,2.477,2.459,2.455,2.467,2.479,59777025.0,59777025.0,2.727,159901.0,2023-10-26 10:36:57,2.4590020048115475,0.0004065867046147,0.0012197601138441,0.0009999999999998,-0.0009999999999998,0.0019999999999997,1703100.0,2398400.0,695300.0,2.456027890317656,2.46205787191461,4101500.0,695300.0,-0.000112484788674,-0.02,0.0,2.4595,2.459,2.46,2.459,2.459,120994.0,120994.0,1.0,-1356.6620213780552,8.0,12.0,1.0,1.0,0.0003999999999999,6.048648600000004,0.0009999999999998,6049.7,7478399690.0,0.0,-39900.0,144300.0,-184200.0,-586400.0,140000.0,-726400.0,-690000.0,430000.0,-1120000.0,-114600.0,385300.0,-499900.0,233900.0,-250000.0,483900.0,0.0922114627331332,0.1100122607866094
1038.0,20231026.0,2.0231026103757e+16,2.46,2.459,17200.0,101000.0,2.461,2.458,335700.0,326300.0,2.462,2.457,394100.0,1256000.0,2.463,2.456,641800.0,564600.0,2.464,2.455,307900.0,468800.0,2.231,2.477,2.458,2.455,2.467,2.479,60017497.0,60017497.0,2.727,159901.0,2023-10-26 10:37:57,2.45985448392555,0.0004065867046147,0.0012197601138441,0.0009999999999998,-0.0009999999999998,0.0019999999999997,2716700.0,1696700.0,-1020000.0,2.45664151360106,2.4625230742028648,4413400.0,1020000.0,0.0003466167896906,-0.0209999999999999,-0.0009999999999998,2.4595,2.459,2.459,2.458,2.458,240472.0,240472.0,1.0,-2436140.385693705,10.0,10.0,1.0,2.0,0.0004999999999999,6.044222500000001,0.0009999999999998,12023.6,28555215938.0,4610.25,100500.0,-231700.0,332200.0,297100.0,-50000.0,347100.0,700000.0,-520000.0,1220000.0,15600.0,-35300.0,50900.0,-99600.0,135300.0,-234900.0,0.100458348203885,0.1331678803434749
1039.0,20231026.0,2.0231026103857e+16,2.46,2.459,153600.0,1600.0,2.461,2.458,285700.0,326300.0,2.462,2.457,594100.0,1106100.0,2.463,2.456,541800.0,729000.0,2.464,2.455,307900.0,554500.0,2.231,2.477,2.459,2.455,2.467,2.479,60080962.0,60080962.0,2.727,159901.0,2023-10-26 10:38:57,2.45901030927835,0.0004065867046147,0.0012197601138441,0.0009999999999998,-0.0009999999999998,0.0019999999999997,2717500.0,1883100.0,-834400.0,2.4564448942042314,2.462299877860974,4600600.0,834400.0,-0.0003432396257988,-0.02,0.0009999999999998,2.4595,2.458,2.46,2.458,2.459,63465.0,63465.0,1.0,2438322.557421117,8.0,12.0,1.0,1.0,0.0004999999999999,6.0481569,0.0009999999999998,3173.25,1361556873.0,0.0,-99400.0,136400.0,-235800.0,0.0,-50000.0,50000.0,-149900.0,200000.0,-349900.0,164400.0,-100000.0,264400.0,85700.0,0.0,85700.0,0.1213048894696447,0.1354049783023817
1040.0,20231026.0,2.0231026103957e+16,2.457,2.456,2000.0,125600.0,2.458,2.455,325600.0,740000.0,2.459,2.454,497000.0,757000.0,2.46,2.453,1105700.0,361900.0,2.461,2.452,480900.0,269900.0,2.231,2.477,2.457,2.455,2.467,2.479,60131099.0,60131099.0,2.727,159901.0,2023-10-26 10:39:57,2.456984326018808,0.0004070832485242,0.001221249745573,0.0009999999999998,-0.0010000000000003,0.0020000000000002,2254400.0,2411200.0,156800.0,2.4540397001419443,2.4597207614465826,4665600.0,156800.0,-0.0008242414911097,-0.0220000000000002,-0.0020000000000002,2.4565,2.459,2.459,2.457,2.457,50137.0,50137.0,1.0,-4892341.057035908,12.0,8.0,0.0,2.0,0.0009000000000001,6.0412731,0.0020000000000002,2506.85,701962549.0,2150.75,-125600.0,2000.0,-127600.0,-740000.0,325600.0,-1065600.0,-757000.0,497000.0,-1254000.0,-361900.0,1105700.0,-1467600.0,-269900.0,480900.0,-750800.0,0.1284451164555937,0.1405888459528594
1041.0,20231026.0,2.0231026104057e+16,2.457,2.456,234600.0,300.0,2.458,2.455,437000.0,493600.0,2.459,2.454,1016000.0,820800.0,2.46,2.453,727100.0,419100.0,2.461,2.452,60500.0,418900.0,2.231,2.477,2.456,2.455,2.467,2.479,60200617.0,60200617.0,2.727,159901.0,2023-10-26 10:40:57,2.456001277139208,0.0004070832485242,0.001221249745573,0.0009999999999998,-0.0010000000000003,0.0020000000000002,2152700.0,2475200.0,322500.0,2.453645700747898,2.4589765271493214,4627900.0,322500.0,-0.0004001839093881,-0.0230000000000001,-0.0009999999999998,2.4565,2.457,2.457,2.456,2.456,69518.0,69518.0,1.0,-2450465.1872961475,3.0,17.0,0.0,1.0,0.0001500000000009,6.03267295,0.0,3475.9,1291760844.0,3192.5,-125300.0,232600.0,-357900.0,-246400.0,111400.0,-357800.0,63800.0,519000.0,-455200.0,57200.0,-378600.0,435800.0,149000.0,-420400.0,569400.0,0.1230965307821546,0.1410172675771586
1042.0,20231026.0,2.0231026104157e+16,2.457,2.456,183300.0,3700.0,2.458,2.455,337000.0,623600.0,2.459,2.454,266000.0,1370800.0,2.46,2.453,591700.0,519100.0,2.461,2.452,245900.0,318900.0,2.231,2.477,2.457,2.455,2.467,2.479,60203811.0,60203811.0,2.727,159901.0,2023-10-26 10:41:57,2.456019786096257,0.0004070832485242,0.001221249745573,0.0009999999999998,-0.0010000000000003,0.0020000000000002,2836100.0,1623900.0,-1212200.0,2.453814569302916,2.4592339429767844,4460000.0,1212200.0,7.536187980772269e-06,-0.0220000000000002,0.0009999999999998,2.4565,2.456,2.457,2.456,2.457,3194.0,3194.0,1.0,2450297.5579972886,2.0,17.0,1.0,0.0,0.0001052631578946,6.032453157894738,0.0,168.10526315789474,10201636.0,0.0,3400.0,-51300.0,54700.0,130000.0,-100000.0,230000.0,550000.0,-750000.0,1300000.0,100000.0,-135400.0,235400.0,-100000.0,185400.0,-285400.0,0.1183974720516136,0.1326084548025074
1043.0,20231026.0,2.0231026104257e+16,2.457,2.456,289600.0,10300.0,2.458,2.455,347000.0,535100.0,2.459,2.454,366000.0,1430800.0,2.46,2.453,691800.0,459100.0,2.461,2.452,145900.0,418900.0,2.231,2.477,2.456,2.455,2.467,2.479,60737746.0,60737746.0,2.727,159901.0,2023-10-26 10:42:57,2.4560343447815938,0.0004070832485242,0.001221249745573,0.0009999999999998,-0.0010000000000003,0.0020000000000002,2854200.0,1840300.0,-1013900.0,2.453740312521897,2.4590311905667552,4694500.0,1013900.0,5.9277381514455385e-06,-0.0230000000000001,-0.0009999999999998,2.4565,2.457,2.457,2.456,2.456,533935.0,533935.0,1.0,-2451495.2361560822,2.0,18.0,0.0,1.0,0.0001000000000006,6.032427300000001,0.0,26696.75,109576907691.0,5771.75,6600.0,106300.0,-99700.0,-88500.0,10000.0,-98500.0,60000.0,100000.0,-40000.0,-60000.0,100100.0,-160100.0,100000.0,-100000.0,200000.0,0.0924792372534809,0.0947618127820728
1044.0,20231026.0,2.0231026104357e+16,2.457,2.456,119600.0,4900.0,2.458,2.455,366000.0,630800.0,2.459,2.454,552000.0,1316000.0,2.46,2.453,691600.0,554600.0,2.461,2.452,181100.0,348200.0,2.231,2.477,2.456,2.455,2.467,2.479,61039097.0,61039097.0,2.727,159901.0,2023-10-26 10:43:57,2.456039357429719,0.0004070832485242,0.001221249745573,0.0009999999999998,-0.0010000000000003,0.0020000000000002,2854500.0,1910300.0,-944200.0,2.4537861622000348,2.459234832225305,4764800.0,944200.0,2.040949883430621e-06,-0.0230000000000001,0.0,2.4565,2.456,2.456,2.456,2.456,301351.0,301351.0,1.0,0.0,0.0,0.0,0.0,0.0,0.0,6.031936000000001,0.0,15067.55,35716712937.0,2087.75,-5400.0,-170000.0,164600.0,95700.0,19000.0,76700.0,-114800.0,186000.0,-300800.0,95500.0,-200.0,95700.0,-70700.0,35200.0,-105900.0,0.071801932595103,0.0843604824460171
1045.0,20231026.0,2.0231026104457e+16,2.457,2.456,29300.0,349600.0,2.458,2.455,120600.0,1542200.0,2.459,2.454,356000.0,771500.0,2.46,2.453,793000.0,302400.0,2.461,2.452,439300.0,104200.0,2.231,2.477,2.457,2.455,2.467,2.479,61191911.0,61191911.0,2.727,159901.0,2023-10-26 10:44:57,2.4569226708894165,0.0004070832485242,0.001221249745573,0.0009999999999998,-0.0010000000000003,0.0020000000000002,3069900.0,1738200.0,-1331700.0,2.4545637317176454,2.4598585893453,4808100.0,1331700.0,0.0003595848956796,-0.0220000000000002,0.0009999999999998,2.4565,2.456,2.457,2.456,2.457,152814.0,152814.0,1.0,2483831.8862444386,11.0,9.0,2.0,1.0,0.0004499999999993,6.034638149999999,0.0009999999999998,7640.7,6383143886.0,8045.5,344700.0,-90300.0,435000.0,911400.0,-245400.0,1156800.0,-544500.0,-196000.0,-348500.0,-252200.0,101400.0,-353600.0,-244000.0,258200.0,-502200.0,0.0513479864872419,0.0786642533276791
1046.0,20231026.0,2.0231026104557e+16,2.459,2.458,144600.0,255100.0,2.46,2.457,266100.0,410200.0,2.461,2.456,244700.0,1500700.0,2.462,2.455,750100.0,682900.0,2.463,2.454,187300.0,141000.0,2.231,2.477,2.457,2.455,2.467,2.479,61249159.0,61249159.0,2.727,159901.0,2023-10-26 10:45:57,2.458638228671504,0.0004067520846043,0.0012202562538133,0.0010000000000003,-0.0009999999999998,0.0020000000000002,2989900.0,1592800.0,-1397100.0,2.455985116559082,2.461357483676544,4582700.0,1397100.0,0.0006980110253114,-0.0220000000000002,0.0,2.4585,2.457,2.457,2.457,2.457,57248.0,57248.0,1.0,0.0,0.0,0.0,0.0,0.0,0.0,6.036849000000001,0.0,2862.4,1882363794.0,1228.5,255100.0,-144600.0,399700.0,410200.0,-266100.0,676300.0,1500700.0,-244700.0,1745400.0,682900.0,-750100.0,1433000.0,141000.0,-187300.0,328300.0,0.0570318297356762,0.0748466682062908
1047.0,20231026.0,2.0231026104657e+16,2.459,2.458,277200.0,9500.0,2.46,2.457,306100.0,493800.0,2.461,2.456,264700.0,1369900.0,2.462,2.455,590800.0,869800.0,2.463,2.454,246600.0,269900.0,2.231,2.477,2.458,2.455,2.467,2.479,61577345.0,61577345.0,2.727,159901.0,2023-10-26 10:46:57,2.4580331356818976,0.0004067520846043,0.0012202562538133,0.0010000000000003,-0.0009999999999998,0.0020000000000002,3012900.0,1685400.0,-1327500.0,2.455702346576388,2.4611326094695625,4698300.0,1327500.0,-0.0002461392872616,-0.0209999999999999,0.0010000000000003,2.4585,2.457,2.459,2.457,2.458,328186.0,328186.0,1.0,2496500.751627761,11.0,9.0,2.0,1.0,0.0005000000000006,6.0442226,0.0009999999999998,16409.3,45884167526.0,0.0,-245600.0,132600.0,-378200.0,83600.0,40000.0,43600.0,-130800.0,20000.0,-150800.0,186900.0,-159300.0,346200.0,128900.0,59300.0,69600.0,0.0610265018211111,0.0779120152708657
1048.0,20231026.0,2.0231026104757e+16,2.459,2.458,212200.0,800.0,2.46,2.457,306100.0,483800.0,2.461,2.456,344700.0,1375900.0,2.462,2.455,590800.0,878800.0,2.463,2.454,446600.0,269900.0,2.231,2.477,2.458,2.455,2.467,2.479,61611020.0,61611020.0,2.727,159901.0,2023-10-26 10:47:57,2.458003755868545,0.0004067520846043,0.0012202562538133,0.0010000000000003,-0.0009999999999998,0.0020000000000002,3009200.0,1900400.0,-1108800.0,2.455689884354646,2.461396495474637,4909600.0,1108800.0,-1.195264152864528e-05,-0.0209999999999999,0.0,2.4585,2.458,2.458,2.458,2.458,33675.0,33675.0,1.0,0.0,20.0,0.0,0.0,0.0,8.881784197001252e-16,6.041764000000001,0.0,1683.75,618131007.0,0.0,-8700.0,-65000.0,56300.0,-10000.0,0.0,-10000.0,6000.0,80000.0,-74000.0,9000.0,0.0,9000.0,0.0,200000.0,-200000.0,0.0590730408948492,0.0765118948947859
1049.0,20231026.0,2.0231026104857e+16,2.458,2.457,104600.0,116800.0,2.459,2.456,296700.0,531200.0,2.46,2.455,315100.0,819000.0,2.461,2.454,641400.0,557600.0,2.462,2.453,395200.0,76400.0,2.231,2.477,2.458,2.455,2.467,2.479,61620854.0,61620854.0,2.727,159901.0,2023-10-26 10:48:57,2.457527551942186,0.0004069175991863,0.0012207527975585,0.0009999999999998,-0.0009999999999998,0.0019999999999997,2101000.0,1753000.0,-348000.0,2.4550258924321757,2.460528180262408,3854000.0,348000.0,-0.0001937548142931,-0.0209999999999999,0.0,2.4575,2.458,2.459,2.458,2.458,9834.0,9834.0,1.0,-1079.394436537288,1.0,19.0,1.0,1.0,4.999999999943938e-05,6.042009850000001,0.0,491.7,37603572.0,61.5,-116800.0,104600.0,-221400.0,-531200.0,296700.0,-827900.0,-819000.0,315100.0,-1134100.0,-557600.0,641400.0,-1199000.0,-76400.0,395200.0,-471600.0,0.0558572875678162,0.0796357994457227
1050.0,20231026.0,2.0231026104957e+16,2.458,2.457,200.0,553600.0,2.459,2.456,220300.0,470800.0,2.46,2.455,243100.0,1606600.0,2.461,2.454,440700.0,289900.0,2.462,2.453,570600.0,76400.0,2.231,2.477,2.458,2.455,2.467,2.479,61624541.0,61624541.0,2.727,159901.0,2023-10-26 10:49:57,2.457999638858794,0.0004069175991863,0.0012207527975585,0.0009999999999998,-0.0009999999999998,0.0019999999999997,2997300.0,1474900.0,-1522400.0,2.4553787742301405,2.4609229100277985,4472200.0,1522400.0,0.000192079872508,-0.0209999999999999,0.0,2.4575,2.458,2.458,2.458,2.458,3687.0,3687.0,1.0,0.0,20.0,0.0,0.0,0.0,8.881784197001252e-16,6.041764000000001,0.0,184.35,5617661.0,0.0,436800.0,-104400.0,541200.0,-60400.0,-76400.0,16000.0,787600.0,-72000.0,859600.0,-267700.0,-200700.0,-67000.0,0.0,175400.0,-175400.0,0.0520294527893578,0.0759698498482272
1051.0,20231026.0,2.0231026105057e+16,2.46,2.459,29100.0,734600.0,2.461,2.458,219300.0,1300600.0,2.462,2.457,214100.0,470700.0,2.463,2.456,602700.0,361500.0,2.464,2.455,292400.0,345200.0,2.231,2.477,2.458,2.455,2.467,2.479,61736626.0,61736626.0,2.727,159901.0,2023-10-26 10:50:57,2.4599618960324734,0.0004065867046147,0.0012197601138441,0.0009999999999998,-0.0009999999999998,0.0019999999999997,3212600.0,1357600.0,-1855000.0,2.457534738218265,2.462670300530348,4570200.0,1855000.0,0.0007979961876024,-0.0209999999999999,0.0,2.4595,2.458,2.458,2.458,2.458,112085.0,112085.0,1.0,0.0,0.0,0.0,0.0,0.0,0.0,6.041764000000001,0.0,5604.25,12453239713.0,0.0,734600.0,-29100.0,763700.0,1300600.0,-219300.0,1519900.0,470700.0,-214100.0,684800.0,361500.0,-602700.0,964200.0,345200.0,-292400.0,637600.0,0.0607171885007709,0.0789404940789892
1052.0,20231026.0,2.0231026105157e+16,2.463,2.462,200100.0,115500.0,2.464,2.461,348200.0,590900.0,2.465,2.46,466500.0,1429600.0,2.466,2.459,550400.0,486200.0,2.467,2.458,241000.0,66100.0,2.231,2.477,2.462,2.455,2.467,2.479,62185377.0,62185377.0,2.727,159901.0,2023-10-26 10:51:57,2.462365969581749,0.0004060913705583,0.0012182741116751,0.0010000000000003,-0.0009999999999998,0.0020000000000002,2688300.0,1806200.0,-882100.0,2.460075698396756,2.4651572361864686,4494500.0,882100.0,0.0009768035799575,-0.0169999999999999,0.004,2.4625000000000004,2.46,2.462,2.46,2.462,448751.0,448751.0,1.0,5026804.955288433,12.0,8.0,3.0,1.0,0.0005499999999996,6.05873665,0.0010000000000003,22437.55,69369628729.0,4984.5,115500.0,-200100.0,315600.0,590900.0,-348200.0,939100.0,1429600.0,-466500.0,1896100.0,486200.0,-550400.0,1036600.0,66100.0,-241000.0,307100.0,0.0836445098830363,0.0909807607283396
1053.0,20231026.0,2.0231026105257e+16,2.461,2.46,168600.0,13100.0,2.462,2.459,292400.0,279700.0,2.463,2.458,545500.0,1356100.0,2.464,2.457,448600.0,744900.0,2.465,2.456,209700.0,305300.0,2.231,2.477,2.461,2.455,2.467,2.479,63092857.0,63092857.0,2.727,159901.0,2023-10-26 10:52:57,2.460072096862961,0.0004064214590529,0.0012192643771591,0.0009999999999998,-0.0010000000000003,0.0020000000000002,2699100.0,1664800.0,-1034300.0,2.4576111296358047,2.4631432003844305,4363900.0,1034300.0,-0.0009320068038926,-0.0180000000000002,-0.0010000000000003,2.4605,2.462,2.462,2.461,2.461,907480.0,907480.0,1.0,-2553438.6834628605,4.0,16.0,0.0,1.0,0.000199999999999,6.057505599999999,0.0,45374.0,238342251840.0,26394.0,-13100.0,168600.0,-181700.0,-279700.0,292400.0,-572100.0,-1356100.0,545500.0,-1901600.0,-744900.0,448600.0,-1193500.0,-305300.0,209700.0,-515000.0,0.1011447546548499,0.1130761029598504
1054.0,20231026.0,2.0231026105357e+16,2.462,2.461,176000.0,23100.0,2.463,2.46,286500.0,331700.0,2.464,2.459,607200.0,1310800.0,2.465,2.458,349900.0,858400.0,2.466,2.457,296000.0,172000.0,2.231,2.477,2.461,2.455,2.467,2.479,63092857.0,63092857.0,2.727,159901.0,2023-10-26 10:53:57,2.461116022099448,0.0004062563477555,0.0012187690432663,0.0009999999999998,-0.0009999999999998,0.0019999999999997,2696000.0,1715600.0,-980400.0,2.458694176557864,2.4641768477500583,4411600.0,980400.0,0.0004242574056955,-0.0180000000000002,0.0,2.4615,2.461,2.461,2.461,2.461,0.0,0.0,2.461,0.0,20.0,0.0,0.0,0.0,4.440892098500626e-16,6.056520999999998,0.0,0.0,0.0,0.0,23100.0,-176000.0,199100.0,331700.0,-286500.0,618200.0,1310800.0,-607200.0,1918000.0,858400.0,-349900.0,1208300.0,172000.0,-296000.0,468000.0,0.1097097668214627,0.1135419933584511
0.0,0.0,0.0,0.0,0.0,0.0,0.0,0.0,0.0,0.0,0.0,0.0,0.0,0.0,0.0,0.0,0.0,0.0,0.0,0.0,0.0,0.0,0.0,0.0,0.0,0.0,0.0,0.0,0.0,0.0,0.0,0.0,0.0,0.0,0.0,0.0,0.0,0.0,0.0,0.0,0.0,0.0,0.0,0.0,0.0,0.0,0.0,0.0,0.0,0.0,0.0,0.0,0.0,0.0,0.0,0.0,0.0,0.0,0.0,0.0,0.0,0.0,0.0,0.0,0.0,0.0,0.0,0.0,0.0,0.0,0.0,0.0,0.0,0.0,0.0,0.0,0.0,0.0,0.0,0.0,0.0,0.0,0.0,0.0,0.0,0.0
1056.0,20231026.0,2.0231026105557e+16,2.461,2.46,111000.0,11100.0,2.462,2.459,336000.0,329700.0,2.463,2.458,589900.0,1336100.0,2.464,2.457,603800.0,550100.0,2.465,2.456,209300.0,268100.0,2.231,2.477,2.461,2.455,2.467,2.479,63173578.0,63173578.0,2.727,159901.0,2023-10-26 10:55:57,2.460090909090909,0.0004064214590529,0.0012192643771591,0.0009999999999998,-0.0010000000000003,0.0020000000000002,2495100.0,1850000.0,-645100.0,2.457705663099675,2.463251027027028,4345100.0,645100.0,-0.0003953468147649,-0.0180000000000002,0.0,2.4605,2.461,2.461,2.461,2.461,35438.0,35438.0,1.0,0.0,20.0,0.0,0.0,0.0,4.440892098500626e-16,6.056521000000001,0.0,1771.9,589038234.0,0.0,-11100.0,111000.0,-122100.0,-329700.0,336000.0,-665700.0,-1336100.0,589900.0,-1926000.0,-550100.0,603800.0,-1153900.0,-268100.0,209300.0,-477400.0,0.1104212736969756,0.1081855012987024
1057.0,20231026.0,2.0231026105657e+16,2.46,2.459,154600.0,134700.0,2.461,2.458,292400.0,546200.0,2.462,2.457,495100.0,1507900.0,2.463,2.456,641800.0,500300.0,2.464,2.455,208300.0,344400.0,2.231,2.477,2.46,2.455,2.467,2.479,63203098.0,63203098.0,2.727,159901.0,2023-10-26 10:56:57,2.459465606636709,0.0004065867046147,0.0012197601138441,0.0009999999999998,-0.0009999999999998,0.0019999999999997,3033500.0,1792200.0,-1241300.0,2.456876874896984,2.462254882267604,4825700.0,1241300.0,-0.0002542109052178,-0.0190000000000001,-0.0009999999999998,2.4595,2.461,2.461,2.46,2.46,29520.0,29520.0,1.0,-2568501.626015977,1.0,19.0,0.0,1.0,5.000000000032756e-05,6.05184605,0.0,1476.0,298585944.0,123.0,-134700.0,154600.0,-289300.0,-546200.0,292400.0,-838600.0,-1507900.0,495100.0,-2003000.0,-500300.0,641800.0,-1142100.0,-344400.0,208300.0,-552700.0,0.096807172906252,0.097758307793947
1058.0,20231026.0,2.0231026105757e+16,2.459,2.458,109600.0,119700.0,2.46,2.457,336000.0,323100.0,2.461,2.456,451400.0,808900.0,2.462,2.455,1136600.0,715100.0,2.463,2.454,101400.0,239700.0,2.231,2.477,2.459,2.455,2.467,2.479,63240229.0,63240229.0,2.727,159901.0,2023-10-26 10:57:57,2.458522023549935,0.0004067520846043,0.0012202562538133,0.0010000000000003,-0.0009999999999998,0.0020000000000002,2206500.0,2135000.0,-71500.0,2.455713573532744,2.461367306791569,4341500.0,71500.0,-0.0003837273166613,-0.02,-0.0009999999999998,2.4585,2.46,2.46,2.459,2.459,37131.0,37131.0,1.0,-2570476.4538427424,4.0,16.0,0.0,1.0,0.0001999999999999,6.047664800000003,0.0,1856.55,985161785.0,0.0,-119700.0,109600.0,-229300.0,-323100.0,336000.0,-659100.0,-808900.0,451400.0,-1260300.0,-715100.0,1136600.0,-1851700.0,-239700.0,101400.0,-341100.0,0.0863392628523183,0.082929602465891
1059.0,20231026.0,2.0231026105857e+16,2.459,2.458,164700.0,300.0,2.46,2.457,486000.0,346700.0,2.461,2.456,551400.0,1278900.0,2.462,2.455,386600.0,1131800.0,2.463,2.454,201400.0,282900.0,2.231,2.477,2.459,2.455,2.467,2.479,63243179.0,63243179.0,2.727,159901.0,2023-10-26 10:58:57,2.4580018181818186,0.0004067520846043,0.0012202562538133,0.0010000000000003,-0.0009999999999998,0.0020000000000002,3040600.0,1790100.0,-1250500.0,2.45555591001776,2.46098547567175,4830700.0,1250500.0,-0.0002116151113281,-0.02,0.0,2.4585,2.459,2.459,2.458,2.459,2950.0,2950.0,1.0,-1006.3085538549348,19.0,1.0,1.0,1.0,5.000000000032756e-05,6.04643515,0.0,147.5,4833412.0,0.0,-119400.0,55100.0,-174500.0,23600.0,150000.0,-126400.0,470000.0,100000.0,370000.0,416700.0,-750000.0,1166700.0,43200.0,100000.0,-56800.0,0.0769586558950921,0.0768460487233501
1100.0,20231026.0,2.0231026105957e+16,2.458,2.457,104600.0,180900.0,2.459,2.456,466100.0,318900.0,2.46,2.455,495000.0,1809200.0,2.461,2.454,528100.0,565600.0,2.462,2.453,196200.0,89200.0,2.231,2.477,2.458,2.455,2.467,2.479,63255961.0,63255961.0,2.727,159901.0,2023-10-26 10:59:57,2.4576336252189144,0.0004069175991863,0.0012207527975585,0.0009999999999998,-0.0009999999999998,0.0019999999999997,2963800.0,1790000.0,-1173800.0,2.454978642283555,2.460136983240224,4753800.0,1173800.0,-0.0001498048290327,-0.0209999999999999,-0.0009999999999998,2.4575,2.459,2.459,2.458,2.458,12782.0,12782.0,1.0,-2573472.78274992,13.0,7.0,0.0,1.0,0.00035,6.044960050000001,0.0009999999999998,639.1,163379524.0,0.0,-180900.0,104600.0,-285500.0,-318900.0,466100.0,-785000.0,-1809200.0,495000.0,-2304200.0,-565600.0,528100.0,-1093700.0,-89200.0,196200.0,-285400.0,0.0800576377308483,0.0791082725002511
1101.0,20231026.0,2.0231026110057e+16,2.458,2.457,147800.0,121400.0,2.459,2.456,408700.0,418900.0,2.46,2.455,595000.0,674400.0,2.461,2.454,1092900.0,814700.0,2.462,2.453,251500.0,174900.0,2.231,2.477,2.457,2.455,2.467,2.479,63542558.0,63542558.0,2.727,159901.0,2023-10-26 11:00:57,2.4574509658246657,0.0004069175991863,0.0012207527975585,0.0009999999999998,-0.0009999999999998,0.0019999999999997,2204300.0,2495900.0,291600.0,2.454771900376537,2.460357225850395,4700200.0,291600.0,-7.432604300061652e-05,-0.0220000000000002,-0.0010000000000003,2.4575,2.458,2.458,2.457,2.457,286597.0,286597.0,1.0,-2586184.6967855603,19.0,1.0,0.0,1.0,4.999999999988347e-05,6.041518250000001,0.0,14329.85,60950018449.0,307.25,-59500.0,43200.0,-102700.0,100000.0,-57400.0,157400.0,-1134800.0,100000.0,-1234800.0,249100.0,564800.0,-315700.0,85700.0,55300.0,30400.0,0.0677009834692677,0.0698335955937502
1102.0,20231026.0,2.0231026110157e+16,2.458,2.457,359500.0,1000.0,2.459,2.456,498700.0,348600.0,2.46,2.455,449700.0,679200.0,2.461,2.454,383500.0,861000.0,2.462,2.453,211000.0,303900.0,2.231,2.477,2.458,2.455,2.467,2.479,63595142.0,63595142.0,2.727,159901.0,2023-10-26 11:01:57,2.457002773925104,0.0004069175991863,0.0012207527975585,0.0009999999999998,-0.0009999999999998,0.0019999999999997,2193700.0,1902400.0,-291300.0,2.4544902675844464,2.459783326324643,4096100.0,291300.0,-0.0001823974441671,-0.0209999999999999,0.0010000000000003,2.4575,2.457,2.458,2.457,2.458,52584.0,52584.0,1.0,2584696.464743666,9.0,10.0,3.0,2.0,0.0004736842105259,6.039177157894738,0.0010000000000003,2767.5789473684213,786089642.0,2211.5,-120400.0,211700.0,-332100.0,-70300.0,90000.0,-160300.0,4800.0,-145300.0,150100.0,46300.0,-709400.0,755700.0,129000.0,-40500.0,169500.0,0.0755310701989398,0.0786033409077174
0.0,0.0,0.0,0.0,0.0,0.0,0.0,0.0,0.0,0.0,0.0,0.0,0.0,0.0,0.0,0.0,0.0,0.0,0.0,0.0,0.0,0.0,0.0,0.0,0.0,0.0,0.0,0.0,0.0,0.0,0.0,0.0,0.0,0.0,0.0,0.0,0.0,0.0,0.0,0.0,0.0,0.0,0.0,0.0,0.0,0.0,0.0,0.0,0.0,0.0,0.0,0.0,0.0,0.0,0.0,0.0,0.0,0.0,0.0,0.0,0.0,0.0,0.0,0.0,0.0,0.0,0.0,0.0,0.0,0.0,0.0,0.0,0.0,0.0,0.0,0.0,0.0,0.0,0.0,0.0,0.0,0.0,0.0,0.0,0.0,0.0
1104.0,20231026.0,2.0231026110357e+16,2.456,2.455,1000.0,519700.0,2.457,2.454,471600.0,484000.0,2.458,2.453,529200.0,700000.0,2.459,2.452,1031600.0,530600.0,2.46,2.451,425600.0,66400.0,2.231,2.477,2.456,2.455,2.467,2.479,63710343.0,63710343.0,2.727,159901.0,2023-10-26 11:03:57,2.4559980795083542,0.0004072490327835,0.0012217470983505,0.0009999999999998,-0.0009999999999998,0.0019999999999997,2300700.0,2459000.0,158300.0,2.4533737992784803,2.45857307848719,4759700.0,158300.0,-0.0002937707166482,-0.0230000000000001,0.0,2.4555,2.456,2.457,2.456,2.456,80805.0,80805.0,1.0,-2919.303469181061,2.0,18.0,2.0,2.0,9.999999999976694e-05,6.0324273,0.0,4040.25,2220184415.0,2763.75,-519700.0,1000.0,-520700.0,-484000.0,471600.0,-955600.0,-700000.0,529200.0,-1229200.0,-530600.0,1031600.0,-1562200.0,-66400.0,425600.0,-492000.0,0.0742586475092611,0.0711578334909075
1105.0,20231026.0,2.0231026110457e+16,2.456,2.455,456100.0,420800.0,2.457,2.454,408000.0,355000.0,2.458,2.453,451100.0,369200.0,2.459,2.452,341300.0,1005700.0,2.46,2.451,256200.0,152200.0,2.231,2.477,2.456,2.455,2.467,2.479,63733429.0,63733429.0,2.727,159901.0,2023-10-26 11:04:57,2.4554798722773405,0.0004072490327835,0.0012217470983505,0.0009999999999998,-0.0009999999999998,0.0019999999999997,2302900.0,1912700.0,-390200.0,2.452950714316731,2.457756103936843,4215600.0,390200.0,-0.0002110188574696,-0.0230000000000001,0.0,2.4555,2.456,2.456,2.456,2.456,23086.0,23086.0,1.0,0.0,0.0,0.0,0.0,0.0,0.0,6.031936000000001,0.0,1154.3,532963396.0,0.0,-98900.0,455100.0,-554000.0,-129000.0,-63600.0,-65400.0,-330800.0,-78100.0,-252700.0,475100.0,-690300.0,1165400.0,85800.0,-169400.0,255200.0,0.073968814037163,0.0714795806144516
1106.0,20231026.0,2.0231026110557e+16,2.455,2.454,144700.0,108400.0,2.456,2.453,547500.0,669200.0,2.457,2.452,611700.0,684900.0,2.458,2.451,392900.0,587400.0,2.459,2.45,206200.0,302600.0,2.231,2.477,2.455,2.455,2.467,2.479,64664365.0,64664365.0,2.727,159901.0,2023-10-26 11:05:57,2.45442828921375,0.0004074149521286,0.0012222448563862,0.0010000000000003,-0.0009999999999998,0.0020000000000002,2352500.0,1903000.0,-449500.0,2.4518696705632306,2.456983394640042,4255500.0,449500.0,-0.0004283514253555,-0.024,-0.0009999999999998,2.4545000000000003,2.456,2.456,2.455,2.455,930936.0,930936.0,1.0,-2596566.3543785326,1.0,19.0,0.0,1.0,4.999999999899529e-05,6.027270549999998,0.0,46546.8,714888414542.0,1350.0,-108400.0,144700.0,-253100.0,-669200.0,547500.0,-1216700.0,-684900.0,611700.0,-1296600.0,-587400.0,392900.0,-980300.0,-302600.0,206200.0,-508800.0,0.0637427530607196,0.0642220212660223
1107.0,20231026.0,2.0231026110657e+16,2.455,2.454,167000.0,11000.0,2.456,2.453,443500.0,510800.0,2.457,2.452,499700.0,704900.0,2.458,2.451,486700.0,518400.0,2.459,2.45,91200.0,546600.0,2.231,2.477,2.455,2.454,2.467,2.479,64993451.0,64993451.0,2.727,159901.0,2023-10-26 11:06:57,2.4540617977528094,0.0004074149521286,0.0012222448563862,0.0010000000000003,-0.0009999999999998,0.0020000000000002,2291700.0,1688100.0,-603600.0,2.451529257756251,2.45693578579468,3979800.0,603600.0,-0.0001493296126214,-0.024,0.0,2.4545000000000003,2.455,2.455,2.454,2.455,329086.0,329086.0,1.0,-846.4844793900847,10.0,10.0,2.0,2.0,0.0004999999999999,6.024570499999999,0.0009999999999998,16454.3,65877995612.0,184.25,-97400.0,22300.0,-119700.0,-158400.0,-104000.0,-54400.0,20000.0,-112000.0,132000.0,-69000.0,93800.0,-162800.0,244000.0,-115000.0,359000.0,0.0542483305668065,0.056024538621318
1108.0,20231026.0,2.0231026110757e+16,2.456,2.455,248600.0,24900.0,2.457,2.454,300700.0,429800.0,2.458,2.453,544900.0,652000.0,2.459,2.452,396500.0,611900.0,2.46,2.451,186000.0,381200.0,2.231,2.477,2.455,2.454,2.467,2.479,65195742.0,65195742.0,2.727,159901.0,2023-10-26 11:07:57,2.455091042047532,0.0004072490327835,0.0012217470983505,0.0009999999999998,-0.0009999999999998,0.0019999999999997,2099800.0,1676700.0,-423100.0,2.452573911801124,2.457982465557345,3776500.0,423100.0,0.0004193164659527,-0.024,0.0,2.4555,2.455,2.455,2.454,2.455,202291.0,202291.0,1.0,481.1405793274753,18.0,2.0,1.0,1.0,0.000100000000001,6.026534100000001,0.0,10114.55,24648384373.0,0.0,24900.0,-248600.0,273500.0,429800.0,-300700.0,730500.0,652000.0,-544900.0,1196900.0,611900.0,-396500.0,1008400.0,381200.0,-186000.0,567200.0,0.0764076456337056,0.0777997668820662
1109.0,20231026.0,2.0231026110857e+16,2.456,2.455,589600.0,1000.0,2.457,2.454,500700.0,238000.0,2.458,2.453,269600.0,452100.0,2.459,2.452,482000.0,1381900.0,2.46,2.451,50600.0,431200.0,2.231,2.477,2.455,2.454,2.467,2.479,65295413.0,65295413.0,2.727,159901.0,2023-10-26 11:08:57,2.4550016931933625,0.0004072490327835,0.0012217470983505,0.0009999999999998,-0.0009999999999998,0.0019999999999997,2504200.0,1892500.0,-611700.0,2.4521996246306204,2.4574205019815056,4396700.0,611700.0,-3.639395791377176e-05,-0.024,0.0,2.4555,2.455,2.455,2.454,2.455,99671.0,99671.0,1.0,-723.6393468747847,17.0,3.0,1.0,1.0,0.0001500000000005,6.026288650000001,0.0,4983.55,3671677381.0,2332.25,-23900.0,341000.0,-364900.0,-191800.0,200000.0,-391800.0,-199900.0,-275300.0,75400.0,770000.0,85500.0,684500.0,50000.0,-135400.0,185400.0,0.0788764366536928,0.0826491518618558
1110.0,20231026.0,2.0231026110957e+16,2.456,2.455,3000.0,225200.0,2.457,2.454,459600.0,365400.0,2.458,2.453,519600.0,1462900.0,2.459,2.452,441600.0,735800.0,2.46,2.451,455500.0,76400.0,2.231,2.477,2.456,2.454,2.467,2.479,65619114.0,65619114.0,2.727,159901.0,2023-10-26 11:09:57,2.4559868536371603,0.0004072490327835,0.0012217470983505,0.0009999999999998,-0.0009999999999998,0.0019999999999997,2865700.0,1879300.0,-986400.0,2.452974596084726,2.4584719842494547,4745000.0,986400.0,0.0004012065789273,-0.0230000000000001,0.0009999999999998,2.4555,2.455,2.456,2.455,2.456,323701.0,323701.0,1.0,2658618.037458991,15.0,5.0,1.0,0.0,0.0002499999999989,6.030708250000001,0.0002499999999998,16185.05,78393453425.0,1412.5,224200.0,-586600.0,810800.0,127400.0,-41100.0,168500.0,1010800.0,250000.0,760800.0,-646100.0,-40400.0,-605700.0,-354800.0,404900.0,-759700.0,0.0808296040339484,0.0915193568588435
1111.0,20231026.0,2.0231026111057e+16,2.457,2.456,240700.0,10400.0,2.458,2.455,540700.0,273200.0,2.459,2.454,924400.0,630200.0,2.46,2.453,346500.0,814300.0,2.461,2.452,246300.0,379600.0,2.231,2.477,2.456,2.454,2.467,2.479,65790053.0,65790053.0,2.727,159901.0,2023-10-26 11:10:57,2.456041417761848,0.0004070832485242,0.001221249745573,0.0009999999999998,-0.0010000000000003,0.0020000000000002,2107700.0,2298600.0,190900.0,2.453392940171751,2.4589203863221094,4406300.0,190900.0,2.2216535278229976e-05,-0.0230000000000001,0.0,2.4565,2.456,2.456,2.456,2.456,170939.0,170939.0,1.0,0.0,0.0,0.0,0.0,0.0,0.0,6.031936000000001,0.0,8546.95,11910102729.0,5464.25,10400.0,-240700.0,251100.0,273200.0,-540700.0,813900.0,630200.0,-924400.0,1554600.0,814300.0,-346500.0,1160800.0,379600.0,-246300.0,625900.0,0.0739114933596374,0.1018422999562791
0.0,0.0,0.0,0.0,0.0,0.0,0.0,0.0,0.0,0.0,0.0,0.0,0.0,0.0,0.0,0.0,0.0,0.0,0.0,0.0,0.0,0.0,0.0,0.0,0.0,0.0,0.0,0.0,0.0,0.0,0.0,0.0,0.0,0.0,0.0,0.0,0.0,0.0,0.0,0.0,0.0,0.0,0.0,0.0,0.0,0.0,0.0,0.0,0.0,0.0,0.0,0.0,0.0,0.0,0.0,0.0,0.0,0.0,0.0,0.0,0.0,0.0,0.0,0.0,0.0,0.0,0.0,0.0,0.0,0.0,0.0,0.0,0.0,0.0,0.0,0.0,0.0,0.0,0.0,0.0,0.0,0.0,0.0,0.0,0.0,0.0
1113.0,20231026.0,2.0231026111257e+16,2.456,2.455,14700.0,173400.0,2.457,2.454,473900.0,368400.0,2.458,2.453,500500.0,718100.0,2.459,2.452,976600.0,408100.0,2.46,2.451,410700.0,200000.0,2.231,2.477,2.456,2.454,2.467,2.479,65929106.0,65929106.0,2.727,159901.0,2023-10-26 11:12:57,2.455921850079745,0.0004072490327835,0.0012217470983505,0.0009999999999998,-0.0009999999999998,0.0019999999999997,1868000.0,2376400.0,508400.0,2.4529502676659525,2.458544815687594,4244400.0,508400.0,-0.0004682671257322,-0.0230000000000001,-0.0009999999999998,2.4555,2.457,2.457,2.456,2.456,34384.0,34384.0,1.0,-2683259.8534199004,4.0,16.0,0.0,1.0,0.0002000000000008,6.0329186,0.0,1719.2,367567810.0,614.0,-173400.0,14700.0,-188100.0,-368400.0,473900.0,-842300.0,-718100.0,500500.0,-1218600.0,-408100.0,976600.0,-1384700.0,-200000.0,410700.0,-610700.0,0.0662527402831321,0.1034142762483797
1114.0,20231026.0,2.0231026111357e+16,2.456,2.454,12700.0,322500.0,2.457,2.453,602500.0,627300.0,2.458,2.452,459500.0,517900.0,2.459,2.451,401700.0,288200.0,2.46,2.45,155800.0,353400.0,2.231,2.477,2.455,2.454,2.467,2.479,66209265.0,66209265.0,2.727,159901.0,2023-10-26 11:13:57,2.455924224343676,0.00081466395112,0.0016293279022403,0.0010000000000003,-0.0009999999999998,0.0020000000000002,2109300.0,1632200.0,-477100.0,2.452131465415067,2.4580523220193604,3741500.0,477100.0,9.66750136277561e-07,-0.024,-0.0009999999999998,2.455,2.456,2.456,2.455,2.455,280159.0,280159.0,1.0,-2697553.049698847,12.0,8.0,1.0,2.0,0.0003999999999995,6.0299716,0.0009999999999998,14007.95,37475540515.0,1964.0,-322500.0,-2000.0,-320500.0,-627300.0,128600.0,-755900.0,-517900.0,-41000.0,-476900.0,-288200.0,-574900.0,286700.0,-353400.0,-254900.0,-98500.0,0.0676836617184092,0.126713741359084
1115.0,20231026.0,2.0231026111457e+16,2.456,2.455,4000.0,206100.0,2.457,2.454,556100.0,413700.0,2.458,2.453,415700.0,704300.0,2.459,2.452,789400.0,389900.0,2.46,2.451,515900.0,235200.0,2.231,2.477,2.456,2.454,2.467,2.479,66306008.0,66306008.0,2.727,159901.0,2023-10-26 11:14:57,2.45598096144693,0.0004072490327835,0.0012217470983505,0.0009999999999998,-0.0009999999999998,0.0019999999999997,1949200.0,2281100.0,331900.0,2.452982351734045,2.458551093770549,4230300.0,331900.0,2.3101872332897955e-05,-0.0230000000000001,0.0009999999999998,2.4555,2.455,2.456,2.455,2.456,96743.0,96743.0,1.0,2697327.5752964127,4.0,16.0,2.0,1.0,0.0001999999999995,6.028007199999999,0.0,4837.15,1523542685.0,8285.75,206100.0,-8700.0,214800.0,413700.0,-46400.0,460100.0,704300.0,-43800.0,748100.0,389900.0,387700.0,2200.0,235200.0,360100.0,-124900.0,0.0850548342482195,0.137516756773187
1116.0,20231026.0,2.0231026111557e+16,2.458,2.457,800.0,227000.0,2.459,2.456,482300.0,560000.0,2.46,2.455,579100.0,711500.0,2.461,2.454,1012100.0,467900.0,2.462,2.453,409700.0,228000.0,2.231,2.477,2.458,2.454,2.467,2.479,66449784.0,66449784.0,2.727,159901.0,2023-10-26 11:15:57,2.4579964881474976,0.0004069175991863,0.0012207527975585,0.0009999999999998,-0.0009999999999998,0.0019999999999997,2194400.0,2484000.0,289600.0,2.455041059059424,2.4605425120772946,4678400.0,289600.0,0.0008203239979296,-0.0209999999999999,0.0020000000000002,2.4575,2.456,2.458,2.456,2.458,143776.0,143776.0,1.0,5401365.690429274,15.0,5.0,2.0,0.0,0.0004500000000011,6.03955265,0.0002500000000003,7188.8,5283350418.0,6755.0,227000.0,-800.0,227800.0,560000.0,-482300.0,1042300.0,711500.0,-579100.0,1290600.0,467900.0,-1012100.0,1480000.0,228000.0,-409700.0,637700.0,0.1150626828663737,0.138826319168074
1117.0,20231026.0,2.0231026111657e+16,2.458,2.457,600.0,262300.0,2.459,2.456,482300.0,560000.0,2.46,2.455,628900.0,1369500.0,2.461,2.454,317300.0,508800.0,2.462,2.453,409700.0,182100.0,2.231,2.477,2.458,2.454,2.467,2.479,66483950.0,66483950.0,2.727,159901.0,2023-10-26 11:16:57,2.457997717763408,0.0004069175991863,0.0012207527975585,0.0009999999999998,-0.0009999999999998,0.0019999999999997,2882700.0,1838800.0,-1043900.0,2.4550734034065287,2.46035523167283,4721500.0,1043900.0,5.002511633822593e-07,-0.0209999999999999,0.0,2.4575,2.458,2.458,2.458,2.458,34166.0,34166.0,1.0,0.0,20.0,0.0,0.0,0.0,8.881784197001252e-16,6.041764000000001,0.0,1708.3,317965554.0,1229.5,35300.0,-200.0,35500.0,0.0,0.0,0.0,658000.0,49800.0,608200.0,40900.0,-694800.0,735700.0,-45900.0,0.0,-45900.0,0.1146805704456374,0.1310745663316093
1118.0,20231026.0,2.0231026111757e+16,2.458,2.457,700.0,152300.0,2.459,2.456,493500.0,568000.0,2.46,2.455,584100.0,749500.0,2.461,2.454,1042100.0,553600.0,2.462,2.453,409700.0,137300.0,2.231,2.477,2.458,2.454,2.467,2.479,66496977.0,66496977.0,2.727,159901.0,2023-10-26 11:17:57,2.457995424836602,0.0004069175991863,0.0012207527975585,0.0009999999999998,-0.0009999999999998,0.0019999999999997,2160700.0,2530100.0,369400.0,2.455020548896192,2.460540136753488,4690800.0,369400.0,-9.32843777223802e-07,-0.0209999999999999,0.0,2.4575,2.458,2.458,2.458,2.458,13027.0,13027.0,1.0,0.0,20.0,0.0,0.0,0.0,8.881784197001252e-16,6.041764000000001,0.0,651.35,129357707.0,0.0,-110000.0,100.0,-110100.0,8000.0,11200.0,-3200.0,-620000.0,-44800.0,-575200.0,44800.0,724800.0,-680000.0,-44800.0,0.0,-44800.0,0.1109413953630227,0.1310807442804025
1119.0,20231026.0,2.0231026111857e+16,2.456,2.455,1700.0,292300.0,2.457,2.454,483400.0,418000.0,2.458,2.453,579000.0,778100.0,2.459,2.452,1100700.0,561600.0,2.46,2.451,405000.0,69400.0,2.231,2.477,2.456,2.454,2.467,2.479,66683207.0,66683207.0,2.727,159901.0,2023-10-26 11:18:57,2.455994217687075,0.0004072490327835,0.0012217470983505,0.0009999999999998,-0.0009999999999998,0.0019999999999997,2119400.0,2569800.0,450400.0,2.4531425875247708,2.458554089812437,4689200.0,450400.0,-0.0008144938861257,-0.0230000000000001,-0.0020000000000002,2.4555,2.458,2.458,2.456,2.456,186230.0,186230.0,1.0,-5421833.9903512485,13.0,7.0,0.0,2.0,0.0004999999999999,6.0358667,0.0009999999999998,9311.5,18881272150.0,0.0,-292300.0,1700.0,-294000.0,-418000.0,483400.0,-901400.0,-778100.0,579000.0,-1357100.0,-561600.0,1100700.0,-1662300.0,-69400.0,405000.0,-474400.0,0.1239375056113786,0.1182762794698609
1120.0,20231026.0,2.0231026111957e+16,2.456,2.455,1000.0,373300.0,2.457,2.454,184500.0,708000.0,2.458,2.453,570000.0,408100.0,2.459,2.452,1270700.0,561600.0,2.46,2.451,405000.0,119400.0,2.231,2.477,2.456,2.454,2.467,2.479,66723977.0,66723977.0,2.727,159901.0,2023-10-26 11:19:57,2.455997328346246,0.0004072490327835,0.0012217470983505,0.0009999999999998,-0.0009999999999998,0.0019999999999997,2170400.0,2431200.0,260800.0,2.453301419093255,2.4587791214215207,4601600.0,260800.0,1.266557216994535e-06,-0.0230000000000001,0.0,2.4555,2.456,2.456,2.456,2.456,40770.0,40770.0,1.0,0.0,0.0,0.0,0.0,0.0,0.0,6.031936,0.0,2038.5,611648626.0,675.5,81000.0,-700.0,81700.0,290000.0,-298900.0,588900.0,-370000.0,-9000.0,-361000.0,0.0,170000.0,-170000.0,50000.0,0.0,50000.0,0.110824836515489,0.1339469499965225
1121.0,20231026.0,2.0231026112057e+16,2.458,2.457,438600.0,12500.0,2.459,2.456,628700.0,264600.0,2.46,2.455,541100.0,720700.0,2.461,2.454,386000.0,1278800.0,2.462,2.453,4900.0,553000.0,2.231,2.477,2.457,2.454,2.467,2.479,66799897.0,66799897.0,2.727,159901.0,2023-10-26 11:20:57,2.457027710042119,0.0004069175991863,0.0012207527975585,0.0009999999999998,-0.0009999999999998,0.0019999999999997,2829600.0,1999300.0,-830300.0,2.4542595419847326,2.459444755664483,4828900.0,830300.0,0.0004194489964649,-0.0220000000000002,0.0009999999999998,2.4575,2.456,2.457,2.456,2.457,75920.0,75920.0,1.0,2716118.5592182605,13.0,7.0,1.0,0.0,0.0003499999999991,6.03512945,0.0009999999999998,3796.0,1128101110.0,3869.75,12500.0,-438600.0,451100.0,264600.0,-628700.0,893300.0,720700.0,-541100.0,1261800.0,1278800.0,-386000.0,1664800.0,553000.0,-4900.0,557900.0,0.0914565172298925,0.1385988961031496
1122.0,20231026.0,2.0231026112157e+16,2.458,2.456,3600.0,290100.0,2.459,2.455,609700.0,640700.0,2.46,2.454,659100.0,789800.0,2.461,2.453,1037000.0,332000.0,2.462,2.452,154900.0,165900.0,2.231,2.477,2.457,2.454,2.467,2.479,66835783.0,66835783.0,2.727,159901.0,2023-10-26 11:21:57,2.4579754851889684,0.0008140008140009,0.0016280016280016,0.0009999999999998,-0.0009999999999998,0.0019999999999997,2218500.0,2464300.0,245800.0,2.454251115618661,2.460296189587307,4682800.0,245800.0,0.0003856661413838,-0.0220000000000002,0.0,2.457,2.457,2.458,2.457,2.457,35886.0,35886.0,1.0,-1676.6432434460148,4.0,16.0,1.0,1.0,0.0002000000000004,6.037832000000001,0.0,1794.3,539053756.0,184.25,-290100.0,-435000.0,144900.0,-640700.0,-19000.0,-621700.0,-789800.0,118000.0,-907800.0,-332000.0,651000.0,-983000.0,-165900.0,150000.0,-315900.0,0.0962213932496205,0.160513912058383
1123.0,20231026.0,2.0231026112257e+16,2.458,2.456,183600.0,160100.0,2.459,2.455,654700.0,740700.0,2.46,2.454,359100.0,589800.0,2.461,2.453,537000.0,432000.0,2.462,2.452,54900.0,115900.0,2.231,2.477,2.458,2.454,2.467,2.479,66901160.0,66901160.0,2.727,159901.0,2023-10-26 11:22:57,2.456931626418388,0.0008140008140009,0.0016280016280016,0.0009999999999998,-0.0009999999999998,0.0019999999999997,2038500.0,1789300.0,-249200.0,2.454194800098111,2.459790364947186,3827800.0,249200.0,-0.0004247725389602,-0.0209999999999999,0.0010000000000003,2.457,2.457,2.458,2.457,2.458,65377.0,65377.0,1.0,2721772.172498875,3.0,17.0,1.0,0.0,0.00015,6.037586249999999,0.0,3268.85,2759072965.0,0.0,-130000.0,180000.0,-310000.0,100000.0,45000.0,55000.0,-200000.0,-300000.0,100000.0,100000.0,-500000.0,600000.0,-50000.0,-100000.0,50000.0,0.1065557149096502,0.1849689757323065
1124.0,20231026.0,2.0231026112357e+16,2.457,2.456,103600.0,15100.0,2.458,2.455,769400.0,404300.0,2.459,2.454,608500.0,628000.0,2.46,2.453,441200.0,574300.0,2.461,2.452,101100.0,375400.0,2.231,2.477,2.456,2.454,2.467,2.479,66904600.0,66904600.0,2.727,159901.0,2023-10-26 11:23:57,2.4561272114574555,0.0004070832485242,0.001221249745573,0.0009999999999998,-0.0010000000000003,0.0020000000000002,1997100.0,2023800.0,26700.0,2.453554053377397,2.45883535922522,4020900.0,26700.0,-0.0003274599367381,-0.0230000000000001,-0.0020000000000002,2.4565,2.458,2.458,2.456,2.456,3440.0,3440.0,1.0,-5448257.328990838,19.0,1.0,0.0,1.0,0.0001000000000006,6.041272600000001,0.0,172.0,7006088.0,0.0,-145000.0,103600.0,-248600.0,-336400.0,769400.0,-1105800.0,38200.0,608500.0,-570300.0,142300.0,441200.0,-298900.0,259500.0,101100.0,158400.0,0.0890453718312982,0.1960810645788328
1125.0,20231026.0,2.0231026112457e+16,2.458,2.457,88800.0,463600.0,2.459,2.456,234700.0,600100.0,2.46,2.455,749400.0,1065700.0,2.461,2.454,531600.0,634400.0,2.462,2.453,240200.0,87300.0,2.231,2.477,2.458,2.454,2.467,2.479,67041229.0,67041229.0,2.727,159901.0,2023-10-26 11:24:57,2.45783924692252,0.0004069175991863,0.0012207527975585,0.0009999999999998,-0.0009999999999998,0.0019999999999997,2851100.0,1844700.0,-1006400.0,2.4552519378485496,2.4603250935111403,4695800.0,1006400.0,0.0006968039154665,-0.0209999999999999,0.0020000000000002,2.4575,2.456,2.458,2.456,2.458,136629.0,136629.0,1.0,5449330.016015695,11.0,9.0,2.0,0.0,0.00075,6.035621150000002,0.0009999999999998,6831.45,6284707239.0,6141.0,463600.0,-88800.0,552400.0,600100.0,-234700.0,834800.0,1065700.0,-749400.0,1815100.0,634400.0,-531600.0,1166000.0,87300.0,-240200.0,327500.0,0.0936627995428641,0.1855019971709109
1126.0,20231026.0,2.0231026112557e+16,2.459,2.457,338300.0,263600.0,2.46,2.456,615200.0,650200.0,2.461,2.455,967300.0,656500.0,2.462,2.454,439700.0,413100.0,2.463,2.453,87100.0,217800.0,2.231,2.477,2.458,2.454,2.467,2.479,67259745.0,67259745.0,2.727,159901.0,2023-10-26 11:25:57,2.4578758930054825,0.0008136696501221,0.0016273393002441,0.0009999999999998,-0.0009999999999998,0.0019999999999997,2201200.0,2447600.0,246400.0,2.455149327639469,2.4607230348096096,4648800.0,246400.0,1.4909766705484271e-05,-0.0209999999999999,0.0,2.458,2.458,2.458,2.458,2.458,218516.0,218516.0,1.0,0.0,20.0,0.0,0.0,0.0,8.881784197001252e-16,6.041764000000001,0.0,10925.8,47641853416.0,0.0,-200000.0,-338300.0,138300.0,50100.0,-615200.0,665300.0,-409200.0,-967300.0,558100.0,-221300.0,-439700.0,218400.0,130500.0,-87100.0,217600.0,0.0861754863347,0.2000220810356897
1127.0,20231026.0,2.0231026112657e+16,2.459,2.458,458300.0,3600.0,2.46,2.457,510400.0,280000.0,2.461,2.456,530100.0,605000.0,2.462,2.455,445900.0,811600.0,2.463,2.454,151900.0,183700.0,2.231,2.477,2.458,2.454,2.467,2.479,67266627.0,67266627.0,2.727,159901.0,2023-10-26 11:26:57,2.458007793894782,0.0004067520846043,0.0012202562538133,0.0010000000000003,-0.0009999999999998,0.0020000000000002,1883900.0,2096600.0,212700.0,2.455526620308933,2.4606769531622628,3980500.0,212700.0,5.366314491261903e-05,-0.0209999999999999,0.0,2.4585,2.458,2.458,2.458,2.458,6882.0,6882.0,1.0,0.0,20.0,0.0,0.0,0.0,8.881784197001252e-16,6.041764000000001,0.0,344.1,47361924.0,0.0,3600.0,120000.0,-116400.0,280000.0,-104800.0,384800.0,605000.0,-437200.0,1042200.0,811600.0,6200.0,805400.0,183700.0,64800.0,118900.0,0.0925193417128241,0.1846999131913253
1128.0,20231026.0,2.0231026112757e+16,2.459,2.458,188300.0,150000.0,2.46,2.457,600400.0,513600.0,2.461,2.456,454900.0,1250200.0,2.462,2.455,495900.0,497700.0,2.463,2.454,107100.0,382400.0,2.231,2.477,2.458,2.454,2.467,2.479,67294157.0,67294157.0,2.727,159901.0,2023-10-26 11:27:57,2.4584433934377774,0.0004067520846043,0.0012202562538133,0.0010000000000003,-0.0009999999999998,0.0020000000000002,2793900.0,1846600.0,-947300.0,2.4558393285371705,2.460855464096177,4640500.0,947300.0,0.0001772008009586,-0.0209999999999999,0.0,2.4585,2.458,2.458,2.458,2.458,27530.0,27530.0,1.0,0.0,20.0,0.0,0.0,0.0,8.881784197001252e-16,6.041764000000001,0.0,1376.5,284212838.0,0.0,146400.0,-270000.0,416400.0,233600.0,90000.0,143600.0,645200.0,-75200.0,720400.0,-313900.0,50000.0,-363900.0,198700.0,-44800.0,243500.0,0.0828020438977554,0.1837338557289133
0.0,0.0,0.0,0.0,0.0,0.0,0.0,0.0,0.0,0.0,0.0,0.0,0.0,0.0,0.0,0.0,0.0,0.0,0.0,0.0,0.0,0.0,0.0,0.0,0.0,0.0,0.0,0.0,0.0,0.0,0.0,0.0,0.0,0.0,0.0,0.0,0.0,0.0,0.0,0.0,0.0,0.0,0.0,0.0,0.0,0.0,0.0,0.0,0.0,0.0,0.0,0.0,0.0,0.0,0.0,0.0,0.0,0.0,0.0,0.0,0.0,0.0,0.0,0.0,0.0,0.0,0.0,0.0,0.0,0.0,0.0,0.0,0.0,0.0,0.0,0.0,0.0,0.0,0.0,0.0,0.0,0.0,0.0,0.0,0.0,0.0
1130.0,20231026.0,2.0231026112957e+16,2.46,2.458,180400.0,100100.0,2.461,2.457,131100.0,130100.0,2.462,2.456,175600.0,130200.0,2.463,2.455,37100.0,297100.0,2.464,2.454,85800.0,58000.0,2.231,2.477,2.459,2.454,2.467,2.479,67816203.0,67816203.0,2.727,159901.0,2023-10-26 11:29:57,2.458713725490196,0.0008133387555916,0.0016266775111834,0.0010000000000003,-0.0009999999999998,0.0020000000000002,715500.0,610000.0,-105500.0,2.45588427672956,2.4615357377049176,1325500.0,105500.0,-0.0003406949255754,-0.02,0.0,2.459,2.459,2.459,2.459,2.459,247130.0,247130.0,1.0,0.0,0.0,20.0,0.0,0.0,8.881784197001252e-16,6.046681,0.0,12356.5,60468322900.0,0.0,-363500.0,46400.0,-409900.0,-469900.0,-490000.0,20100.0,-900000.0,-281000.0,-619000.0,-324900.0,-314100.0,-10800.0,-50000.0,-44700.0,-5300.0,0.0757202383918514,0.1809759253918147
1301.0,20231026.0,2.0231026130057e+16,2.459,2.458,50000.0,150000.0,2.46,2.457,275100.0,310100.0,2.461,2.456,511100.0,1242000.0,2.462,2.455,1159900.0,507400.0,2.463,2.454,233100.0,113900.0,2.231,2.477,2.459,2.454,2.467,2.479,68128685.0,68128685.0,2.727,159901.0,2023-10-26 13:00:57,2.45875,0.0004067520846043,0.0012202562538133,0.0010000000000003,-0.0009999999999998,0.0020000000000002,2323400.0,2229200.0,-94200.0,2.455946156494792,2.461561187870088,4552600.0,94200.0,1.4753341083917348e-05,-0.02,0.0,2.4585,2.459,2.459,2.458,2.459,312482.0,312482.0,1.0,783.6106615541503,18.0,4.0,1.0,1.0,0.0001818181818187,6.045787000000001,0.0,14203.727272727272,38494610238.0,0.0,49900.0,50000.0,-100.0,180000.0,275100.0,-95100.0,1111800.0,511100.0,600700.0,210300.0,1159900.0,-949600.0,55900.0,233100.0,-177200.0,0.0680173961466421,0.1510345357687182
1302.0,20231026.0,2.0231026130157e+16,2.46,2.459,130000.0,100000.0,2.461,2.458,311100.0,500000.0,2.462,2.457,703900.0,1210100.0,2.463,2.456,564000.0,458200.0,2.464,2.455,235800.0,132400.0,2.231,2.477,2.46,2.454,2.467,2.479,68395103.0,68395103.0,2.727,159901.0,2023-10-26 13:01:57,2.4594347826086955,0.0004065867046147,0.0012197601138441,0.0009999999999998,-0.0009999999999998,0.0019999999999997,2400700.0,1944800.0,-455900.0,2.45699041946099,2.4622388420403123,4345500.0,455900.0,0.0002784696563422,-0.0190000000000001,0.0009999999999998,2.4595,2.459,2.46,2.459,2.46,266418.0,266418.0,1.0,2772288.7398370933,12.0,8.0,1.0,0.0,0.0003999999999995,6.0496323999999975,0.0009999999999998,13320.9,43576905924.0,0.0,100000.0,-130000.0,230000.0,500000.0,-311100.0,811100.0,1210100.0,-703900.0,1914000.0,458200.0,-564000.0,1022200.0,132400.0,-235800.0,368200.0,0.1047493493375493,0.1604399882078938
1303.0,20231026.0,2.0231026130257e+16,2.459,2.457,183600.0,153700.0,2.46,2.456,500000.0,566100.0,2.461,2.455,610100.0,1383800.0,2.462,2.454,695900.0,458500.0,2.463,2.453,51900.0,87300.0,2.231,2.477,2.458,2.454,2.467,2.479,68535704.0,68535704.0,2.727,159901.0,2023-10-26 13:02:57,2.457911354876964,0.0008136696501221,0.0016273393002441,0.0009999999999998,-0.0009999999999998,0.0019999999999997,2649400.0,2041500.0,-607900.0,2.455090737525478,2.4609669360764146,4690900.0,607900.0,-0.0006196138070728,-0.0209999999999999,-0.0019999999999997,2.458,2.46,2.46,2.458,2.458,140601.0,140601.0,1.0,-5565050.496589353,12.0,8.0,0.0,2.0,0.0004999999999999,6.045206100000001,0.0009999999999998,7030.05,15261072705.0,0.0,-153700.0,183600.0,-337300.0,-566100.0,500000.0,-1066100.0,-1383800.0,610100.0,-1993900.0,-458500.0,695900.0,-1154400.0,-87300.0,51900.0,-139200.0,0.1212993138709046,0.1382204397897233
1304.0,20231026.0,2.0231026130357e+16,2.458,2.456,453600.0,284900.0,2.459,2.455,514700.0,356800.0,2.46,2.454,1215000.0,804700.0,2.461,2.453,505700.0,447300.0,2.462,2.452,4900.0,202500.0,2.231,2.477,2.457,2.454,2.467,2.479,68556588.0,68556588.0,2.727,159901.0,2023-10-26 13:03:57,2.456771563981043,0.0008140008140009,0.0016280016280016,0.0009999999999998,-0.0009999999999998,0.0019999999999997,2096200.0,2693900.0,597700.0,2.454035445091117,2.4596635361371986,4790100.0,597700.0,-0.0004638309063569,-0.0220000000000002,-0.0010000000000003,2.457,2.458,2.458,2.457,2.457,20884.0,20884.0,1.0,-2790255.9218568536,9.0,10.0,0.0,1.0,0.0004736842105264,6.039177157894738,0.0010000000000003,1099.157894736842,425987560.0,0.0,-284900.0,453600.0,-738500.0,-356800.0,514700.0,-871500.0,-804700.0,1215000.0,-2019700.0,-447300.0,505700.0,-953000.0,-202500.0,4900.0,-207400.0,0.1168302445850085,0.1347508029458131
1305.0,20231026.0,2.0231026130457e+16,2.456,2.455,211000.0,50900.0,2.457,2.454,500000.0,243900.0,2.458,2.453,523800.0,508100.0,2.459,2.452,696000.0,802800.0,2.46,2.451,50000.0,370000.0,2.231,2.477,2.456,2.454,2.467,2.479,68811767.0,68811767.0,2.727,159901.0,2023-10-26 13:04:57,2.455194348988164,0.0004072490327835,0.0012217470983505,0.0009999999999998,-0.0009999999999998,0.0019999999999997,1975700.0,1980800.0,5100.0,2.452394088171281,2.4579363893376414,3956500.0,5100.0,-0.0006421929936119,-0.0230000000000001,-0.0009999999999998,2.4555,2.457,2.457,2.456,2.456,255179.0,255179.0,1.0,-2799782.0439736336,10.0,10.0,0.0,1.0,0.0004999999999999,6.0343925,0.0009999999999998,12758.95,44205732327.0,0.0,-50900.0,211000.0,-261900.0,-243900.0,500000.0,-743900.0,-508100.0,523800.0,-1031900.0,-802800.0,696000.0,-1498800.0,-370000.0,50000.0,-420000.0,0.1040215254475393,0.1218099699268457
1306.0,20231026.0,2.0231026130557e+16,2.456,2.455,104800.0,3600.0,2.457,2.454,364700.0,410800.0,2.458,2.453,1190300.0,701500.0,2.459,2.452,519300.0,1186600.0,2.46,2.451,180300.0,381500.0,2.231,2.477,2.454,2.454,2.467,2.479,68953663.0,68953663.0,2.727,159901.0,2023-10-26 13:05:57,2.455033210332103,0.0004072490327835,0.0012217470983505,0.0009999999999998,-0.0009999999999998,0.0019999999999997,2684000.0,2359400.0,-324600.0,2.4524293591654245,2.4581295244553703,5043400.0,324600.0,-6.563388526148461e-05,-0.0249999999999999,-0.0019999999999997,2.4555,2.456,2.456,2.454,2.454,141896.0,141896.0,1.0,-5617580.964433357,15.0,5.0,0.0,2.0,0.0001500000000005,6.026288850000001,0.0002499999999998,7094.8,15763280290.0,0.0,-47300.0,-106200.0,58900.0,166900.0,-135300.0,302200.0,193400.0,666500.0,-473100.0,383800.0,-176700.0,560500.0,11500.0,130300.0,-118800.0,0.1015514692904034,0.1280266986863841
1307.0,20231026.0,2.0231026130657e+16,2.458,2.456,188700.0,150900.0,2.459,2.455,273800.0,508200.0,2.46,2.454,1241100.0,481600.0,2.461,2.453,590700.0,548600.0,2.462,2.452,4900.0,202500.0,2.231,2.477,2.456,2.454,2.467,2.479,69413799.0,69413799.0,2.727,159901.0,2023-10-26 13:06:57,2.456888692579505,0.0008140008140009,0.0016280016280016,0.0009999999999998,-0.0009999999999998,0.0019999999999997,1891800.0,2299200.0,407400.0,2.453924093455968,2.4599779488517743,4191000.0,407400.0,0.0007555015622535,-0.0230000000000001,0.0019999999999997,2.457,2.454,2.458,2.454,2.456,460136.0,460136.0,1.0,5607789.678033361,12.0,8.0,3.0,2.0,0.0006500000000002,6.035130049999999,0.0009999999999998,23006.8,61649407646.0,6693.25,150900.0,-188700.0,339600.0,508200.0,-273800.0,782000.0,481600.0,-1241100.0,1722700.0,548600.0,-590700.0,1139300.0,202500.0,-4900.0,207400.0,0.1048871887365792,0.1420689180344352
1308.0,20231026.0,2.0231026130757e+16,2.457,2.456,3600.0,320700.0,2.458,2.455,165100.0,508200.0,2.459,2.454,354800.0,1061600.0,2.46,2.453,964400.0,634300.0,2.461,2.452,526900.0,216800.0,2.231,2.477,2.457,2.454,2.467,2.479,69420924.0,69420924.0,2.727,159901.0,2023-10-26 13:07:57,2.4569888991674373,0.0004070832485242,0.001221249745573,0.0009999999999998,-0.0010000000000003,0.0020000000000002,2741600.0,2014800.0,-726800.0,2.45402980011672,2.459916170339488,4756400.0,726800.0,4.0785138040178026e-05,-0.0220000000000002,0.0009999999999998,2.4565,2.456,2.457,2.456,2.457,7125.0,7125.0,1.0,2825434.432234121,8.0,12.0,1.0,0.0,0.0003999999999999,6.033901200000002,0.0009999999999998,356.25,47394425.0,0.0,169800.0,3600.0,166200.0,0.0,165100.0,-165100.0,580000.0,354800.0,225200.0,85700.0,964400.0,-878700.0,14300.0,526900.0,-512600.0,0.1025465555893254,0.1530791416896458
1309.0,20231026.0,2.0231026130857e+16,2.457,2.455,168100.0,141800.0,2.458,2.454,405100.0,610800.0,2.459,2.453,983800.0,1345400.0,2.46,2.452,736500.0,476500.0,2.461,2.451,105800.0,159400.0,2.231,2.477,2.456,2.454,2.467,2.479,69539553.0,69539553.0,2.727,159901.0,2023-10-26 13:08:57,2.4559151339141656,0.0008143322475569,0.001628664495114,0.0009999999999998,-0.0010000000000003,0.0020000000000002,2733900.0,2399300.0,-334600.0,2.453036248582611,2.4590861918059432,5133200.0,334600.0,-0.0004371203928018,-0.0230000000000001,-0.0009999999999998,2.456,2.457,2.457,2.456,2.456,118629.0,118629.0,1.0,-2830444.9918563664,15.0,5.0,0.0,1.0,0.0002499999999994,6.03562075,0.0002499999999998,5931.45,7692644211.0,614.25,-141800.0,164500.0,-306300.0,-610800.0,240000.0,-850800.0,-1345400.0,629000.0,-1974400.0,-476500.0,-227900.0,-248600.0,-159400.0,-421100.0,261700.0,0.1105467348659892,0.1541127256887006
1310.0,20231026.0,2.0231026130957e+16,2.457,2.455,163600.0,261800.0,2.458,2.454,260100.0,566600.0,2.459,2.453,523800.0,1300600.0,2.46,2.452,691700.0,476500.0,2.461,2.451,50600.0,109400.0,2.231,2.477,2.456,2.454,2.467,2.479,69762557.0,69762557.0,2.727,159901.0,2023-10-26 13:09:57,2.456230841560884,0.0008143322475569,0.001628664495114,0.0009999999999998,-0.0010000000000003,0.0020000000000002,2714900.0,1689800.0,-1025100.0,2.453145456554569,2.4591216712036927,4404700.0,1025100.0,0.0001285416389207,-0.0230000000000001,0.0,2.456,2.456,2.456,2.456,2.456,223004.0,223004.0,1.0,0.0,0.0,20.0,0.0,0.0,8.881784197001252e-16,6.031936000000001,0.0,11150.2,28026376002.0,0.0,120000.0,-4500.0,124500.0,-44200.0,-145000.0,100800.0,-44800.0,-460000.0,415200.0,0.0,-44800.0,44800.0,-50000.0,-55200.0,5200.0,0.1113670727383954,0.1723969620159168
1311.0,20231026.0,2.0231026131057e+16,2.456,2.455,53600.0,800.0,2.457,2.454,110100.0,339400.0,2.458,2.453,544000.0,468600.0,2.459,2.452,1110600.0,639500.0,2.46,2.451,344000.0,233200.0,2.231,2.477,2.455,2.454,2.467,2.479,69941281.0,69941281.0,2.727,159901.0,2023-10-26 13:10:57,2.455014705882353,0.0004072490327835,0.0012217470983505,0.0009999999999998,-0.0009999999999998,0.0019999999999997,1681500.0,2162300.0,480800.0,2.452545108534047,2.45873130462933,3843800.0,480800.0,-0.0004952453269295,-0.024,-0.0009999999999998,2.4555,2.456,2.456,2.455,2.455,178724.0,178724.0,1.0,-2846622.0366595644,8.0,12.0,0.0,1.0,0.0003999999999999,6.028989399999999,0.0009999999999998,8936.2,17993628392.0,0.0,-261000.0,53600.0,-314600.0,-227200.0,110100.0,-337300.0,-832000.0,544000.0,-1376000.0,163000.0,1110600.0,-947600.0,123800.0,344000.0,-220200.0,0.1056668111305492,0.1798987383073371
1312.0,20231026.0,2.0231026131157e+16,2.455,2.454,53600.0,75500.0,2.456,2.453,160000.0,607800.0,2.457,2.452,300100.0,1355500.0,2.458,2.451,1078100.0,599200.0,2.459,2.45,562100.0,398200.0,2.231,2.477,2.455,2.454,2.467,2.479,69949874.0,69949874.0,2.727,159901.0,2023-10-26 13:11:57,2.4545848179705656,0.0004074149521286,0.0012222448563862,0.0010000000000003,-0.0009999999999998,0.0020000000000002,3036200.0,2153900.0,-882300.0,2.451790264145972,2.457898416825294,5190100.0,882300.0,-0.0001751213763148,-0.024,0.0,2.4545000000000003,2.455,2.455,2.455,2.455,8593.0,8593.0,1.0,0.0,0.0,0.0,0.0,0.0,0.0,6.027025,0.0,429.65,73839649.0,0.0,-75500.0,53600.0,-129100.0,-607800.0,160000.0,-767800.0,-1355500.0,300100.0,-1655600.0,-599200.0,1078100.0,-1677300.0,-398200.0,562100.0,-960300.0,0.0767054649203088,0.159665421848472
1313.0,20231026.0,2.0231026131257e+16,2.454,2.453,16000.0,144500.0,2.455,2.452,83600.0,472300.0,2.456,2.451,518700.0,561200.0,2.457,2.45,1241300.0,774300.0,2.458,2.449,405300.0,116200.0,2.231,2.477,2.454,2.454,2.467,2.479,70128771.0,70128771.0,2.727,159901.0,2023-10-26 13:12:57,2.45390031152648,0.0004075810067252,0.0012227430201753,0.0009999999999998,-0.0009999999999998,0.0019999999999997,2068500.0,2264900.0,196400.0,2.450881363306744,2.4568549163318467,4333400.0,196400.0,-0.000278907414595,-0.0249999999999999,-0.0009999999999998,2.4535,2.455,2.456,2.454,2.454,178897.0,178897.0,1.0,-2853734.31288777,5.0,15.0,1.0,1.0,0.0004000000000004,6.0240799,0.0002499999999998,8944.85,20194882767.0,0.0,-144500.0,16000.0,-160500.0,-472300.0,83600.0,-555900.0,-561200.0,518700.0,-1079900.0,-774300.0,1241300.0,-2015600.0,-116200.0,405300.0,-521500.0,0.084125714590221,0.1434609965619594
1314.0,20231026.0,2.0231026131357e+16,2.455,2.454,83600.0,53600.0,2.456,2.453,599700.0,170900.0,2.457,2.452,979100.0,467000.0,2.458,2.451,586500.0,1341400.0,2.459,2.45,100100.0,664100.0,2.231,2.477,2.454,2.454,2.467,2.479,70292698.0,70292698.0,2.727,159901.0,2023-10-26 13:13:57,2.454390670553936,0.0004074149521286,0.0012222448563862,0.0010000000000003,-0.0009999999999998,0.0020000000000002,2697000.0,2349000.0,-348000.0,2.4511132740081574,2.457008429118774,5046000.0,348000.0,0.0001998084591471,-0.0249999999999999,0.0,2.4545000000000003,2.454,2.454,2.454,2.454,163927.0,163927.0,1.0,0.0,0.0,0.0,0.0,0.0,0.0,6.022115999999999,0.0,8196.35,18561780073.0,1595.0,53600.0,-83600.0,137200.0,170900.0,-599700.0,770600.0,467000.0,-979100.0,1446100.0,1341400.0,-586500.0,1927900.0,664100.0,-100100.0,764200.0,0.0650713551501076,0.1587643933458015
1315.0,20231026.0,2.0231026131457e+16,2.455,2.454,403500.0,55000.0,2.456,2.453,509700.0,174500.0,2.457,2.452,779100.0,377000.0,2.458,2.451,586500.0,652400.0,2.459,2.45,100100.0,663200.0,2.231,2.477,2.455,2.454,2.467,2.479,70292944.0,70292944.0,2.727,159901.0,2023-10-26 13:14:57,2.454119956379498,0.0004074149521286,0.0012222448563862,0.0010000000000003,-0.0009999999999998,0.0020000000000002,1922100.0,2378900.0,456800.0,2.451118516206233,2.456777207953256,4301000.0,456800.0,-0.0001103039986209,-0.024,0.0009999999999998,2.4545000000000003,2.454,2.455,2.454,2.455,246.0,246.0,1.0,2863256.374745102,5.0,14.0,1.0,0.0,0.0002631578947371,6.023407842105264,0.0005000000000001,12.947368421052632,60516.0,0.0,1400.0,319900.0,-318500.0,3600.0,-90000.0,93600.0,-90000.0,-200000.0,110000.0,-689000.0,0.0,-689000.0,-900.0,0.0,-900.0,0.061239733476666,0.1349602505742801
1316.0,20231026.0,2.0231026131557e+16,2.455,2.453,53400.0,276000.0,2.456,2.452,469700.0,497000.0,2.457,2.451,305100.0,1266400.0,2.458,2.45,486000.0,688200.0,2.459,2.449,185600.0,117100.0,2.231,2.477,2.454,2.454,2.467,2.479,70635291.0,70635291.0,2.727,159901.0,2023-10-26 13:15:57,2.4546757741347904,0.0008149959250204,0.0016299918500407,0.0009999999999998,-0.0009999999999998,0.0019999999999997,2844700.0,1499800.0,-1344900.0,2.4510445038141104,2.457187158287772,4344500.0,1344900.0,0.0002264578883217,-0.0249999999999999,-0.0009999999999998,2.454,2.454,2.455,2.454,2.454,342347.0,342347.0,1.0,-5740.605868966319,13.0,7.0,2.0,2.0,0.00035,6.025306850000001,0.0009999999999998,17117.35,32402169503.0,2576.75,-276000.0,-350100.0,74100.0,-497000.0,-40000.0,-457000.0,-1266400.0,-474000.0,-792400.0,-688200.0,-100500.0,-587700.0,-117100.0,85500.0,-202600.0,0.0400721563983647,0.1299920671327661
1317.0,20231026.0,2.0231026131654e+16,2.456,2.455,83600.0,93600.0,2.457,2.454,550100.0,112100.0,2.458,2.453,179200.0,645900.0,2.459,2.452,415200.0,612400.0,2.46,2.451,334500.0,495200.0,2.231,2.477,2.455,2.454,2.467,2.479,70748957.0,70748957.0,2.727,159901.0,2023-10-26 13:16:54,2.455528216704289,0.0004072490327835,0.0012217470983505,0.0009999999999998,-0.0009999999999998,0.0019999999999997,1959200.0,1562600.0,-396600.0,2.4523346774193557,2.458234800972738,3521800.0,396600.0,0.0003472126940765,-0.024,0.0009999999999998,2.4555,2.454,2.455,2.454,2.455,113666.0,113666.0,1.0,2881471.242362208,9.0,10.0,1.0,0.0,0.0004736842105255,6.024441315789471,0.0009999999999998,5982.421052631579,11067019828.0,0.0,93600.0,-83600.0,177200.0,112100.0,-550100.0,662200.0,645900.0,-179200.0,825100.0,612400.0,-415200.0,1027600.0,495200.0,-334500.0,829700.0,0.05621529793287,0.1380022228092432
1318.0,20231026.0,2.0231026131757e+16,2.457,2.456,133600.0,43600.0,2.458,2.455,558800.0,112800.0,2.459,2.454,134100.0,516400.0,2.46,2.453,519300.0,1496300.0,2.461,2.452,241000.0,532900.0,2.231,2.477,2.456,2.454,2.467,2.479,70908599.0,70908599.0,2.727,159901.0,2023-10-26 13:17:57,2.4562460496614,0.0004070832485242,0.001221249745573,0.0009999999999998,-0.0010000000000003,0.0020000000000002,2702000.0,1586800.0,-1115200.0,2.453125795706884,2.459110473909756,4288800.0,1115200.0,0.0002922906971262,-0.0230000000000001,0.0009999999999998,2.4565,2.455,2.458,2.455,2.456,159642.0,159642.0,1.0,2865609.36697397,3.0,17.0,2.0,1.0,8.881784197001252e-16,6.031936900000001,0.0009999999999998,7982.1,17557379714.0,614.5,43600.0,-133600.0,177200.0,112800.0,-558800.0,671600.0,516400.0,-134100.0,650500.0,1496300.0,-519300.0,2015600.0,532900.0,-241000.0,773900.0,0.0958340756745603,0.1719439433575262
1319.0,20231026.0,2.0231026131857e+16,2.457,2.456,138300.0,46900.0,2.458,2.455,558800.0,114300.0,2.459,2.454,134100.0,514900.0,2.46,2.453,527300.0,1496300.0,2.461,2.452,241000.0,323500.0,2.231,2.477,2.456,2.454,2.467,2.479,70932668.0,70932668.0,2.727,159901.0,2023-10-26 13:18:57,2.4562532397408208,0.0004070832485242,0.001221249745573,0.0009999999999998,-0.0010000000000003,0.0020000000000002,2495900.0,1599500.0,-896400.0,2.4532246484234146,2.459108721475461,4095400.0,896400.0,2.927259220797396e-06,-0.0230000000000001,0.0,2.4565,2.456,2.456,2.456,2.456,24069.0,24069.0,1.0,0.0,0.0,0.0,0.0,0.0,0.0,6.031936000000001,0.0,1203.45,251170601.0,0.0,3300.0,4700.0,-1400.0,1500.0,0.0,1500.0,-1500.0,0.0,-1500.0,0.0,8000.0,-8000.0,-209400.0,0.0,-209400.0,0.1001738213291293,0.147914622496215
1320.0,20231026.0,2.0231026131957e+16,2.459,2.458,93700.0,5100.0,2.46,2.457,578300.0,160100.0,2.461,2.456,226000.0,417900.0,2.462,2.455,455900.0,1281200.0,2.463,2.454,237200.0,505800.0,2.231,2.477,2.458,2.454,2.467,2.479,71269605.0,71269605.0,2.727,159901.0,2023-10-26 13:19:57,2.4580516194331983,0.0004067520846043,0.0012202562538133,0.0010000000000003,-0.0009999999999998,0.0020000000000002,2370100.0,1591100.0,-779000.0,2.4551044681659,2.46110345044309,3961200.0,779000.0,0.0007318958933932,-0.0209999999999999,0.0020000000000002,2.4585,2.456,2.458,2.456,2.458,336937.0,336937.0,1.0,5782998.2109374665,7.0,7.0,2.0,0.0,0.0009999999999998,6.0368497,0.0020000000000002,16846.85,51399856705.0,1843.5,5100.0,-93700.0,98800.0,160100.0,-578300.0,738400.0,417900.0,-226000.0,643900.0,1281200.0,-455900.0,1737100.0,505800.0,-237200.0,743000.0,0.1291810854863317,0.1549739180457043
1321.0,20231026.0,2.0231026132054e+16,2.458,2.457,700.0,164800.0,2.459,2.456,373700.0,225500.0,2.46,2.455,542300.0,290300.0,2.461,2.454,358000.0,680000.0,2.462,2.453,505000.0,245500.0,2.231,2.477,2.458,2.454,2.467,2.479,71279437.0,71279437.0,2.727,159901.0,2023-10-26 13:20:54,2.457995770392749,0.0004069175991863,0.0012207527975585,0.0009999999999998,-0.0009999999999998,0.0019999999999997,1606100.0,1779700.0,173600.0,2.4546165245003424,2.4605579030173628,3385800.0,173600.0,-2.272111557211076e-05,-0.0209999999999999,0.0,2.4575,2.458,2.458,2.458,2.458,9832.0,9832.0,1.0,0.0,19.0,0.0,0.0,0.0,8.881784197001252e-16,6.041764000000001,0.0,517.4736842105264,51354994.0,0.0,-164800.0,700.0,-165500.0,-225500.0,373700.0,-599200.0,-290300.0,542300.0,-832600.0,-680000.0,358000.0,-1038000.0,-245500.0,505000.0,-750500.0,0.1332957082465743,0.1461185335677423
1322.0,20231026.0,2.0231026132157e+16,2.458,2.457,51700.0,164800.0,2.459,2.456,270100.0,275500.0,2.46,2.455,442300.0,1195000.0,2.461,2.454,506800.0,565700.0,2.462,2.453,356200.0,259800.0,2.231,2.477,2.458,2.454,2.467,2.479,71285828.0,71285828.0,2.727,159901.0,2023-10-26 13:21:57,2.457761200923788,0.0004069175991863,0.0012207527975585,0.0009999999999998,-0.0009999999999998,0.0019999999999997,2460800.0,1627100.0,-833700.0,2.4548048602080628,2.4605197590805727,4087900.0,833700.0,-9.54357469290512e-05,-0.0209999999999999,0.0,2.4575,2.458,2.458,2.458,2.458,6391.0,6391.0,1.0,0.0,20.0,0.0,0.0,0.0,8.881784197001252e-16,6.041764000000001,0.0,319.55,13654485.0,0.0,0.0,51000.0,-51000.0,50000.0,-103600.0,153600.0,904700.0,-100000.0,1004700.0,-114300.0,148800.0,-263100.0,14300.0,-148800.0,163100.0,0.1248712066121713,0.1338198431916677
0.0,0.0,0.0,0.0,0.0,0.0,0.0,0.0,0.0,0.0,0.0,0.0,0.0,0.0,0.0,0.0,0.0,0.0,0.0,0.0,0.0,0.0,0.0,0.0,0.0,0.0,0.0,0.0,0.0,0.0,0.0,0.0,0.0,0.0,0.0,0.0,0.0,0.0,0.0,0.0,0.0,0.0,0.0,0.0,0.0,0.0,0.0,0.0,0.0,0.0,0.0,0.0,0.0,0.0,0.0,0.0,0.0,0.0,0.0,0.0,0.0,0.0,0.0,0.0,0.0,0.0,0.0,0.0,0.0,0.0,0.0,0.0,0.0,0.0,0.0,0.0,0.0,0.0,0.0,0.0,0.0,0.0,0.0,0.0,0.0,0.0
