time,exchg,code,price,open,high,low,settle_price,upper_limit,lower_limit,total_volume,volume,total_turnover,turnover,open_interest,diff_interest,trading_date,action_date,action_time,pre_close,pre_settle,pre_interest,bid_price_0,bid_price_1,bid_price_2,bid_price_3,bid_price_4,bid_price_5,bid_price_6,bid_price_7,bid_price_8,bid_price_9,ask_price_0,ask_price_1,ask_price_2,ask_price_3,ask_price_4,ask_price_5,ask_price_6,ask_price_7,ask_price_8,ask_price_9,bid_qty_0,bid_qty_1,bid_qty_2,bid_qty_3,bid_qty_4,bid_qty_5,bid_qty_6,bid_qty_7,bid_qty_8,bid_qty_9,ask_qty_0,ask_qty_1,ask_qty_2,ask_qty_3,ask_qty_4,ask_qty_5,ask_qty_6,ask_qty_7,ask_qty_8,ask_qty_9
20230901093001504,SSE,SSE.ETF.510050,2.601,2.601,2.603,2.6,0.0,2.849,2.331,5366100.0,5366100.0,13957685.0,13957685.0,0.0,0.0,20230901,20230901,93001505,2.59,0.0,0.0,2.601,2.6,2.599,2.598,2.597,0.0,0.0,0.0,0.0,0.0,2.603,2.604,2.605,2.606,2.607,0.0,0.0,0.0,0.0,0.0,14100.0,1027500.0,388800.0,149200.0,205600.0,0.0,0.0,0.0,0.0,0.0,645300.0,660700.0,727500.0,450400.0,707500.0,0.0,0.0,0.0,0.0,0.0
20230901093006740,SSE,SSE.ETF.510050,2.602,2.601,2.604,2.6,0.0,2.849,2.331,9503100.0,4137000.0,24720499.0,10762814.0,0.0,0.0,20230901,20230901,93006740,2.59,0.0,0.0,2.601,2.6,2.599,2.598,2.597,0.0,0.0,0.0,0.0,0.0,2.602,2.603,2.604,2.605,2.606,0.0,0.0,0.0,0.0,0.0,50700.0,2048700.0,1172300.0,243000.0,153300.0,0.0,0.0,0.0,0.0,0.0,829100.0,2000.0,993400.0,878800.0,955800.0,0.0,0.0,0.0,0.0,0.0
20230901093006940,SSE,SSE.ETF.510050,2.603,2.601,2.605,2.6,0.0,2.849,2.331,12195800.0,2692700.0,31730085.0,7009586.0,0.0,0.0,20230901,20230901,93006940,2.59,0.0,0.0,2.603,2.602,2.601,2.6,2.599,0.0,0.0,0.0,0.0,0.0,2.605,2.606,2.607,2.608,2.609,0.0,0.0,0.0,0.0,0.0,514900.0,872300.0,209900.0,1149900.0,300500.0,0.0,0.0,0.0,0.0,0.0,353700.0,1153100.0,1822700.0,1302500.0,1463900.0,0.0,0.0,0.0,0.0,0.0
20230901093009216,SSE,SSE.ETF.510050,2.603,2.601,2.605,2.6,0.0,2.849,2.331,12678300.0,482500.0,32986180.0,1256095.0,0.0,0.0,20230901,20230901,93009216,2.59,0.0,0.0,2.603,2.602,2.601,2.6,2.599,0.0,0.0,0.0,0.0,0.0,2.604,2.605,2.606,2.607,2.608,0.0,0.0,0.0,0.0,0.0,105700.0,311000.0,563200.0,966400.0,460500.0,0.0,0.0,0.0,0.0,0.0,100.0,362800.0,735100.0,1519100.0,1322500.0,0.0,0.0,0.0,0.0,0.0
20230901093012052,SSE,SSE.ETF.510050,2.604,2.601,2.606,2.6,0.0,2.849,2.331,13513100.0,834800.0,35160817.0,2174637.0,0.0,0.0,20230901,20230901,93012053,2.59,0.0,0.0,2.604,2.603,2.602,2.601,2.6,0.0,0.0,0.0,0.0,0.0,2.605,2.606,2.607,2.608,2.609,0.0,0.0,0.0,0.0,0.0,332200.0,395100.0,1064000.0,364600.0,960900.0,0.0,0.0,0.0,0.0,0.0,104100.0,604500.0,1706200.0,1666100.0,1205300.0,0.0,0.0,0.0,0.0,0.0
20230901093015240,SSE,SSE.ETF.510050,2.603,2.601,2.606,2.6,0.0,2.849,2.331,14786500.0,1273400.0,38477639.0,3316822.0,0.0,0.0,20230901,20230901,93015241,2.59,0.0,0.0,2.603,2.602,2.601,2.6,2.599,0.0,0.0,0.0,0.0,0.0,2.604,2.605,2.606,2.607,2.608,0.0,0.0,0.0,0.0,0.0,634100.0,2991400.0,2539400.0,811600.0,320500.0,0.0,0.0,0.0,0.0,0.0,30400.0,1525900.0,355200.0,1396200.0,1206100.0,0.0,0.0,0.0,0.0,0.0
20230901093018064,SSE,SSE.ETF.510050,2.605,2.601,2.606,2.6,0.0,2.849,2.331,16021000.0,1234500.0,41692729.0,3215090.0,0.0,0.0,20230901,20230901,93018062,2.59,0.0,0.0,2.604,2.603,2.602,2.601,2.6,0.0,0.0,0.0,0.0,0.0,2.605,2.606,2.607,2.608,2.609,0.0,0.0,0.0,0.0,0.0,1188500.0,2174600.0,3381100.0,532300.0,1031600.0,0.0,0.0,0.0,0.0,0.0,1010000.0,421200.0,1717200.0,2116100.0,2264500.0,0.0,0.0,0.0,0.0,0.0
20230901093021080,SSE,SSE.ETF.510050,2.606,2.601,2.607,2.6,0.0,2.849,2.331,17776500.0,1755500.0,46266287.0,4573558.0,0.0,0.0,20230901,20230901,93021082,2.59,0.0,0.0,2.606,2.605,2.604,2.603,2.602,0.0,0.0,0.0,0.0,0.0,2.607,2.608,2.609,2.61,2.611,0.0,0.0,0.0,0.0,0.0,114200.0,60000.0,395800.0,1960300.0,3191100.0,0.0,0.0,0.0,0.0,0.0,2306200.0,1216100.0,2348600.0,2766900.0,2397400.0,0.0,0.0,0.0,0.0,0.0
20230901093021272,SSE,SSE.ETF.510050,2.604,2.601,2.606,2.6,0.0,2.849,2.331,13513100.0,834800.0,35160817.0,2174637.0,0.0,0.0,20230901,20230901,93021272,2.59,0.0,0.0,2.604,2.603,2.602,2.601,2.6,0.0,0.0,0.0,0.0,0.0,2.605,2.606,2.607,2.608,2.609,0.0,0.0,0.0,0.0,0.0,332200.0,395100.0,1064000.0,364600.0,960900.0,0.0,0.0,0.0,0.0,0.0,104100.0,604500.0,1706200.0,1666100.0,1205300.0,0.0,0.0,0.0,0.0,0.0
20230901093024064,SSE,SSE.ETF.510050,2.607,2.601,2.607,2.6,0.0,2.849,2.331,18501700.0,725200.0,48156775.0,1890488.0,0.0,0.0,20230901,20230901,93024064,2.59,0.0,0.0,2.606,2.605,2.604,2.603,2.602,0.0,0.0,0.0,0.0,0.0,2.607,2.608,2.609,2.61,2.611,0.0,0.0,0.0,0.0,0.0,422000.0,1730800.0,3171700.0,164500.0,1368100.0,0.0,0.0,0.0,0.0,0.0,797600.0,2430100.0,1524500.0,1796900.0,2434500.0,0.0,0.0,0.0,0.0,0.0
20230901093024892,SSE,SSE.ETF.510050,2.607,2.601,2.607,2.6,0.0,2.849,2.331,18501700.0,725200.0,48156775.0,1890488.0,0.0,0.0,20230901,20230901,93024892,2.59,0.0,0.0,2.606,2.605,2.604,2.603,2.602,0.0,0.0,0.0,0.0,0.0,2.607,2.608,2.609,2.61,2.611,0.0,0.0,0.0,0.0,0.0,422000.0,1730800.0,3171700.0,164500.0,1368100.0,0.0,0.0,0.0,0.0,0.0,797600.0,2430100.0,1524500.0,1796900.0,2434500.0,0.0,0.0,0.0,0.0,0.0
20230901093027080,SSE,SSE.ETF.510050,2.606,2.601,2.608,2.6,0.0,2.849,2.331,20261200.0,1759500.0,52743186.0,4586411.0,0.0,0.0,20230901,20230901,93027082,2.59,0.0,0.0,2.606,2.605,2.604,2.603,2.602,0.0,0.0,0.0,0.0,0.0,2.608,2.609,2.61,2.611,2.612,0.0,0.0,0.0,0.0,0.0,234300.0,2801800.0,1638800.0,171500.0,1526800.0,0.0,0.0,0.0,0.0,0.0,1260300.0,3338100.0,2770500.0,2446500.0,855900.0,0.0,0.0,0.0,0.0,0.0
20230901093030076,SSE,SSE.ETF.510050,2.606,2.601,2.608,2.6,0.0,2.849,2.331,20486900.0,225700.0,53331563.0,588377.0,0.0,0.0,20230901,20230901,93030077,2.59,0.0,0.0,2.606,2.605,2.604,2.603,2.602,0.0,0.0,0.0,0.0,0.0,2.607,2.608,2.609,2.61,2.611,0.0,0.0,0.0,0.0,0.0,747700.0,2054000.0,1565800.0,171500.0,1301800.0,0.0,0.0,0.0,0.0,0.0,1500.0,2390500.0,3070400.0,2770500.0,2446500.0,0.0,0.0,0.0,0.0,0.0
20230901093033084,SSE,SSE.ETF.510050,2.606,2.601,2.608,2.6,0.0,2.849,2.331,20736100.0,249200.0,53981010.0,649447.0,0.0,0.0,20230901,20230901,93033083,2.59,0.0,0.0,2.605,2.604,2.603,2.602,2.601,0.0,0.0,0.0,0.0,0.0,2.606,2.607,2.608,2.609,2.61,0.0,0.0,0.0,0.0,0.0,2023000.0,3067000.0,171500.0,1252200.0,352600.0,0.0,0.0,0.0,0.0,0.0,50100.0,403500.0,2407100.0,3070400.0,2771500.0,0.0,0.0,0.0,0.0,0.0
20230901093036068,SSE,SSE.ETF.510050,2.606,2.601,2.608,2.6,0.0,2.849,2.331,20950000.0,213900.0,54538433.0,557423.0,0.0,0.0,20230901,20230901,93036068,2.59,0.0,0.0,2.605,2.604,2.603,2.602,2.601,0.0,0.0,0.0,0.0,0.0,2.606,2.607,2.608,2.609,2.61,0.0,0.0,0.0,0.0,0.0,1873400.0,2951800.0,171500.0,1265200.0,489400.0,0.0,0.0,0.0,0.0,0.0,472000.0,518600.0,4180500.0,3166800.0,2772000.0,0.0,0.0,0.0,0.0,0.0
20230901093039064,SSE,SSE.ETF.510050,2.605,2.601,2.608,2.6,0.0,2.849,2.331,21154700.0,204700.0,55071831.0,533398.0,0.0,0.0,20230901,20230901,93039063,2.59,0.0,0.0,2.605,2.604,2.603,2.602,2.601,0.0,0.0,0.0,0.0,0.0,2.606,2.607,2.608,2.609,2.61,0.0,0.0,0.0,0.0,0.0,1823200.0,2051800.0,2571500.0,1265200.0,489400.0,0.0,0.0,0.0,0.0,0.0,444100.0,1682400.0,1768000.0,3330300.0,2780600.0,0.0,0.0,0.0,0.0,0.0
20230901093042208,SSE,SSE.ETF.510050,2.606,2.601,2.608,2.6,0.0,2.849,2.331,21290600.0,135900.0,55425928.0,354097.0,0.0,0.0,20230901,20230901,93042209,2.59,0.0,0.0,2.605,2.604,2.603,2.602,2.601,0.0,0.0,0.0,0.0,0.0,2.606,2.607,2.608,2.609,2.61,0.0,0.0,0.0,0.0,0.0,1772500.0,2951800.0,1671500.0,1262200.0,481600.0,0.0,0.0,0.0,0.0,0.0,484700.0,870100.0,2913600.0,3330300.0,2838100.0,0.0,0.0,0.0,0.0,0.0
20230901093045104,SSE,SSE.ETF.510050,2.606,2.601,2.608,2.6,0.0,2.849,2.331,22304400.0,1013800.0,58066901.0,2640973.0,0.0,0.0,20230901,20230901,93045104,2.59,0.0,0.0,2.605,2.604,2.603,2.602,2.601,0.0,0.0,0.0,0.0,0.0,2.606,2.607,2.608,2.609,2.61,0.0,0.0,0.0,0.0,0.0,790400.0,2951800.0,1671500.0,1262200.0,481600.0,0.0,0.0,0.0,0.0,0.0,538800.0,1271600.0,3339500.0,3315300.0,2840100.0,0.0,0.0,0.0,0.0,0.0
20230901093048072,SSE,SSE.ETF.510050,2.605,2.601,2.608,2.6,0.0,2.849,2.331,22941400.0,637000.0,59726406.0,1659505.0,0.0,0.0,20230901,20230901,93048070,2.59,0.0,0.0,2.605,2.604,2.603,2.602,2.601,0.0,0.0,0.0,0.0,0.0,2.606,2.607,2.608,2.609,2.61,0.0,0.0,0.0,0.0,0.0,82900.0,555600.0,2731500.0,1257400.0,481600.0,0.0,0.0,0.0,0.0,0.0,630800.0,4010900.0,2492700.0,3018800.0,1360100.0,0.0,0.0,0.0,0.0,0.0
20230901093051060,SSE,SSE.ETF.510050,2.605,2.601,2.608,2.6,0.0,2.849,2.331,23336600.0,395200.0,60755902.0,1029496.0,0.0,0.0,20230901,20230901,93051059,2.59,0.0,0.0,2.604,2.603,2.602,2.601,2.6,0.0,0.0,0.0,0.0,0.0,2.605,2.606,2.607,2.608,2.609,0.0,0.0,0.0,0.0,0.0,1451800.0,1981500.0,1257400.0,509100.0,1040700.0,0.0,0.0,0.0,0.0,0.0,101700.0,2413400.0,3191200.0,3353000.0,1518900.0,0.0,0.0,0.0,0.0,0.0
20230901093054060,SSE,SSE.ETF.510050,2.605,2.601,2.608,2.6,0.0,2.849,2.331,23382900.0,46300.0,60876512.0,120610.0,0.0,0.0,20230901,20230901,93054059,2.59,0.0,0.0,2.604,2.603,2.602,2.601,2.6,0.0,0.0,0.0,0.0,0.0,2.605,2.606,2.607,2.608,2.609,0.0,0.0,0.0,0.0,0.0,140300.0,3881500.0,3017400.0,509100.0,1056600.0,0.0,0.0,0.0,0.0,0.0,338500.0,1453300.0,4165300.0,2190500.0,3126100.0,0.0,0.0,0.0,0.0,0.0
20230901093057076,SSE,SSE.ETF.510050,2.604,2.601,2.608,2.6,0.0,2.849,2.331,23486300.0,103400.0,61145814.0,269302.0,0.0,0.0,20230901,20230901,93057075,2.59,0.0,0.0,2.604,2.603,2.602,2.601,2.6,0.0,0.0,0.0,0.0,0.0,2.605,2.606,2.607,2.608,2.609,0.0,0.0,0.0,0.0,0.0,35600.0,3781500.0,2994300.0,509100.0,986600.0,0.0,0.0,0.0,0.0,0.0,314500.0,2805800.0,4143400.0,2340600.0,1626100.0,0.0,0.0,0.0,0.0,0.0
20230901093100060,SSE,SSE.ETF.510050,2.605,2.601,2.608,2.6,0.0,2.849,2.331,24066700.0,580400.0,62657761.0,1511947.0,0.0,0.0,20230901,20230901,93100060,2.59,0.0,0.0,2.605,2.604,2.603,2.602,2.601,0.0,0.0,0.0,0.0,0.0,2.606,2.607,2.608,2.609,2.61,0.0,0.0,0.0,0.0,0.0,1869400.0,2299700.0,2881500.0,1184300.0,359100.0,0.0,0.0,0.0,0.0,0.0,1594400.0,2375200.0,2295600.0,2654400.0,1571600.0,0.0,0.0,0.0,0.0,0.0
20230901093103052,SSE,SSE.ETF.510050,2.606,2.601,2.608,2.6,0.0,2.849,2.331,26235500.0,2168800.0,68309891.0,5652130.0,0.0,0.0,20230901,20230901,93103052,2.59,0.0,0.0,2.606,2.605,2.604,2.603,2.602,0.0,0.0,0.0,0.0,0.0,2.607,2.608,2.609,2.61,2.611,0.0,0.0,0.0,0.0,0.0,288900.0,4111300.0,3674700.0,431500.0,1254300.0,0.0,0.0,0.0,0.0,0.0,1162200.0,1814800.0,4186400.0,2725400.0,2469000.0,0.0,0.0,0.0,0.0,0.0
20230901093106104,SSE,SSE.ETF.510050,2.607,2.601,2.608,2.6,0.0,2.849,2.331,27574700.0,1339200.0,71801109.0,3491218.0,0.0,0.0,20230901,20230901,93106104,2.59,0.0,0.0,2.607,2.606,2.605,2.604,2.603,0.0,0.0,0.0,0.0,0.0,2.608,2.609,2.61,2.611,2.612,0.0,0.0,0.0,0.0,0.0,149000.0,3194000.0,3053100.0,1384200.0,121500.0,0.0,0.0,0.0,0.0,0.0,1504800.0,1828100.0,3010600.0,2319000.0,2133200.0,0.0,0.0,0.0,0.0,0.0
20230901093109060,SSE,SSE.ETF.510050,2.607,2.601,2.608,2.6,0.0,2.849,2.331,28887000.0,1312300.0,75223484.0,3422375.0,0.0,0.0,20230901,20230901,93109061,2.59,0.0,0.0,2.607,2.606,2.605,2.604,2.603,0.0,0.0,0.0,0.0,0.0,2.608,2.609,2.61,2.611,2.612,0.0,0.0,0.0,0.0,0.0,885100.0,2864000.0,2102300.0,189200.0,122000.0,0.0,0.0,0.0,0.0,0.0,324400.0,2426400.0,2761500.0,2319500.0,2283200.0,0.0,0.0,0.0,0.0,0.0
20230901093112104,SSE,SSE.ETF.510050,2.607,2.601,2.608,2.6,0.0,2.849,2.331,29700100.0,813100.0,77343884.0,2120400.0,0.0,0.0,20230901,20230901,93112102,2.59,0.0,0.0,2.607,2.606,2.605,2.604,2.603,0.0,0.0,0.0,0.0,0.0,2.608,2.609,2.61,2.611,2.612,0.0,0.0,0.0,0.0,0.0,2651900.0,2929000.0,1115500.0,561200.0,122000.0,0.0,0.0,0.0,0.0,0.0,500400.0,2683900.0,2768300.0,2323700.0,2138200.0,0.0,0.0,0.0,0.0,0.0
20230901093115060,SSE,SSE.ETF.510050,2.608,2.601,2.609,2.6,0.0,2.849,2.331,31024600.0,1324500.0,80797798.0,3453914.0,0.0,0.0,20230901,20230901,93115061,2.59,0.0,0.0,2.608,2.607,2.606,2.605,2.604,0.0,0.0,0.0,0.0,0.0,2.609,2.61,2.611,2.612,2.613,0.0,0.0,0.0,0.0,0.0,1043200.0,2099400.0,2029000.0,3201700.0,401200.0,0.0,0.0,0.0,0.0,0.0,2321300.0,1754500.0,2323700.0,1388200.0,749800.0,0.0,0.0,0.0,0.0,0.0
20230901093118064,SSE,SSE.ETF.510050,2.608,2.601,2.609,2.6,0.0,2.849,2.331,31736500.0,711900.0,82654454.0,1856656.0,0.0,0.0,20230901,20230901,93118062,2.59,0.0,0.0,2.608,2.607,2.606,2.605,2.604,0.0,0.0,0.0,0.0,0.0,2.609,2.61,2.611,2.612,2.613,0.0,0.0,0.0,0.0,0.0,926400.0,2099400.0,2280000.0,1992700.0,472200.0,0.0,0.0,0.0,0.0,0.0,3121400.0,3045100.0,2325100.0,791600.0,1010800.0,0.0,0.0,0.0,0.0,0.0
20230901093121056,SSE,SSE.ETF.510050,2.608,2.601,2.609,2.6,0.0,2.849,2.331,32321900.0,585400.0,84181227.0,1526773.0,0.0,0.0,20230901,20230901,93121058,2.59,0.0,0.0,2.608,2.607,2.606,2.605,2.604,0.0,0.0,0.0,0.0,0.0,2.609,2.61,2.611,2.612,2.613,0.0,0.0,0.0,0.0,0.0,1338000.0,1809400.0,3180000.0,777700.0,694200.0,0.0,0.0,0.0,0.0,0.0,2466100.0,3018300.0,2635100.0,791600.0,1040800.0,0.0,0.0,0.0,0.0,0.0
20230901093124068,SSE,SSE.ETF.510050,2.608,2.601,2.609,2.6,0.0,2.849,2.331,32533400.0,211500.0,84732896.0,551669.0,0.0,0.0,20230901,20230901,93124068,2.59,0.0,0.0,2.608,2.607,2.606,2.605,2.604,0.0,0.0,0.0,0.0,0.0,2.609,2.61,2.611,2.612,2.613,0.0,0.0,0.0,0.0,0.0,931700.0,1399400.0,2274800.0,3482100.0,474200.0,0.0,0.0,0.0,0.0,0.0,3568800.0,3215500.0,2359800.0,1083400.0,1040800.0,0.0,0.0,0.0,0.0,0.0
20230901093127120,SSE,SSE.ETF.510050,2.608,2.601,2.609,2.6,0.0,2.849,2.331,32763700.0,230300.0,85333533.0,600637.0,0.0,0.0,20230901,20230901,93127119,2.59,0.0,0.0,2.608,2.607,2.606,2.605,2.604,0.0,0.0,0.0,0.0,0.0,2.609,2.61,2.611,2.612,2.613,0.0,0.0,0.0,0.0,0.0,776800.0,499400.0,3174800.0,3209300.0,474200.0,0.0,0.0,0.0,0.0,0.0,3703200.0,3165500.0,2365600.0,1097400.0,1122700.0,0.0,0.0,0.0,0.0,0.0
20230901093130056,SSE,SSE.ETF.510050,2.608,2.601,2.609,2.6,0.0,2.849,2.331,33593000.0,829300.0,87496348.0,2162815.0,0.0,0.0,20230901,20230901,93130054,2.59,0.0,0.0,2.607,2.606,2.605,2.604,2.603,0.0,0.0,0.0,0.0,0.0,2.608,2.609,2.61,2.611,2.612,0.0,0.0,0.0,0.0,0.0,602100.0,2696900.0,2900300.0,522700.0,420000.0,0.0,0.0,0.0,0.0,0.0,637800.0,3130600.0,2964500.0,2369400.0,1097400.0,0.0,0.0,0.0,0.0,0.0
20230901093133064,SSE,SSE.ETF.510050,2.608,2.601,2.609,2.6,0.0,2.849,2.331,34200400.0,607400.0,89080447.0,1584099.0,0.0,0.0,20230901,20230901,93133063,2.59,0.0,0.0,2.608,2.607,2.606,2.605,2.604,0.0,0.0,0.0,0.0,0.0,2.609,2.61,2.611,2.612,2.613,0.0,0.0,0.0,0.0,0.0,28000.0,2212100.0,4066900.0,791300.0,742700.0,0.0,0.0,0.0,0.0,0.0,2683200.0,3728300.0,2681400.0,806400.0,1243600.0,0.0,0.0,0.0,0.0,0.0
20230901093136064,SSE,SSE.ETF.510050,2.608,2.601,2.609,2.6,0.0,2.849,2.331,34419600.0,219200.0,89652120.0,571673.0,0.0,0.0,20230901,20230901,93136065,2.59,0.0,0.0,2.608,2.607,2.606,2.605,2.604,0.0,0.0,0.0,0.0,0.0,2.609,2.61,2.611,2.612,2.613,0.0,0.0,0.0,0.0,0.0,1164200.0,2622900.0,4047900.0,790100.0,592700.0,0.0,0.0,0.0,0.0,0.0,1913000.0,3072600.0,2681400.0,1866400.0,1961400.0,0.0,0.0,0.0,0.0,0.0
20230901093139064,SSE,SSE.ETF.510050,2.608,2.601,2.609,2.6,0.0,2.849,2.331,35939700.0,1520100.0,93617761.0,3965641.0,0.0,0.0,20230901,20230901,93139064,2.59,0.0,0.0,2.608,2.607,2.606,2.605,2.604,0.0,0.0,0.0,0.0,0.0,2.609,2.61,2.611,2.612,2.613,0.0,0.0,0.0,0.0,0.0,3560700.0,3272900.0,3047900.0,790100.0,593500.0,0.0,0.0,0.0,0.0,0.0,795700.0,3079600.0,2681400.0,2473400.0,1961400.0,0.0,0.0,0.0,0.0,0.0
20230901093142060,SSE,SSE.ETF.510050,2.608,2.601,2.609,2.6,0.0,2.849,2.331,37071300.0,1131600.0,96569878.0,2952117.0,0.0,0.0,20230901,20230901,93142061,2.59,0.0,0.0,2.608,2.607,2.606,2.605,2.604,0.0,0.0,0.0,0.0,0.0,2.609,2.61,2.611,2.612,2.613,0.0,0.0,0.0,0.0,0.0,3437200.0,4263200.0,2147900.0,780100.0,595500.0,0.0,0.0,0.0,0.0,0.0,52000.0,3036600.0,2668300.0,2491100.0,1670400.0,0.0,0.0,0.0,0.0,0.0
20230901093145080,SSE,SSE.ETF.510050,2.609,2.601,2.609,2.6,0.0,2.849,2.331,37440500.0,369200.0,97532912.0,963034.0,0.0,0.0,20230901,20230901,93145081,2.59,0.0,0.0,2.609,2.608,2.607,2.606,2.605,0.0,0.0,0.0,0.0,0.0,2.61,2.611,2.612,2.613,2.614,0.0,0.0,0.0,0.0,0.0,2627100.0,3301800.0,3365700.0,3047900.0,780100.0,0.0,0.0,0.0,0.0,0.0,3048700.0,2668300.0,2501100.0,1984400.0,1226700.0,0.0,0.0,0.0,0.0,0.0
20230901093148112,SSE,SSE.ETF.510050,2.609,2.601,2.61,2.6,0.0,2.849,2.331,38620900.0,1180400.0,100612615.0,3079703.0,0.0,0.0,20230901,20230901,93148113,2.59,0.0,0.0,2.609,2.608,2.607,2.606,2.605,0.0,0.0,0.0,0.0,0.0,2.61,2.611,2.612,2.613,2.614,0.0,0.0,0.0,0.0,0.0,686400.0,3376100.0,4265900.0,2837900.0,879600.0,0.0,0.0,0.0,0.0,0.0,2169100.0,2893300.0,2458100.0,1984400.0,1226700.0,0.0,0.0,0.0,0.0,0.0
20230901093151052,SSE,SSE.ETF.510050,2.609,2.601,2.61,2.6,0.0,2.849,2.331,39195900.0,575000.0,102112790.0,1500175.0,0.0,0.0,20230901,20230901,93151052,2.59,0.0,0.0,2.609,2.608,2.607,2.606,2.605,0.0,0.0,0.0,0.0,0.0,2.61,2.611,2.612,2.613,2.614,0.0,0.0,0.0,0.0,0.0,1539200.0,4383300.0,3365900.0,506800.0,929600.0,0.0,0.0,0.0,0.0,0.0,1640400.0,1724400.0,2462100.0,2443400.0,1226700.0,0.0,0.0,0.0,0.0,0.0
20230901093154076,SSE,SSE.ETF.510050,2.61,2.601,2.61,2.6,0.0,2.849,2.331,41077700.0,1881800.0,107024222.0,4911432.0,0.0,0.0,20230901,20230901,93154077,2.59,0.0,0.0,2.61,2.609,2.608,2.607,2.606,0.0,0.0,0.0,0.0,0.0,2.611,2.612,2.613,2.614,2.615,0.0,0.0,0.0,0.0,0.0,10600.0,3443400.0,4469500.0,3347000.0,506800.0,0.0,0.0,0.0,0.0,0.0,1420400.0,2248300.0,3359000.0,1229000.0,1483600.0,0.0,0.0,0.0,0.0,0.0
20230901093157052,SSE,SSE.ETF.510050,2.61,2.601,2.61,2.6,0.0,2.849,2.331,41228600.0,150900.0,107418071.0,393849.0,0.0,0.0,20230901,20230901,93157052,2.59,0.0,0.0,2.61,2.609,2.608,2.607,2.606,0.0,0.0,0.0,0.0,0.0,2.611,2.612,2.613,2.614,2.615,0.0,0.0,0.0,0.0,0.0,1001800.0,3183600.0,4475900.0,3407000.0,504000.0,0.0,0.0,0.0,0.0,0.0,1747400.0,2747300.0,3049000.0,1229000.0,1525600.0,0.0,0.0,0.0,0.0,0.0
20230901093200080,SSE,SSE.ETF.510050,2.611,2.601,2.611,2.6,0.0,2.849,2.331,41435000.0,206400.0,107956785.0,538714.0,0.0,0.0,20230901,20230901,93200078,2.59,0.0,0.0,2.61,2.609,2.608,2.607,2.606,0.0,0.0,0.0,0.0,0.0,2.611,2.612,2.613,2.614,2.615,0.0,0.0,0.0,0.0,0.0,993700.0,2605200.0,4300000.0,2797000.0,504000.0,0.0,0.0,0.0,0.0,0.0,1456200.0,2308300.0,2650200.0,1229000.0,1511500.0,0.0,0.0,0.0,0.0,0.0
20230901093203076,SSE,SSE.ETF.510050,2.61,2.601,2.611,2.6,0.0,2.849,2.331,41587500.0,152500.0,108354815.0,398030.0,0.0,0.0,20230901,20230901,93203076,2.59,0.0,0.0,2.61,2.609,2.608,2.607,2.606,0.0,0.0,0.0,0.0,0.0,2.611,2.612,2.613,2.614,2.615,0.0,0.0,0.0,0.0,0.0,2320100.0,3605200.0,4092800.0,554900.0,724100.0,0.0,0.0,0.0,0.0,0.0,1622100.0,827400.0,2690600.0,938800.0,1511500.0,0.0,0.0,0.0,0.0,0.0
20230901093206068,SSE,SSE.ETF.510050,2.61,2.601,2.611,2.6,0.0,2.849,2.331,41832000.0,244500.0,108992968.0,638153.0,0.0,0.0,20230901,20230901,93206069,2.59,0.0,0.0,2.61,2.609,2.608,2.607,2.606,0.0,0.0,0.0,0.0,0.0,2.611,2.612,2.613,2.614,2.615,0.0,0.0,0.0,0.0,0.0,2363700.0,3175200.0,3282800.0,1364900.0,504100.0,0.0,0.0,0.0,0.0,0.0,1851800.0,2311000.0,2695100.0,1229800.0,1555700.0,0.0,0.0,0.0,0.0,0.0
20230901093209208,SSE,SSE.ETF.510050,2.611,2.601,2.611,2.6,0.0,2.849,2.331,42613600.0,781600.0,111033450.0,2040482.0,0.0,0.0,20230901,20230901,93209210,2.59,0.0,0.0,2.61,2.609,2.608,2.607,2.606,0.0,0.0,0.0,0.0,0.0,2.611,2.612,2.613,2.614,2.615,0.0,0.0,0.0,0.0,0.0,391900.0,1661400.0,4032200.0,483900.0,1404100.0,0.0,0.0,0.0,0.0,0.0,1700700.0,2836000.0,2352900.0,1262800.0,1567700.0,0.0,0.0,0.0,0.0,0.0
20230901093212132,SSE,SSE.ETF.510050,2.61,2.601,2.611,2.6,0.0,2.849,2.331,43187100.0,573500.0,112530285.0,1496835.0,0.0,0.0,20230901,20230901,93212131,2.59,0.0,0.0,2.609,2.608,2.607,2.606,2.605,0.0,0.0,0.0,0.0,0.0,2.61,2.611,2.612,2.613,2.614,0.0,0.0,0.0,0.0,0.0,1511400.0,3942200.0,2974400.0,504100.0,797700.0,0.0,0.0,0.0,0.0,0.0,1413000.0,1394600.0,3353700.0,2507900.0,1293500.0,0.0,0.0,0.0,0.0,0.0
20230901093215056,SSE,SSE.ETF.510050,2.609,2.601,2.611,2.6,0.0,2.849,2.331,43366200.0,179100.0,112997647.0,467362.0,0.0,0.0,20230901,20230901,93215056,2.59,0.0,0.0,2.608,2.607,2.606,2.605,2.604,0.0,0.0,0.0,0.0,0.0,2.609,2.61,2.611,2.612,2.613,0.0,0.0,0.0,0.0,0.0,2627000.0,2824400.0,2923200.0,797700.0,696900.0,0.0,0.0,0.0,0.0,0.0,1184100.0,1978300.0,1752300.0,3129400.0,2800400.0,0.0,0.0,0.0,0.0,0.0
20230901093218088,SSE,SSE.ETF.510050,2.608,2.601,2.611,2.6,0.0,2.849,2.331,43513900.0,147700.0,113382888.0,385241.0,0.0,0.0,20230901,20230901,93218086,2.59,0.0,0.0,2.608,2.607,2.606,2.605,2.604,0.0,0.0,0.0,0.0,0.0,2.609,2.61,2.611,2.612,2.613,0.0,0.0,0.0,0.0,0.0,2369300.0,2974400.0,2023200.0,1697700.0,476900.0,0.0,0.0,0.0,0.0,0.0,1827600.0,1732600.0,3007300.0,1610800.0,1356000.0,0.0,0.0,0.0,0.0,0.0
20230901093221096,SSE,SSE.ETF.510050,2.607,2.601,2.611,2.6,0.0,2.849,2.331,45585200.0,2071300.0,118785611.0,5402723.0,0.0,0.0,20230901,20230901,93221096,2.59,0.0,0.0,2.607,2.606,2.605,2.604,2.603,0.0,0.0,0.0,0.0,0.0,2.608,2.609,2.61,2.611,2.612,0.0,0.0,0.0,0.0,0.0,2568300.0,3676000.0,2006700.0,477000.0,570300.0,0.0,0.0,0.0,0.0,0.0,168500.0,212800.0,3649100.0,3153500.0,1909200.0,0.0,0.0,0.0,0.0,0.0
20230901093224044,SSE,SSE.ETF.510050,2.608,2.601,2.611,2.6,0.0,2.849,2.331,45647800.0,62600.0,118948858.0,163247.0,0.0,0.0,20230901,20230901,93224044,2.59,0.0,0.0,2.607,2.606,2.605,2.604,2.603,0.0,0.0,0.0,0.0,0.0,2.608,2.609,2.61,2.611,2.612,0.0,0.0,0.0,0.0,0.0,888500.0,3683400.0,2316700.0,477100.0,647200.0,0.0,0.0,0.0,0.0,0.0,408500.0,877100.0,4053000.0,1588000.0,1899200.0,0.0,0.0,0.0,0.0,0.0
20230901093227052,SSE,SSE.ETF.510050,2.608,2.601,2.611,2.6,0.0,2.849,2.331,45977600.0,329800.0,119808917.0,860059.0,0.0,0.0,20230901,20230901,93227051,2.59,0.0,0.0,2.608,2.607,2.606,2.605,2.604,0.0,0.0,0.0,0.0,0.0,2.609,2.61,2.611,2.612,2.613,0.0,0.0,0.0,0.0,0.0,1928000.0,4356800.0,2133400.0,2297700.0,697100.0,0.0,0.0,0.0,0.0,0.0,227900.0,1628600.0,3891400.0,1582300.0,1425100.0,0.0,0.0,0.0,0.0,0.0
20230901093230124,SSE,SSE.ETF.510050,2.608,2.601,2.611,2.6,0.0,2.849,2.331,46484000.0,506400.0,121129623.0,1320706.0,0.0,0.0,20230901,20230901,93230124,2.59,0.0,0.0,2.608,2.607,2.606,2.605,2.604,0.0,0.0,0.0,0.0,0.0,2.609,2.61,2.611,2.612,2.613,0.0,0.0,0.0,0.0,0.0,2056200.0,2186800.0,3693400.0,2316800.0,654000.0,0.0,0.0,0.0,0.0,0.0,1100300.0,3440300.0,2839500.0,1877300.0,1348500.0,0.0,0.0,0.0,0.0,0.0
20230901093233100,SSE,SSE.ETF.510050,2.608,2.601,2.611,2.6,0.0,2.849,2.331,47876600.0,1392600.0,124762435.0,3632812.0,0.0,0.0,20230901,20230901,93233100,2.59,0.0,0.0,2.608,2.607,2.606,2.605,2.604,0.0,0.0,0.0,0.0,0.0,2.609,2.61,2.611,2.612,2.613,0.0,0.0,0.0,0.0,0.0,3411700.0,2532700.0,3723400.0,2166800.0,577100.0,0.0,0.0,0.0,0.0,0.0,180000.0,3666700.0,3179900.0,1877300.0,1435100.0,0.0,0.0,0.0,0.0,0.0
20230901093236068,SSE,SSE.ETF.510050,2.609,2.601,2.611,2.6,0.0,2.849,2.331,48875922.0,999322.0,127369625.0,2607190.0,0.0,0.0,20230901,20230901,93236067,2.59,0.0,0.0,2.608,2.607,2.606,2.605,2.604,0.0,0.0,0.0,0.0,0.0,2.609,2.61,2.611,2.612,2.613,0.0,0.0,0.0,0.0,0.0,4281878.0,4242700.0,1853400.0,957800.0,874000.0,0.0,0.0,0.0,0.0,0.0,473400.0,2409125.0,3939100.0,1897300.0,1358500.0,0.0,0.0,0.0,0.0,0.0
20230901093239088,SSE,SSE.ETF.510050,2.608,2.601,2.611,2.6,0.0,2.849,2.331,49065822.0,189900.0,127864925.0,495300.0,0.0,0.0,20230901,20230901,93239087,2.59,0.0,0.0,2.608,2.607,2.606,2.605,2.604,0.0,0.0,0.0,0.0,0.0,2.609,2.61,2.611,2.612,2.613,0.0,0.0,0.0,0.0,0.0,4130978.0,3582700.0,2974400.0,666800.0,363000.0,0.0,0.0,0.0,0.0,0.0,506000.0,4052925.0,3057600.0,1622300.0,1072700.0,0.0,0.0,0.0,0.0,0.0
20230901093242052,SSE,SSE.ETF.510050,2.608,2.601,2.611,2.6,0.0,2.849,2.331,49145622.0,79800.0,128073044.0,208119.0,0.0,0.0,20230901,20230901,93242052,2.59,0.0,0.0,2.608,2.607,2.606,2.605,2.604,0.0,0.0,0.0,0.0,0.0,2.609,2.61,2.611,2.612,2.613,0.0,0.0,0.0,0.0,0.0,4371778.0,4392700.0,1854400.0,666800.0,286100.0,0.0,0.0,0.0,0.0,0.0,604100.0,2871325.0,3947600.0,1932300.0,1149500.0,0.0,0.0,0.0,0.0,0.0
20230901093245056,SSE,SSE.ETF.510050,2.608,2.601,2.611,2.6,0.0,2.849,2.331,49461522.0,315900.0,128896981.0,823937.0,0.0,0.0,20230901,20230901,93245057,2.59,0.0,0.0,2.608,2.607,2.606,2.605,2.604,0.0,0.0,0.0,0.0,0.0,2.609,2.61,2.611,2.612,2.613,0.0,0.0,0.0,0.0,0.0,4189578.0,3492700.0,3045700.0,957800.0,797100.0,0.0,0.0,0.0,0.0,0.0,905800.0,1439325.0,3953600.0,1936200.0,1370200.0,0.0,0.0,0.0,0.0,0.0
20230901093248068,SSE,SSE.ETF.510050,2.608,2.601,2.611,2.6,0.0,2.849,2.331,49480122.0,18600.0,128945492.0,48511.0,0.0,0.0,20230901,20230901,93248068,2.59,0.0,0.0,2.608,2.607,2.606,2.605,2.604,0.0,0.0,0.0,0.0,0.0,2.609,2.61,2.611,2.612,2.613,0.0,0.0,0.0,0.0,0.0,3863578.0,3342700.0,3355700.0,1008100.0,577100.0,0.0,0.0,0.0,0.0,0.0,1142200.0,4484325.0,3007000.0,1928700.0,1379200.0,0.0,0.0,0.0,0.0,0.0
20230901093251056,SSE,SSE.ETF.510050,2.608,2.601,2.611,2.6,0.0,2.849,2.331,49897622.0,417500.0,130034466.0,1088974.0,0.0,0.0,20230901,20230901,93251054,2.59,0.0,0.0,2.608,2.607,2.606,2.605,2.604,0.0,0.0,0.0,0.0,0.0,2.609,2.61,2.611,2.612,2.613,0.0,0.0,0.0,0.0,0.0,1783078.0,2442700.0,3714700.0,1909100.0,577100.0,0.0,0.0,0.0,0.0,0.0,1316200.0,4982925.0,3199600.0,1936300.0,1380200.0,0.0,0.0,0.0,0.0,0.0
20230901093254056,SSE,SSE.ETF.510050,2.609,2.601,2.611,2.6,0.0,2.849,2.331,50295722.0,398100.0,131072741.0,1038275.0,0.0,0.0,20230901,20230901,93254055,2.59,0.0,0.0,2.608,2.607,2.606,2.605,2.604,0.0,0.0,0.0,0.0,0.0,2.609,2.61,2.611,2.612,2.613,0.0,0.0,0.0,0.0,0.0,2965278.0,2443700.0,3714700.0,929100.0,577100.0,0.0,0.0,0.0,0.0,0.0,1408500.0,4620825.0,3055600.0,1936300.0,1382200.0,0.0,0.0,0.0,0.0,0.0
20230901093257064,SSE,SSE.ETF.510050,2.608,2.601,2.611,2.6,0.0,2.849,2.331,50936722.0,641000.0,132744493.0,1671752.0,0.0,0.0,20230901,20230901,93257066,2.59,0.0,0.0,2.608,2.607,2.606,2.605,2.604,0.0,0.0,0.0,0.0,0.0,2.609,2.61,2.611,2.612,2.613,0.0,0.0,0.0,0.0,0.0,939378.0,2442500.0,3714700.0,2439100.0,672100.0,0.0,0.0,0.0,0.0,0.0,1491900.0,4667925.0,3215400.0,1941300.0,1382200.0,0.0,0.0,0.0,0.0,0.0
20230901093300060,SSE,SSE.ETF.510050,2.608,2.601,2.611,2.6,0.0,2.849,2.331,51192322.0,255600.0,133411122.0,666629.0,0.0,0.0,20230901,20230901,93300060,2.59,0.0,0.0,2.608,2.607,2.606,2.605,2.604,0.0,0.0,0.0,0.0,0.0,2.609,2.61,2.611,2.612,2.613,0.0,0.0,0.0,0.0,0.0,28500.0,1614800.0,3714700.0,2439100.0,592100.0,0.0,0.0,0.0,0.0,0.0,1563900.0,4784925.0,3065400.0,1968300.0,1382200.0,0.0,0.0,0.0,0.0,0.0
20230901093303052,SSE,SSE.ETF.510050,2.608,2.601,2.611,2.6,0.0,2.849,2.331,51617622.0,425300.0,134520386.0,1109264.0,0.0,0.0,20230901,20230901,93303052,2.59,0.0,0.0,2.608,2.607,2.606,2.605,2.604,0.0,0.0,0.0,0.0,0.0,2.609,2.61,2.611,2.612,2.613,0.0,0.0,0.0,0.0,0.0,3626600.0,3664800.0,2046900.0,939100.0,813100.0,0.0,0.0,0.0,0.0,0.0,1421200.0,1903825.0,3966900.0,3497300.0,1383200.0,0.0,0.0,0.0,0.0,0.0
20230901093306048,SSE,SSE.ETF.510050,2.609,2.601,2.611,2.6,0.0,2.849,2.331,53715222.0,2097600.0,139992944.0,5472558.0,0.0,0.0,20230901,20230901,93306050,2.59,0.0,0.0,2.609,2.608,2.607,2.606,2.605,0.0,0.0,0.0,0.0,0.0,2.61,2.611,2.612,2.613,2.614,0.0,0.0,0.0,0.0,0.0,2528300.0,5440700.0,3725100.0,3226900.0,889100.0,0.0,0.0,0.0,0.0,0.0,3210125.0,3970900.0,1717300.0,1402200.0,1321800.0,0.0,0.0,0.0,0.0,0.0
20230901093309212,SSE,SSE.ETF.510050,2.609,2.601,2.611,2.6,0.0,2.849,2.331,54081922.0,366700.0,140949664.0,956720.0,0.0,0.0,20230901,20230901,93309213,2.59,0.0,0.0,2.609,2.608,2.607,2.606,2.605,0.0,0.0,0.0,0.0,0.0,2.61,2.611,2.612,2.613,2.614,0.0,0.0,0.0,0.0,0.0,2182100.0,4865900.0,4625100.0,1966900.0,889100.0,0.0,0.0,0.0,0.0,0.0,2971225.0,4444900.0,2029300.0,1325600.0,1408400.0,0.0,0.0,0.0,0.0,0.0
20230901093312068,SSE,SSE.ETF.510050,2.609,2.601,2.611,2.6,0.0,2.849,2.331,54142922.0,61000.0,141108813.0,159149.0,0.0,0.0,20230901,20230901,93312067,2.59,0.0,0.0,2.609,2.608,2.607,2.606,2.605,0.0,0.0,0.0,0.0,0.0,2.61,2.611,2.612,2.613,2.614,0.0,0.0,0.0,0.0,0.0,1224300.0,3653900.0,4624600.0,2277000.0,889100.0,0.0,0.0,0.0,0.0,0.0,4630425.0,3305300.0,2010400.0,1326900.0,1198400.0,0.0,0.0,0.0,0.0,0.0
20230901093315128,SSE,SSE.ETF.510050,2.609,2.601,2.611,2.6,0.0,2.849,2.331,54464822.0,321900.0,141948650.0,839837.0,0.0,0.0,20230901,20230901,93315129,2.59,0.0,0.0,2.609,2.608,2.607,2.606,2.605,0.0,0.0,0.0,0.0,0.0,2.61,2.611,2.612,2.613,2.614,0.0,0.0,0.0,0.0,0.0,59900.0,3963900.0,4624600.0,1967000.0,889100.0,0.0,0.0,0.0,0.0,0.0,3043225.0,4450800.0,2035300.0,1326900.0,1503400.0,0.0,0.0,0.0,0.0,0.0
20230901093318084,SSE,SSE.ETF.510050,2.61,2.601,2.611,2.6,0.0,2.849,2.331,55055222.0,590400.0,143489204.0,1540554.0,0.0,0.0,20230901,20230901,93318084,2.59,0.0,0.0,2.609,2.608,2.607,2.606,2.605,0.0,0.0,0.0,0.0,0.0,2.61,2.611,2.612,2.613,2.614,0.0,0.0,0.0,0.0,0.0,2176100.0,3963900.0,4915600.0,699600.0,966400.0,0.0,0.0,0.0,0.0,0.0,1249925.0,4470800.0,3541700.0,1326200.0,1436200.0,0.0,0.0,0.0,0.0,0.0
20230901093321084,SSE,SSE.ETF.510050,2.609,2.601,2.611,2.6,0.0,2.849,2.331,55245322.0,190100.0,143985309.0,496105.0,0.0,0.0,20230901,20230901,93321084,2.59,0.0,0.0,2.609,2.608,2.607,2.606,2.605,0.0,0.0,0.0,0.0,0.0,2.61,2.611,2.612,2.613,2.614,0.0,0.0,0.0,0.0,0.0,3320100.0,3994100.0,5155600.0,609600.0,966400.0,0.0,0.0,0.0,0.0,0.0,1111625.0,4220300.0,3385500.0,1331200.0,1441300.0,0.0,0.0,0.0,0.0,0.0
20230901093324068,SSE,SSE.ETF.510050,2.61,2.601,2.611,2.6,0.0,2.849,2.331,56717847.0,1472525.0,147828182.0,3842873.0,0.0,0.0,20230901,20230901,93324068,2.59,0.0,0.0,2.61,2.609,2.608,2.607,2.606,0.0,0.0,0.0,0.0,0.0,2.611,2.612,2.613,2.614,2.615,0.0,0.0,0.0,0.0,0.0,1397275.0,2612800.0,6125600.0,2498000.0,616800.0,0.0,0.0,0.0,0.0,0.0,2890300.0,4297900.0,1071400.0,1441300.0,2503300.0,0.0,0.0,0.0,0.0,0.0
20230901093327080,SSE,SSE.ETF.510050,2.61,2.601,2.611,2.6,0.0,2.849,2.331,56866547.0,148700.0,148216289.0,388107.0,0.0,0.0,20230901,20230901,93327078,2.59,0.0,0.0,2.61,2.609,2.608,2.607,2.606,0.0,0.0,0.0,0.0,0.0,2.611,2.612,2.613,2.614,2.615,0.0,0.0,0.0,0.0,0.0,1963875.0,3823100.0,5225600.0,2038000.0,616800.0,0.0,0.0,0.0,0.0,0.0,1455200.0,5238100.0,1379400.0,1365700.0,2579800.0,0.0,0.0,0.0,0.0,0.0
20230901093330100,SSE,SSE.ETF.510050,2.61,2.601,2.611,2.6,0.0,2.849,2.331,57148747.0,282200.0,148953003.0,736714.0,0.0,0.0,20230901,20230901,93330101,2.59,0.0,0.0,2.61,2.609,2.608,2.607,2.606,0.0,0.0,0.0,0.0,0.0,2.611,2.612,2.613,2.614,2.615,0.0,0.0,0.0,0.0,0.0,1798700.0,3650600.0,5225500.0,538000.0,694000.0,0.0,0.0,0.0,0.0,0.0,1344700.0,5678100.0,2884400.0,1365700.0,2507600.0,0.0,0.0,0.0,0.0,0.0
20230901093333044,SSE,SSE.ETF.510050,2.61,2.601,2.611,2.6,0.0,2.849,2.331,57633947.0,485200.0,150219718.0,1266715.0,0.0,0.0,20230901,20230901,93333043,2.59,0.0,0.0,2.61,2.609,2.608,2.607,2.606,0.0,0.0,0.0,0.0,0.0,2.611,2.612,2.613,2.614,2.615,0.0,0.0,0.0,0.0,0.0,3229600.0,3950600.0,3349600.0,448000.0,914000.0,0.0,0.0,0.0,0.0,0.0,1031700.0,1928600.0,4239600.0,2884700.0,2512800.0,0.0,0.0,0.0,0.0,0.0
20230901093336064,SSE,SSE.ETF.510050,2.611,2.601,2.611,2.6,0.0,2.849,2.331,58731647.0,1097700.0,153085764.0,2866046.0,0.0,0.0,20230901,20230901,93336066,2.59,0.0,0.0,2.611,2.61,2.609,2.608,2.607,0.0,0.0,0.0,0.0,0.0,2.612,2.613,2.614,2.615,2.616,0.0,0.0,0.0,0.0,0.0,413100.0,4993700.0,4928800.0,2526100.0,455000.0,0.0,0.0,0.0,0.0,0.0,1998100.0,4239700.0,1424100.0,2584600.0,1525500.0,0.0,0.0,0.0,0.0,0.0
20230901093339060,SSE,SSE.ETF.510050,2.611,2.601,2.612,2.6,0.0,2.849,2.331,58937147.0,205500.0,153622326.0,536562.0,0.0,0.0,20230901,20230901,93339060,2.59,0.0,0.0,2.611,2.61,2.609,2.608,2.607,0.0,0.0,0.0,0.0,0.0,2.612,2.613,2.614,2.615,2.616,0.0,0.0,0.0,0.0,0.0,600700.0,4072300.0,4628800.0,3344100.0,532200.0,0.0,0.0,0.0,0.0,0.0,5353300.0,3223900.0,1440100.0,2602000.0,1524800.0,0.0,0.0,0.0,0.0,0.0
20230901093342044,SSE,SSE.ETF.510050,2.611,2.601,2.612,2.6,0.0,2.849,2.331,59064047.0,126900.0,153953661.0,331335.0,0.0,0.0,20230901,20230901,93342045,2.59,0.0,0.0,2.611,2.61,2.609,2.608,2.607,0.0,0.0,0.0,0.0,0.0,2.612,2.613,2.614,2.615,2.616,0.0,0.0,0.0,0.0,0.0,192300.0,1672400.0,5616800.0,2294100.0,1955000.0,0.0,0.0,0.0,0.0,0.0,5355800.0,3238900.0,1531900.0,2605700.0,1454000.0,0.0,0.0,0.0,0.0,0.0
20230901093345060,SSE,SSE.ETF.510050,2.611,2.601,2.612,2.6,0.0,2.849,2.331,59932847.0,868800.0,156222215.0,2268554.0,0.0,0.0,20230901,20230901,93345061,2.59,0.0,0.0,2.611,2.61,2.609,2.608,2.607,0.0,0.0,0.0,0.0,0.0,2.612,2.613,2.614,2.615,2.616,0.0,0.0,0.0,0.0,0.0,5200.0,2760700.0,5466800.0,2136600.0,455000.0,0.0,0.0,0.0,0.0,0.0,3553700.0,4252300.0,1551300.0,2690800.0,1608000.0,0.0,0.0,0.0,0.0,0.0
20230901093348112,SSE,SSE.ETF.510050,2.611,2.601,2.612,2.6,0.0,2.849,2.331,60109247.0,176400.0,156682792.0,460577.0,0.0,0.0,20230901,20230901,93348110,2.59,0.0,0.0,2.61,2.609,2.608,2.607,2.606,0.0,0.0,0.0,0.0,0.0,2.611,2.612,2.613,2.614,2.615,0.0,0.0,0.0,0.0,0.0,1547700.0,4566800.0,3376600.0,455000.0,1071300.0,0.0,0.0,0.0,0.0,0.0,224000.0,4801100.0,3369800.0,1502400.0,2713100.0,0.0,0.0,0.0,0.0,0.0
20230901093351052,SSE,SSE.ETF.510050,2.611,2.601,2.612,2.6,0.0,2.849,2.331,60815047.0,705800.0,158525626.0,1842834.0,0.0,0.0,20230901,20230901,93351052,2.59,0.0,0.0,2.611,2.61,2.609,2.608,2.607,0.0,0.0,0.0,0.0,0.0,2.612,2.613,2.614,2.615,2.616,0.0,0.0,0.0,0.0,0.0,128200.0,41000.0,3766800.0,4158600.0,1955000.0,0.0,0.0,0.0,0.0,0.0,4820400.0,3159800.0,1554000.0,2702800.0,1310800.0,0.0,0.0,0.0,0.0,0.0
20230901093354056,SSE,SSE.ETF.510050,2.611,2.601,2.612,2.6,0.0,2.849,2.331,61692247.0,877200.0,160816037.0,2290411.0,0.0,0.0,20230901,20230901,93354056,2.59,0.0,0.0,2.611,2.61,2.609,2.608,2.607,0.0,0.0,0.0,0.0,0.0,2.612,2.613,2.614,2.615,2.616,0.0,0.0,0.0,0.0,0.0,304800.0,41000.0,3768800.0,2815600.0,460800.0,0.0,0.0,0.0,0.0,0.0,4816000.0,3529800.0,1474800.0,2795100.0,1395300.0,0.0,0.0,0.0,0.0,0.0
20230901093357052,SSE,SSE.ETF.510050,2.611,2.601,2.612,2.6,0.0,2.849,2.331,62006947.0,314700.0,161637720.0,821683.0,0.0,0.0,20230901,20230901,93357053,2.59,0.0,0.0,2.611,2.61,2.609,2.608,2.607,0.0,0.0,0.0,0.0,0.0,2.612,2.613,2.614,2.615,2.616,0.0,0.0,0.0,0.0,0.0,37200.0,1841000.0,3856800.0,4156600.0,473800.0,0.0,0.0,0.0,0.0,0.0,4847100.0,3379800.0,1562800.0,2718600.0,1631800.0,0.0,0.0,0.0,0.0,0.0
20230901093400048,SSE,SSE.ETF.510050,2.611,2.601,2.612,2.6,0.0,2.849,2.331,62238947.0,232000.0,162243452.0,605732.0,0.0,0.0,20230901,20230901,93400049,2.59,0.0,0.0,2.61,2.609,2.608,2.607,2.606,0.0,0.0,0.0,0.0,0.0,2.611,2.612,2.613,2.614,2.615,0.0,0.0,0.0,0.0,0.0,1821000.0,3856800.0,4186600.0,474200.0,771300.0,0.0,0.0,0.0,0.0,0.0,72800.0,4905600.0,3374800.0,1560800.0,2026800.0,0.0,0.0,0.0,0.0,0.0
20230901093403052,SSE,SSE.ETF.510050,2.611,2.601,2.612,2.6,0.0,2.849,2.331,62479147.0,240200.0,162870615.0,627163.0,0.0,0.0,20230901,20230901,93403052,2.59,0.0,0.0,2.611,2.61,2.609,2.608,2.607,0.0,0.0,0.0,0.0,0.0,2.612,2.613,2.614,2.615,2.616,0.0,0.0,0.0,0.0,0.0,515900.0,3940800.0,5806800.0,2046600.0,474200.0,0.0,0.0,0.0,0.0,0.0,2255200.0,4055800.0,3109800.0,2107000.0,1556900.0,0.0,0.0,0.0,0.0,0.0
20230901093406052,SSE,SSE.ETF.510050,2.611,2.601,2.612,2.6,0.0,2.849,2.331,63271947.0,792800.0,164940613.0,2069998.0,0.0,0.0,20230901,20230901,93406052,2.59,0.0,0.0,2.611,2.61,2.609,2.608,2.607,0.0,0.0,0.0,0.0,0.0,2.612,2.613,2.614,2.615,2.616,0.0,0.0,0.0,0.0,0.0,1898200.0,4256300.0,3992100.0,3168600.0,551400.0,0.0,0.0,0.0,0.0,0.0,3494500.0,3375800.0,1211800.0,1861100.0,1564300.0,0.0,0.0,0.0,0.0,0.0
20230901093409068,SSE,SSE.ETF.510050,2.611,2.601,2.612,2.6,0.0,2.849,2.331,65498047.0,2226100.0,170754857.0,5814244.0,0.0,0.0,20230901,20230901,93409067,2.59,0.0,0.0,2.611,2.61,2.609,2.608,2.607,0.0,0.0,0.0,0.0,0.0,2.612,2.613,2.614,2.615,2.616,0.0,0.0,0.0,0.0,0.0,3321800.0,3364900.0,4679700.0,2353800.0,474700.0,0.0,0.0,0.0,0.0,0.0,1490100.0,3394200.0,1594600.0,1971300.0,1639000.0,0.0,0.0,0.0,0.0,0.0
20230901093412056,SSE,SSE.ETF.510050,2.612,2.601,2.612,2.6,0.0,2.849,2.331,66087847.0,589800.0,172295394.0,1540537.0,0.0,0.0,20230901,20230901,93412054,2.59,0.0,0.0,2.612,2.611,2.61,2.609,2.608,0.0,0.0,0.0,0.0,0.0,2.613,2.614,2.615,2.616,2.617,0.0,0.0,0.0,0.0,0.0,2204600.0,3306900.0,2864900.0,4559700.0,2043600.0,0.0,0.0,0.0,0.0,0.0,4161200.0,3070700.0,2001300.0,1574800.0,1030300.0,0.0,0.0,0.0,0.0,0.0
20230901093415040,SSE,SSE.ETF.510050,2.612,2.601,2.612,2.6,0.0,2.849,2.331,69074147.0,2986300.0,180095610.0,7800216.0,0.0,0.0,20230901,20230901,93415042,2.59,0.0,0.0,2.612,2.611,2.61,2.609,2.608,0.0,0.0,0.0,0.0,0.0,2.613,2.614,2.615,2.616,2.617,0.0,0.0,0.0,0.0,0.0,317800.0,3007600.0,2554900.0,3099700.0,1392800.0,0.0,0.0,0.0,0.0,0.0,4688800.0,2352700.0,1915100.0,1586300.0,1106800.0,0.0,0.0,0.0,0.0,0.0
20230901093418048,SSE,SSE.ETF.510050,2.612,2.601,2.612,2.6,0.0,2.849,2.331,69571147.0,497000.0,181393733.0,1298123.0,0.0,0.0,20230901,20230901,93418049,2.59,0.0,0.0,2.611,2.61,2.609,2.608,2.607,0.0,0.0,0.0,0.0,0.0,2.612,2.613,2.614,2.615,2.616,0.0,0.0,0.0,0.0,0.0,2480600.0,2852900.0,4029700.0,492800.0,638800.0,0.0,0.0,0.0,0.0,0.0,632000.0,4374300.0,3297700.0,2315500.0,1586300.0,0.0,0.0,0.0,0.0,0.0
20230901093421056,SSE,SSE.ETF.510050,2.612,2.601,2.612,2.6,0.0,2.849,2.331,70471147.0,900000.0,183744533.0,2350800.0,0.0,0.0,20230901,20230901,93421054,2.59,0.0,0.0,2.611,2.61,2.609,2.608,2.607,0.0,0.0,0.0,0.0,0.0,2.612,2.613,2.614,2.615,2.616,0.0,0.0,0.0,0.0,0.0,3070600.0,2852900.0,3439700.0,1392800.0,484800.0,0.0,0.0,0.0,0.0,0.0,818000.0,4147200.0,3588700.0,2016100.0,1746800.0,0.0,0.0,0.0,0.0,0.0
20230901093424044,SSE,SSE.ETF.510050,2.612,2.601,2.612,2.6,0.0,2.849,2.331,71512347.0,1041200.0,186464085.0,2719552.0,0.0,0.0,20230901,20230901,93424044,2.59,0.0,0.0,2.611,2.61,2.609,2.608,2.607,0.0,0.0,0.0,0.0,0.0,2.612,2.613,2.614,2.615,2.616,0.0,0.0,0.0,0.0,0.0,3011000.0,2852900.0,4339700.0,492800.0,562000.0,0.0,0.0,0.0,0.0,0.0,316900.0,3973400.0,3582700.0,2006800.0,1670500.0,0.0,0.0,0.0,0.0,0.0
20230901093427112,SSE,SSE.ETF.510050,2.612,2.601,2.612,2.6,0.0,2.849,2.331,72539647.0,1027300.0,189147393.0,2683308.0,0.0,0.0,20230901,20230901,93427111,2.59,0.0,0.0,2.611,2.61,2.609,2.608,2.607,0.0,0.0,0.0,0.0,0.0,2.612,2.613,2.614,2.615,2.616,0.0,0.0,0.0,0.0,0.0,1491600.0,2852900.0,4251700.0,492800.0,641600.0,0.0,0.0,0.0,0.0,0.0,902200.0,3872900.0,3225100.0,2005000.0,1400200.0,0.0,0.0,0.0,0.0,0.0
20230901093430084,SSE,SSE.ETF.510050,2.611,2.601,2.612,2.6,0.0,2.849,2.331,72927547.0,387900.0,190160296.0,1012903.0,0.0,0.0,20230901,20230901,93430085,2.59,0.0,0.0,2.611,2.61,2.609,2.608,2.607,0.0,0.0,0.0,0.0,0.0,2.612,2.613,2.614,2.615,2.616,0.0,0.0,0.0,0.0,0.0,3629700.0,3654900.0,2542700.0,1322800.0,562000.0,0.0,0.0,0.0,0.0,0.0,285900.0,3882900.0,4124300.0,1926000.0,1329500.0,0.0,0.0,0.0,0.0,0.0
20230901093433080,SSE,SSE.ETF.510050,2.612,2.601,2.612,2.6,0.0,2.849,2.331,74079947.0,1152400.0,193170041.0,3009745.0,0.0,0.0,20230901,20230901,93433081,2.59,0.0,0.0,2.612,2.611,2.61,2.609,2.608,0.0,0.0,0.0,0.0,0.0,2.613,2.614,2.615,2.616,2.617,0.0,0.0,0.0,0.0,0.0,37900.0,3306800.0,3754900.0,2600700.0,1410800.0,0.0,0.0,0.0,0.0,0.0,4670500.0,3306000.0,2071800.0,1330200.0,1120900.0,0.0,0.0,0.0,0.0,0.0
20230901093436064,SSE,SSE.ETF.510050,2.612,2.601,2.612,2.6,0.0,2.849,2.331,74389347.0,309400.0,193978049.0,808008.0,0.0,0.0,20230901,20230901,93436066,2.59,0.0,0.0,2.611,2.61,2.609,2.608,2.607,0.0,0.0,0.0,0.0,0.0,2.612,2.613,2.614,2.615,2.616,0.0,0.0,0.0,0.0,0.0,2561700.0,3055900.0,3530700.0,1119800.0,718800.0,0.0,0.0,0.0,0.0,0.0,226900.0,4952700.0,3311100.0,2053300.0,1253000.0,0.0,0.0,0.0,0.0,0.0
20230901093439064,SSE,SSE.ETF.510050,2.611,2.601,2.612,2.6,0.0,2.849,2.331,75168847.0,779500.0,196013365.0,2035316.0,0.0,0.0,20230901,20230901,93439062,2.59,0.0,0.0,2.61,2.609,2.608,2.607,2.606,0.0,0.0,0.0,0.0,0.0,2.611,2.612,2.613,2.614,2.615,0.0,0.0,0.0,0.0,0.0,1818300.0,3440700.0,3019800.0,669100.0,697100.0,0.0,0.0,0.0,0.0,0.0,217900.0,1441400.0,4639500.0,3011100.0,2055200.0,0.0,0.0,0.0,0.0,0.0
20230901093442052,SSE,SSE.ETF.510050,2.611,2.601,2.612,2.6,0.0,2.849,2.331,75202947.0,34100.0,196102390.0,89025.0,0.0,0.0,20230901,20230901,93442051,2.59,0.0,0.0,2.61,2.609,2.608,2.607,2.606,0.0,0.0,0.0,0.0,0.0,2.611,2.612,2.613,2.614,2.615,0.0,0.0,0.0,0.0,0.0,2038700.0,4368400.0,2739800.0,592300.0,853900.0,0.0,0.0,0.0,0.0,0.0,235300.0,2755900.0,4230700.0,1791100.0,2056200.0,0.0,0.0,0.0,0.0,0.0
20230901093445048,SSE,SSE.ETF.510050,2.611,2.601,2.612,2.6,0.0,2.849,2.331,75268147.0,65200.0,196272616.0,170226.0,0.0,0.0,20230901,20230901,93445050,2.59,0.0,0.0,2.61,2.609,2.608,2.607,2.606,0.0,0.0,0.0,0.0,0.0,2.611,2.612,2.613,2.614,2.615,0.0,0.0,0.0,0.0,0.0,1750400.0,4280700.0,3049800.0,680300.0,776700.0,0.0,0.0,0.0,0.0,0.0,648200.0,3466300.0,4319700.0,1501200.0,2064500.0,0.0,0.0,0.0,0.0,0.0
20230901093448052,SSE,SSE.ETF.510050,2.61,2.601,2.612,2.6,0.0,2.849,2.331,75304047.0,35900.0,196366316.0,93700.0,0.0,0.0,20230901,20230901,93448053,2.59,0.0,0.0,2.61,2.609,2.608,2.607,2.606,0.0,0.0,0.0,0.0,0.0,2.611,2.612,2.613,2.614,2.615,0.0,0.0,0.0,0.0,0.0,269700.0,4255300.0,3051800.0,530300.0,699900.0,0.0,0.0,0.0,0.0,0.0,1329700.0,3665400.0,5061800.0,1501200.0,1998000.0,0.0,0.0,0.0,0.0,0.0
20230901093451052,SSE,SSE.ETF.510050,2.61,2.601,2.612,2.6,0.0,2.849,2.331,75571747.0,267700.0,197065018.0,698702.0,0.0,0.0,20230901,20230901,93451053,2.59,0.0,0.0,2.61,2.609,2.608,2.607,2.606,0.0,0.0,0.0,0.0,0.0,2.611,2.612,2.613,2.614,2.615,0.0,0.0,0.0,0.0,0.0,172800.0,2755300.0,3654600.0,399700.0,967100.0,0.0,0.0,0.0,0.0,0.0,1579600.0,3715100.0,5098300.0,1498400.0,2186800.0,0.0,0.0,0.0,0.0,0.0
20230901093454048,SSE,SSE.ETF.510050,2.61,2.601,2.612,2.6,0.0,2.849,2.331,75643547.0,71800.0,197252417.0,187399.0,0.0,0.0,20230901,20230901,93454047,2.59,0.0,0.0,2.61,2.609,2.608,2.607,2.606,0.0,0.0,0.0,0.0,0.0,2.611,2.612,2.613,2.614,2.615,0.0,0.0,0.0,0.0,0.0,2777000.0,3655300.0,2754600.0,1612700.0,967100.0,0.0,0.0,0.0,0.0,0.0,1750500.0,3723200.0,5143100.0,1755300.0,2184800.0,0.0,0.0,0.0,0.0,0.0
20230901093457112,SSE,SSE.ETF.510050,2.61,2.601,2.612,2.6,0.0,2.849,2.331,75847147.0,203600.0,197783813.0,531396.0,0.0,0.0,20230901,20230901,93457111,2.59,0.0,0.0,2.61,2.609,2.608,2.607,2.606,0.0,0.0,0.0,0.0,0.0,2.611,2.612,2.613,2.614,2.615,0.0,0.0,0.0,0.0,0.0,3175200.0,3655300.0,2666600.0,1700700.0,967100.0,0.0,0.0,0.0,0.0,0.0,1828800.0,3867100.0,5034800.0,1848100.0,2095100.0,0.0,0.0,0.0,0.0,0.0
20230901093500076,SSE,SSE.ETF.510050,2.61,2.601,2.612,2.6,0.0,2.849,2.331,76067047.0,219900.0,198357816.0,574003.0,0.0,0.0,20230901,20230901,93500076,2.59,0.0,0.0,2.61,2.609,2.608,2.607,2.606,0.0,0.0,0.0,0.0,0.0,2.611,2.612,2.613,2.614,2.615,0.0,0.0,0.0,0.0,0.0,2445800.0,3655300.0,3654600.0,1620700.0,987100.0,0.0,0.0,0.0,0.0,0.0,1852500.0,3880100.0,5124800.0,1896600.0,2162200.0,0.0,0.0,0.0,0.0,0.0
20230901093503056,SSE,SSE.ETF.510050,2.61,2.601,2.612,2.6,0.0,2.849,2.331,76507647.0,440600.0,199508052.0,1150236.0,0.0,0.0,20230901,20230901,93503057,2.59,0.0,0.0,2.61,2.609,2.608,2.607,2.606,0.0,0.0,0.0,0.0,0.0,2.611,2.612,2.613,2.614,2.615,0.0,0.0,0.0,0.0,0.0,2889000.0,2827600.0,2754600.0,1620700.0,1067100.0,0.0,0.0,0.0,0.0,0.0,1800000.0,4723600.0,4383900.0,1897800.0,2195300.0,0.0,0.0,0.0,0.0,0.0
20230901093506112,SSE,SSE.ETF.510050,2.61,2.601,2.612,2.6,0.0,2.849,2.331,76688047.0,180400.0,199978907.0,470855.0,0.0,0.0,20230901,20230901,93506114,2.59,0.0,0.0,2.61,2.609,2.608,2.607,2.606,0.0,0.0,0.0,0.0,0.0,2.611,2.612,2.613,2.614,2.615,0.0,0.0,0.0,0.0,0.0,2149500.0,2827600.0,2754600.0,1532700.0,987100.0,0.0,0.0,0.0,0.0,0.0,2022700.0,3977600.0,5078900.0,1709800.0,2305300.0,0.0,0.0,0.0,0.0,0.0
20230901093509072,SSE,SSE.ETF.510050,2.61,2.601,2.612,2.6,0.0,2.849,2.331,78667047.0,1979000.0,205145988.0,5167081.0,0.0,0.0,20230901,20230901,93509071,2.59,0.0,0.0,2.61,2.609,2.608,2.607,2.606,0.0,0.0,0.0,0.0,0.0,2.611,2.612,2.613,2.614,2.615,0.0,0.0,0.0,0.0,0.0,5652400.0,3355300.0,3035600.0,800700.0,987100.0,0.0,0.0,0.0,0.0,0.0,292200.0,2140100.0,3831600.0,3851100.0,2305400.0,0.0,0.0,0.0,0.0,0.0
20230901093512052,SSE,SSE.ETF.510050,2.611,2.601,2.612,2.6,0.0,2.849,2.331,79463447.0,796400.0,207225382.0,2079394.0,0.0,0.0,20230901,20230901,93512053,2.59,0.0,0.0,2.611,2.61,2.609,2.608,2.607,0.0,0.0,0.0,0.0,0.0,2.612,2.613,2.614,2.615,2.616,0.0,0.0,0.0,0.0,0.0,1156600.0,4745600.0,4257800.0,2776600.0,800700.0,0.0,0.0,0.0,0.0,0.0,2156500.0,4566300.0,3770800.0,2252400.0,1757100.0,0.0,0.0,0.0,0.0,0.0
20230901093515096,SSE,SSE.ETF.510050,2.611,2.601,2.612,2.6,0.0,2.849,2.331,79723247.0,259800.0,207903727.0,678345.0,0.0,0.0,20230901,20230901,93515096,2.59,0.0,0.0,2.611,2.61,2.609,2.608,2.607,0.0,0.0,0.0,0.0,0.0,2.612,2.613,2.614,2.615,2.616,0.0,0.0,0.0,0.0,0.0,1804200.0,3925600.0,4257800.0,2804600.0,712700.0,0.0,0.0,0.0,0.0,0.0,2235700.0,4756300.0,3642800.0,2360400.0,1613600.0,0.0,0.0,0.0,0.0,0.0
20230901093518108,SSE,SSE.ETF.510050,2.611,2.601,2.612,2.6,0.0,2.849,2.331,80419247.0,696000.0,209720983.0,1817256.0,0.0,0.0,20230901,20230901,93518109,2.59,0.0,0.0,2.611,2.61,2.609,2.608,2.607,0.0,0.0,0.0,0.0,0.0,2.612,2.613,2.614,2.615,2.616,0.0,0.0,0.0,0.0,0.0,2958100.0,3330600.0,4345800.0,1595600.0,712700.0,0.0,0.0,0.0,0.0,0.0,2274100.0,4756300.0,3728800.0,2380400.0,1665600.0,0.0,0.0,0.0,0.0,0.0
20230901093521040,SSE,SSE.ETF.510050,2.611,2.601,2.612,2.6,0.0,2.849,2.331,81055747.0,636500.0,211382892.0,1661909.0,0.0,0.0,20230901,20230901,93521039,2.59,0.0,0.0,2.611,2.61,2.609,2.608,2.607,0.0,0.0,0.0,0.0,0.0,2.612,2.613,2.614,2.615,2.616,0.0,0.0,0.0,0.0,0.0,1459500.0,3330600.0,4345800.0,2804600.0,889900.0,0.0,0.0,0.0,0.0,0.0,2463600.0,4086100.0,4540100.0,2380400.0,1588400.0,0.0,0.0,0.0,0.0,0.0
20230901093524080,SSE,SSE.ETF.510050,2.611,2.601,2.612,2.6,0.0,2.849,2.331,82456847.0,1401100.0,215041186.0,3658294.0,0.0,0.0,20230901,20230901,93524080,2.59,0.0,0.0,2.611,2.61,2.609,2.608,2.607,0.0,0.0,0.0,0.0,0.0,2.612,2.613,2.614,2.615,2.616,0.0,0.0,0.0,0.0,0.0,979500.0,2120600.0,4435800.0,3024600.0,712700.0,0.0,0.0,0.0,0.0,0.0,4912900.0,5209000.0,1918900.0,2290400.0,1665600.0,0.0,0.0,0.0,0.0,0.0
20230901093527060,SSE,SSE.ETF.510050,2.61,2.601,2.612,2.6,0.0,2.849,2.331,84236347.0,1779500.0,219687060.0,4645874.0,0.0,0.0,20230901,20230901,93527059,2.59,0.0,0.0,2.61,2.609,2.608,2.607,2.606,0.0,0.0,0.0,0.0,0.0,2.611,2.612,2.613,2.614,2.615,0.0,0.0,0.0,0.0,0.0,52500.0,2757800.0,3656600.0,1171700.0,758900.0,0.0,0.0,0.0,0.0,0.0,241000.0,5741800.0,4333500.0,1900900.0,2052400.0,0.0,0.0,0.0,0.0,0.0
20230901093530076,SSE,SSE.ETF.510050,2.61,2.601,2.612,2.6,0.0,2.849,2.331,84270547.0,34200.0,219776323.0,89263.0,0.0,0.0,20230901,20230901,93530076,2.59,0.0,0.0,2.609,2.608,2.607,2.606,2.605,0.0,0.0,0.0,0.0,0.0,2.61,2.611,2.612,2.613,2.614,0.0,0.0,0.0,0.0,0.0,2657800.0,3654600.0,2709700.0,774900.0,1052000.0,0.0,0.0,0.0,0.0,0.0,96400.0,1641500.0,5073100.0,2881500.0,1988900.0,0.0,0.0,0.0,0.0,0.0
20230901093533052,SSE,SSE.ETF.510050,2.609,2.601,2.612,2.6,0.0,2.849,2.331,84371947.0,101400.0,220040875.0,264552.0,0.0,0.0,20230901,20230901,93533051,2.59,0.0,0.0,2.609,2.608,2.607,2.606,2.605,0.0,0.0,0.0,0.0,0.0,2.61,2.611,2.612,2.613,2.614,0.0,0.0,0.0,0.0,0.0,1728700.0,4492300.0,2709700.0,854900.0,1142000.0,0.0,0.0,0.0,0.0,0.0,15100.0,1405300.0,5071100.0,4292500.0,2073800.0,0.0,0.0,0.0,0.0,0.0
20230901093536044,SSE,SSE.ETF.510050,2.609,2.601,2.612,2.6,0.0,2.849,2.331,84925147.0,553200.0,221484208.0,1443333.0,0.0,0.0,20230901,20230901,93536045,2.59,0.0,0.0,2.609,2.608,2.607,2.606,2.605,0.0,0.0,0.0,0.0,0.0,2.61,2.611,2.612,2.613,2.614,0.0,0.0,0.0,0.0,0.0,899400.0,4492300.0,2992200.0,774900.0,1142000.0,0.0,0.0,0.0,0.0,0.0,808000.0,2898300.0,5326800.0,2557500.0,1973800.0,0.0,0.0,0.0,0.0,0.0
20230901093539068,SSE,SSE.ETF.510050,2.609,2.601,2.612,2.6,0.0,2.849,2.331,85049447.0,124300.0,221808488.0,324280.0,0.0,0.0,20230901,20230901,93539067,2.59,0.0,0.0,2.608,2.607,2.606,2.605,2.604,0.0,0.0,0.0,0.0,0.0,2.609,2.61,2.611,2.612,2.613,0.0,0.0,0.0,0.0,0.0,2373300.0,3592200.0,2763900.0,1145200.0,564300.0,0.0,0.0,0.0,0.0,0.0,69200.0,1395300.0,3879100.0,4538600.0,2457500.0,0.0,0.0,0.0,0.0,0.0
20230901093542048,SSE,SSE.ETF.510050,2.609,2.601,2.612,2.6,0.0,2.849,2.331,85955247.0,905800.0,224171720.0,2363232.0,0.0,0.0,20230901,20230901,93542046,2.59,0.0,0.0,2.608,2.607,2.606,2.605,2.604,0.0,0.0,0.0,0.0,0.0,2.609,2.61,2.611,2.612,2.613,0.0,0.0,0.0,0.0,0.0,2105300.0,3574200.0,2643900.0,1068000.0,811500.0,0.0,0.0,0.0,0.0,0.0,16100.0,2077400.0,3305200.0,2889900.0,2629100.0,0.0,0.0,0.0,0.0,0.0
20230901093545036,SSE,SSE.ETF.510050,2.608,2.601,2.612,2.6,0.0,2.849,2.331,86005447.0,50200.0,224302641.0,130921.0,0.0,0.0,20230901,20230901,93545036,2.59,0.0,0.0,2.608,2.607,2.606,2.605,2.604,0.0,0.0,0.0,0.0,0.0,2.609,2.61,2.611,2.612,2.613,0.0,0.0,0.0,0.0,0.0,3245000.0,3574200.0,3071900.0,860000.0,620500.0,0.0,0.0,0.0,0.0,0.0,569300.0,3395400.0,3650300.0,2350100.0,2440100.0,0.0,0.0,0.0,0.0,0.0
20230901093548036,SSE,SSE.ETF.510050,2.609,2.601,2.612,2.6,0.0,2.849,2.331,86158447.0,153000.0,224701757.0,399116.0,0.0,0.0,20230901,20230901,93548037,2.59,0.0,0.0,2.608,2.607,2.606,2.605,2.604,0.0,0.0,0.0,0.0,0.0,2.609,2.61,2.611,2.612,2.613,0.0,0.0,0.0,0.0,0.0,2356300.0,5301900.0,3105700.0,784200.0,466400.0,0.0,0.0,0.0,0.0,0.0,603500.0,3340400.0,3674600.0,2330100.0,2594000.0,0.0,0.0,0.0,0.0,0.0
20230901093551096,SSE,SSE.ETF.510050,2.609,2.601,2.612,2.6,0.0,2.849,2.331,87358147.0,1199700.0,227831480.0,3129723.0,0.0,0.0,20230901,20230901,93551096,2.59,0.0,0.0,2.608,2.607,2.606,2.605,2.604,0.0,0.0,0.0,0.0,0.0,2.61,2.611,2.612,2.613,2.614,0.0,0.0,0.0,0.0,0.0,1472800.0,5234900.0,2885700.0,784200.0,366400.0,0.0,0.0,0.0,0.0,0.0,3089000.0,3743100.0,2744100.0,2493000.0,1417800.0,0.0,0.0,0.0,0.0,0.0
20230901093554056,SSE,SSE.ETF.510050,2.609,2.601,2.612,2.6,0.0,2.849,2.331,87743047.0,384900.0,228835600.0,1004120.0,0.0,0.0,20230901,20230901,93554054,2.59,0.0,0.0,2.609,2.608,2.607,2.606,2.605,0.0,0.0,0.0,0.0,0.0,2.61,2.611,2.612,2.613,2.614,0.0,0.0,0.0,0.0,0.0,440200.0,1716300.0,5234900.0,2970700.0,980200.0,0.0,0.0,0.0,0.0,0.0,1307500.0,4371100.0,4537900.0,2437300.0,1949600.0,0.0,0.0,0.0,0.0,0.0
20230901093557080,SSE,SSE.ETF.510050,2.609,2.601,2.612,2.6,0.0,2.849,2.331,88018447.0,275400.0,229554119.0,718519.0,0.0,0.0,20230901,20230901,93557079,2.59,0.0,0.0,2.609,2.608,2.607,2.606,2.605,0.0,0.0,0.0,0.0,0.0,2.61,2.611,2.612,2.613,2.614,0.0,0.0,0.0,0.0,0.0,148200.0,2698300.0,5234900.0,3060700.0,1057400.0,0.0,0.0,0.0,0.0,0.0,1420100.0,4172300.0,4546900.0,2387000.0,1872400.0,0.0,0.0,0.0,0.0,0.0
20230901093600048,SSE,SSE.ETF.510050,2.608,2.601,2.612,2.6,0.0,2.849,2.331,88186947.0,168500.0,229993715.0,439596.0,0.0,0.0,20230901,20230901,93600048,2.59,0.0,0.0,2.608,2.607,2.606,2.605,2.604,0.0,0.0,0.0,0.0,0.0,2.609,2.61,2.611,2.612,2.613,0.0,0.0,0.0,0.0,0.0,2683000.0,4334900.0,3100700.0,1057400.0,669300.0,0.0,0.0,0.0,0.0,0.0,517700.0,1843100.0,4181400.0,4539300.0,2394400.0,0.0,0.0,0.0,0.0,0.0
20230901093603048,SSE,SSE.ETF.510050,2.609,2.601,2.612,2.6,0.0,2.849,2.331,88299347.0,112400.0,230286863.0,293148.0,0.0,0.0,20230901,20230901,93603048,2.59,0.0,0.0,2.608,2.607,2.606,2.605,2.604,0.0,0.0,0.0,0.0,0.0,2.609,2.61,2.611,2.612,2.613,0.0,0.0,0.0,0.0,0.0,2194300.0,3511200.0,3225700.0,1075200.0,739600.0,0.0,0.0,0.0,0.0,0.0,903900.0,2455400.0,4172700.0,4212300.0,2579600.0,0.0,0.0,0.0,0.0,0.0
20230901093606052,SSE,SSE.ETF.510050,2.608,2.601,2.612,2.6,0.0,2.849,2.331,88693747.0,394400.0,231315480.0,1028617.0,0.0,0.0,20230901,20230901,93606051,2.59,0.0,0.0,2.608,2.607,2.606,2.605,2.604,0.0,0.0,0.0,0.0,0.0,2.609,2.61,2.611,2.612,2.613,0.0,0.0,0.0,0.0,0.0,2162100.0,3511200.0,2826700.0,1165200.0,739600.0,0.0,0.0,0.0,0.0,0.0,1546300.0,3138600.0,4222700.0,2999300.0,2579600.0,0.0,0.0,0.0,0.0,0.0
20230901093609060,SSE,SSE.ETF.510050,2.608,2.601,2.612,2.6,0.0,2.849,2.331,88812847.0,119100.0,231626093.0,310613.0,0.0,0.0,20230901,20230901,93609060,2.59,0.0,0.0,2.608,2.607,2.606,2.605,2.604,0.0,0.0,0.0,0.0,0.0,2.609,2.61,2.611,2.612,2.613,0.0,0.0,0.0,0.0,0.0,2043200.0,3511200.0,2916700.0,1075200.0,839600.0,0.0,0.0,0.0,0.0,0.0,1680100.0,3157200.0,4215600.0,3046300.0,2192000.0,0.0,0.0,0.0,0.0,0.0
20230901093612036,SSE,SSE.ETF.510050,2.608,2.601,2.612,2.6,0.0,2.849,2.331,89105147.0,292300.0,232388417.0,762324.0,0.0,0.0,20230901,20230901,93612035,2.59,0.0,0.0,2.608,2.607,2.606,2.605,2.604,0.0,0.0,0.0,0.0,0.0,2.609,2.61,2.611,2.612,2.613,0.0,0.0,0.0,0.0,0.0,551100.0,2911200.0,3226700.0,2575200.0,739600.0,0.0,0.0,0.0,0.0,0.0,1839900.0,3524000.0,4215600.0,2622800.0,2187000.0,0.0,0.0,0.0,0.0,0.0
20230901093615040,SSE,SSE.ETF.510050,2.608,2.601,2.612,2.6,0.0,2.849,2.331,89216447.0,111300.0,232678693.0,290276.0,0.0,0.0,20230901,20230901,93615042,2.59,0.0,0.0,2.608,2.607,2.606,2.605,2.604,0.0,0.0,0.0,0.0,0.0,2.609,2.61,2.611,2.612,2.613,0.0,0.0,0.0,0.0,0.0,446500.0,3111200.0,2238700.0,3387200.0,739600.0,0.0,0.0,0.0,0.0,0.0,2125200.0,4748800.0,3266500.0,2539700.0,2182000.0,0.0,0.0,0.0,0.0,0.0
20230901093618096,SSE,SSE.ETF.510050,2.608,2.601,2.612,2.6,0.0,2.849,2.331,89328047.0,111600.0,232969750.0,291057.0,0.0,0.0,20230901,20230901,93618094,2.59,0.0,0.0,2.608,2.607,2.606,2.605,2.604,0.0,0.0,0.0,0.0,0.0,2.609,2.61,2.611,2.612,2.613,0.0,0.0,0.0,0.0,0.0,2748900.0,3211200.0,2916700.0,1075200.0,839600.0,0.0,0.0,0.0,0.0,0.0,1504600.0,2439100.0,3738900.0,2922900.0,2177000.0,0.0,0.0,0.0,0.0,0.0
20230901093621048,SSE,SSE.ETF.510050,2.61,2.601,2.612,2.6,0.0,2.849,2.331,91783347.0,2455300.0,239375332.0,6405582.0,0.0,0.0,20230901,20230901,93621048,2.59,0.0,0.0,2.609,2.608,2.607,2.606,2.605,0.0,0.0,0.0,0.0,0.0,2.61,2.611,2.612,2.613,2.614,0.0,0.0,0.0,0.0,0.0,1175400.0,7697100.0,2911200.0,3477700.0,1375200.0,0.0,0.0,0.0,0.0,0.0,1981900.0,3227900.0,4186800.0,2187000.0,1829200.0,0.0,0.0,0.0,0.0,0.0
20230901093624096,SSE,SSE.ETF.510050,2.609,2.601,2.612,2.6,0.0,2.849,2.331,91872047.0,88700.0,239606753.0,231421.0,0.0,0.0,20230901,20230901,93624094,2.59,0.0,0.0,2.609,2.608,2.607,2.606,2.605,0.0,0.0,0.0,0.0,0.0,2.61,2.611,2.612,2.613,2.614,0.0,0.0,0.0,0.0,0.0,1990400.0,5977100.0,3811200.0,2162700.0,1280200.0,0.0,0.0,0.0,0.0,0.0,2068900.0,4119200.0,4889300.0,2225700.0,2000800.0,0.0,0.0,0.0,0.0,0.0
20230901093627048,SSE,SSE.ETF.510050,2.609,2.601,2.612,2.6,0.0,2.849,2.331,92009047.0,137000.0,239964186.0,357433.0,0.0,0.0,20230901,20230901,93627047,2.59,0.0,0.0,2.609,2.608,2.607,2.606,2.605,0.0,0.0,0.0,0.0,0.0,2.61,2.611,2.612,2.613,2.614,0.0,0.0,0.0,0.0,0.0,960200.0,6678100.0,3511200.0,1262700.0,1280200.0,0.0,0.0,0.0,0.0,0.0,1381700.0,3007900.0,6346300.0,2225700.0,2300800.0,0.0,0.0,0.0,0.0,0.0
20230901093630048,SSE,SSE.ETF.510050,2.61,2.601,2.612,2.6,0.0,2.849,2.331,92122247.0,113200.0,240259526.0,295340.0,0.0,0.0,20230901,20230901,93630047,2.59,0.0,0.0,2.609,2.608,2.607,2.606,2.605,0.0,0.0,0.0,0.0,0.0,2.61,2.611,2.612,2.613,2.614,0.0,0.0,0.0,0.0,0.0,3148700.0,4277900.0,3201200.0,1324700.0,892200.0,0.0,0.0,0.0,0.0,0.0,1334600.0,1136300.0,5447000.0,4847000.0,2387800.0,0.0,0.0,0.0,0.0,0.0
20230901093633048,SSE,SSE.ETF.510050,2.61,2.601,2.612,2.6,0.0,2.849,2.331,92773647.0,651400.0,241959605.0,1700079.0,0.0,0.0,20230901,20230901,93633049,2.59,0.0,0.0,2.609,2.608,2.607,2.606,2.605,0.0,0.0,0.0,0.0,0.0,2.61,2.611,2.612,2.613,2.614,0.0,0.0,0.0,0.0,0.0,2764400.0,3980700.0,3603100.0,1388900.0,1273400.0,0.0,0.0,0.0,0.0,0.0,1199200.0,3256800.0,6354000.0,2313700.0,2310600.0,0.0,0.0,0.0,0.0,0.0
20230901093636100,SSE,SSE.ETF.510050,2.609,2.601,2.612,2.6,0.0,2.849,2.331,92789347.0,15700.0,242000567.0,40962.0,0.0,0.0,20230901,20230901,93636099,2.59,0.0,0.0,2.609,2.608,2.607,2.606,2.605,0.0,0.0,0.0,0.0,0.0,2.61,2.611,2.612,2.613,2.614,0.0,0.0,0.0,0.0,0.0,965100.0,2386200.0,3013100.0,1697900.0,1274400.0,0.0,0.0,0.0,0.0,0.0,1800000.0,5022100.0,4943200.0,2313700.0,2010600.0,0.0,0.0,0.0,0.0,0.0
20230901093639080,SSE,SSE.ETF.510050,2.609,2.601,2.612,2.6,0.0,2.849,2.331,92865547.0,76200.0,242199398.0,198831.0,0.0,0.0,20230901,20230901,93639081,2.59,0.0,0.0,2.609,2.608,2.607,2.606,2.605,0.0,0.0,0.0,0.0,0.0,2.61,2.611,2.612,2.613,2.614,0.0,0.0,0.0,0.0,0.0,615700.0,2386200.0,3489100.0,3947900.0,1198200.0,0.0,0.0,0.0,0.0,0.0,1621500.0,5472100.0,4957200.0,2316700.0,1937800.0,0.0,0.0,0.0,0.0,0.0
20230901093642040,SSE,SSE.ETF.510050,2.609,2.601,2.612,2.6,0.0,2.849,2.331,93841647.0,976100.0,244745742.0,2546344.0,0.0,0.0,20230901,20230901,93642042,2.59,0.0,0.0,2.608,2.607,2.606,2.605,2.604,0.0,0.0,0.0,0.0,0.0,2.609,2.61,2.611,2.612,2.613,0.0,0.0,0.0,0.0,0.0,1806200.0,3489100.0,4287900.0,1275400.0,949300.0,0.0,0.0,0.0,0.0,0.0,258400.0,3856300.0,5336200.0,3122400.0,2313400.0,0.0,0.0,0.0,0.0,0.0
20230901093645052,SSE,SSE.ETF.510050,2.608,2.601,2.612,2.6,0.0,2.849,2.331,94301547.0,459900.0,245945198.0,1199456.0,0.0,0.0,20230901,20230901,93645051,2.59,0.0,0.0,2.608,2.607,2.606,2.605,2.604,0.0,0.0,0.0,0.0,0.0,2.609,2.61,2.611,2.612,2.613,0.0,0.0,0.0,0.0,0.0,1415100.0,2501100.0,4017700.0,1382200.0,1219300.0,0.0,0.0,0.0,0.0,0.0,447600.0,5386600.0,3926900.0,3124600.0,2478900.0,0.0,0.0,0.0,0.0,0.0
20230901093648036,SSE,SSE.ETF.510050,2.609,2.601,2.612,2.6,0.0,2.849,2.331,94320547.0,19000.0,245994767.0,49569.0,0.0,0.0,20230901,20230901,93648036,2.59,0.0,0.0,2.608,2.607,2.606,2.605,2.604,0.0,0.0,0.0,0.0,0.0,2.609,2.61,2.611,2.612,2.613,0.0,0.0,0.0,0.0,0.0,2636500.0,2386200.0,4086700.0,1382200.0,1119300.0,0.0,0.0,0.0,0.0,0.0,475400.0,2366500.0,5866000.0,4334800.0,2478900.0,0.0,0.0,0.0,0.0,0.0
20230901093651124,SSE,SSE.ETF.510050,2.608,2.601,2.612,2.6,0.0,2.849,2.331,94680247.0,359700.0,246933208.0,938441.0,0.0,0.0,20230901,20230901,93651124,2.59,0.0,0.0,2.608,2.607,2.606,2.605,2.604,0.0,0.0,0.0,0.0,0.0,2.609,2.61,2.611,2.612,2.613,0.0,0.0,0.0,0.0,0.0,2620800.0,3286200.0,3797700.0,1382200.0,1219400.0,0.0,0.0,0.0,0.0,0.0,260500.0,4174700.0,5880300.0,3415100.0,2478900.0,0.0,0.0,0.0,0.0,0.0
20230901093654096,SSE,SSE.ETF.510050,2.608,2.601,2.612,2.6,0.0,2.849,2.331,94881547.0,201300.0,247458212.0,525004.0,0.0,0.0,20230901,20230901,93654098,2.59,0.0,0.0,2.608,2.607,2.606,2.605,2.604,0.0,0.0,0.0,0.0,0.0,2.609,2.61,2.611,2.612,2.613,0.0,0.0,0.0,0.0,0.0,138300.0,1901100.0,3717700.0,1181300.0,1219400.0,0.0,0.0,0.0,0.0,0.0,715100.0,4804600.0,5882300.0,3111000.0,2179900.0,0.0,0.0,0.0,0.0,0.0
20230901093657048,SSE,SSE.ETF.510050,2.608,2.601,2.612,2.6,0.0,2.849,2.331,95006847.0,125300.0,247785004.0,326792.0,0.0,0.0,20230901,20230901,93657046,2.59,0.0,0.0,2.607,2.606,2.605,2.604,2.603,0.0,0.0,0.0,0.0,0.0,2.608,2.609,2.61,2.611,2.612,0.0,0.0,0.0,0.0,0.0,2210100.0,3207800.0,3971300.0,1142500.0,1087400.0,0.0,0.0,0.0,0.0,0.0,73017.0,1926300.0,5785700.0,4280500.0,3151900.0,0.0,0.0,0.0,0.0,0.0
20230901093700036,SSE,SSE.ETF.510050,2.608,2.601,2.612,2.6,0.0,2.849,2.331,95409764.0,402917.0,248835810.0,1050806.0,0.0,0.0,20230901,20230901,93700037,2.59,0.0,0.0,2.608,2.607,2.606,2.605,2.604,0.0,0.0,0.0,0.0,0.0,2.609,2.61,2.611,2.612,2.613,0.0,0.0,0.0,0.0,0.0,1451183.0,2109300.0,4145500.0,3756300.0,1137500.0,0.0,0.0,0.0,0.0,0.0,2851700.0,5785900.0,2719600.0,3336900.0,2004500.0,0.0,0.0,0.0,0.0,0.0
20230901093703068,SSE,SSE.ETF.510050,2.608,2.601,2.612,2.6,0.0,2.849,2.331,95559964.0,150200.0,249227532.0,391722.0,0.0,0.0,20230901,20230901,93703069,2.59,0.0,0.0,2.608,2.607,2.606,2.605,2.604,0.0,0.0,0.0,0.0,0.0,2.609,2.61,2.611,2.612,2.613,0.0,0.0,0.0,0.0,0.0,1609583.0,1633300.0,4057500.0,3853300.0,962500.0,0.0,0.0,0.0,0.0,0.0,2266600.0,5811900.0,4131600.0,2763900.0,2099500.0,0.0,0.0,0.0,0.0,0.0
20230901093706088,SSE,SSE.ETF.510050,2.608,2.601,2.612,2.6,0.0,2.849,2.331,95776564.0,216600.0,249792432.0,564900.0,0.0,0.0,20230901,20230901,93706086,2.59,0.0,0.0,2.608,2.607,2.606,2.605,2.604,0.0,0.0,0.0,0.0,0.0,2.609,2.61,2.611,2.612,2.613,0.0,0.0,0.0,0.0,0.0,499983.0,1636300.0,4145500.0,2441300.0,962500.0,0.0,0.0,0.0,0.0,0.0,2010900.0,5826900.0,3635500.0,3150200.0,2099500.0,0.0,0.0,0.0,0.0,0.0
20230901093709096,SSE,SSE.ETF.510050,2.608,2.601,2.612,2.6,0.0,2.849,2.331,95842164.0,65600.0,249963518.0,171086.0,0.0,0.0,20230901,20230901,93709096,2.59,0.0,0.0,2.608,2.607,2.606,2.605,2.604,0.0,0.0,0.0,0.0,0.0,2.609,2.61,2.611,2.612,2.613,0.0,0.0,0.0,0.0,0.0,458983.0,2567300.0,4055500.0,4031300.0,1039700.0,0.0,0.0,0.0,0.0,0.0,2051500.0,5879800.0,4216500.0,3150200.0,2022200.0,0.0,0.0,0.0,0.0,0.0
20230901093712056,SSE,SSE.ETF.510050,2.608,2.601,2.612,2.6,0.0,2.849,2.331,96028764.0,186600.0,250450171.0,486653.0,0.0,0.0,20230901,20230901,93712055,2.59,0.0,0.0,2.608,2.607,2.606,2.605,2.604,0.0,0.0,0.0,0.0,0.0,2.609,2.61,2.611,2.612,2.613,0.0,0.0,0.0,0.0,0.0,2173383.0,3486400.0,3155500.0,2231300.0,1039700.0,0.0,0.0,0.0,0.0,0.0,2106500.0,5622400.0,3926500.0,2802200.0,2322200.0,0.0,0.0,0.0,0.0,0.0
20230901093715080,SSE,SSE.ETF.510050,2.608,2.601,2.612,2.6,0.0,2.849,2.331,96162264.0,133500.0,250798339.0,348168.0,0.0,0.0,20230901,20230901,93715081,2.59,0.0,0.0,2.608,2.607,2.606,2.605,2.604,0.0,0.0,0.0,0.0,0.0,2.609,2.61,2.611,2.612,2.613,0.0,0.0,0.0,0.0,0.0,1144683.0,2586400.0,4356500.0,3853300.0,1039700.0,0.0,0.0,0.0,0.0,0.0,1901400.0,5503600.0,4132500.0,3014200.0,2322200.0,0.0,0.0,0.0,0.0,0.0
20230901093718048,SSE,SSE.ETF.510050,2.608,2.601,2.612,2.6,0.0,2.849,2.331,96313164.0,150900.0,251191896.0,393557.0,0.0,0.0,20230901,20230901,93718047,2.59,0.0,0.0,2.608,2.607,2.606,2.605,2.604,0.0,0.0,0.0,0.0,0.0,2.609,2.61,2.611,2.612,2.613,0.0,0.0,0.0,0.0,0.0,1013583.0,2585400.0,4620500.0,3951300.0,962500.0,0.0,0.0,0.0,0.0,0.0,1917100.0,5927000.0,4220500.0,3147200.0,2399500.0,0.0,0.0,0.0,0.0,0.0
20230901093721092,SSE,SSE.ETF.510050,2.608,2.601,2.612,2.6,0.0,2.849,2.331,96529364.0,216200.0,251755749.0,563853.0,0.0,0.0,20230901,20230901,93721093,2.59,0.0,0.0,2.608,2.607,2.606,2.605,2.604,0.0,0.0,0.0,0.0,0.0,2.609,2.61,2.611,2.612,2.613,0.0,0.0,0.0,0.0,0.0,46400.0,2585400.0,4620500.0,2892300.0,962500.0,0.0,0.0,0.0,0.0,0.0,1970400.0,4937700.0,5031800.0,3147200.0,2249500.0,0.0,0.0,0.0,0.0,0.0
20230901093724048,SSE,SSE.ETF.510050,2.607,2.601,2.612,2.6,0.0,2.849,2.331,96738764.0,209400.0,252301765.0,546016.0,0.0,0.0,20230901,20230901,93724047,2.59,0.0,0.0,2.607,2.606,2.605,2.604,2.603,0.0,0.0,0.0,0.0,0.0,2.608,2.609,2.61,2.611,2.612,0.0,0.0,0.0,0.0,0.0,2490400.0,4530600.0,4071300.0,1039700.0,1195100.0,0.0,0.0,0.0,0.0,0.0,160700.0,4209000.0,5929200.0,2590500.0,2847200.0,0.0,0.0,0.0,0.0,0.0
20230901093727048,SSE,SSE.ETF.510050,2.608,2.601,2.612,2.6,0.0,2.849,2.331,97724064.0,985300.0,254871427.0,2569662.0,0.0,0.0,20230901,20230901,93727047,2.59,0.0,0.0,2.607,2.606,2.605,2.604,2.603,0.0,0.0,0.0,0.0,0.0,2.608,2.609,2.61,2.611,2.612,0.0,0.0,0.0,0.0,0.0,1041100.0,4552800.0,3176300.0,2708100.0,1292100.0,0.0,0.0,0.0,0.0,0.0,250000.0,3763600.0,5117700.0,3822500.0,2981400.0,0.0,0.0,0.0,0.0,0.0
20230901093730056,SSE,SSE.ETF.510050,2.608,2.601,2.612,2.6,0.0,2.849,2.331,97934364.0,210300.0,255419872.0,548445.0,0.0,0.0,20230901,20230901,93730058,2.59,0.0,0.0,2.607,2.606,2.605,2.604,2.603,0.0,0.0,0.0,0.0,0.0,2.608,2.609,2.61,2.611,2.612,0.0,0.0,0.0,0.0,0.0,3065400.0,4524800.0,3948300.0,1058100.0,1142100.0,0.0,0.0,0.0,0.0,0.0,374400.0,2810900.0,5926300.0,3360600.0,2779200.0,0.0,0.0,0.0,0.0,0.0
20230901093733040,SSE,SSE.ETF.510050,2.608,2.601,2.612,2.6,0.0,2.849,2.331,98606864.0,672500.0,257173750.0,1753878.0,0.0,0.0,20230901,20230901,93733038,2.59,0.0,0.0,2.608,2.607,2.606,2.605,2.604,0.0,0.0,0.0,0.0,0.0,2.609,2.61,2.611,2.612,2.613,0.0,0.0,0.0,0.0,0.0,229300.0,2165100.0,4524800.0,4006300.0,1146100.0,0.0,0.0,0.0,0.0,0.0,3714900.0,6018800.0,2573500.0,3079200.0,1927100.0,0.0,0.0,0.0,0.0,0.0
20230901093736112,SSE,SSE.ETF.510050,2.608,2.601,2.612,2.6,0.0,2.849,2.331,98697764.0,90900.0,257410817.0,237067.0,0.0,0.0,20230901,20230901,93736112,2.59,0.0,0.0,2.608,2.607,2.606,2.605,2.604,0.0,0.0,0.0,0.0,0.0,2.609,2.61,2.611,2.612,2.613,0.0,0.0,0.0,0.0,0.0,1068400.0,2318900.0,4524800.0,3591300.0,901100.0,0.0,0.0,0.0,0.0,0.0,3060900.0,6318100.0,2719500.0,2866900.0,2214300.0,0.0,0.0,0.0,0.0,0.0
20230901093739044,SSE,SSE.ETF.510050,2.608,2.601,2.612,2.6,0.0,2.849,2.331,98795464.0,97700.0,257665619.0,254802.0,0.0,0.0,20230901,20230901,93739044,2.59,0.0,0.0,2.608,2.607,2.606,2.605,2.604,0.0,0.0,0.0,0.0,0.0,2.609,2.61,2.611,2.612,2.613,0.0,0.0,0.0,0.0,0.0,3670900.0,3229500.0,3924800.0,2744300.0,813100.0,0.0,0.0,0.0,0.0,0.0,2750700.0,6010100.0,4131500.0,2865600.0,2214300.0,0.0,0.0,0.0,0.0,0.0
20230901093742060,SSE,SSE.ETF.510050,2.608,2.601,2.612,2.6,0.0,2.849,2.331,99104364.0,308900.0,258471394.0,805775.0,0.0,0.0,20230901,20230901,93742061,2.59,0.0,0.0,2.608,2.607,2.606,2.605,2.604,0.0,0.0,0.0,0.0,0.0,2.609,2.61,2.611,2.612,2.613,0.0,0.0,0.0,0.0,0.0,4005600.0,3345200.0,4912800.0,1932300.0,890300.0,0.0,0.0,0.0,0.0,0.0,2337200.0,5233100.0,5045000.0,3103600.0,2137000.0,0.0,0.0,0.0,0.0,0.0
20230901093745032,SSE,SSE.ETF.510050,2.609,2.601,2.612,2.6,0.0,2.849,2.331,99159564.0,55200.0,258615389.0,143995.0,0.0,0.0,20230901,20230901,93745032,2.59,0.0,0.0,2.608,2.607,2.606,2.605,2.604,0.0,0.0,0.0,0.0,0.0,2.609,2.61,2.611,2.612,2.613,0.0,0.0,0.0,0.0,0.0,4786700.0,3455300.0,5203300.0,1332300.0,890300.0,0.0,0.0,0.0,0.0,0.0,2267500.0,4639100.0,5039300.0,3714600.0,2441000.0,0.0,0.0,0.0,0.0,0.0
20230901093748036,SSE,SSE.ETF.510050,2.608,2.601,2.612,2.6,0.0,2.849,2.331,99218864.0,59300.0,258770044.0,154655.0,0.0,0.0,20230901,20230901,93748035,2.59,0.0,0.0,2.608,2.607,2.606,2.605,2.604,0.0,0.0,0.0,0.0,0.0,2.609,2.61,2.611,2.612,2.613,0.0,0.0,0.0,0.0,0.0,4828500.0,3754800.0,4903300.0,1032300.0,590300.0,0.0,0.0,0.0,0.0,0.0,1739300.0,3571200.0,4642800.0,5314600.0,2141000.0,0.0,0.0,0.0,0.0,0.0
20230901093751044,SSE,SSE.ETF.510050,2.609,2.601,2.612,2.6,0.0,2.849,2.331,99459564.0,240700.0,259397990.0,627946.0,0.0,0.0,20230901,20230901,93751045,2.59,0.0,0.0,2.608,2.607,2.606,2.605,2.604,0.0,0.0,0.0,0.0,0.0,2.609,2.61,2.611,2.612,2.613,0.0,0.0,0.0,0.0,0.0,4788000.0,3454800.0,5204800.0,1244300.0,890300.0,0.0,0.0,0.0,0.0,0.0,1582000.0,5183600.0,5042800.0,3635600.0,2441000.0,0.0,0.0,0.0,0.0,0.0
20230901093754048,SSE,SSE.ETF.510050,2.608,2.601,2.612,2.6,0.0,2.849,2.331,99499364.0,39800.0,259501788.0,103798.0,0.0,0.0,20230901,20230901,93754047,2.59,0.0,0.0,2.608,2.607,2.606,2.605,2.604,0.0,0.0,0.0,0.0,0.0,2.609,2.61,2.611,2.612,2.613,0.0,0.0,0.0,0.0,0.0,1215800.0,2554800.0,4526800.0,4191300.0,900300.0,0.0,0.0,0.0,0.0,0.0,2246600.0,6685900.0,4445000.0,2963600.0,2143000.0,0.0,0.0,0.0,0.0,0.0
20230901093757052,SSE,SSE.ETF.510050,2.608,2.601,2.612,2.6,0.0,2.849,2.331,99670764.0,171400.0,259948829.0,447041.0,0.0,0.0,20230901,20230901,93757052,2.59,0.0,0.0,2.608,2.607,2.606,2.605,2.604,0.0,0.0,0.0,0.0,0.0,2.609,2.61,2.611,2.612,2.613,0.0,0.0,0.0,0.0,0.0,2724300.0,3454800.0,4614800.0,1932300.0,848100.0,0.0,0.0,0.0,0.0,0.0,2112100.0,5928400.0,5332600.0,3136300.0,2215900.0,0.0,0.0,0.0,0.0,0.0
20230901093800040,SSE,SSE.ETF.510050,2.609,2.601,2.612,2.6,0.0,2.849,2.331,99712364.0,41600.0,260057325.0,108496.0,0.0,0.0,20230901,20230901,93800042,2.59,0.0,0.0,2.608,2.607,2.606,2.605,2.604,0.0,0.0,0.0,0.0,0.0,2.609,2.61,2.611,2.612,2.613,0.0,0.0,0.0,0.0,0.0,1185500.0,2559800.0,4914800.0,3961300.0,925300.0,0.0,0.0,0.0,0.0,0.0,2122600.0,6864800.0,4521300.0,3136700.0,2438600.0,0.0,0.0,0.0,0.0,0.0
20230901093803100,SSE,SSE.ETF.510050,2.608,2.601,2.612,2.6,0.0,2.849,2.331,99736964.0,24600.0,260121493.0,64168.0,0.0,0.0,20230901,20230901,93803099,2.59,0.0,0.0,2.608,2.607,2.606,2.605,2.604,0.0,0.0,0.0,0.0,0.0,2.609,2.61,2.611,2.612,2.613,0.0,0.0,0.0,0.0,0.0,3929800.0,3452200.0,5054800.0,1347300.0,848100.0,0.0,0.0,0.0,0.0,0.0,1944000.0,4387500.0,5332600.0,3446700.0,2610900.0,0.0,0.0,0.0,0.0,0.0
20230901093806040,SSE,SSE.ETF.510050,2.608,2.601,2.612,2.6,0.0,2.849,2.331,100281564.0,544600.0,261542210.0,1420717.0,0.0,0.0,20230901,20230901,93806042,2.59,0.0,0.0,2.608,2.607,2.606,2.605,2.604,0.0,0.0,0.0,0.0,0.0,2.609,2.61,2.611,2.612,2.613,0.0,0.0,0.0,0.0,0.0,3915200.0,3514100.0,5204800.0,1252300.0,925300.0,0.0,0.0,0.0,0.0,0.0,1639300.0,5138600.0,4222500.0,4230400.0,2438600.0,0.0,0.0,0.0,0.0,0.0
20230901093809048,SSE,SSE.ETF.510050,2.608,2.601,2.612,2.6,0.0,2.849,2.331,100771964.0,490400.0,262821586.0,1279376.0,0.0,0.0,20230901,20230901,93809046,2.59,0.0,0.0,2.608,2.607,2.606,2.605,2.604,0.0,0.0,0.0,0.0,0.0,2.609,2.61,2.611,2.612,2.613,0.0,0.0,0.0,0.0,0.0,3736400.0,3614100.0,5054800.0,1252300.0,925300.0,0.0,0.0,0.0,0.0,0.0,1288200.0,3819700.0,4621100.0,5229600.0,2438600.0,0.0,0.0,0.0,0.0,0.0
20230901093812048,SSE,SSE.ETF.510050,2.608,2.601,2.612,2.6,0.0,2.849,2.331,100939364.0,167400.0,263258315.0,436729.0,0.0,0.0,20230901,20230901,93812047,2.59,0.0,0.0,2.608,2.607,2.606,2.605,2.604,0.0,0.0,0.0,0.0,0.0,2.609,2.61,2.611,2.612,2.613,0.0,0.0,0.0,0.0,0.0,3735200.0,3649800.0,5204800.0,1252300.0,925300.0,0.0,0.0,0.0,0.0,0.0,1163200.0,3768200.0,4521100.0,5329600.0,2438600.0,0.0,0.0,0.0,0.0,0.0
20230901093815048,SSE,SSE.ETF.510050,2.609,2.601,2.612,2.6,0.0,2.849,2.331,101268864.0,329500.0,264117967.0,859652.0,0.0,0.0,20230901,20230901,93815047,2.59,0.0,0.0,2.608,2.607,2.606,2.605,2.604,0.0,0.0,0.0,0.0,0.0,2.609,2.61,2.611,2.612,2.613,0.0,0.0,0.0,0.0,0.0,4922500.0,3946400.0,5122800.0,1252300.0,625300.0,0.0,0.0,0.0,0.0,0.0,874400.0,5206800.0,4133100.0,3842900.0,2449600.0,0.0,0.0,0.0,0.0,0.0
20230901093818048,SSE,SSE.ETF.510050,2.609,2.601,2.612,2.6,0.0,2.849,2.331,101462764.0,193900.0,264623687.0,505720.0,0.0,0.0,20230901,20230901,93818046,2.59,0.0,0.0,2.608,2.607,2.606,2.605,2.604,0.0,0.0,0.0,0.0,0.0,2.609,2.61,2.611,2.612,2.613,0.0,0.0,0.0,0.0,0.0,4761800.0,3946400.0,5210800.0,1252300.0,625300.0,0.0,0.0,0.0,0.0,0.0,939700.0,3741100.0,4241100.0,5362900.0,2449600.0,0.0,0.0,0.0,0.0,0.0
20230901093821036,SSE,SSE.ETF.510050,2.609,2.601,2.612,2.6,0.0,2.849,2.331,102457164.0,994400.0,267218076.0,2594389.0,0.0,0.0,20230901,20230901,93821035,2.59,0.0,0.0,2.609,2.608,2.607,2.606,2.605,0.0,0.0,0.0,0.0,0.0,2.61,2.611,2.612,2.613,2.614,0.0,0.0,0.0,0.0,0.0,290100.0,4765100.0,3640400.0,5265200.0,1162300.0,0.0,0.0,0.0,0.0,0.0,3741100.0,4542100.0,5395200.0,2449600.0,2040500.0,0.0,0.0,0.0,0.0,0.0
20230901093824052,SSE,SSE.ETF.510050,2.609,2.601,2.612,2.6,0.0,2.849,2.331,102483264.0,26100.0,267286171.0,68095.0,0.0,0.0,20230901,20230901,93824053,2.59,0.0,0.0,2.609,2.608,2.607,2.606,2.605,0.0,0.0,0.0,0.0,0.0,2.61,2.611,2.612,2.613,2.614,0.0,0.0,0.0,0.0,0.0,271600.0,5057500.0,3540400.0,4432500.0,1234900.0,0.0,0.0,0.0,0.0,0.0,5525700.0,4792100.0,3895200.0,2188000.0,2224900.0,0.0,0.0,0.0,0.0,0.0
20230901093827032,SSE,SSE.ETF.510050,2.609,2.601,2.612,2.6,0.0,2.849,2.331,102504164.0,20900.0,267340699.0,54528.0,0.0,0.0,20230901,20230901,93827034,2.59,0.0,0.0,2.609,2.608,2.607,2.606,2.605,0.0,0.0,0.0,0.0,0.0,2.61,2.611,2.612,2.613,2.614,0.0,0.0,0.0,0.0,0.0,251600.0,5057500.0,3240400.0,4520500.0,1069700.0,0.0,0.0,0.0,0.0,0.0,3532700.0,5096600.0,5319400.0,2276000.0,2302100.0,0.0,0.0,0.0,0.0,0.0
20230901093830060,SSE,SSE.ETF.510050,2.609,2.601,2.612,2.6,0.0,2.849,2.331,102520364.0,16200.0,267382965.0,42266.0,0.0,0.0,20230901,20230901,93830059,2.59,0.0,0.0,2.609,2.608,2.607,2.606,2.605,0.0,0.0,0.0,0.0,0.0,2.61,2.611,2.612,2.613,2.614,0.0,0.0,0.0,0.0,0.0,1166900.0,5957500.0,2340400.0,3381300.0,1056900.0,0.0,0.0,0.0,0.0,0.0,3551300.0,4708100.0,3519400.0,1976000.0,2144900.0,0.0,0.0,0.0,0.0,0.0
20230901093833052,SSE,SSE.ETF.510050,2.609,2.601,2.612,2.6,0.0,2.849,2.331,102541664.0,21300.0,267438540.0,55575.0,0.0,0.0,20230901,20230901,93833052,2.59,0.0,0.0,2.609,2.608,2.607,2.606,2.605,0.0,0.0,0.0,0.0,0.0,2.61,2.611,2.612,2.613,2.614,0.0,0.0,0.0,0.0,0.0,259600.0,5057500.0,3328400.0,4590300.0,979700.0,0.0,0.0,0.0,0.0,0.0,5133300.0,4996300.0,3912800.0,2276000.0,2142100.0,0.0,0.0,0.0,0.0,0.0
20230901093836104,SSE,SSE.ETF.510050,2.609,2.601,2.612,2.6,0.0,2.849,2.331,102919264.0,377600.0,268423812.0,985272.0,0.0,0.0,20230901,20230901,93836104,2.59,0.0,0.0,2.608,2.607,2.606,2.605,2.604,0.0,0.0,0.0,0.0,0.0,2.609,2.61,2.611,2.612,2.613,0.0,0.0,0.0,0.0,0.0,4917500.0,3328400.0,4590300.0,1207400.0,857400.0,0.0,0.0,0.0,0.0,0.0,56900.0,3431100.0,4567100.0,5272800.0,2276000.0,0.0,0.0,0.0,0.0,0.0
20230901093839084,SSE,SSE.ETF.510050,2.609,2.601,2.612,2.6,0.0,2.849,2.331,103190764.0,271500.0,269132080.0,708268.0,0.0,0.0,20230901,20230901,93839085,2.59,0.0,0.0,2.609,2.608,2.607,2.606,2.605,0.0,0.0,0.0,0.0,0.0,2.61,2.611,2.612,2.613,2.614,0.0,0.0,0.0,0.0,0.0,46000.0,5812000.0,3328400.0,4317300.0,1075200.0,0.0,0.0,0.0,0.0,0.0,3559900.0,4572100.0,3922800.0,2361800.0,2127100.0,0.0,0.0,0.0,0.0,0.0
20230901093842068,SSE,SSE.ETF.510050,2.609,2.601,2.612,2.6,0.0,2.849,2.331,103300064.0,109300.0,269417195.0,285115.0,0.0,0.0,20230901,20230901,93842068,2.59,0.0,0.0,2.608,2.607,2.606,2.605,2.604,0.0,0.0,0.0,0.0,0.0,2.609,2.61,2.611,2.612,2.613,0.0,0.0,0.0,0.0,0.0,5837800.0,3325400.0,4620300.0,1057400.0,967400.0,0.0,0.0,0.0,0.0,0.0,116200.0,3563900.0,4673100.0,5427800.0,2264800.0,0.0,0.0,0.0,0.0,0.0
20230901093845036,SSE,SSE.ETF.510050,2.609,2.601,2.612,2.6,0.0,2.849,2.331,103327464.0,27400.0,269488659.0,71464.0,0.0,0.0,20230901,20230901,93845037,2.59,0.0,0.0,2.608,2.607,2.606,2.605,2.604,0.0,0.0,0.0,0.0,0.0,2.609,2.61,2.611,2.612,2.613,0.0,0.0,0.0,0.0,0.0,5735400.0,2337900.0,4523300.0,1075500.0,1214600.0,0.0,0.0,0.0,0.0,0.0,447200.0,3583500.0,4761100.0,5339800.0,2447900.0,0.0,0.0,0.0,0.0,0.0
20230901093848040,SSE,SSE.ETF.510050,2.609,2.601,2.612,2.6,0.0,2.849,2.331,103944764.0,617300.0,271099184.0,1610525.0,0.0,0.0,20230901,20230901,93848039,2.59,0.0,0.0,2.609,2.608,2.607,2.606,2.605,0.0,0.0,0.0,0.0,0.0,2.61,2.611,2.612,2.613,2.614,0.0,0.0,0.0,0.0,0.0,641800.0,4824000.0,3237900.0,4493300.0,1075500.0,0.0,0.0,0.0,0.0,0.0,3653500.0,4758100.0,5378600.0,2447900.0,2129600.0,0.0,0.0,0.0,0.0,0.0
20230901093851032,SSE,SSE.ETF.510050,2.609,2.601,2.612,2.6,0.0,2.849,2.331,105319264.0,1374500.0,274686054.0,3586870.0,0.0,0.0,20230901,20230901,93851034,2.59,0.0,0.0,2.609,2.608,2.607,2.606,2.605,0.0,0.0,0.0,0.0,0.0,2.61,2.611,2.612,2.613,2.614,0.0,0.0,0.0,0.0,0.0,20000.0,5804000.0,2337900.0,4879300.0,1147700.0,0.0,0.0,0.0,0.0,0.0,3203900.0,4758100.0,5380600.0,2252900.0,2237400.0,0.0,0.0,0.0,0.0,0.0
20230901093854032,SSE,SSE.ETF.510050,2.609,2.601,2.612,2.6,0.0,2.849,2.331,105684364.0,365100.0,275638640.0,952586.0,0.0,0.0,20230901,20230901,93854033,2.59,0.0,0.0,2.609,2.608,2.607,2.606,2.605,0.0,0.0,0.0,0.0,0.0,2.61,2.611,2.612,2.613,2.614,0.0,0.0,0.0,0.0,0.0,189000.0,5523300.0,2637900.0,4731300.0,1057700.0,0.0,0.0,0.0,0.0,0.0,2995400.0,4758100.0,5380600.0,2314900.0,2447400.0,0.0,0.0,0.0,0.0,0.0
20230901093857040,SSE,SSE.ETF.510050,2.61,2.601,2.612,2.6,0.0,2.849,2.331,105763264.0,78900.0,275844456.0,205816.0,0.0,0.0,20230901,20230901,93857038,2.59,0.0,0.0,2.609,2.608,2.607,2.606,2.605,0.0,0.0,0.0,0.0,0.0,2.61,2.611,2.612,2.613,2.614,0.0,0.0,0.0,0.0,0.0,145700.0,5488600.0,2637900.0,4731300.0,1057700.0,0.0,0.0,0.0,0.0,0.0,3005400.0,4670100.0,5472000.0,2405900.0,2447400.0,0.0,0.0,0.0,0.0,0.0
20230901093900036,SSE,SSE.ETF.510050,2.609,2.601,2.612,2.6,0.0,2.849,2.331,105840564.0,77300.0,276046132.0,201676.0,0.0,0.0,20230901,20230901,93900035,2.59,0.0,0.0,2.609,2.608,2.607,2.606,2.605,0.0,0.0,0.0,0.0,0.0,2.61,2.611,2.612,2.613,2.614,0.0,0.0,0.0,0.0,0.0,1244700.0,5498700.0,2728900.0,4881300.0,1057700.0,0.0,0.0,0.0,0.0,0.0,3160300.0,4670100.0,5560000.0,2255900.0,2367900.0,0.0,0.0,0.0,0.0,0.0
20230901093903036,SSE,SSE.ETF.510050,2.61,2.601,2.612,2.6,0.0,2.849,2.331,106042464.0,201900.0,276572895.0,526763.0,0.0,0.0,20230901,20230901,93903036,2.59,0.0,0.0,2.609,2.608,2.607,2.606,2.605,0.0,0.0,0.0,0.0,0.0,2.61,2.611,2.612,2.613,2.614,0.0,0.0,0.0,0.0,0.0,3144600.0,5789100.0,2727900.0,3381300.0,980500.0,0.0,0.0,0.0,0.0,0.0,3175500.0,3569800.0,6372300.0,2255900.0,2525100.0,0.0,0.0,0.0,0.0,0.0
20230901093906048,SSE,SSE.ETF.510050,2.61,2.601,2.612,2.6,0.0,2.849,2.331,106099564.0,57100.0,276721875.0,148980.0,0.0,0.0,20230901,20230901,93906046,2.59,0.0,0.0,2.609,2.608,2.607,2.606,2.605,0.0,0.0,0.0,0.0,0.0,2.61,2.611,2.612,2.613,2.614,0.0,0.0,0.0,0.0,0.0,1305400.0,5484900.0,2745900.0,4731300.0,980500.0,0.0,0.0,0.0,0.0,0.0,3150400.0,3554100.0,6378800.0,2255900.0,2525600.0,0.0,0.0,0.0,0.0,0.0
20230901093909096,SSE,SSE.ETF.510050,2.609,2.601,2.612,2.6,0.0,2.849,2.331,106357964.0,258400.0,277396042.0,674167.0,0.0,0.0,20230901,20230901,93909098,2.59,0.0,0.0,2.609,2.608,2.607,2.606,2.605,0.0,0.0,0.0,0.0,0.0,2.61,2.611,2.612,2.613,2.614,0.0,0.0,0.0,0.0,0.0,1198000.0,4584900.0,2745900.0,4831300.0,980500.0,0.0,0.0,0.0,0.0,0.0,3189500.0,3554100.0,6412200.0,2375900.0,2525600.0,0.0,0.0,0.0,0.0,0.0
20230901093912052,SSE,SSE.ETF.510050,2.609,2.601,2.612,2.6,0.0,2.849,2.331,106520664.0,162700.0,277820547.0,424505.0,0.0,0.0,20230901,20230901,93912052,2.59,0.0,0.0,2.609,2.608,2.607,2.606,2.605,0.0,0.0,0.0,0.0,0.0,2.61,2.611,2.612,2.613,2.614,0.0,0.0,0.0,0.0,0.0,3191900.0,4585500.0,3260900.0,2431300.0,1620500.0,0.0,0.0,0.0,0.0,0.0,3170600.0,3244100.0,6342200.0,2776800.0,2445600.0,0.0,0.0,0.0,0.0,0.0
20230901093915036,SSE,SSE.ETF.510050,2.61,2.601,2.612,2.6,0.0,2.849,2.331,106573764.0,53100.0,277959093.0,138546.0,0.0,0.0,20230901,20230901,93915037,2.59,0.0,0.0,2.609,2.608,2.607,2.606,2.605,0.0,0.0,0.0,0.0,0.0,2.61,2.611,2.612,2.613,2.614,0.0,0.0,0.0,0.0,0.0,3737400.0,3685500.0,3658900.0,2431300.0,1707700.0,0.0,0.0,0.0,0.0,0.0,3208800.0,3599100.0,6414300.0,2466800.0,2354200.0,0.0,0.0,0.0,0.0,0.0
20230901093918040,SSE,SSE.ETF.510050,2.609,2.601,2.612,2.6,0.0,2.849,2.331,106745364.0,171600.0,278406797.0,447704.0,0.0,0.0,20230901,20230901,93918038,2.59,0.0,0.0,2.609,2.608,2.607,2.606,2.605,0.0,0.0,0.0,0.0,0.0,2.61,2.611,2.612,2.613,2.614,0.0,0.0,0.0,0.0,0.0,3571800.0,3685500.0,3658900.0,2544300.0,1707700.0,0.0,0.0,0.0,0.0,0.0,3225600.0,3614700.0,6514300.0,2517600.0,2449200.0,0.0,0.0,0.0,0.0,0.0
20230901093921068,SSE,SSE.ETF.510050,2.609,2.601,2.612,2.6,0.0,2.849,2.331,106785064.0,39700.0,278510374.0,103577.0,0.0,0.0,20230901,20230901,93921069,2.59,0.0,0.0,2.609,2.608,2.607,2.606,2.605,0.0,0.0,0.0,0.0,0.0,2.61,2.611,2.612,2.613,2.614,0.0,0.0,0.0,0.0,0.0,3530900.0,3685500.0,3658900.0,2271300.0,1797700.0,0.0,0.0,0.0,0.0,0.0,3291300.0,3585000.0,6339500.0,2329700.0,2526200.0,0.0,0.0,0.0,0.0,0.0
20230901093924044,SSE,SSE.ETF.510050,2.609,2.601,2.612,2.6,0.0,2.849,2.331,107011464.0,226400.0,279101052.0,590678.0,0.0,0.0,20230901,20230901,93924043,2.59,0.0,0.0,2.609,2.608,2.607,2.606,2.605,0.0,0.0,0.0,0.0,0.0,2.61,2.611,2.612,2.613,2.614,0.0,0.0,0.0,0.0,0.0,3652800.0,3685500.0,3948900.0,1849300.0,1707700.0,0.0,0.0,0.0,0.0,0.0,3309100.0,3276000.0,6349900.0,2727700.0,2436200.0,0.0,0.0,0.0,0.0,0.0
20230901093927044,SSE,SSE.ETF.510050,2.61,2.601,2.612,2.6,0.0,2.849,2.331,107160664.0,149200.0,279490352.0,389300.0,0.0,0.0,20230901,20230901,93927043,2.59,0.0,0.0,2.609,2.608,2.607,2.606,2.605,0.0,0.0,0.0,0.0,0.0,2.61,2.611,2.612,2.613,2.614,0.0,0.0,0.0,0.0,0.0,2042900.0,3373700.0,4258900.0,3349300.0,1707700.0,0.0,0.0,0.0,0.0,0.0,3330600.0,3576200.0,6364900.0,2427700.0,2436200.0,0.0,0.0,0.0,0.0,0.0
20230901093930036,SSE,SSE.ETF.510050,2.61,2.601,2.612,2.6,0.0,2.849,2.331,107368564.0,207900.0,280032765.0,542413.0,0.0,0.0,20230901,20230901,93930037,2.59,0.0,0.0,2.609,2.608,2.607,2.606,2.605,0.0,0.0,0.0,0.0,0.0,2.61,2.611,2.612,2.613,2.614,0.0,0.0,0.0,0.0,0.0,1687000.0,2473700.0,4245900.0,1999300.0,1630500.0,0.0,0.0,0.0,0.0,0.0,3585400.0,4404200.0,5556600.0,2277700.0,2513400.0,0.0,0.0,0.0,0.0,0.0
20230901093933072,SSE,SSE.ETF.510050,2.608,2.601,2.612,2.6,0.0,2.849,2.331,107917764.0,549200.0,281465581.0,1432816.0,0.0,0.0,20230901,20230901,93933070,2.59,0.0,0.0,2.608,2.607,2.606,2.605,2.604,0.0,0.0,0.0,0.0,0.0,2.609,2.61,2.611,2.612,2.613,0.0,0.0,0.0,0.0,0.0,2427200.0,3345900.0,4738300.0,1630500.0,1024600.0,0.0,0.0,0.0,0.0,0.0,152900.0,3950500.0,4745200.0,5522800.0,2250300.0,0.0,0.0,0.0,0.0,0.0
20230901093936072,SSE,SSE.ETF.510050,2.609,2.601,2.612,2.6,0.0,2.849,2.331,108043364.0,125600.0,281793155.0,327574.0,0.0,0.0,20230901,20230901,93936070,2.59,0.0,0.0,2.608,2.607,2.606,2.605,2.604,0.0,0.0,0.0,0.0,0.0,2.609,2.61,2.611,2.612,2.613,0.0,0.0,0.0,0.0,0.0,1670600.0,3285900.0,4585300.0,1915500.0,1037400.0,0.0,0.0,0.0,0.0,0.0,1028800.0,5315200.0,5149500.0,3166900.0,2424600.0,0.0,0.0,0.0,0.0,0.0
20230901093939088,SSE,SSE.ETF.510050,2.608,2.601,2.612,2.6,0.0,2.849,2.331,108319664.0,276300.0,282513996.0,720841.0,0.0,0.0,20230901,20230901,93939090,2.59,0.0,0.0,2.608,2.607,2.606,2.605,2.604,0.0,0.0,0.0,0.0,0.0,2.609,2.61,2.611,2.612,2.613,0.0,0.0,0.0,0.0,0.0,448600.0,2061500.0,4373300.0,4074500.0,1037700.0,0.0,0.0,0.0,0.0,0.0,1407100.0,6214500.0,4346200.0,3079900.0,2101600.0,0.0,0.0,0.0,0.0,0.0
20230901093942036,SSE,SSE.ETF.510050,2.608,2.601,2.612,2.6,0.0,2.849,2.331,108645064.0,325400.0,283362639.0,848643.0,0.0,0.0,20230901,20230901,93942037,2.59,0.0,0.0,2.608,2.607,2.606,2.605,2.604,0.0,0.0,0.0,0.0,0.0,2.609,2.61,2.611,2.612,2.613,0.0,0.0,0.0,0.0,0.0,130900.0,2061500.0,3773300.0,4480500.0,1037700.0,0.0,0.0,0.0,0.0,0.0,2044600.0,5904700.0,4347200.0,2872900.0,2101600.0,0.0,0.0,0.0,0.0,0.0
20230901093945048,SSE,SSE.ETF.510050,2.607,2.601,2.612,2.6,0.0,2.849,2.331,108884264.0,239200.0,283986406.0,623767.0,0.0,0.0,20230901,20230901,93945047,2.59,0.0,0.0,2.607,2.606,2.605,2.604,2.603,0.0,0.0,0.0,0.0,0.0,2.608,2.609,2.61,2.611,2.612,0.0,0.0,0.0,0.0,0.0,2025800.0,3773300.0,4720500.0,827700.0,658300.0,0.0,0.0,0.0,0.0,0.0,476700.0,2152400.0,5524000.0,3867200.0,2865900.0,0.0,0.0,0.0,0.0,0.0
20230901093948040,SSE,SSE.ETF.510050,2.608,2.601,2.612,2.6,0.0,2.849,2.331,108938964.0,54700.0,284129016.0,142610.0,0.0,0.0,20230901,20230901,93948039,2.59,0.0,0.0,2.607,2.606,2.605,2.604,2.603,0.0,0.0,0.0,0.0,0.0,2.608,2.609,2.61,2.611,2.612,0.0,0.0,0.0,0.0,0.0,192100.0,3571100.0,3830500.0,2760500.0,1048300.0,0.0,0.0,0.0,0.0,0.0,782300.0,4290400.0,5452200.0,1908100.0,3033200.0,0.0,0.0,0.0,0.0,0.0
20230901093951028,SSE,SSE.ETF.510050,2.607,2.601,2.612,2.6,0.0,2.849,2.331,109026064.0,87100.0,284356086.0,227070.0,0.0,0.0,20230901,20230901,93951028,2.59,0.0,0.0,2.607,2.606,2.605,2.604,2.603,0.0,0.0,0.0,0.0,0.0,2.608,2.609,2.61,2.611,2.612,0.0,0.0,0.0,0.0,0.0,417000.0,2583100.0,4635500.0,3252500.0,971400.0,0.0,0.0,0.0,0.0,0.0,1430300.0,3147900.0,6396800.0,1908100.0,3126800.0,0.0,0.0,0.0,0.0,0.0
20230901093954100,SSE,SSE.ETF.510050,2.607,2.601,2.612,2.6,0.0,2.849,2.331,109081964.0,55900.0,284501836.0,145750.0,0.0,0.0,20230901,20230901,93954100,2.59,0.0,0.0,2.607,2.606,2.605,2.604,2.603,0.0,0.0,0.0,0.0,0.0,2.608,2.609,2.61,2.611,2.612,0.0,0.0,0.0,0.0,0.0,270400.0,2583100.0,4245500.0,4092500.0,1048700.0,0.0,0.0,0.0,0.0,0.0,2270100.0,3262900.0,5486200.0,1908100.0,3048300.0,0.0,0.0,0.0,0.0,0.0
20230901093957040,SSE,SSE.ETF.510050,2.606,2.601,2.612,2.6,0.0,2.849,2.331,110039264.0,957300.0,286996957.0,2495121.0,0.0,0.0,20230901,20230901,93957042,2.59,0.0,0.0,2.606,2.605,2.604,2.603,2.602,0.0,0.0,0.0,0.0,0.0,2.607,2.608,2.609,2.61,2.611,0.0,0.0,0.0,0.0,0.0,1659300.0,3945500.0,3535300.0,758200.0,1198900.0,0.0,0.0,0.0,0.0,0.0,52000.0,3130700.0,3565900.0,4659000.0,1908600.0,0.0,0.0,0.0,0.0,0.0
20230901094000040,SSE,SSE.ETF.510050,2.607,2.601,2.612,2.6,0.0,2.849,2.331,110305664.0,266400.0,287691222.0,694265.0,0.0,0.0,20230901,20230901,94000039,2.59,0.0,0.0,2.606,2.605,2.604,2.603,2.602,0.0,0.0,0.0,0.0,0.0,2.607,2.608,2.609,2.61,2.611,0.0,0.0,0.0,0.0,0.0,1833800.0,4035500.0,3135300.0,1871900.0,1368900.0,0.0,0.0,0.0,0.0,0.0,593600.0,3105200.0,3765900.0,3648100.0,2075900.0,0.0,0.0,0.0,0.0,0.0
20230901094003032,SSE,SSE.ETF.510050,2.606,2.601,2.612,2.6,0.0,2.849,2.331,110471564.0,165900.0,288123566.0,432344.0,0.0,0.0,20230901,20230901,94003034,2.59,0.0,0.0,2.606,2.605,2.604,2.603,2.602,0.0,0.0,0.0,0.0,0.0,2.607,2.608,2.609,2.61,2.611,0.0,0.0,0.0,0.0,0.0,1826700.0,3947500.0,3940400.0,1254900.0,1293000.0,0.0,0.0,0.0,0.0,0.0,884700.0,3219200.0,3877000.0,3900900.0,2159500.0,0.0,0.0,0.0,0.0,0.0
20230901094006028,SSE,SSE.ETF.510050,2.607,2.601,2.612,2.6,0.0,2.849,2.331,111204364.0,732800.0,290033796.0,1910230.0,0.0,0.0,20230901,20230901,94006029,2.59,0.0,0.0,2.607,2.606,2.605,2.604,2.603,0.0,0.0,0.0,0.0,0.0,2.608,2.609,2.61,2.611,2.612,0.0,0.0,0.0,0.0,0.0,1052800.0,2649000.0,3507500.0,4051400.0,958900.0,0.0,0.0,0.0,0.0,0.0,1930200.0,2790100.0,6284100.0,2082300.0,2927100.0,0.0,0.0,0.0,0.0,0.0
20230901094009092,SSE,SSE.ETF.510050,2.607,2.601,2.612,2.6,0.0,2.849,2.331,111379564.0,175200.0,290490542.0,456746.0,0.0,0.0,20230901,20230901,94009093,2.59,0.0,0.0,2.607,2.606,2.605,2.604,2.603,0.0,0.0,0.0,0.0,0.0,2.608,2.609,2.61,2.611,2.612,0.0,0.0,0.0,0.0,0.0,2223400.0,3373200.0,3902600.0,1636300.0,980900.0,0.0,0.0,0.0,0.0,0.0,1797100.0,2423000.0,5900400.0,2768200.0,3348700.0,0.0,0.0,0.0,0.0,0.0
20230901094012048,SSE,SSE.ETF.510050,2.607,2.601,2.612,2.6,0.0,2.849,2.331,111746864.0,367300.0,291448131.0,957589.0,0.0,0.0,20230901,20230901,94012050,2.59,0.0,0.0,2.607,2.606,2.605,2.604,2.603,0.0,0.0,0.0,0.0,0.0,2.608,2.609,2.61,2.611,2.612,0.0,0.0,0.0,0.0,0.0,1908100.0,3373200.0,4892600.0,1336300.0,1058200.0,0.0,0.0,0.0,0.0,0.0,1755100.0,2445000.0,6277600.0,2768200.0,3221400.0,0.0,0.0,0.0,0.0,0.0
20230901094015092,SSE,SSE.ETF.510050,2.608,2.601,2.612,2.6,0.0,2.849,2.331,112148364.0,401500.0,292494863.0,1046732.0,0.0,0.0,20230901,20230901,94015093,2.59,0.0,0.0,2.607,2.606,2.605,2.604,2.603,0.0,0.0,0.0,0.0,0.0,2.608,2.609,2.61,2.611,2.612,0.0,0.0,0.0,0.0,0.0,1527700.0,3373200.0,4892600.0,1336300.0,1108200.0,0.0,0.0,0.0,0.0,0.0,1732400.0,2493200.0,6342900.0,2768200.0,3224300.0,0.0,0.0,0.0,0.0,0.0
20230901094018036,SSE,SSE.ETF.510050,2.607,2.601,2.612,2.6,0.0,2.849,2.331,112230664.0,82300.0,292709419.0,214556.0,0.0,0.0,20230901,20230901,94018036,2.59,0.0,0.0,2.607,2.606,2.605,2.604,2.603,0.0,0.0,0.0,0.0,0.0,2.608,2.609,2.61,2.611,2.612,0.0,0.0,0.0,0.0,0.0,3052300.0,2533200.0,4783600.0,1336300.0,1030900.0,0.0,0.0,0.0,0.0,0.0,1630700.0,2496800.0,5295200.0,3579500.0,3001600.0,0.0,0.0,0.0,0.0,0.0
20230901094021032,SSE,SSE.ETF.510050,2.608,2.601,2.612,2.6,0.0,2.849,2.331,112660064.0,429400.0,293829186.0,1119767.0,0.0,0.0,20230901,20230901,94021031,2.59,0.0,0.0,2.607,2.606,2.605,2.604,2.603,0.0,0.0,0.0,0.0,0.0,2.608,2.609,2.61,2.611,2.612,0.0,0.0,0.0,0.0,0.0,2044500.0,3451200.0,4596500.0,1336300.0,1108200.0,0.0,0.0,0.0,0.0,0.0,1547800.0,2835200.0,6099600.0,2769100.0,3161400.0,0.0,0.0,0.0,0.0,0.0
20230901094024036,SSE,SSE.ETF.510050,2.607,2.601,2.612,2.6,0.0,2.849,2.331,112792564.0,132500.0,294174614.0,345428.0,0.0,0.0,20230901,20230901,94024035,2.59,0.0,0.0,2.607,2.606,2.605,2.604,2.603,0.0,0.0,0.0,0.0,0.0,2.608,2.609,2.61,2.611,2.612,0.0,0.0,0.0,0.0,0.0,1512700.0,3693200.0,5207100.0,1486300.0,808200.0,0.0,0.0,0.0,0.0,0.0,1608300.0,3158500.0,6099600.0,2329100.0,3162700.0,0.0,0.0,0.0,0.0,0.0
20230901094027052,SSE,SSE.ETF.510050,2.607,2.601,2.612,2.6,0.0,2.849,2.331,112884464.0,91900.0,294414197.0,239583.0,0.0,0.0,20230901,20230901,94027051,2.59,0.0,0.0,2.607,2.606,2.605,2.604,2.603,0.0,0.0,0.0,0.0,0.0,2.608,2.609,2.61,2.611,2.612,0.0,0.0,0.0,0.0,0.0,673200.0,2961000.0,5207100.0,2386300.0,730900.0,0.0,0.0,0.0,0.0,0.0,1805400.0,3166500.0,6093700.0,2012900.0,3232300.0,0.0,0.0,0.0,0.0,0.0
20230901094030024,SSE,SSE.ETF.510050,2.608,2.601,2.612,2.6,0.0,2.849,2.331,113643764.0,759300.0,296393681.0,1979484.0,0.0,0.0,20230901,20230901,94030025,2.59,0.0,0.0,2.607,2.606,2.605,2.604,2.603,0.0,0.0,0.0,0.0,0.0,2.608,2.609,2.61,2.611,2.612,0.0,0.0,0.0,0.0,0.0,1436300.0,3302700.0,4307100.0,1486300.0,1108200.0,0.0,0.0,0.0,0.0,0.0,1222800.0,3565100.0,6402200.0,2312900.0,2802700.0,0.0,0.0,0.0,0.0,0.0
20230901094033040,SSE,SSE.ETF.510050,2.607,2.601,2.612,2.6,0.0,2.849,2.331,113846364.0,202600.0,296921859.0,528178.0,0.0,0.0,20230901,20230901,94033038,2.59,0.0,0.0,2.607,2.606,2.605,2.604,2.603,0.0,0.0,0.0,0.0,0.0,2.608,2.609,2.61,2.611,2.612,0.0,0.0,0.0,0.0,0.0,563500.0,2344600.0,5207100.0,1504300.0,1112400.0,0.0,0.0,0.0,0.0,0.0,1458900.0,3865400.0,6413800.0,2309900.0,2800200.0,0.0,0.0,0.0,0.0,0.0
20230901094036032,SSE,SSE.ETF.510050,2.608,2.601,2.612,2.6,0.0,2.849,2.331,113898764.0,52400.0,297058467.0,136608.0,0.0,0.0,20230901,20230901,94036032,2.59,0.0,0.0,2.607,2.606,2.605,2.604,2.603,0.0,0.0,0.0,0.0,0.0,2.608,2.609,2.61,2.611,2.612,0.0,0.0,0.0,0.0,0.0,1527500.0,2798900.0,4797100.0,1699300.0,1112400.0,0.0,0.0,0.0,0.0,0.0,1538200.0,3217200.0,6413800.0,2316000.0,3230200.0,0.0,0.0,0.0,0.0,0.0
20230901094039036,SSE,SSE.ETF.510050,2.607,2.601,2.612,2.6,0.0,2.849,2.331,113952764.0,54000.0,297199265.0,140798.0,0.0,0.0,20230901,20230901,94039037,2.59,0.0,0.0,2.607,2.606,2.605,2.604,2.603,0.0,0.0,0.0,0.0,0.0,2.608,2.609,2.61,2.611,2.612,0.0,0.0,0.0,0.0,0.0,1483200.0,2814500.0,5019100.0,1604300.0,1035100.0,0.0,0.0,0.0,0.0,0.0,1676700.0,3839000.0,6300800.0,2006000.0,2982500.0,0.0,0.0,0.0,0.0,0.0
20230901094042040,SSE,SSE.ETF.510050,2.607,2.601,2.612,2.6,0.0,2.849,2.331,113984364.0,31600.0,297281649.0,82384.0,0.0,0.0,20230901,20230901,94042038,2.59,0.0,0.0,2.607,2.606,2.605,2.604,2.603,0.0,0.0,0.0,0.0,0.0,2.608,2.609,2.61,2.611,2.612,0.0,0.0,0.0,0.0,0.0,318600.0,1460200.0,4807100.0,2213300.0,1035100.0,0.0,0.0,0.0,0.0,0.0,1966300.0,4951200.0,5572700.0,1706800.0,2932500.0,0.0,0.0,0.0,0.0,0.0
20230901094045032,SSE,SSE.ETF.510050,2.607,2.601,2.612,2.6,0.0,2.849,2.331,113997664.0,13300.0,297316316.0,34667.0,0.0,0.0,20230901,20230901,94045033,2.59,0.0,0.0,2.606,2.605,2.604,2.603,2.602,0.0,0.0,0.0,0.0,0.0,2.607,2.608,2.609,2.61,2.611,0.0,0.0,0.0,0.0,0.0,2740900.0,3907100.0,4034300.0,1048100.0,1207200.0,0.0,0.0,0.0,0.0,0.0,403600.0,1996400.0,4964600.0,4320800.0,1706800.0,0.0,0.0,0.0,0.0,0.0
20230901094048032,SSE,SSE.ETF.510050,2.607,2.601,2.612,2.6,0.0,2.849,2.331,114017164.0,19500.0,297367150.0,50834.0,0.0,0.0,20230901,20230901,94048033,2.59,0.0,0.0,2.606,2.605,2.604,2.603,2.602,0.0,0.0,0.0,0.0,0.0,2.607,2.608,2.609,2.61,2.611,0.0,0.0,0.0,0.0,0.0,1761200.0,4807000.0,3368400.0,1333100.0,1377200.0,0.0,0.0,0.0,0.0,0.0,102900.0,1992700.0,4455800.0,4920700.0,1811800.0,0.0,0.0,0.0,0.0,0.0
20230901094051044,SSE,SSE.ETF.510050,2.607,2.601,2.612,2.6,0.0,2.849,2.331,114829164.0,812000.0,299483940.0,2116790.0,0.0,0.0,20230901,20230901,94051043,2.59,0.0,0.0,2.607,2.606,2.605,2.604,2.603,0.0,0.0,0.0,0.0,0.0,2.608,2.609,2.61,2.611,2.612,0.0,0.0,0.0,0.0,0.0,1446100.0,3033800.0,4769000.0,1141400.0,1333100.0,0.0,0.0,0.0,0.0,0.0,1722800.0,3657000.0,6533300.0,1801100.0,2846200.0,0.0,0.0,0.0,0.0,0.0
20230901094054052,SSE,SSE.ETF.510050,2.607,2.601,2.612,2.6,0.0,2.849,2.331,115100064.0,270900.0,300190176.0,706236.0,0.0,0.0,20230901,20230901,94054051,2.59,0.0,0.0,2.607,2.606,2.605,2.604,2.603,0.0,0.0,0.0,0.0,0.0,2.608,2.609,2.61,2.611,2.612,0.0,0.0,0.0,0.0,0.0,1175200.0,3110800.0,5157100.0,1514300.0,1138100.0,0.0,0.0,0.0,0.0,0.0,2057000.0,3556900.0,6609400.0,1727800.0,3318500.0,0.0,0.0,0.0,0.0,0.0
20230901094057080,SSE,SSE.ETF.510050,2.607,2.601,2.612,2.6,0.0,2.849,2.331,115234964.0,134900.0,300541864.0,351688.0,0.0,0.0,20230901,20230901,94057082,2.59,0.0,0.0,2.607,2.606,2.605,2.604,2.603,0.0,0.0,0.0,0.0,0.0,2.608,2.609,2.61,2.611,2.612,0.0,0.0,0.0,0.0,0.0,1756000.0,3170800.0,4849100.0,1364300.0,1138100.0,0.0,0.0,0.0,0.0,0.0,1610700.0,2947000.0,6624800.0,2037000.0,3313500.0,0.0,0.0,0.0,0.0,0.0
20230901094100052,SSE,SSE.ETF.510050,2.607,2.601,2.612,2.6,0.0,2.849,2.331,115413864.0,178900.0,301008314.0,466450.0,0.0,0.0,20230901,20230901,94100052,2.59,0.0,0.0,2.607,2.606,2.605,2.604,2.603,0.0,0.0,0.0,0.0,0.0,2.608,2.609,2.61,2.611,2.612,0.0,0.0,0.0,0.0,0.0,479500.0,2307100.0,4799100.0,2954300.0,1125400.0,0.0,0.0,0.0,0.0,0.0,1564400.0,3247000.0,6639800.0,2187000.0,3146100.0,0.0,0.0,0.0,0.0,0.0
20230901094103036,SSE,SSE.ETF.510050,2.606,2.601,2.612,2.6,0.0,2.849,2.331,115489664.0,75800.0,301205849.0,197535.0,0.0,0.0,20230901,20230901,94103035,2.59,0.0,0.0,2.606,2.605,2.604,2.603,2.602,0.0,0.0,0.0,0.0,0.0,2.607,2.608,2.609,2.61,2.611,0.0,0.0,0.0,0.0,0.0,2467600.0,4209100.0,3934300.0,1225400.0,828900.0,0.0,0.0,0.0,0.0,0.0,233900.0,1826400.0,4971000.0,5234000.0,1732000.0,0.0,0.0,0.0,0.0,0.0
20230901094106032,SSE,SSE.ETF.510050,2.606,2.601,2.612,2.6,0.0,2.849,2.331,115544964.0,55300.0,301350000.0,144151.0,0.0,0.0,20230901,20230901,94106032,2.59,0.0,0.0,2.606,2.605,2.604,2.603,2.602,0.0,0.0,0.0,0.0,0.0,2.607,2.608,2.609,2.61,2.611,0.0,0.0,0.0,0.0,0.0,40800.0,3111000.0,3790400.0,1583100.0,1376200.0,0.0,0.0,0.0,0.0,0.0,1346800.0,3861000.0,3876400.0,3479700.0,1429100.0,0.0,0.0,0.0,0.0,0.0
20230901094109040,SSE,SSE.ETF.510050,2.606,2.601,2.612,2.6,0.0,2.849,2.331,115639564.0,94600.0,301596528.0,246528.0,0.0,0.0,20230901,20230901,94109038,2.59,0.0,0.0,2.605,2.604,2.603,2.602,2.601,0.0,0.0,0.0,0.0,0.0,2.606,2.607,2.608,2.609,2.61,0.0,0.0,0.0,0.0,0.0,3066000.0,3298400.0,3828100.0,1299300.0,865200.0,0.0,0.0,0.0,0.0,0.0,685000.0,2244900.0,3656000.0,2742400.0,3581800.0,0.0,0.0,0.0,0.0,0.0
20230901094112048,SSE,SSE.ETF.510050,2.606,2.601,2.612,2.6,0.0,2.849,2.331,115684364.0,44800.0,301713265.0,116737.0,0.0,0.0,20230901,20230901,94112049,2.59,0.0,0.0,2.606,2.605,2.604,2.603,2.602,0.0,0.0,0.0,0.0,0.0,2.607,2.608,2.609,2.61,2.611,0.0,0.0,0.0,0.0,0.0,920000.0,3056800.0,4198300.0,1304200.0,1517000.0,0.0,0.0,0.0,0.0,0.0,1459100.0,3000600.0,4377500.0,4036900.0,1791400.0,0.0,0.0,0.0,0.0,0.0
20230901094115040,SSE,SSE.ETF.510050,2.606,2.601,2.612,2.6,0.0,2.849,2.331,115889464.0,205100.0,302247756.0,534491.0,0.0,0.0,20230901,20230901,94115042,2.59,0.0,0.0,2.606,2.605,2.604,2.603,2.602,0.0,0.0,0.0,0.0,0.0,2.607,2.608,2.609,2.61,2.611,0.0,0.0,0.0,0.0,0.0,2039100.0,4016800.0,4198400.0,1449100.0,1312000.0,0.0,0.0,0.0,0.0,0.0,1381700.0,2615500.0,4379700.0,4215300.0,2053000.0,0.0,0.0,0.0,0.0,0.0
20230901094118040,SSE,SSE.ETF.510050,2.606,2.601,2.612,2.6,0.0,2.849,2.331,115947864.0,58400.0,302399946.0,152190.0,0.0,0.0,20230901,20230901,94118039,2.59,0.0,0.0,2.606,2.605,2.604,2.603,2.602,0.0,0.0,0.0,0.0,0.0,2.607,2.608,2.609,2.61,2.611,0.0,0.0,0.0,0.0,0.0,2880700.0,3416800.0,4489400.0,1441400.0,1099300.0,0.0,0.0,0.0,0.0,0.0,1282800.0,2924200.0,4056700.0,4215300.0,1885900.0,0.0,0.0,0.0,0.0,0.0
20230901094121020,SSE,SSE.ETF.510050,2.606,2.601,2.612,2.6,0.0,2.849,2.331,116011264.0,63400.0,302565166.0,165220.0,0.0,0.0,20230901,20230901,94121021,2.59,0.0,0.0,2.606,2.605,2.604,2.603,2.602,0.0,0.0,0.0,0.0,0.0,2.607,2.608,2.609,2.61,2.611,0.0,0.0,0.0,0.0,0.0,1927300.0,4016800.0,4198400.0,1351400.0,1489300.0,0.0,0.0,0.0,0.0,0.0,1314500.0,2891100.0,4356700.0,4172700.0,1976300.0,0.0,0.0,0.0,0.0,0.0
20230901094124084,SSE,SSE.ETF.510050,2.607,2.601,2.612,2.6,0.0,2.849,2.331,116083264.0,72000.0,302752819.0,187653.0,0.0,0.0,20230901,20230901,94124084,2.59,0.0,0.0,2.606,2.605,2.604,2.603,2.602,0.0,0.0,0.0,0.0,0.0,2.607,2.608,2.609,2.61,2.611,0.0,0.0,0.0,0.0,0.0,748900.0,3160700.0,4508400.0,2953400.0,1389300.0,0.0,0.0,0.0,0.0,0.0,1480500.0,3271000.0,4361700.0,3812700.0,1976300.0,0.0,0.0,0.0,0.0,0.0
20230901094127112,SSE,SSE.ETF.510050,2.606,2.601,2.612,2.6,0.0,2.849,2.331,116148964.0,65700.0,302924035.0,171216.0,0.0,0.0,20230901,20230901,94127110,2.59,0.0,0.0,2.606,2.605,2.604,2.603,2.602,0.0,0.0,0.0,0.0,0.0,2.607,2.608,2.609,2.61,2.611,0.0,0.0,0.0,0.0,0.0,2142200.0,4111200.0,4198400.0,1353400.0,1489300.0,0.0,0.0,0.0,0.0,0.0,1572700.0,3335700.0,4361700.0,4118100.0,1975300.0,0.0,0.0,0.0,0.0,0.0
20230901094130064,SSE,SSE.ETF.510050,2.606,2.601,2.612,2.6,0.0,2.849,2.331,116436864.0,287900.0,303674303.0,750268.0,0.0,0.0,20230901,20230901,94130063,2.59,0.0,0.0,2.606,2.605,2.604,2.603,2.602,0.0,0.0,0.0,0.0,0.0,2.607,2.608,2.609,2.61,2.611,0.0,0.0,0.0,0.0,0.0,575700.0,3211200.0,4208400.0,1962400.0,1189300.0,0.0,0.0,0.0,0.0,0.0,1577700.0,3668300.0,4061700.0,3358100.0,1675300.0,0.0,0.0,0.0,0.0,0.0
20230901094133036,SSE,SSE.ETF.510050,2.606,2.601,2.612,2.6,0.0,2.849,2.331,116942564.0,505700.0,304992167.0,1317864.0,0.0,0.0,20230901,20230901,94133036,2.59,0.0,0.0,2.606,2.605,2.604,2.603,2.602,0.0,0.0,0.0,0.0,0.0,2.607,2.608,2.609,2.61,2.611,0.0,0.0,0.0,0.0,0.0,85000.0,3161200.0,4508400.0,2853400.0,1489300.0,0.0,0.0,0.0,0.0,0.0,1631800.0,3825500.0,4361700.0,3658100.0,1975300.0,0.0,0.0,0.0,0.0,0.0
20230901094136036,SSE,SSE.ETF.510050,2.606,2.601,2.612,2.6,0.0,2.849,2.331,117296964.0,354400.0,305915733.0,923566.0,0.0,0.0,20230901,20230901,94136036,2.59,0.0,0.0,2.605,2.604,2.603,2.602,2.601,0.0,0.0,0.0,0.0,0.0,2.607,2.608,2.609,2.61,2.611,0.0,0.0,0.0,0.0,0.0,3161200.0,4508400.0,2433400.0,1489300.0,860200.0,0.0,0.0,0.0,0.0,0.0,1794200.0,3470100.0,4362400.0,3738100.0,1886300.0,0.0,0.0,0.0,0.0,0.0
20230901094139024,SSE,SSE.ETF.510050,2.606,2.601,2.612,2.6,0.0,2.849,2.331,117538264.0,241300.0,306544561.0,628828.0,0.0,0.0,20230901,20230901,94139022,2.59,0.0,0.0,2.606,2.605,2.604,2.603,2.602,0.0,0.0,0.0,0.0,0.0,2.607,2.608,2.609,2.61,2.611,0.0,0.0,0.0,0.0,0.0,268600.0,3211200.0,4420400.0,2825400.0,1412000.0,0.0,0.0,0.0,0.0,0.0,2008200.0,3770100.0,4274400.0,3680100.0,1964600.0,0.0,0.0,0.0,0.0,0.0
20230901094142048,SSE,SSE.ETF.510050,2.606,2.601,2.612,2.6,0.0,2.849,2.331,117615464.0,77200.0,306745744.0,201183.0,0.0,0.0,20230901,20230901,94142049,2.59,0.0,0.0,2.606,2.605,2.604,2.603,2.602,0.0,0.0,0.0,0.0,0.0,2.607,2.608,2.609,2.61,2.611,0.0,0.0,0.0,0.0,0.0,161700.0,3211200.0,4208400.0,2703400.0,1207300.0,0.0,0.0,0.0,0.0,0.0,2008200.0,3721200.0,4064700.0,3474500.0,1887300.0,0.0,0.0,0.0,0.0,0.0
20230901094145032,SSE,SSE.ETF.510050,2.606,2.601,2.612,2.6,0.0,2.849,2.331,117798864.0,183400.0,307223689.0,477945.0,0.0,0.0,20230901,20230901,94145033,2.59,0.0,0.0,2.605,2.604,2.603,2.602,2.601,0.0,0.0,0.0,0.0,0.0,2.606,2.607,2.608,2.609,2.61,0.0,0.0,0.0,0.0,0.0,3211200.0,4208400.0,2133400.0,1207300.0,1031200.0,0.0,0.0,0.0,0.0,0.0,117000.0,2021900.0,3515700.0,4034700.0,3474500.0,0.0,0.0,0.0,0.0,0.0
20230901094148040,SSE,SSE.ETF.510050,2.606,2.601,2.612,2.6,0.0,2.849,2.331,118006064.0,207200.0,307763615.0,539926.0,0.0,0.0,20230901,20230901,94148042,2.59,0.0,0.0,2.605,2.604,2.603,2.602,2.601,0.0,0.0,0.0,0.0,0.0,2.606,2.607,2.608,2.609,2.61,0.0,0.0,0.0,0.0,0.0,3073200.0,4508300.0,2748500.0,1625000.0,1198500.0,0.0,0.0,0.0,0.0,0.0,17600.0,2112900.0,3498800.0,4329600.0,3859500.0,0.0,0.0,0.0,0.0,0.0
20230901094151076,SSE,SSE.ETF.510050,2.605,2.601,2.612,2.6,0.0,2.849,2.331,118086864.0,80800.0,307974167.0,210552.0,0.0,0.0,20230901,20230901,94151076,2.59,0.0,0.0,2.605,2.604,2.603,2.602,2.601,0.0,0.0,0.0,0.0,0.0,2.606,2.607,2.608,2.609,2.61,0.0,0.0,0.0,0.0,0.0,3029800.0,4508300.0,2748500.0,1600000.0,1198500.0,0.0,0.0,0.0,0.0,0.0,38800.0,2033900.0,3604800.0,2827200.0,3869500.0,0.0,0.0,0.0,0.0,0.0
20230901094154032,SSE,SSE.ETF.510050,2.605,2.601,2.612,2.6,0.0,2.849,2.331,118248164.0,161300.0,308394355.0,420188.0,0.0,0.0,20230901,20230901,94154034,2.59,0.0,0.0,2.605,2.604,2.603,2.602,2.601,0.0,0.0,0.0,0.0,0.0,2.606,2.607,2.608,2.609,2.61,0.0,0.0,0.0,0.0,0.0,2874700.0,4423300.0,2660500.0,1510000.0,1290500.0,0.0,0.0,0.0,0.0,0.0,119700.0,2064800.0,3304800.0,3939200.0,3273500.0,0.0,0.0,0.0,0.0,0.0
20230901094157064,SSE,SSE.ETF.510050,2.606,2.601,2.612,2.6,0.0,2.849,2.331,118439164.0,191000.0,308892021.0,497666.0,0.0,0.0,20230901,20230901,94157065,2.59,0.0,0.0,2.605,2.604,2.603,2.602,2.601,0.0,0.0,0.0,0.0,0.0,2.606,2.607,2.608,2.609,2.61,0.0,0.0,0.0,0.0,0.0,2796500.0,4443300.0,2748500.0,1692700.0,1200500.0,0.0,0.0,0.0,0.0,0.0,14400.0,2083700.0,3393800.0,4627200.0,3498000.0,0.0,0.0,0.0,0.0,0.0
20230901094200048,SSE,SSE.ETF.510050,2.606,2.601,2.612,2.6,0.0,2.849,2.331,118559764.0,120600.0,309206264.0,314243.0,0.0,0.0,20230901,20230901,94200050,2.59,0.0,0.0,2.606,2.605,2.604,2.603,2.602,0.0,0.0,0.0,0.0,0.0,2.607,2.608,2.609,2.61,2.611,0.0,0.0,0.0,0.0,0.0,30000.0,2777400.0,4775000.0,1068500.0,1697700.0,0.0,0.0,0.0,0.0,0.0,1833600.0,3558100.0,4657700.0,3458000.0,1871400.0,0.0,0.0,0.0,0.0,0.0
20230901094203028,SSE,SSE.ETF.510050,2.606,2.601,2.612,2.6,0.0,2.849,2.331,119633564.0,1073800.0,312005587.0,2799323.0,0.0,0.0,20230901,20230901,94203028,2.59,0.0,0.0,2.606,2.605,2.604,2.603,2.602,0.0,0.0,0.0,0.0,0.0,2.607,2.608,2.609,2.61,2.611,0.0,0.0,0.0,0.0,0.0,1713800.0,3750400.0,4625100.0,1353400.0,1490000.0,0.0,0.0,0.0,0.0,0.0,967000.0,3458000.0,4654000.0,3601000.0,1799100.0,0.0,0.0,0.0,0.0,0.0
20230901094206040,SSE,SSE.ETF.510050,2.607,2.601,2.612,2.6,0.0,2.849,2.331,120330464.0,696900.0,313822180.0,1816593.0,0.0,0.0,20230901,20230901,94206041,2.59,0.0,0.0,2.606,2.605,2.604,2.603,2.602,0.0,0.0,0.0,0.0,0.0,2.607,2.608,2.609,2.61,2.611,0.0,0.0,0.0,0.0,0.0,1189300.0,3443500.0,4925100.0,1503400.0,1580000.0,0.0,0.0,0.0,0.0,0.0,660100.0,3740300.0,4657900.0,3361100.0,1889100.0,0.0,0.0,0.0,0.0,0.0
20230901094209036,SSE,SSE.ETF.510050,2.606,2.601,2.612,2.6,0.0,2.849,2.331,120483264.0,152800.0,314220376.0,398196.0,0.0,0.0,20230901,20230901,94209036,2.59,0.0,0.0,2.605,2.604,2.603,2.602,2.601,0.0,0.0,0.0,0.0,0.0,2.606,2.607,2.608,2.609,2.61,0.0,0.0,0.0,0.0,0.0,3386200.0,4925100.0,3033400.0,1414700.0,1130500.0,0.0,0.0,0.0,0.0,0.0,9000.0,807800.0,3986200.0,4539900.0,3448200.0,0.0,0.0,0.0,0.0,0.0
20230901094212036,SSE,SSE.ETF.510050,2.606,2.601,2.612,2.6,0.0,2.849,2.331,120711164.0,227900.0,314814387.0,594011.0,0.0,0.0,20230901,20230901,94212037,2.59,0.0,0.0,2.606,2.605,2.604,2.603,2.602,0.0,0.0,0.0,0.0,0.0,2.607,2.608,2.609,2.61,2.611,0.0,0.0,0.0,0.0,0.0,1193800.0,3388200.0,5225000.0,1306500.0,1609700.0,0.0,0.0,0.0,0.0,0.0,771800.0,3585400.0,4569800.0,3532000.0,1871400.0,0.0,0.0,0.0,0.0,0.0
