time,exchg,code,price,open,high,low,settle_price,upper_limit,lower_limit,total_volume,volume,total_turnover,turnover,open_interest,diff_interest,trading_date,action_date,action_time,pre_close,pre_settle,pre_interest,bid_price_0,bid_price_1,bid_price_2,bid_price_3,bid_price_4,bid_price_5,bid_price_6,bid_price_7,bid_price_8,bid_price_9,ask_price_0,ask_price_1,ask_price_2,ask_price_3,ask_price_4,ask_price_5,ask_price_6,ask_price_7,ask_price_8,ask_price_9,bid_qty_0,bid_qty_1,bid_qty_2,bid_qty_3,bid_qty_4,bid_qty_5,bid_qty_6,bid_qty_7,bid_qty_8,bid_qty_9,ask_qty_0,ask_qty_1,ask_qty_2,ask_qty_3,ask_qty_4,ask_qty_5,ask_qty_6,ask_qty_7,ask_qty_8,ask_qty_9
20230904092959716,SSE,SSE.ETF.510050,2.632,2.633,2.634,2.632,0.0,2.871,2.349,10163000.0,10163000.0,26758597.0,26758597.0,0.0,0.0,20230904,20230904,92959716,2.61,0.0,0.0,2.632,2.631,2.63,2.629,2.628,0.0,0.0,0.0,0.0,0.0,2.633,2.634,2.635,2.636,2.637,0.0,0.0,0.0,0.0,0.0,346100.0,411000.0,1586000.0,80000.0,654200.0,0.0,0.0,0.0,0.0,0.0,475400.0,278400.0,749300.0,384000.0,150600.0,0.0,0.0,0.0,0.0,0.0
20230904093002788,SSE,SSE.ETF.510050,2.633,2.633,2.635,2.632,0.0,2.871,2.349,14070200.0,3907200.0,37047453.0,10288856.0,0.0,0.0,20230904,20230904,93002789,2.61,0.0,0.0,2.633,2.632,2.631,2.63,2.629,0.0,0.0,0.0,0.0,0.0,2.634,2.635,2.636,2.637,2.638,0.0,0.0,0.0,0.0,0.0,55700.0,900000.0,428500.0,674500.0,80500.0,0.0,0.0,0.0,0.0,0.0,376800.0,1245700.0,2033500.0,443200.0,1657200.0,0.0,0.0,0.0,0.0,0.0
20230904093005736,SSE,SSE.ETF.510050,2.633,2.633,2.635,2.632,0.0,2.871,2.349,15390100.0,1319900.0,40522169.0,3474716.0,0.0,0.0,20230904,20230904,93005735,2.61,0.0,0.0,2.632,2.631,2.63,2.629,2.628,0.0,0.0,0.0,0.0,0.0,2.633,2.634,2.635,2.636,2.637,0.0,0.0,0.0,0.0,0.0,156600.0,429300.0,1040000.0,390800.0,671000.0,0.0,0.0,0.0,0.0,0.0,1050600.0,614700.0,1476800.0,2439500.0,846200.0,0.0,0.0,0.0,0.0,0.0
20230904093007592,SSE,SSE.ETF.510050,2.633,2.633,2.635,2.632,0.0,2.871,2.349,15390100.0,1319900.0,40522169.0,3474716.0,0.0,0.0,20230904,20230904,93007590,2.61,0.0,0.0,2.632,2.631,2.63,2.629,2.628,0.0,0.0,0.0,0.0,0.0,2.633,2.634,2.635,2.636,2.637,0.0,0.0,0.0,0.0,0.0,156600.0,429300.0,1040000.0,390800.0,671000.0,0.0,0.0,0.0,0.0,0.0,1050600.0,614700.0,1476800.0,2439500.0,846200.0,0.0,0.0,0.0,0.0,0.0
20230904093008744,SSE,SSE.ETF.510050,2.631,2.633,2.635,2.631,0.0,2.871,2.349,16138900.0,748800.0,42493331.0,1971162.0,0.0,0.0,20230904,20230904,93008743,2.61,0.0,0.0,2.631,2.63,2.629,2.628,2.627,0.0,0.0,0.0,0.0,0.0,2.632,2.633,2.634,2.635,2.636,0.0,0.0,0.0,0.0,0.0,693300.0,1450000.0,80800.0,362800.0,334700.0,0.0,0.0,0.0,0.0,0.0,144200.0,1891100.0,1665700.0,2304500.0,2626800.0,0.0,0.0,0.0,0.0,0.0
20230904093010580,SSE,SSE.ETF.510050,2.631,2.633,2.635,2.631,0.0,2.871,2.349,16138900.0,748800.0,42493331.0,1971162.0,0.0,0.0,20230904,20230904,93010580,2.61,0.0,0.0,2.631,2.63,2.629,2.628,2.627,0.0,0.0,0.0,0.0,0.0,2.632,2.633,2.634,2.635,2.636,0.0,0.0,0.0,0.0,0.0,693300.0,1450000.0,80800.0,362800.0,334700.0,0.0,0.0,0.0,0.0,0.0,144200.0,1891100.0,1665700.0,2304500.0,2626800.0,0.0,0.0,0.0,0.0,0.0
20230904093011728,SSE,SSE.ETF.510050,2.631,2.633,2.635,2.631,0.0,2.871,2.349,18023100.0,1884200.0,47454009.0,4960678.0,0.0,0.0,20230904,20230904,93011728,2.61,0.0,0.0,2.631,2.63,2.629,2.628,2.627,0.0,0.0,0.0,0.0,0.0,2.632,2.633,2.634,2.635,2.636,0.0,0.0,0.0,0.0,0.0,340600.0,1140000.0,80800.0,362800.0,630700.0,0.0,0.0,0.0,0.0,0.0,700.0,455900.0,1912800.0,2194400.0,2633500.0,0.0,0.0,0.0,0.0,0.0
20230904093014772,SSE,SSE.ETF.510050,2.632,2.633,2.635,2.631,0.0,2.871,2.349,18867000.0,843900.0,49674832.0,2220823.0,0.0,0.0,20230904,20230904,93014771,2.61,0.0,0.0,2.631,2.63,2.629,2.628,2.627,0.0,0.0,0.0,0.0,0.0,2.633,2.634,2.635,2.636,2.637,0.0,0.0,0.0,0.0,0.0,308700.0,2300000.0,1271800.0,1553800.0,632700.0,0.0,0.0,0.0,0.0,0.0,1506100.0,3915600.0,4656300.0,1614100.0,1061300.0,0.0,0.0,0.0,0.0,0.0
20230904093017712,SSE,SSE.ETF.510050,2.63,2.633,2.635,2.63,0.0,2.871,2.349,19119700.0,252700.0,50339749.0,664917.0,0.0,0.0,20230904,20230904,93017713,2.61,0.0,0.0,2.63,2.629,2.628,2.627,2.626,0.0,0.0,0.0,0.0,0.0,2.631,2.632,2.633,2.634,2.635,0.0,0.0,0.0,0.0,0.0,2844100.0,2181800.0,654000.0,632700.0,813500.0,0.0,0.0,0.0,0.0,0.0,100.0,1147200.0,2297800.0,5459100.0,4421200.0,0.0,0.0,0.0,0.0,0.0
20230904093020732,SSE,SSE.ETF.510050,2.631,2.633,2.635,2.63,0.0,2.871,2.349,19680700.0,561000.0,51816004.0,1476255.0,0.0,0.0,20230904,20230904,93020733,2.61,0.0,0.0,2.63,2.629,2.628,2.627,2.626,0.0,0.0,0.0,0.0,0.0,2.631,2.632,2.633,2.634,2.635,0.0,0.0,0.0,0.0,0.0,2512600.0,2181800.0,964100.0,632700.0,1033500.0,0.0,0.0,0.0,0.0,0.0,80100.0,1288500.0,2698400.0,5355200.0,3660900.0,0.0,0.0,0.0,0.0,0.0
20230904093023728,SSE,SSE.ETF.510050,2.63,2.633,2.635,2.63,0.0,2.871,2.349,21150700.0,1470000.0,55683425.0,3867421.0,0.0,0.0,20230904,20230904,93023729,2.61,0.0,0.0,2.63,2.629,2.628,2.627,2.626,0.0,0.0,0.0,0.0,0.0,2.631,2.632,2.633,2.634,2.635,0.0,0.0,0.0,0.0,0.0,2084100.0,2121900.0,2154100.0,632700.0,1033500.0,0.0,0.0,0.0,0.0,0.0,1074300.0,420700.0,3652200.0,5668200.0,4880400.0,0.0,0.0,0.0,0.0,0.0
20230904093026728,SSE,SSE.ETF.510050,2.631,2.633,2.635,2.63,0.0,2.871,2.349,22944900.0,1794200.0,60403824.0,4720399.0,0.0,0.0,20230904,20230904,93026730,2.61,0.0,0.0,2.631,2.63,2.629,2.628,2.627,0.0,0.0,0.0,0.0,0.0,2.632,2.633,2.634,2.635,2.636,0.0,0.0,0.0,0.0,0.0,758900.0,1390300.0,3041900.0,2157100.0,832700.0,0.0,0.0,0.0,0.0,0.0,390000.0,3653200.0,5552800.0,4906700.0,1719800.0,0.0,0.0,0.0,0.0,0.0
20230904093029724,SSE,SSE.ETF.510050,2.631,2.633,2.635,2.63,0.0,2.871,2.349,23629500.0,684600.0,62205371.0,1801547.0,0.0,0.0,20230904,20230904,93029723,2.61,0.0,0.0,2.631,2.63,2.629,2.628,2.627,0.0,0.0,0.0,0.0,0.0,2.632,2.633,2.634,2.635,2.636,0.0,0.0,0.0,0.0,0.0,2688500.0,2290300.0,1189900.0,636200.0,832700.0,0.0,0.0,0.0,0.0,0.0,540900.0,3702800.0,4666900.0,4305700.0,1719800.0,0.0,0.0,0.0,0.0,0.0
20230904093032744,SSE,SSE.ETF.510050,2.632,2.633,2.635,2.63,0.0,2.871,2.349,25452900.0,1823400.0,67005323.0,4799952.0,0.0,0.0,20230904,20230904,93032746,2.61,0.0,0.0,2.632,2.631,2.63,2.629,2.628,0.0,0.0,0.0,0.0,0.0,2.633,2.634,2.635,2.636,2.637,0.0,0.0,0.0,0.0,0.0,475500.0,1760000.0,2887000.0,1779900.0,860200.0,0.0,0.0,0.0,0.0,0.0,721500.0,2864900.0,5488900.0,3238800.0,1109600.0,0.0,0.0,0.0,0.0,0.0
20230904093035788,SSE,SSE.ETF.510050,2.633,2.633,2.635,2.63,0.0,2.871,2.349,26590100.0,1137200.0,69999357.0,2994034.0,0.0,0.0,20230904,20230904,93035787,2.61,0.0,0.0,2.633,2.632,2.631,2.63,2.629,0.0,0.0,0.0,0.0,0.0,2.634,2.635,2.636,2.637,2.638,0.0,0.0,0.0,0.0,0.0,1524900.0,155500.0,2358500.0,3205000.0,1779900.0,0.0,0.0,0.0,0.0,0.0,4069900.0,6083900.0,2927300.0,818600.0,2125500.0,0.0,0.0,0.0,0.0,0.0
20230904093038756,SSE,SSE.ETF.510050,2.633,2.633,2.635,2.63,0.0,2.871,2.349,28128200.0,1538100.0,74049488.0,4050131.0,0.0,0.0,20230904,20230904,93038757,2.61,0.0,0.0,2.632,2.631,2.63,2.629,2.628,0.0,0.0,0.0,0.0,0.0,2.633,2.634,2.635,2.636,2.637,0.0,0.0,0.0,0.0,0.0,1060000.0,1454000.0,3205000.0,331900.0,440200.0,0.0,0.0,0.0,0.0,0.0,40200.0,4622600.0,5160100.0,2927300.0,1109600.0,0.0,0.0,0.0,0.0,0.0
20230904093041728,SSE,SSE.ETF.510050,2.633,2.633,2.635,2.63,0.0,2.871,2.349,28468400.0,340200.0,74945273.0,895785.0,0.0,0.0,20230904,20230904,93041726,2.61,0.0,0.0,2.632,2.631,2.63,2.629,2.628,0.0,0.0,0.0,0.0,0.0,2.633,2.634,2.635,2.636,2.637,0.0,0.0,0.0,0.0,0.0,987100.0,1163000.0,3209100.0,331900.0,440200.0,0.0,0.0,0.0,0.0,0.0,167600.0,4535700.0,5421100.0,2929300.0,1110100.0,0.0,0.0,0.0,0.0,0.0
20230904093044772,SSE,SSE.ETF.510050,2.633,2.633,2.635,2.63,0.0,2.871,2.349,31396317.0,2927917.0,82655223.0,7709950.0,0.0,0.0,20230904,20230904,93044773,2.61,0.0,0.0,2.633,2.632,2.631,2.63,2.629,0.0,0.0,0.0,0.0,0.0,2.634,2.635,2.636,2.637,2.638,0.0,0.0,0.0,0.0,0.0,284900.0,2563283.0,2354000.0,2917700.0,331900.0,0.0,0.0,0.0,0.0,0.0,2940800.0,5087700.0,3215300.0,1133100.0,2171900.0,0.0,0.0,0.0,0.0,0.0
20230904093047796,SSE,SSE.ETF.510050,2.633,2.633,2.635,2.63,0.0,2.871,2.349,32993417.0,1597100.0,86861246.0,4206023.0,0.0,0.0,20230904,20230904,93047795,2.61,0.0,0.0,2.633,2.632,2.631,2.63,2.629,0.0,0.0,0.0,0.0,0.0,2.634,2.635,2.636,2.637,2.638,0.0,0.0,0.0,0.0,0.0,1490800.0,2564683.0,2518300.0,2519700.0,487200.0,0.0,0.0,0.0,0.0,0.0,2110500.0,5248000.0,3215300.0,1283100.0,2329400.0,0.0,0.0,0.0,0.0,0.0
20230904093050744,SSE,SSE.ETF.510050,2.632,2.633,2.635,2.63,0.0,2.871,2.349,34578417.0,1585000.0,91035397.0,4174151.0,0.0,0.0,20230904,20230904,93050743,2.61,0.0,0.0,2.632,2.631,2.63,2.629,2.628,0.0,0.0,0.0,0.0,0.0,2.633,2.634,2.635,2.636,2.637,0.0,0.0,0.0,0.0,0.0,863183.0,2013900.0,2530700.0,1387200.0,785100.0,0.0,0.0,0.0,0.0,0.0,469900.0,811000.0,5740600.0,3351300.0,1300200.0,0.0,0.0,0.0,0.0,0.0
20230904093053784,SSE,SSE.ETF.510050,2.633,2.633,2.635,2.63,0.0,2.871,2.349,35888900.0,1310483.0,94484997.0,3449600.0,0.0,0.0,20230904,20230904,93053785,2.61,0.0,0.0,2.631,2.63,2.629,2.628,2.627,0.0,0.0,0.0,0.0,0.0,2.632,2.633,2.634,2.635,2.636,0.0,0.0,0.0,0.0,0.0,926400.0,787700.0,2777100.0,2085100.0,785700.0,0.0,0.0,0.0,0.0,0.0,10000.0,880800.0,910100.0,5924600.0,1850300.0,0.0,0.0,0.0,0.0,0.0
20230904093056768,SSE,SSE.ETF.510050,2.631,2.633,2.635,2.63,0.0,2.871,2.349,37612700.0,1723800.0,99023791.0,4538794.0,0.0,0.0,20230904,20230904,93056769,2.61,0.0,0.0,2.631,2.63,2.629,2.628,2.627,0.0,0.0,0.0,0.0,0.0,2.632,2.633,2.634,2.635,2.636,0.0,0.0,0.0,0.0,0.0,959700.0,1081600.0,2317100.0,1485100.0,785700.0,0.0,0.0,0.0,0.0,0.0,35000.0,1013100.0,2875700.0,5932800.0,1850300.0,0.0,0.0,0.0,0.0,0.0
20230904093059732,SSE,SSE.ETF.510050,2.631,2.633,2.635,2.63,0.0,2.871,2.349,37874900.0,262200.0,99713657.0,689866.0,0.0,0.0,20230904,20230904,93059731,2.61,0.0,0.0,2.631,2.63,2.629,2.628,2.627,0.0,0.0,0.0,0.0,0.0,2.632,2.633,2.634,2.635,2.636,0.0,0.0,0.0,0.0,0.0,1046600.0,2380200.0,2317300.0,2092000.0,785700.0,0.0,0.0,0.0,0.0,0.0,1161300.0,2903900.0,2731100.0,4732800.0,1860700.0,0.0,0.0,0.0,0.0,0.0
20230904093102736,SSE,SSE.ETF.510050,2.631,2.633,2.635,2.63,0.0,2.871,2.349,38440600.0,565700.0,101202536.0,1488879.0,0.0,0.0,20230904,20230904,93102735,2.61,0.0,0.0,2.631,2.63,2.629,2.628,2.627,0.0,0.0,0.0,0.0,0.0,2.632,2.633,2.634,2.635,2.636,0.0,0.0,0.0,0.0,0.0,1759500.0,3298700.0,1858300.0,592000.0,785700.0,0.0,0.0,0.0,0.0,0.0,12200.0,1400500.0,3188800.0,5948800.0,1880700.0,0.0,0.0,0.0,0.0,0.0
20230904093105792,SSE,SSE.ETF.510050,2.632,2.633,2.635,2.63,0.0,2.871,2.349,38848100.0,407500.0,102275042.0,1072506.0,0.0,0.0,20230904,20230904,93105792,2.61,0.0,0.0,2.632,2.631,2.63,2.629,2.628,0.0,0.0,0.0,0.0,0.0,2.633,2.634,2.635,2.636,2.637,0.0,0.0,0.0,0.0,0.0,1178200.0,3526000.0,3418300.0,1858300.0,592000.0,0.0,0.0,0.0,0.0,0.0,920800.0,484800.0,6053300.0,3437100.0,1291400.0,0.0,0.0,0.0,0.0,0.0
20230904093108720,SSE,SSE.ETF.510050,2.632,2.633,2.635,2.63,0.0,2.871,2.349,40648300.0,1800200.0,107014381.0,4739339.0,0.0,0.0,20230904,20230904,93108722,2.61,0.0,0.0,2.632,2.631,2.63,2.629,2.628,0.0,0.0,0.0,0.0,0.0,2.633,2.634,2.635,2.636,2.637,0.0,0.0,0.0,0.0,0.0,2777300.0,2874200.0,3728400.0,487400.0,442000.0,0.0,0.0,0.0,0.0,0.0,58300.0,826100.0,6107800.0,2984400.0,1295400.0,0.0,0.0,0.0,0.0,0.0
20230904093111720,SSE,SSE.ETF.510050,2.632,2.633,2.635,2.63,0.0,2.871,2.349,40871600.0,223300.0,107602156.0,587775.0,0.0,0.0,20230904,20230904,93111722,2.61,0.0,0.0,2.632,2.631,2.63,2.629,2.628,0.0,0.0,0.0,0.0,0.0,2.633,2.634,2.635,2.636,2.637,0.0,0.0,0.0,0.0,0.0,2912800.0,3165200.0,3426400.0,487400.0,662200.0,0.0,0.0,0.0,0.0,0.0,116100.0,550700.0,5220300.0,4179000.0,1300200.0,0.0,0.0,0.0,0.0,0.0
20230904093114736,SSE,SSE.ETF.510050,2.632,2.633,2.635,2.63,0.0,2.871,2.349,41505800.0,634200.0,109271378.0,1669222.0,0.0,0.0,20230904,20230904,93114738,2.61,0.0,0.0,2.632,2.631,2.63,2.629,2.628,0.0,0.0,0.0,0.0,0.0,2.633,2.634,2.635,2.636,2.637,0.0,0.0,0.0,0.0,0.0,1094900.0,3318100.0,3426400.0,487400.0,592200.0,0.0,0.0,0.0,0.0,0.0,661800.0,1603400.0,6411000.0,3425400.0,1300200.0,0.0,0.0,0.0,0.0,0.0
20230904093117736,SSE,SSE.ETF.510050,2.632,2.633,2.635,2.63,0.0,2.871,2.349,41853200.0,347400.0,110185742.0,914364.0,0.0,0.0,20230904,20230904,93117738,2.61,0.0,0.0,2.632,2.631,2.63,2.629,2.628,0.0,0.0,0.0,0.0,0.0,2.633,2.634,2.635,2.636,2.637,0.0,0.0,0.0,0.0,0.0,159500.0,621000.0,5245800.0,2297400.0,595100.0,0.0,0.0,0.0,0.0,0.0,2291000.0,3532800.0,5581000.0,1898600.0,1289200.0,0.0,0.0,0.0,0.0,0.0
20230904093120720,SSE,SSE.ETF.510050,2.631,2.633,2.635,2.63,0.0,2.871,2.349,42042100.0,188900.0,110682906.0,497164.0,0.0,0.0,20230904,20230904,93120722,2.61,0.0,0.0,2.631,2.63,2.629,2.628,2.627,0.0,0.0,0.0,0.0,0.0,2.632,2.633,2.634,2.635,2.636,0.0,0.0,0.0,0.0,0.0,600800.0,5095800.0,2297400.0,595100.0,785700.0,0.0,0.0,0.0,0.0,0.0,331700.0,2743600.0,3537800.0,6021000.0,1906900.0,0.0,0.0,0.0,0.0,0.0
20230904093123720,SSE,SSE.ETF.510050,2.63,2.633,2.635,2.63,0.0,2.871,2.349,42054700.0,12600.0,110716060.0,33154.0,0.0,0.0,20230904,20230904,93123722,2.61,0.0,0.0,2.63,2.629,2.628,2.627,2.626,0.0,0.0,0.0,0.0,0.0,2.631,2.632,2.633,2.634,2.635,0.0,0.0,0.0,0.0,0.0,596200.0,1546400.0,3014100.0,1995700.0,966200.0,0.0,0.0,0.0,0.0,0.0,354600.0,3187500.0,3020900.0,2795800.0,4582000.0,0.0,0.0,0.0,0.0,0.0
20230904093126720,SSE,SSE.ETF.510050,2.63,2.633,2.635,2.63,0.0,2.871,2.349,42306000.0,251300.0,111377035.0,660975.0,0.0,0.0,20230904,20230904,93126722,2.61,0.0,0.0,2.63,2.629,2.628,2.627,2.626,0.0,0.0,0.0,0.0,0.0,2.631,2.632,2.633,2.634,2.635,0.0,0.0,0.0,0.0,0.0,401000.0,1546400.0,3014100.0,2597700.0,966200.0,0.0,0.0,0.0,0.0,0.0,2580600.0,3890500.0,2737100.0,1375300.0,4564900.0,0.0,0.0,0.0,0.0,0.0
20230904093129736,SSE,SSE.ETF.510050,2.63,2.633,2.635,2.63,0.0,2.871,2.349,42714600.0,408600.0,112451658.0,1074623.0,0.0,0.0,20230904,20230904,93129738,2.61,0.0,0.0,2.629,2.628,2.627,2.626,2.625,0.0,0.0,0.0,0.0,0.0,2.63,2.631,2.632,2.633,2.634,0.0,0.0,0.0,0.0,0.0,646400.0,3765100.0,2597700.0,968200.0,1091400.0,0.0,0.0,0.0,0.0,0.0,319100.0,2466700.0,3595900.0,2846000.0,1294800.0,0.0,0.0,0.0,0.0,0.0
20230904093132720,SSE,SSE.ETF.510050,2.629,2.633,2.635,2.629,0.0,2.871,2.349,43042600.0,328000.0,113314271.0,862613.0,0.0,0.0,20230904,20230904,93132722,2.61,0.0,0.0,2.629,2.628,2.627,2.626,2.625,0.0,0.0,0.0,0.0,0.0,2.63,2.631,2.632,2.633,2.634,0.0,0.0,0.0,0.0,0.0,619300.0,3765100.0,2597700.0,967200.0,1091400.0,0.0,0.0,0.0,0.0,0.0,470800.0,2670800.0,3620200.0,2405500.0,1316800.0,0.0,0.0,0.0,0.0,0.0
20230904093135744,SSE,SSE.ETF.510050,2.629,2.633,2.635,2.629,0.0,2.871,2.349,43742700.0,700100.0,115155146.0,1840875.0,0.0,0.0,20230904,20230904,93135746,2.61,0.0,0.0,2.629,2.628,2.627,2.626,2.625,0.0,0.0,0.0,0.0,0.0,2.63,2.631,2.632,2.633,2.634,0.0,0.0,0.0,0.0,0.0,232100.0,3765100.0,2597700.0,967200.0,1091400.0,0.0,0.0,0.0,0.0,0.0,1124600.0,2996100.0,3642000.0,2407500.0,1505300.0,0.0,0.0,0.0,0.0,0.0
20230904093138784,SSE,SSE.ETF.510050,2.628,2.633,2.635,2.628,0.0,2.871,2.349,43880800.0,138100.0,115518212.0,363066.0,0.0,0.0,20230904,20230904,93138782,2.61,0.0,0.0,2.628,2.627,2.626,2.625,2.624,0.0,0.0,0.0,0.0,0.0,2.629,2.63,2.631,2.632,2.633,0.0,0.0,0.0,0.0,0.0,2437000.0,2597700.0,2557200.0,1091400.0,788800.0,0.0,0.0,0.0,0.0,0.0,527600.0,2759900.0,2976300.0,3428100.0,1178500.0,0.0,0.0,0.0,0.0,0.0
20230904093141720,SSE,SSE.ETF.510050,2.629,2.633,2.635,2.628,0.0,2.871,2.349,44203100.0,322300.0,116365539.0,847327.0,0.0,0.0,20230904,20230904,93141722,2.61,0.0,0.0,2.628,2.627,2.626,2.625,2.624,0.0,0.0,0.0,0.0,0.0,2.629,2.63,2.631,2.632,2.633,0.0,0.0,0.0,0.0,0.0,1280300.0,3216700.0,2867200.0,1091400.0,938800.0,0.0,0.0,0.0,0.0,0.0,1042800.0,3378700.0,2887800.0,2399200.0,1257400.0,0.0,0.0,0.0,0.0,0.0
20230904093144736,SSE,SSE.ETF.510050,2.628,2.633,2.635,2.628,0.0,2.871,2.349,45162100.0,959000.0,118886392.0,2520853.0,0.0,0.0,20230904,20230904,93144737,2.61,0.0,0.0,2.628,2.627,2.626,2.625,2.624,0.0,0.0,0.0,0.0,0.0,2.629,2.63,2.631,2.632,2.633,0.0,0.0,0.0,0.0,0.0,22300.0,4116700.0,2868200.0,1098500.0,568800.0,0.0,0.0,0.0,0.0,0.0,938800.0,2618900.0,2916900.0,2051100.0,1285200.0,0.0,0.0,0.0,0.0,0.0
20230904093147720,SSE,SSE.ETF.510050,2.627,2.633,2.635,2.627,0.0,2.871,2.349,45361900.0,199800.0,119411291.0,524899.0,0.0,0.0,20230904,20230904,93147722,2.61,0.0,0.0,2.627,2.626,2.625,2.624,2.623,0.0,0.0,0.0,0.0,0.0,2.628,2.629,2.63,2.631,2.632,0.0,0.0,0.0,0.0,0.0,331500.0,4137200.0,2995500.0,718800.0,698100.0,0.0,0.0,0.0,0.0,0.0,1055600.0,3340300.0,3522200.0,2003300.0,946000.0,0.0,0.0,0.0,0.0,0.0
20230904093150752,SSE,SSE.ETF.510050,2.627,2.633,2.635,2.627,0.0,2.871,2.349,45595000.0,233100.0,120023663.0,612372.0,0.0,0.0,20230904,20230904,93150753,2.61,0.0,0.0,2.627,2.626,2.625,2.624,2.623,0.0,0.0,0.0,0.0,0.0,2.628,2.629,2.63,2.631,2.632,0.0,0.0,0.0,0.0,0.0,129200.0,739500.0,3454500.0,2528800.0,848100.0,0.0,0.0,0.0,0.0,0.0,3498500.0,4214600.0,2807100.0,1884800.0,865900.0,0.0,0.0,0.0,0.0,0.0
20230904093153720,SSE,SSE.ETF.510050,2.627,2.633,2.635,2.626,0.0,2.871,2.349,45738100.0,143100.0,120399583.0,375920.0,0.0,0.0,20230904,20230904,93153722,2.61,0.0,0.0,2.626,2.625,2.624,2.623,2.622,0.0,0.0,0.0,0.0,0.0,2.627,2.628,2.629,2.63,2.631,0.0,0.0,0.0,0.0,0.0,736100.0,2852500.0,2706800.0,855100.0,850200.0,0.0,0.0,0.0,0.0,0.0,897100.0,4733600.0,3648000.0,2910600.0,758400.0,0.0,0.0,0.0,0.0,0.0
20230904093156720,SSE,SSE.ETF.510050,2.627,2.633,2.635,2.626,0.0,2.871,2.349,45979200.0,241100.0,121032947.0,633364.0,0.0,0.0,20230904,20230904,93156722,2.61,0.0,0.0,2.626,2.625,2.624,2.623,2.622,0.0,0.0,0.0,0.0,0.0,2.627,2.628,2.629,2.63,2.631,0.0,0.0,0.0,0.0,0.0,2958100.0,3441100.0,896800.0,855100.0,920200.0,0.0,0.0,0.0,0.0,0.0,1410100.0,2055400.0,2768000.0,3708800.0,758400.0,0.0,0.0,0.0,0.0,0.0
20230904093159752,SSE,SSE.ETF.510050,2.627,2.633,2.635,2.626,0.0,2.871,2.349,47994200.0,2015000.0,126326026.0,5293079.0,0.0,0.0,20230904,20230904,93159753,2.61,0.0,0.0,2.627,2.626,2.625,2.624,2.623,0.0,0.0,0.0,0.0,0.0,2.628,2.629,2.63,2.631,2.632,0.0,0.0,0.0,0.0,0.0,983100.0,3268300.0,3972100.0,718800.0,705100.0,0.0,0.0,0.0,0.0,0.0,1431300.0,2514000.0,4003400.0,1116900.0,894400.0,0.0,0.0,0.0,0.0,0.0
20230904093202720,SSE,SSE.ETF.510050,2.628,2.633,2.635,2.626,0.0,2.871,2.349,51127800.0,3133600.0,134563961.0,8237935.0,0.0,0.0,20230904,20230904,93202722,2.61,0.0,0.0,2.628,2.627,2.626,2.625,2.624,0.0,0.0,0.0,0.0,0.0,2.63,2.631,2.632,2.633,2.634,0.0,0.0,0.0,0.0,0.0,2072400.0,2557300.0,3178300.0,2012100.0,497600.0,0.0,0.0,0.0,0.0,0.0,1393300.0,2080300.0,1863000.0,3129200.0,1531500.0,0.0,0.0,0.0,0.0,0.0
20230904093205720,SSE,SSE.ETF.510050,2.631,2.633,2.635,2.626,0.0,2.871,2.349,53546900.0,2419100.0,140925898.0,6361937.0,0.0,0.0,20230904,20230904,93205722,2.61,0.0,0.0,2.631,2.63,2.629,2.628,2.627,0.0,0.0,0.0,0.0,0.0,2.632,2.633,2.634,2.635,2.636,0.0,0.0,0.0,0.0,0.0,412900.0,900000.0,1250500.0,2644300.0,4127100.0,0.0,0.0,0.0,0.0,0.0,804200.0,3439200.0,2947600.0,6228300.0,1861100.0,0.0,0.0,0.0,0.0,0.0
20230904093208728,SSE,SSE.ETF.510050,2.631,2.633,2.635,2.626,0.0,2.871,2.349,53797000.0,250100.0,141583912.0,658014.0,0.0,0.0,20230904,20230904,93208730,2.61,0.0,0.0,2.631,2.63,2.629,2.628,2.627,0.0,0.0,0.0,0.0,0.0,2.632,2.633,2.634,2.635,2.636,0.0,0.0,0.0,0.0,0.0,162800.0,1091000.0,1652000.0,2755300.0,2130700.0,0.0,0.0,0.0,0.0,0.0,716500.0,2506800.0,2967600.0,5184900.0,1707500.0,0.0,0.0,0.0,0.0,0.0
20230904093211780,SSE,SSE.ETF.510050,2.632,2.633,2.635,2.626,0.0,2.871,2.349,54381000.0,584000.0,143120650.0,1536738.0,0.0,0.0,20230904,20230904,93211779,2.61,0.0,0.0,2.631,2.63,2.629,2.628,2.627,0.0,0.0,0.0,0.0,0.0,2.632,2.633,2.634,2.635,2.636,0.0,0.0,0.0,0.0,0.0,2394500.0,2729800.0,1740000.0,1195300.0,540700.0,0.0,0.0,0.0,0.0,0.0,417000.0,1003500.0,2992200.0,5184900.0,1758500.0,0.0,0.0,0.0,0.0,0.0
20230904093214704,SSE,SSE.ETF.510050,2.633,2.633,2.635,2.626,0.0,2.871,2.349,54853600.0,472600.0,144364303.0,1243653.0,0.0,0.0,20230904,20230904,93214706,2.61,0.0,0.0,2.632,2.631,2.63,2.629,2.628,0.0,0.0,0.0,0.0,0.0,2.633,2.634,2.635,2.636,2.637,0.0,0.0,0.0,0.0,0.0,765900.0,1581300.0,3109100.0,2340200.0,1083300.0,0.0,0.0,0.0,0.0,0.0,1305800.0,4398500.0,5269900.0,1467700.0,1251800.0,0.0,0.0,0.0,0.0,0.0
20230904093217768,SSE,SSE.ETF.510050,2.632,2.633,2.635,2.626,0.0,2.871,2.349,55403800.0,550200.0,145812429.0,1448126.0,0.0,0.0,20230904,20230904,93217769,2.61,0.0,0.0,2.632,2.631,2.63,2.629,2.628,0.0,0.0,0.0,0.0,0.0,2.633,2.634,2.635,2.636,2.637,0.0,0.0,0.0,0.0,0.0,488100.0,2331300.0,2407600.0,2340200.0,1145300.0,0.0,0.0,0.0,0.0,0.0,1257800.0,2840900.0,5261000.0,1725700.0,1261400.0,0.0,0.0,0.0,0.0,0.0
20230904093220752,SSE,SSE.ETF.510050,2.632,2.633,2.635,2.626,0.0,2.871,2.349,57099175.0,1695375.0,150274334.0,4461905.0,0.0,0.0,20230904,20230904,93220753,2.61,0.0,0.0,2.632,2.631,2.63,2.629,2.628,0.0,0.0,0.0,0.0,0.0,2.633,2.634,2.635,2.636,2.637,0.0,0.0,0.0,0.0,0.0,1333925.0,1072600.0,1748300.0,3129700.0,2045300.0,0.0,0.0,0.0,0.0,0.0,2599200.0,2447600.0,5273700.0,2016700.0,1261400.0,0.0,0.0,0.0,0.0,0.0
20230904093223784,SSE,SSE.ETF.510050,2.632,2.633,2.635,2.626,0.0,2.871,2.349,58508500.0,1409325.0,153983674.0,3709340.0,0.0,0.0,20230904,20230904,93223784,2.61,0.0,0.0,2.631,2.63,2.629,2.628,2.627,0.0,0.0,0.0,0.0,0.0,2.632,2.633,2.634,2.635,2.636,0.0,0.0,0.0,0.0,0.0,427300.0,3349100.0,2030200.0,2745300.0,641100.0,0.0,0.0,0.0,0.0,0.0,332800.0,1725300.0,2729400.0,5604700.0,1999500.0,0.0,0.0,0.0,0.0,0.0
20230904093226720,SSE,SSE.ETF.510050,2.631,2.633,2.635,2.626,0.0,2.871,2.349,59041600.0,533100.0,155386503.0,1402829.0,0.0,0.0,20230904,20230904,93226722,2.61,0.0,0.0,2.631,2.63,2.629,2.628,2.627,0.0,0.0,0.0,0.0,0.0,2.632,2.633,2.634,2.635,2.636,0.0,0.0,0.0,0.0,0.0,42400.0,3116400.0,2339200.0,2745300.0,733600.0,0.0,0.0,0.0,0.0,0.0,382800.0,2127400.0,2729400.0,4214400.0,1999500.0,0.0,0.0,0.0,0.0,0.0
20230904093229736,SSE,SSE.ETF.510050,2.631,2.633,2.635,2.626,0.0,2.871,2.349,59350000.0,308400.0,156197903.0,811400.0,0.0,0.0,20230904,20230904,93229737,2.61,0.0,0.0,2.63,2.629,2.628,2.627,2.626,0.0,0.0,0.0,0.0,0.0,2.631,2.632,2.633,2.634,2.635,0.0,0.0,0.0,0.0,0.0,3300300.0,2251200.0,2745300.0,733600.0,1008900.0,0.0,0.0,0.0,0.0,0.0,5100.0,1515900.0,3077000.0,2733400.0,4131400.0,0.0,0.0,0.0,0.0,0.0
20230904093232720,SSE,SSE.ETF.510050,2.631,2.633,2.635,2.626,0.0,2.871,2.349,60730100.0,1380100.0,159830095.0,3632192.0,0.0,0.0,20230904,20230904,93232722,2.61,0.0,0.0,2.631,2.63,2.629,2.628,2.627,0.0,0.0,0.0,0.0,0.0,2.632,2.633,2.634,2.635,2.636,0.0,0.0,0.0,0.0,0.0,39000.0,3925800.0,2251200.0,2833300.0,831300.0,0.0,0.0,0.0,0.0,0.0,145200.0,3189600.0,2882400.0,4131400.0,1901500.0,0.0,0.0,0.0,0.0,0.0
20230904093235720,SSE,SSE.ETF.510050,2.631,2.633,2.635,2.626,0.0,2.871,2.349,60913700.0,183600.0,160313139.0,483044.0,0.0,0.0,20230904,20230904,93235722,2.61,0.0,0.0,2.631,2.63,2.629,2.628,2.627,0.0,0.0,0.0,0.0,0.0,2.632,2.633,2.634,2.635,2.636,0.0,0.0,0.0,0.0,0.0,2058000.0,3395600.0,1941200.0,1333300.0,677500.0,0.0,0.0,0.0,0.0,0.0,1333400.0,1527500.0,2885400.0,4934300.0,1972800.0,0.0,0.0,0.0,0.0,0.0
20230904093238720,SSE,SSE.ETF.510050,2.632,2.633,2.635,2.626,0.0,2.871,2.349,60963900.0,50200.0,160445216.0,132077.0,0.0,0.0,20230904,20230904,93238722,2.61,0.0,0.0,2.631,2.63,2.629,2.628,2.627,0.0,0.0,0.0,0.0,0.0,2.632,2.633,2.634,2.635,2.636,0.0,0.0,0.0,0.0,0.0,18100.0,3854600.0,2251200.0,2833300.0,840500.0,0.0,0.0,0.0,0.0,0.0,2237700.0,3229000.0,2895400.0,4000900.0,1974800.0,0.0,0.0,0.0,0.0,0.0
20230904093241720,SSE,SSE.ETF.510050,2.631,2.633,2.635,2.626,0.0,2.871,2.349,61009000.0,45100.0,160563875.0,118659.0,0.0,0.0,20230904,20230904,93241722,2.61,0.0,0.0,2.631,2.63,2.629,2.628,2.627,0.0,0.0,0.0,0.0,0.0,2.632,2.633,2.634,2.635,2.636,0.0,0.0,0.0,0.0,0.0,19600.0,3291900.0,2339200.0,1333300.0,752500.0,0.0,0.0,0.0,0.0,0.0,2409500.0,1738600.0,2905400.0,3808300.0,1975100.0,0.0,0.0,0.0,0.0,0.0
20230904093244736,SSE,SSE.ETF.510050,2.632,2.633,2.635,2.626,0.0,2.871,2.349,61399100.0,390100.0,161590270.0,1026395.0,0.0,0.0,20230904,20230904,93244738,2.61,0.0,0.0,2.631,2.63,2.629,2.628,2.627,0.0,0.0,0.0,0.0,0.0,2.632,2.633,2.634,2.635,2.636,0.0,0.0,0.0,0.0,0.0,69400.0,3849200.0,2029200.0,2833300.0,902500.0,0.0,0.0,0.0,0.0,0.0,2833900.0,2846700.0,2905700.0,4280400.0,1985900.0,0.0,0.0,0.0,0.0,0.0
20230904093247704,SSE,SSE.ETF.510050,2.63,2.633,2.635,2.626,0.0,2.871,2.349,61761400.0,362300.0,162543281.0,953011.0,0.0,0.0,20230904,20230904,93247706,2.61,0.0,0.0,2.63,2.629,2.628,2.627,2.626,0.0,0.0,0.0,0.0,0.0,2.631,2.632,2.633,2.634,2.635,0.0,0.0,0.0,0.0,0.0,3283600.0,2339200.0,3144300.0,906300.0,1008900.0,0.0,0.0,0.0,0.0,0.0,69000.0,3011700.0,3151600.0,2605900.0,4256500.0,0.0,0.0,0.0,0.0,0.0
20230904093250752,SSE,SSE.ETF.510050,2.631,2.633,2.635,2.626,0.0,2.871,2.349,62479600.0,718200.0,164432865.0,1889584.0,0.0,0.0,20230904,20230904,93250753,2.61,0.0,0.0,2.631,2.63,2.629,2.628,2.627,0.0,0.0,0.0,0.0,0.0,2.632,2.633,2.634,2.635,2.636,0.0,0.0,0.0,0.0,0.0,92500.0,3305100.0,2339200.0,3159300.0,906300.0,0.0,0.0,0.0,0.0,0.0,3079100.0,3160800.0,2615900.0,4256500.0,1985700.0,0.0,0.0,0.0,0.0,0.0
20230904093253708,SSE,SSE.ETF.510050,2.631,2.633,2.635,2.626,0.0,2.871,2.349,62742200.0,262600.0,165123666.0,690801.0,0.0,0.0,20230904,20230904,93253707,2.61,0.0,0.0,2.63,2.629,2.628,2.627,2.626,0.0,0.0,0.0,0.0,0.0,2.631,2.632,2.633,2.634,2.635,0.0,0.0,0.0,0.0,0.0,3205100.0,2048200.0,3159300.0,906300.0,1088900.0,0.0,0.0,0.0,0.0,0.0,471600.0,3246800.0,3203800.0,2625900.0,4256700.0,0.0,0.0,0.0,0.0,0.0
20230904093256704,SSE,SSE.ETF.510050,2.631,2.633,2.635,2.626,0.0,2.871,2.349,62972400.0,230200.0,165729186.0,605520.0,0.0,0.0,20230904,20230904,93256706,2.61,0.0,0.0,2.63,2.629,2.628,2.627,2.626,0.0,0.0,0.0,0.0,0.0,2.631,2.632,2.633,2.634,2.635,0.0,0.0,0.0,0.0,0.0,3069400.0,2339200.0,3167300.0,906300.0,1011900.0,0.0,0.0,0.0,0.0,0.0,494400.0,3355500.0,3217500.0,2608900.0,4260000.0,0.0,0.0,0.0,0.0,0.0
20230904093259704,SSE,SSE.ETF.510050,2.631,2.633,2.635,2.626,0.0,2.871,2.349,63562700.0,590300.0,167282265.0,1553079.0,0.0,0.0,20230904,20230904,93259706,2.61,0.0,0.0,2.631,2.63,2.629,2.628,2.627,0.0,0.0,0.0,0.0,0.0,2.632,2.633,2.634,2.635,2.636,0.0,0.0,0.0,0.0,0.0,432000.0,3260200.0,2339200.0,2837300.0,737100.0,0.0,0.0,0.0,0.0,0.0,3324200.0,3484900.0,3282000.0,3826000.0,2189700.0,0.0,0.0,0.0,0.0,0.0
20230904093302736,SSE,SSE.ETF.510050,2.632,2.633,2.635,2.626,0.0,2.871,2.349,65112100.0,1549400.0,171360128.0,4077863.0,0.0,0.0,20230904,20230904,93302737,2.61,0.0,0.0,2.632,2.631,2.63,2.629,2.628,0.0,0.0,0.0,0.0,0.0,2.633,2.634,2.635,2.636,2.637,0.0,0.0,0.0,0.0,0.0,113000.0,4067100.0,2012800.0,2353700.0,2836300.0,0.0,0.0,0.0,0.0,0.0,2521800.0,3080400.0,5684600.0,1914100.0,1292200.0,0.0,0.0,0.0,0.0,0.0
20230904093305720,SSE,SSE.ETF.510050,2.631,2.633,2.635,2.626,0.0,2.871,2.349,65603000.0,490900.0,172651802.0,1291674.0,0.0,0.0,20230904,20230904,93305722,2.61,0.0,0.0,2.631,2.63,2.629,2.628,2.627,0.0,0.0,0.0,0.0,0.0,2.632,2.633,2.634,2.635,2.636,0.0,0.0,0.0,0.0,0.0,5342900.0,2706300.0,2356200.0,1098300.0,737100.0,0.0,0.0,0.0,0.0,0.0,27600.0,2523900.0,3000000.0,5694600.0,2154800.0,0.0,0.0,0.0,0.0,0.0
20230904093308720,SSE,SSE.ETF.510050,2.632,2.633,2.635,2.626,0.0,2.871,2.349,65706200.0,103200.0,172923358.0,271556.0,0.0,0.0,20230904,20230904,93308722,2.61,0.0,0.0,2.631,2.63,2.629,2.628,2.627,0.0,0.0,0.0,0.0,0.0,2.632,2.633,2.634,2.635,2.636,0.0,0.0,0.0,0.0,0.0,1205500.0,2887100.0,2362700.0,2458300.0,1159700.0,0.0,0.0,0.0,0.0,0.0,2732900.0,3405100.0,2979600.0,3950900.0,2293400.0,0.0,0.0,0.0,0.0,0.0
20230904093311704,SSE,SSE.ETF.510050,2.631,2.633,2.635,2.626,0.0,2.871,2.349,66239500.0,533300.0,174326473.0,1403115.0,0.0,0.0,20230904,20230904,93311706,2.61,0.0,0.0,2.631,2.63,2.629,2.628,2.627,0.0,0.0,0.0,0.0,0.0,2.632,2.633,2.634,2.635,2.636,0.0,0.0,0.0,0.0,0.0,505900.0,1319600.0,2077900.0,2836300.0,2809700.0,0.0,0.0,0.0,0.0,0.0,2833000.0,3714300.0,3113700.0,4385000.0,2205400.0,0.0,0.0,0.0,0.0,0.0
20230904093314708,SSE,SSE.ETF.510050,2.631,2.633,2.635,2.626,0.0,2.871,2.349,67649900.0,1410400.0,178038261.0,3711788.0,0.0,0.0,20230904,20230904,93314707,2.61,0.0,0.0,2.631,2.63,2.629,2.628,2.627,0.0,0.0,0.0,0.0,0.0,2.632,2.633,2.634,2.635,2.636,0.0,0.0,0.0,0.0,0.0,3463800.0,2618300.0,1964700.0,1158300.0,1249700.0,0.0,0.0,0.0,0.0,0.0,1590400.0,1829300.0,2966800.0,5950200.0,2313400.0,0.0,0.0,0.0,0.0,0.0
20230904093317720,SSE,SSE.ETF.510050,2.631,2.633,2.635,2.626,0.0,2.871,2.349,69854900.0,2205000.0,183841540.0,5803279.0,0.0,0.0,20230904,20230904,93317722,2.61,0.0,0.0,2.631,2.63,2.629,2.628,2.627,0.0,0.0,0.0,0.0,0.0,2.632,2.633,2.634,2.635,2.636,0.0,0.0,0.0,0.0,0.0,3630900.0,2618300.0,2052700.0,1186300.0,868900.0,0.0,0.0,0.0,0.0,0.0,102700.0,1768500.0,1607600.0,6028700.0,1838100.0,0.0,0.0,0.0,0.0,0.0
20230904093320784,SSE,SSE.ETF.510050,2.632,2.633,2.635,2.626,0.0,2.871,2.349,70909400.0,1054500.0,186617564.0,2776024.0,0.0,0.0,20230904,20230904,93320784,2.61,0.0,0.0,2.631,2.63,2.629,2.628,2.627,0.0,0.0,0.0,0.0,0.0,2.633,2.634,2.635,2.636,2.637,0.0,0.0,0.0,0.0,0.0,2460700.0,2959100.0,2362700.0,1337800.0,1237000.0,0.0,0.0,0.0,0.0,0.0,1526100.0,3334900.0,5433200.0,2287100.0,1415800.0,0.0,0.0,0.0,0.0,0.0
20230904093323784,SSE,SSE.ETF.510050,2.632,2.633,2.635,2.626,0.0,2.871,2.349,72351500.0,1442100.0,190413099.0,3795535.0,0.0,0.0,20230904,20230904,93323784,2.61,0.0,0.0,2.632,2.631,2.63,2.629,2.628,0.0,0.0,0.0,0.0,0.0,2.633,2.634,2.635,2.636,2.637,0.0,0.0,0.0,0.0,0.0,180300.0,1857300.0,3660300.0,2052700.0,1337900.0,0.0,0.0,0.0,0.0,0.0,3035300.0,3334900.0,4408600.0,2271700.0,1409800.0,0.0,0.0,0.0,0.0,0.0
20230904093326720,SSE,SSE.ETF.510050,2.631,2.633,2.635,2.626,0.0,2.871,2.349,72552800.0,201300.0,190942901.0,529802.0,0.0,0.0,20230904,20230904,93326722,2.61,0.0,0.0,2.631,2.63,2.629,2.628,2.627,0.0,0.0,0.0,0.0,0.0,2.632,2.633,2.634,2.635,2.636,0.0,0.0,0.0,0.0,0.0,27600.0,3660300.0,2362700.0,2837900.0,1177200.0,0.0,0.0,0.0,0.0,0.0,1688100.0,3375900.0,3345800.0,4286100.0,2271700.0,0.0,0.0,0.0,0.0,0.0
20230904093329704,SSE,SSE.ETF.510050,2.632,2.633,2.635,2.626,0.0,2.871,2.349,72651000.0,98200.0,191201317.0,258416.0,0.0,0.0,20230904,20230904,93329706,2.61,0.0,0.0,2.631,2.63,2.629,2.628,2.627,0.0,0.0,0.0,0.0,0.0,2.632,2.633,2.634,2.635,2.636,0.0,0.0,0.0,0.0,0.0,2741900.0,3301300.0,2052700.0,1337900.0,1177200.0,0.0,0.0,0.0,0.0,0.0,1128500.0,1662100.0,3396400.0,5810100.0,2271700.0,0.0,0.0,0.0,0.0,0.0
20230904093332784,SSE,SSE.ETF.510050,2.632,2.633,2.635,2.626,0.0,2.871,2.349,73300200.0,649200.0,192910002.0,1708685.0,0.0,0.0,20230904,20230904,93332784,2.61,0.0,0.0,2.631,2.63,2.629,2.628,2.627,0.0,0.0,0.0,0.0,0.0,2.632,2.633,2.634,2.635,2.636,0.0,0.0,0.0,0.0,0.0,3246200.0,2378500.0,2052700.0,1249900.0,1177200.0,0.0,0.0,0.0,0.0,0.0,197700.0,1697900.0,3131400.0,5729800.0,2070700.0,0.0,0.0,0.0,0.0,0.0
20230904093335720,SSE,SSE.ETF.510050,2.631,2.633,2.635,2.626,0.0,2.871,2.349,73688200.0,388000.0,193931210.0,1021208.0,0.0,0.0,20230904,20230904,93335722,2.61,0.0,0.0,2.631,2.63,2.629,2.628,2.627,0.0,0.0,0.0,0.0,0.0,2.632,2.633,2.634,2.635,2.636,0.0,0.0,0.0,0.0,0.0,3955700.0,2673500.0,2072700.0,1337900.0,1192200.0,0.0,0.0,0.0,0.0,0.0,100600.0,1709300.0,3141400.0,6077300.0,2087100.0,0.0,0.0,0.0,0.0,0.0
20230904093338768,SSE,SSE.ETF.510050,2.632,2.633,2.635,2.626,0.0,2.871,2.349,74309500.0,621300.0,195566471.0,1635261.0,0.0,0.0,20230904,20230904,93338769,2.61,0.0,0.0,2.632,2.631,2.63,2.629,2.628,0.0,0.0,0.0,0.0,0.0,2.633,2.634,2.635,2.636,2.637,0.0,0.0,0.0,0.0,0.0,279200.0,2513200.0,3914300.0,2072700.0,1337900.0,0.0,0.0,0.0,0.0,0.0,3213900.0,3425100.0,4326500.0,2073300.0,1360800.0,0.0,0.0,0.0,0.0,0.0
20230904093341708,SSE,SSE.ETF.510050,2.632,2.633,2.635,2.626,0.0,2.871,2.349,74649700.0,340200.0,196461824.0,895353.0,0.0,0.0,20230904,20230904,93341707,2.61,0.0,0.0,2.631,2.63,2.629,2.628,2.627,0.0,0.0,0.0,0.0,0.0,2.632,2.633,2.634,2.635,2.636,0.0,0.0,0.0,0.0,0.0,671800.0,3866500.0,2382700.0,2751900.0,1342300.0,0.0,0.0,0.0,0.0,0.0,983200.0,2088200.0,3329500.0,5959500.0,2161300.0,0.0,0.0,0.0,0.0,0.0
20230904093344720,SSE,SSE.ETF.510050,2.631,2.633,2.635,2.626,0.0,2.871,2.349,74690800.0,41100.0,196569976.0,108152.0,0.0,0.0,20230904,20230904,93344722,2.61,0.0,0.0,2.631,2.63,2.629,2.628,2.627,0.0,0.0,0.0,0.0,0.0,2.632,2.633,2.634,2.635,2.636,0.0,0.0,0.0,0.0,0.0,605500.0,3287000.0,2091700.0,2751900.0,1342300.0,0.0,0.0,0.0,0.0,0.0,1981600.0,2385800.0,3065300.0,4464100.0,2161300.0,0.0,0.0,0.0,0.0,0.0
20230904093347704,SSE,SSE.ETF.510050,2.631,2.633,2.635,2.626,0.0,2.871,2.349,75433700.0,742900.0,198524561.0,1954585.0,0.0,0.0,20230904,20230904,93347706,2.61,0.0,0.0,2.63,2.629,2.628,2.627,2.626,0.0,0.0,0.0,0.0,0.0,2.631,2.632,2.633,2.634,2.635,0.0,0.0,0.0,0.0,0.0,625800.0,3453700.0,3061900.0,2842300.0,1023000.0,0.0,0.0,0.0,0.0,0.0,511500.0,2112000.0,3587100.0,2915300.0,4500100.0,0.0,0.0,0.0,0.0,0.0
20230904093350704,SSE,SSE.ETF.510050,2.63,2.633,2.635,2.626,0.0,2.871,2.349,75448000.0,14300.0,198562184.0,37623.0,0.0,0.0,20230904,20230904,93350706,2.61,0.0,0.0,2.63,2.629,2.628,2.627,2.626,0.0,0.0,0.0,0.0,0.0,2.631,2.632,2.633,2.634,2.635,0.0,0.0,0.0,0.0,0.0,983600.0,3453700.0,2750400.0,2766400.0,1099600.0,0.0,0.0,0.0,0.0,0.0,844000.0,1513100.0,3590900.0,1728300.0,4382600.0,0.0,0.0,0.0,0.0,0.0
20230904093353704,SSE,SSE.ETF.510050,2.631,2.633,2.635,2.626,0.0,2.871,2.349,76436400.0,988400.0,201162623.0,2600439.0,0.0,0.0,20230904,20230904,93353706,2.61,0.0,0.0,2.631,2.63,2.629,2.628,2.627,0.0,0.0,0.0,0.0,0.0,2.632,2.633,2.634,2.635,2.636,0.0,0.0,0.0,0.0,0.0,70700.0,2463600.0,3515700.0,2838400.0,1266400.0,0.0,0.0,0.0,0.0,0.0,1516100.0,3689900.0,3078300.0,4383400.0,2149900.0,0.0,0.0,0.0,0.0,0.0
20230904093356736,SSE,SSE.ETF.510050,2.63,2.633,2.635,2.626,0.0,2.871,2.349,76514100.0,77700.0,201367050.0,204427.0,0.0,0.0,20230904,20230904,93356738,2.61,0.0,0.0,2.63,2.629,2.628,2.627,2.626,0.0,0.0,0.0,0.0,0.0,2.631,2.632,2.633,2.634,2.635,0.0,0.0,0.0,0.0,0.0,3361600.0,2615700.0,2926400.0,1343000.0,793000.0,0.0,0.0,0.0,0.0,0.0,118400.0,1671200.0,3701900.0,1575500.0,4906500.0,0.0,0.0,0.0,0.0,0.0
20230904093359720,SSE,SSE.ETF.510050,2.63,2.633,2.635,2.626,0.0,2.871,2.349,76546800.0,32700.0,201453051.0,86001.0,0.0,0.0,20230904,20230904,93359722,2.61,0.0,0.0,2.63,2.629,2.628,2.627,2.626,0.0,0.0,0.0,0.0,0.0,2.631,2.632,2.633,2.634,2.635,0.0,0.0,0.0,0.0,0.0,2408400.0,3365700.0,2926400.0,1266400.0,1019600.0,0.0,0.0,0.0,0.0,0.0,969100.0,3076000.0,3758000.0,1720300.0,4911300.0,0.0,0.0,0.0,0.0,0.0
20230904093402708,SSE,SSE.ETF.510050,2.632,2.633,2.635,2.626,0.0,2.871,2.349,77309000.0,762200.0,203458392.0,2005341.0,0.0,0.0,20230904,20230904,93402707,2.61,0.0,0.0,2.631,2.63,2.629,2.628,2.627,0.0,0.0,0.0,0.0,0.0,2.632,2.633,2.634,2.635,2.636,0.0,0.0,0.0,0.0,0.0,701900.0,3875000.0,1964900.0,2836400.0,1206400.0,0.0,0.0,0.0,0.0,0.0,1115700.0,3180200.0,3339600.0,4815200.0,2240900.0,0.0,0.0,0.0,0.0,0.0
20230904093405768,SSE,SSE.ETF.510050,2.631,2.633,2.635,2.626,0.0,2.871,2.349,77491000.0,182000.0,203937234.0,478842.0,0.0,0.0,20230904,20230904,93405769,2.61,0.0,0.0,2.631,2.63,2.629,2.628,2.627,0.0,0.0,0.0,0.0,0.0,2.632,2.633,2.634,2.635,2.636,0.0,0.0,0.0,0.0,0.0,536700.0,3875000.0,2052900.0,2750400.0,1343000.0,0.0,0.0,0.0,0.0,0.0,766900.0,3168700.0,3527600.0,5203200.0,2084700.0,0.0,0.0,0.0,0.0,0.0
20230904093408704,SSE,SSE.ETF.510050,2.631,2.633,2.635,2.626,0.0,2.871,2.349,77724300.0,233300.0,204551052.0,613818.0,0.0,0.0,20230904,20230904,93408706,2.61,0.0,0.0,2.631,2.63,2.629,2.628,2.627,0.0,0.0,0.0,0.0,0.0,2.632,2.633,2.634,2.635,2.636,0.0,0.0,0.0,0.0,0.0,3680100.0,2343200.0,2052900.0,1338400.0,1193000.0,0.0,0.0,0.0,0.0,0.0,841700.0,1674400.0,3526600.0,6300200.0,2094700.0,0.0,0.0,0.0,0.0,0.0
20230904093411752,SSE,SSE.ETF.510050,2.631,2.633,2.635,2.626,0.0,2.871,2.349,77844900.0,120600.0,204868388.0,317336.0,0.0,0.0,20230904,20230904,93411753,2.61,0.0,0.0,2.631,2.63,2.629,2.628,2.627,0.0,0.0,0.0,0.0,0.0,2.632,2.633,2.634,2.635,2.636,0.0,0.0,0.0,0.0,0.0,3654100.0,2493200.0,2052900.0,1248400.0,1283000.0,0.0,0.0,0.0,0.0,0.0,893500.0,1725800.0,3243000.0,5707300.0,2184700.0,0.0,0.0,0.0,0.0,0.0
20230904093414768,SSE,SSE.ETF.510050,2.631,2.633,2.635,2.626,0.0,2.871,2.349,78094800.0,249900.0,205526029.0,657641.0,0.0,0.0,20230904,20230904,93414769,2.61,0.0,0.0,2.63,2.629,2.628,2.627,2.626,0.0,0.0,0.0,0.0,0.0,2.631,2.632,2.633,2.634,2.635,0.0,0.0,0.0,0.0,0.0,3167300.0,2703700.0,2748400.0,1433000.0,792900.0,0.0,0.0,0.0,0.0,0.0,5900.0,1219800.0,3732100.0,3244000.0,4945800.0,0.0,0.0,0.0,0.0,0.0
20230904093417704,SSE,SSE.ETF.510050,2.631,2.633,2.635,2.626,0.0,2.871,2.349,78099000.0,4200.0,205537079.0,11050.0,0.0,0.0,20230904,20230904,93417706,2.61,0.0,0.0,2.63,2.629,2.628,2.627,2.626,0.0,0.0,0.0,0.0,0.0,2.631,2.632,2.633,2.634,2.635,0.0,0.0,0.0,0.0,0.0,3168300.0,2615700.0,2748400.0,1356400.0,869500.0,0.0,0.0,0.0,0.0,0.0,202500.0,2814600.0,3722600.0,1695200.0,4908700.0,0.0,0.0,0.0,0.0,0.0
20230904093420704,SSE,SSE.ETF.510050,2.631,2.633,2.635,2.626,0.0,2.871,2.349,78255200.0,156200.0,205948041.0,410962.0,0.0,0.0,20230904,20230904,93420706,2.61,0.0,0.0,2.63,2.629,2.628,2.627,2.626,0.0,0.0,0.0,0.0,0.0,2.631,2.632,2.633,2.634,2.635,0.0,0.0,0.0,0.0,0.0,2344200.0,3459500.0,2748400.0,1356400.0,869500.0,0.0,0.0,0.0,0.0,0.0,632500.0,2923400.0,3846600.0,1675200.0,4832500.0,0.0,0.0,0.0,0.0,0.0
20230904093423768,SSE,SSE.ETF.510050,2.63,2.633,2.635,2.626,0.0,2.871,2.349,78385400.0,130200.0,206290587.0,342546.0,0.0,0.0,20230904,20230904,93423769,2.61,0.0,0.0,2.63,2.629,2.628,2.627,2.626,0.0,0.0,0.0,0.0,0.0,2.631,2.632,2.633,2.634,2.635,0.0,0.0,0.0,0.0,0.0,3273300.0,1927700.0,2748400.0,1440600.0,792900.0,0.0,0.0,0.0,0.0,0.0,105900.0,1443400.0,3585900.0,2092800.0,4909100.0,0.0,0.0,0.0,0.0,0.0
20230904093426768,SSE,SSE.ETF.510050,2.63,2.633,2.635,2.626,0.0,2.871,2.349,78496400.0,111000.0,206582560.0,291973.0,0.0,0.0,20230904,20230904,93426769,2.61,0.0,0.0,2.63,2.629,2.628,2.627,2.626,0.0,0.0,0.0,0.0,0.0,2.631,2.632,2.633,2.634,2.635,0.0,0.0,0.0,0.0,0.0,3213800.0,2850500.0,2748400.0,1450600.0,869500.0,0.0,0.0,0.0,0.0,0.0,328200.0,1393400.0,3584900.0,3293800.0,4846900.0,0.0,0.0,0.0,0.0,0.0
20230904093429720,SSE,SSE.ETF.510050,2.63,2.633,2.635,2.626,0.0,2.871,2.349,78511400.0,15000.0,206622010.0,39450.0,0.0,0.0,20230904,20230904,93429722,2.61,0.0,0.0,2.63,2.629,2.628,2.627,2.626,0.0,0.0,0.0,0.0,0.0,2.631,2.632,2.633,2.634,2.635,0.0,0.0,0.0,0.0,0.0,839500.0,3309500.0,2748400.0,2050600.0,869500.0,0.0,0.0,0.0,0.0,0.0,841800.0,3018700.0,3869500.0,1809200.0,4852100.0,0.0,0.0,0.0,0.0,0.0
20230904093432704,SSE,SSE.ETF.510050,2.63,2.633,2.635,2.626,0.0,2.871,2.349,78695600.0,184200.0,207106580.0,484570.0,0.0,0.0,20230904,20230904,93432706,2.61,0.0,0.0,2.63,2.629,2.628,2.627,2.626,0.0,0.0,0.0,0.0,0.0,2.631,2.632,2.633,2.634,2.635,0.0,0.0,0.0,0.0,0.0,3178400.0,2559500.0,2660400.0,1450600.0,1012900.0,0.0,0.0,0.0,0.0,0.0,925200.0,1858900.0,3769600.0,2704800.0,5065000.0,0.0,0.0,0.0,0.0,0.0
20230904093435736,SSE,SSE.ETF.510050,2.63,2.633,2.635,2.626,0.0,2.871,2.349,78971800.0,276200.0,207833124.0,726544.0,0.0,0.0,20230904,20230904,93435738,2.61,0.0,0.0,2.63,2.629,2.628,2.627,2.626,0.0,0.0,0.0,0.0,0.0,2.631,2.632,2.633,2.634,2.635,0.0,0.0,0.0,0.0,0.0,3040100.0,2586300.0,2749400.0,1455600.0,1089500.0,0.0,0.0,0.0,0.0,0.0,728300.0,1861100.0,3884600.0,1883800.0,4993400.0,0.0,0.0,0.0,0.0,0.0
20230904093438708,SSE,SSE.ETF.510050,2.631,2.633,2.635,2.626,0.0,2.871,2.349,79142300.0,170500.0,208281639.0,448515.0,0.0,0.0,20230904,20230904,93438707,2.61,0.0,0.0,2.63,2.629,2.628,2.627,2.626,0.0,0.0,0.0,0.0,0.0,2.631,2.632,2.633,2.634,2.635,0.0,0.0,0.0,0.0,0.0,569900.0,3336300.0,2749400.0,2955600.0,1019500.0,0.0,0.0,0.0,0.0,0.0,734600.0,3357700.0,3868600.0,2316300.0,4988900.0,0.0,0.0,0.0,0.0,0.0
20230904093441720,SSE,SSE.ETF.510050,2.63,2.633,2.635,2.626,0.0,2.871,2.349,80007700.0,865400.0,210557646.0,2276007.0,0.0,0.0,20230904,20230904,93441722,2.61,0.0,0.0,2.629,2.628,2.627,2.626,2.625,0.0,0.0,0.0,0.0,0.0,2.63,2.631,2.632,2.633,2.634,0.0,0.0,0.0,0.0,0.0,2704500.0,3750800.0,2955600.0,942900.0,1262100.0,0.0,0.0,0.0,0.0,0.0,14500.0,785300.0,3377300.0,3740500.0,2587900.0,0.0,0.0,0.0,0.0,0.0
20230904093444704,SSE,SSE.ETF.510050,2.629,2.633,2.635,2.626,0.0,2.871,2.349,81066800.0,1059100.0,213343054.0,2785408.0,0.0,0.0,20230904,20230904,93444706,2.61,0.0,0.0,2.629,2.628,2.627,2.626,2.625,0.0,0.0,0.0,0.0,0.0,2.63,2.631,2.632,2.633,2.634,0.0,0.0,0.0,0.0,0.0,2631500.0,3269000.0,1457600.0,792900.0,1055500.0,0.0,0.0,0.0,0.0,0.0,37500.0,1806400.0,3424900.0,3217800.0,1627000.0,0.0,0.0,0.0,0.0,0.0
20230904093447708,SSE,SSE.ETF.510050,2.629,2.633,2.635,2.626,0.0,2.871,2.349,82184600.0,1117800.0,216282845.0,2939791.0,0.0,0.0,20230904,20230904,93447707,2.61,0.0,0.0,2.629,2.628,2.627,2.626,2.625,0.0,0.0,0.0,0.0,0.0,2.63,2.631,2.632,2.633,2.634,0.0,0.0,0.0,0.0,0.0,3167300.0,3581900.0,3265600.0,943300.0,1132100.0,0.0,0.0,0.0,0.0,0.0,7300.0,1337200.0,3659400.0,3335600.0,1972900.0,0.0,0.0,0.0,0.0,0.0
20230904093450800,SSE,SSE.ETF.510050,2.629,2.633,2.635,2.626,0.0,2.871,2.349,82550100.0,365500.0,217243792.0,960947.0,0.0,0.0,20230904,20230904,93450800,2.61,0.0,0.0,2.629,2.628,2.627,2.626,2.625,0.0,0.0,0.0,0.0,0.0,2.63,2.631,2.632,2.633,2.634,0.0,0.0,0.0,0.0,0.0,3768900.0,3269000.0,2955600.0,943300.0,1132100.0,0.0,0.0,0.0,0.0,0.0,1241000.0,1180900.0,3354400.0,3909800.0,2040600.0,0.0,0.0,0.0,0.0,0.0
20230904093453736,SSE,SSE.ETF.510050,2.629,2.633,2.635,2.626,0.0,2.871,2.349,83165800.0,615700.0,218863068.0,1619276.0,0.0,0.0,20230904,20230904,93453738,2.61,0.0,0.0,2.629,2.628,2.627,2.626,2.625,0.0,0.0,0.0,0.0,0.0,2.63,2.631,2.632,2.633,2.634,0.0,0.0,0.0,0.0,0.0,4653200.0,3181000.0,2868000.0,945300.0,1132100.0,0.0,0.0,0.0,0.0,0.0,843200.0,1216500.0,3367400.0,3837300.0,1952600.0,0.0,0.0,0.0,0.0,0.0
20230904093456704,SSE,SSE.ETF.510050,2.63,2.633,2.635,2.626,0.0,2.871,2.349,85581900.0,2416100.0,225215959.0,6352891.0,0.0,0.0,20230904,20230904,93456706,2.61,0.0,0.0,2.63,2.629,2.628,2.627,2.626,0.0,0.0,0.0,0.0,0.0,2.631,2.632,2.633,2.634,2.635,0.0,0.0,0.0,0.0,0.0,335900.0,3337600.0,4081000.0,2956000.0,1033300.0,0.0,0.0,0.0,0.0,0.0,1688100.0,3478900.0,3911100.0,1944700.0,4975500.0,0.0,0.0,0.0,0.0,0.0
20230904093459736,SSE,SSE.ETF.510050,2.63,2.633,2.635,2.626,0.0,2.871,2.349,86367900.0,786000.0,227283809.0,2067850.0,0.0,0.0,20230904,20230904,93459738,2.61,0.0,0.0,2.63,2.629,2.628,2.627,2.626,0.0,0.0,0.0,0.0,0.0,2.631,2.632,2.633,2.634,2.635,0.0,0.0,0.0,0.0,0.0,4264300.0,5702400.0,3859400.0,1456000.0,1091900.0,0.0,0.0,0.0,0.0,0.0,1193900.0,1896600.0,3636500.0,3665400.0,4618300.0,0.0,0.0,0.0,0.0,0.0
20230904093502720,SSE,SSE.ETF.510050,2.631,2.633,2.635,2.626,0.0,2.871,2.349,88008700.0,1640800.0,231600677.0,4316868.0,0.0,0.0,20230904,20230904,93502722,2.61,0.0,0.0,2.631,2.63,2.629,2.628,2.627,0.0,0.0,0.0,0.0,0.0,2.632,2.633,2.634,2.635,2.636,0.0,0.0,0.0,0.0,0.0,1282600.0,7325000.0,4202900.0,3049400.0,1216000.0,0.0,0.0,0.0,0.0,0.0,1842300.0,3660400.0,3385800.0,4320800.0,2185500.0,0.0,0.0,0.0,0.0,0.0
20230904093505704,SSE,SSE.ETF.510050,2.631,2.633,2.635,2.626,0.0,2.871,2.349,88831000.0,822300.0,233764864.0,2164187.0,0.0,0.0,20230904,20230904,93505706,2.61,0.0,0.0,2.631,2.63,2.629,2.628,2.627,0.0,0.0,0.0,0.0,0.0,2.632,2.633,2.634,2.635,2.636,0.0,0.0,0.0,0.0,0.0,4827200.0,5905000.0,4438300.0,1464400.0,1128000.0,0.0,0.0,0.0,0.0,0.0,683700.0,3107400.0,3535800.0,5303900.0,2045900.0,0.0,0.0,0.0,0.0,0.0
20230904093508704,SSE,SSE.ETF.510050,2.631,2.633,2.635,2.626,0.0,2.871,2.349,89107000.0,276000.0,234491220.0,726356.0,0.0,0.0,20230904,20230904,93508706,2.61,0.0,0.0,2.631,2.63,2.629,2.628,2.627,0.0,0.0,0.0,0.0,0.0,2.632,2.633,2.634,2.635,2.636,0.0,0.0,0.0,0.0,0.0,4669400.0,5005000.0,4140600.0,1469400.0,1204600.0,0.0,0.0,0.0,0.0,0.0,1098200.0,3697300.0,3835800.0,4723700.0,1969300.0,0.0,0.0,0.0,0.0,0.0
20230904093511708,SSE,SSE.ETF.510050,2.631,2.633,2.635,2.626,0.0,2.871,2.349,89746300.0,639300.0,236173774.0,1682554.0,0.0,0.0,20230904,20230904,93511707,2.61,0.0,0.0,2.631,2.63,2.629,2.628,2.627,0.0,0.0,0.0,0.0,0.0,2.632,2.633,2.634,2.635,2.636,0.0,0.0,0.0,0.0,0.0,4500400.0,5011900.0,4324500.0,1318400.0,1204600.0,0.0,0.0,0.0,0.0,0.0,735000.0,3976800.0,3836800.0,4660300.0,1976200.0,0.0,0.0,0.0,0.0,0.0
20230904093514704,SSE,SSE.ETF.510050,2.632,2.633,2.635,2.626,0.0,2.871,2.349,90640100.0,893800.0,238526172.0,2352398.0,0.0,0.0,20230904,20230904,93514706,2.61,0.0,0.0,2.631,2.63,2.629,2.628,2.627,0.0,0.0,0.0,0.0,0.0,2.632,2.633,2.634,2.635,2.636,0.0,0.0,0.0,0.0,0.0,3755200.0,3211900.0,3425000.0,1318400.0,1128000.0,0.0,0.0,0.0,0.0,0.0,314200.0,2481700.0,3836700.0,6123000.0,2047400.0,0.0,0.0,0.0,0.0,0.0
20230904093517736,SSE,SSE.ETF.510050,2.632,2.633,2.635,2.626,0.0,2.871,2.349,91078000.0,437900.0,239678550.0,1152378.0,0.0,0.0,20230904,20230904,93517737,2.61,0.0,0.0,2.631,2.63,2.629,2.628,2.627,0.0,0.0,0.0,0.0,0.0,2.632,2.633,2.634,2.635,2.636,0.0,0.0,0.0,0.0,0.0,3989700.0,4120900.0,2125000.0,1408400.0,1204600.0,0.0,0.0,0.0,0.0,0.0,32600.0,2146200.0,3836700.0,6577700.0,2021200.0,0.0,0.0,0.0,0.0,0.0
20230904093520720,SSE,SSE.ETF.510050,2.631,2.633,2.635,2.626,0.0,2.871,2.349,91111500.0,33500.0,239766715.0,88165.0,0.0,0.0,20230904,20230904,93520722,2.61,0.0,0.0,2.631,2.63,2.629,2.628,2.627,0.0,0.0,0.0,0.0,0.0,2.632,2.633,2.634,2.635,2.636,0.0,0.0,0.0,0.0,0.0,3983200.0,4120900.0,2215000.0,1318400.0,1204600.0,0.0,0.0,0.0,0.0,0.0,119600.0,2523800.0,3836700.0,6586200.0,2021000.0,0.0,0.0,0.0,0.0,0.0
20230904093523720,SSE,SSE.ETF.510050,2.631,2.633,2.635,2.626,0.0,2.871,2.349,91180500.0,69000.0,239948284.0,181569.0,0.0,0.0,20230904,20230904,93523722,2.61,0.0,0.0,2.631,2.63,2.629,2.628,2.627,0.0,0.0,0.0,0.0,0.0,2.632,2.633,2.634,2.635,2.636,0.0,0.0,0.0,0.0,0.0,3957700.0,4104000.0,2065000.0,1318400.0,1284600.0,0.0,0.0,0.0,0.0,0.0,131600.0,1758400.0,3831100.0,6585900.0,1730100.0,0.0,0.0,0.0,0.0,0.0
20230904093526704,SSE,SSE.ETF.510050,2.632,2.633,2.635,2.626,0.0,2.871,2.349,91468300.0,287800.0,240705885.0,757601.0,0.0,0.0,20230904,20230904,93526706,2.61,0.0,0.0,2.632,2.631,2.63,2.629,2.628,0.0,0.0,0.0,0.0,0.0,2.633,2.634,2.635,2.636,2.637,0.0,0.0,0.0,0.0,0.0,40600.0,4853800.0,5000200.0,2215000.0,1318400.0,0.0,0.0,0.0,0.0,0.0,1865900.0,3842100.0,6602700.0,1730100.0,1138800.0,0.0,0.0,0.0,0.0,0.0
20230904093529708,SSE,SSE.ETF.510050,2.632,2.633,2.635,2.626,0.0,2.871,2.349,92183900.0,715600.0,242589344.0,1883459.0,0.0,0.0,20230904,20230904,93529707,2.61,0.0,0.0,2.632,2.631,2.63,2.629,2.628,0.0,0.0,0.0,0.0,0.0,2.633,2.634,2.635,2.636,2.637,0.0,0.0,0.0,0.0,0.0,3594400.0,2437300.0,5039800.0,702700.0,1523900.0,0.0,0.0,0.0,0.0,0.0,1902000.0,2254100.0,6622000.0,2758100.0,1062200.0,0.0,0.0,0.0,0.0,0.0
20230904093532768,SSE,SSE.ETF.510050,2.632,2.633,2.635,2.626,0.0,2.871,2.349,92344100.0,160200.0,243010998.0,421654.0,0.0,0.0,20230904,20230904,93532769,2.61,0.0,0.0,2.632,2.631,2.63,2.629,2.628,0.0,0.0,0.0,0.0,0.0,2.633,2.634,2.635,2.636,2.637,0.0,0.0,0.0,0.0,0.0,4846900.0,2437300.0,5129800.0,612700.0,1523900.0,0.0,0.0,0.0,0.0,0.0,1855300.0,3206400.0,6624200.0,1879600.0,1062200.0,0.0,0.0,0.0,0.0,0.0
20230904093535720,SSE,SSE.ETF.510050,2.633,2.633,2.635,2.626,0.0,2.871,2.349,92457400.0,113300.0,243309295.0,298297.0,0.0,0.0,20230904,20230904,93535722,2.61,0.0,0.0,2.632,2.631,2.63,2.629,2.628,0.0,0.0,0.0,0.0,0.0,2.633,2.634,2.635,2.636,2.637,0.0,0.0,0.0,0.0,0.0,4224900.0,2146300.0,5129800.0,612700.0,1303900.0,0.0,0.0,0.0,0.0,0.0,1832800.0,2319400.0,6624500.0,1879600.0,1068200.0,0.0,0.0,0.0,0.0,0.0
20230904093538720,SSE,SSE.ETF.510050,2.633,2.633,2.635,2.626,0.0,2.871,2.349,94503000.0,2045600.0,248695329.0,5386034.0,0.0,0.0,20230904,20230904,93538722,2.61,0.0,0.0,2.633,2.632,2.631,2.63,2.629,0.0,0.0,0.0,0.0,0.0,2.634,2.635,2.636,2.637,2.638,0.0,0.0,0.0,0.0,0.0,425200.0,5151900.0,2437300.0,4324300.0,462700.0,0.0,0.0,0.0,0.0,0.0,2267100.0,6624500.0,3364200.0,1068200.0,3102600.0,0.0,0.0,0.0,0.0,0.0
20230904093541704,SSE,SSE.ETF.510050,2.633,2.633,2.635,2.626,0.0,2.871,2.349,95145800.0,642800.0,250387873.0,1692544.0,0.0,0.0,20230904,20230904,93541706,2.61,0.0,0.0,2.632,2.631,2.63,2.629,2.628,0.0,0.0,0.0,0.0,0.0,2.633,2.634,2.635,2.636,2.637,0.0,0.0,0.0,0.0,0.0,4401100.0,2921200.0,2535700.0,451200.0,1227400.0,0.0,0.0,0.0,0.0,0.0,492400.0,3426400.0,7441500.0,1941600.0,1157200.0,0.0,0.0,0.0,0.0,0.0
20230904093544720,SSE,SSE.ETF.510050,2.632,2.633,2.635,2.626,0.0,2.871,2.349,95230800.0,85000.0,250611656.0,223783.0,0.0,0.0,20230904,20230904,93544722,2.61,0.0,0.0,2.632,2.631,2.63,2.629,2.628,0.0,0.0,0.0,0.0,0.0,2.633,2.634,2.635,2.636,2.637,0.0,0.0,0.0,0.0,0.0,1959400.0,4112200.0,2726300.0,374700.0,1303900.0,0.0,0.0,0.0,0.0,0.0,153800.0,1941900.0,7530400.0,2166700.0,1157200.0,0.0,0.0,0.0,0.0,0.0
20230904093547752,SSE,SSE.ETF.510050,2.633,2.633,2.635,2.626,0.0,2.871,2.349,95716800.0,486000.0,251891283.0,1279627.0,0.0,0.0,20230904,20230904,93547753,2.61,0.0,0.0,2.633,2.632,2.631,2.63,2.629,0.0,0.0,0.0,0.0,0.0,2.634,2.635,2.636,2.637,2.638,0.0,0.0,0.0,0.0,0.0,426400.0,4459500.0,2921200.0,2576300.0,374700.0,0.0,0.0,0.0,0.0,0.0,1847900.0,6630400.0,3073700.0,1233800.0,3086100.0,0.0,0.0,0.0,0.0,0.0
20230904093550768,SSE,SSE.ETF.510050,2.633,2.633,2.635,2.626,0.0,2.871,2.349,95797000.0,80200.0,252102450.0,211167.0,0.0,0.0,20230904,20230904,93550769,2.61,0.0,0.0,2.633,2.632,2.631,2.63,2.629,0.0,0.0,0.0,0.0,0.0,2.634,2.635,2.636,2.637,2.638,0.0,0.0,0.0,0.0,0.0,346900.0,5419200.0,2921200.0,2726300.0,451200.0,0.0,0.0,0.0,0.0,0.0,2008900.0,7524400.0,3677600.0,1190200.0,3086100.0,0.0,0.0,0.0,0.0,0.0
20230904093553752,SSE,SSE.ETF.510050,2.633,2.633,2.635,2.626,0.0,2.871,2.349,95823600.0,26600.0,252172487.0,70037.0,0.0,0.0,20230904,20230904,93553753,2.61,0.0,0.0,2.633,2.632,2.631,2.63,2.629,0.0,0.0,0.0,0.0,0.0,2.634,2.635,2.636,2.637,2.638,0.0,0.0,0.0,0.0,0.0,327900.0,5359900.0,2312200.0,2642300.0,451200.0,0.0,0.0,0.0,0.0,0.0,2436500.0,6663900.0,3677600.0,1102200.0,3089100.0,0.0,0.0,0.0,0.0,0.0
20230904093556768,SSE,SSE.ETF.510050,2.633,2.633,2.635,2.626,0.0,2.871,2.349,95979000.0,155400.0,252581771.0,409284.0,0.0,0.0,20230904,20230904,93556769,2.61,0.0,0.0,2.633,2.632,2.631,2.63,2.629,0.0,0.0,0.0,0.0,0.0,2.634,2.635,2.636,2.637,2.638,0.0,0.0,0.0,0.0,0.0,459900.0,5359900.0,2307500.0,2492300.0,451200.0,0.0,0.0,0.0,0.0,0.0,2554600.0,6590100.0,4562400.0,1325200.0,3089100.0,0.0,0.0,0.0,0.0,0.0
20230904093559704,SSE,SSE.ETF.510050,2.633,2.633,2.635,2.626,0.0,2.871,2.349,96121300.0,142300.0,252956447.0,374676.0,0.0,0.0,20230904,20230904,93559706,2.61,0.0,0.0,2.633,2.632,2.631,2.63,2.629,0.0,0.0,0.0,0.0,0.0,2.634,2.635,2.636,2.637,2.638,0.0,0.0,0.0,0.0,0.0,1580400.0,5617600.0,2395500.0,2482300.0,451200.0,0.0,0.0,0.0,0.0,0.0,2248900.0,6604900.0,4960400.0,1335200.0,3124900.0,0.0,0.0,0.0,0.0,0.0
20230904093602736,SSE,SSE.ETF.510050,2.634,2.633,2.635,2.626,0.0,2.871,2.349,96860800.0,739500.0,254903767.0,1947320.0,0.0,0.0,20230904,20230904,93602738,2.61,0.0,0.0,2.633,2.632,2.631,2.63,2.629,0.0,0.0,0.0,0.0,0.0,2.634,2.635,2.636,2.637,2.638,0.0,0.0,0.0,0.0,0.0,2274700.0,7560700.0,2485700.0,982300.0,464700.0,0.0,0.0,0.0,0.0,0.0,1811100.0,6616700.0,4970400.0,1051000.0,2691400.0,0.0,0.0,0.0,0.0,0.0
20230904093605752,SSE,SSE.ETF.510050,2.634,2.633,2.635,2.626,0.0,2.871,2.349,96975600.0,114800.0,255206037.0,302270.0,0.0,0.0,20230904,20230904,93605753,2.61,0.0,0.0,2.633,2.632,2.631,2.63,2.629,0.0,0.0,0.0,0.0,0.0,2.634,2.635,2.636,2.637,2.638,0.0,0.0,0.0,0.0,0.0,2088500.0,5507100.0,3385700.0,2342300.0,621200.0,0.0,0.0,0.0,0.0,0.0,2277700.0,7525700.0,3760400.0,1192000.0,2618200.0,0.0,0.0,0.0,0.0,0.0
20230904093608720,SSE,SSE.ETF.510050,2.634,2.633,2.635,2.626,0.0,2.871,2.349,97329800.0,354200.0,256138888.0,932851.0,0.0,0.0,20230904,20230904,93608722,2.61,0.0,0.0,2.633,2.632,2.631,2.63,2.629,0.0,0.0,0.0,0.0,0.0,2.634,2.635,2.636,2.637,2.638,0.0,0.0,0.0,0.0,0.0,2102900.0,5506900.0,3385700.0,2940300.0,464700.0,0.0,0.0,0.0,0.0,0.0,2339800.0,6639700.0,4675800.0,1176600.0,3296700.0,0.0,0.0,0.0,0.0,0.0
20230904093611720,SSE,SSE.ETF.510050,2.634,2.633,2.635,2.626,0.0,2.871,2.349,97770200.0,440400.0,257298889.0,1160001.0,0.0,0.0,20230904,20230904,93611722,2.61,0.0,0.0,2.633,2.632,2.631,2.63,2.629,0.0,0.0,0.0,0.0,0.0,2.634,2.635,2.636,2.637,2.638,0.0,0.0,0.0,0.0,0.0,3787800.0,6563000.0,2398800.0,1269300.0,464700.0,0.0,0.0,0.0,0.0,0.0,1519900.0,6677000.0,4941400.0,1349100.0,2701700.0,0.0,0.0,0.0,0.0,0.0
20230904093614704,SSE,SSE.ETF.510050,2.634,2.633,2.635,2.626,0.0,2.871,2.349,98107800.0,337600.0,258188117.0,889228.0,0.0,0.0,20230904,20230904,93614706,2.61,0.0,0.0,2.633,2.632,2.631,2.63,2.629,0.0,0.0,0.0,0.0,0.0,2.634,2.635,2.636,2.637,2.638,0.0,0.0,0.0,0.0,0.0,2277600.0,6667900.0,2488800.0,2679300.0,541200.0,0.0,0.0,0.0,0.0,0.0,1267000.0,6591000.0,4941500.0,1349100.0,2625200.0,0.0,0.0,0.0,0.0,0.0
20230904093617704,SSE,SSE.ETF.510050,2.634,2.633,2.635,2.626,0.0,2.871,2.349,99319200.0,1211400.0,261378939.0,3190822.0,0.0,0.0,20230904,20230904,93617706,2.61,0.0,0.0,2.633,2.632,2.631,2.63,2.629,0.0,0.0,0.0,0.0,0.0,2.634,2.635,2.636,2.637,2.638,0.0,0.0,0.0,0.0,0.0,2866600.0,6619000.0,2395800.0,1090300.0,622700.0,0.0,0.0,0.0,0.0,0.0,82700.0,6462100.0,4854500.0,1261100.0,2628200.0,0.0,0.0,0.0,0.0,0.0
20230904093620704,SSE,SSE.ETF.510050,2.633,2.633,2.635,2.626,0.0,2.871,2.349,100664300.0,1345100.0,264920600.0,3541661.0,0.0,0.0,20230904,20230904,93620706,2.61,0.0,0.0,2.633,2.632,2.631,2.63,2.629,0.0,0.0,0.0,0.0,0.0,2.634,2.635,2.636,2.637,2.638,0.0,0.0,0.0,0.0,0.0,52300.0,4464200.0,2483800.0,3138300.0,546200.0,0.0,0.0,0.0,0.0,0.0,1143700.0,6498400.0,3132300.0,1199100.0,2706100.0,0.0,0.0,0.0,0.0,0.0
20230904093623704,SSE,SSE.ETF.510050,2.634,2.633,2.635,2.626,0.0,2.871,2.349,100775100.0,110800.0,265212394.0,291794.0,0.0,0.0,20230904,20230904,93623706,2.61,0.0,0.0,2.633,2.632,2.631,2.63,2.629,0.0,0.0,0.0,0.0,0.0,2.634,2.635,2.636,2.637,2.638,0.0,0.0,0.0,0.0,0.0,3300300.0,4774200.0,2601800.0,1258500.0,542700.0,0.0,0.0,0.0,0.0,0.0,855900.0,6110500.0,4943900.0,1199100.0,2631600.0,0.0,0.0,0.0,0.0,0.0
20230904093626704,SSE,SSE.ETF.510050,2.633,2.633,2.635,2.626,0.0,2.871,2.349,100841800.0,66700.0,265388035.0,175641.0,0.0,0.0,20230904,20230904,93626706,2.61,0.0,0.0,2.633,2.632,2.631,2.63,2.629,0.0,0.0,0.0,0.0,0.0,2.634,2.635,2.636,2.637,2.638,0.0,0.0,0.0,0.0,0.0,1913700.0,6576800.0,2601800.0,2758500.0,542700.0,0.0,0.0,0.0,0.0,0.0,852100.0,6120700.0,4983900.0,1353000.0,2631600.0,0.0,0.0,0.0,0.0,0.0
20230904093629784,SSE,SSE.ETF.510050,2.633,2.633,2.635,2.626,0.0,2.871,2.349,101915300.0,1073500.0,268214581.0,2826546.0,0.0,0.0,20230904,20230904,93629784,2.61,0.0,0.0,2.633,2.632,2.631,2.63,2.629,0.0,0.0,0.0,0.0,0.0,2.634,2.635,2.636,2.637,2.638,0.0,0.0,0.0,0.0,0.0,719500.0,5409600.0,3501800.0,3143500.0,612700.0,0.0,0.0,0.0,0.0,0.0,3310600.0,7035700.0,2289300.0,1187600.0,3231700.0,0.0,0.0,0.0,0.0,0.0
20230904093632704,SSE,SSE.ETF.510050,2.633,2.633,2.635,2.626,0.0,2.871,2.349,102678000.0,762700.0,270222792.0,2008211.0,0.0,0.0,20230904,20230904,93632706,2.61,0.0,0.0,2.632,2.631,2.63,2.629,2.628,0.0,0.0,0.0,0.0,0.0,2.633,2.634,2.635,2.636,2.637,0.0,0.0,0.0,0.0,0.0,5370200.0,3413800.0,3135500.0,552700.0,1230800.0,0.0,0.0,0.0,0.0,0.0,459300.0,3554000.0,7123400.0,2201300.0,1099600.0,0.0,0.0,0.0,0.0,0.0
20230904093635752,SSE,SSE.ETF.510050,2.633,2.633,2.635,2.626,0.0,2.871,2.349,103274700.0,596700.0,271794303.0,1571511.0,0.0,0.0,20230904,20230904,93635753,2.61,0.0,0.0,2.633,2.632,2.631,2.63,2.629,0.0,0.0,0.0,0.0,0.0,2.634,2.635,2.636,2.637,2.638,0.0,0.0,0.0,0.0,0.0,1941000.0,6266800.0,3369100.0,3071500.0,564200.0,0.0,0.0,0.0,0.0,0.0,1968600.0,6322500.0,4690300.0,1189600.0,3308200.0,0.0,0.0,0.0,0.0,0.0
20230904093638704,SSE,SSE.ETF.510050,2.634,2.633,2.635,2.626,0.0,2.871,2.349,104029400.0,754700.0,273781574.0,1987271.0,0.0,0.0,20230904,20230904,93638706,2.61,0.0,0.0,2.633,2.632,2.631,2.63,2.629,0.0,0.0,0.0,0.0,0.0,2.634,2.635,2.636,2.637,2.638,0.0,0.0,0.0,0.0,0.0,4977700.0,6576800.0,3369100.0,2851500.0,564200.0,0.0,0.0,0.0,0.0,0.0,1603800.0,6323600.0,4984900.0,1111700.0,3608200.0,0.0,0.0,0.0,0.0,0.0
20230904093641704,SSE,SSE.ETF.510050,2.634,2.633,2.635,2.626,0.0,2.871,2.349,105966600.0,1937200.0,278883124.0,5101550.0,0.0,0.0,20230904,20230904,93641706,2.61,0.0,0.0,2.633,2.632,2.631,2.63,2.629,0.0,0.0,0.0,0.0,0.0,2.634,2.635,2.636,2.637,2.638,0.0,0.0,0.0,0.0,0.0,3798500.0,7469600.0,2578500.0,1281500.0,553200.0,0.0,0.0,0.0,0.0,0.0,627800.0,6276100.0,4994900.0,1349700.0,3550800.0,0.0,0.0,0.0,0.0,0.0
20230904093644784,SSE,SSE.ETF.510050,2.634,2.633,2.635,2.626,0.0,2.871,2.349,106679400.0,712800.0,280760640.0,1877516.0,0.0,0.0,20230904,20230904,93644785,2.61,0.0,0.0,2.634,2.633,2.632,2.631,2.63,0.0,0.0,0.0,0.0,0.0,2.635,2.636,2.637,2.638,2.639,0.0,0.0,0.0,0.0,0.0,1997200.0,6207600.0,7559600.0,2489500.0,1281500.0,0.0,0.0,0.0,0.0,0.0,6296300.0,4999900.0,1068700.0,3026300.0,3189000.0,0.0,0.0,0.0,0.0,0.0
20230904093647720,SSE,SSE.ETF.510050,2.634,2.633,2.635,2.626,0.0,2.871,2.349,107181300.0,501900.0,282082759.0,1322119.0,0.0,0.0,20230904,20230904,93647722,2.61,0.0,0.0,2.634,2.633,2.632,2.631,2.63,0.0,0.0,0.0,0.0,0.0,2.635,2.636,2.637,2.638,2.639,0.0,0.0,0.0,0.0,0.0,1760600.0,6807700.0,6804700.0,2579500.0,1291500.0,0.0,0.0,0.0,0.0,0.0,5622700.0,5003900.0,1092700.0,2866600.0,3278000.0,0.0,0.0,0.0,0.0,0.0
20230904093650784,SSE,SSE.ETF.510050,2.634,2.633,2.635,2.626,0.0,2.871,2.349,107407000.0,225700.0,282677253.0,594494.0,0.0,0.0,20230904,20230904,93650784,2.61,0.0,0.0,2.634,2.633,2.632,2.631,2.63,0.0,0.0,0.0,0.0,0.0,2.635,2.636,2.637,2.638,2.639,0.0,0.0,0.0,0.0,0.0,1753800.0,3077800.0,7413700.0,2579500.0,1291500.0,0.0,0.0,0.0,0.0,0.0,6383500.0,5014400.0,941900.0,2866600.0,3288000.0,0.0,0.0,0.0,0.0,0.0
20230904093653720,SSE,SSE.ETF.510050,2.634,2.633,2.635,2.626,0.0,2.871,2.349,109250900.0,1843900.0,287534095.0,4856842.0,0.0,0.0,20230904,20230904,93653722,2.61,0.0,0.0,2.633,2.632,2.631,2.63,2.629,0.0,0.0,0.0,0.0,0.0,2.634,2.635,2.636,2.637,2.638,0.0,0.0,0.0,0.0,0.0,2487700.0,7433700.0,2181500.0,2853500.0,463200.0,0.0,0.0,0.0,0.0,0.0,514900.0,6428100.0,4926800.0,1484900.0,2866600.0,0.0,0.0,0.0,0.0,0.0
20230904093656704,SSE,SSE.ETF.510050,2.633,2.633,2.635,2.626,0.0,2.871,2.349,109274300.0,23400.0,287595718.0,61623.0,0.0,0.0,20230904,20230904,93656706,2.61,0.0,0.0,2.633,2.632,2.631,2.63,2.629,0.0,0.0,0.0,0.0,0.0,2.634,2.635,2.636,2.637,2.638,0.0,0.0,0.0,0.0,0.0,2170300.0,6443700.0,3479600.0,2931500.0,476700.0,0.0,0.0,0.0,0.0,0.0,694000.0,7180200.0,4114800.0,1262900.0,3159000.0,0.0,0.0,0.0,0.0,0.0
20230904093659704,SSE,SSE.ETF.510050,2.633,2.633,2.635,2.626,0.0,2.871,2.349,109288800.0,14500.0,287633907.0,38189.0,0.0,0.0,20230904,20230904,93659706,2.61,0.0,0.0,2.633,2.632,2.631,2.63,2.629,0.0,0.0,0.0,0.0,0.0,2.634,2.635,2.636,2.637,2.638,0.0,0.0,0.0,0.0,0.0,2318000.0,6456200.0,3188600.0,2931500.0,476700.0,0.0,0.0,0.0,0.0,0.0,3059000.0,7211000.0,2655000.0,1263800.0,3159000.0,0.0,0.0,0.0,0.0,0.0
20230904093702704,SSE,SSE.ETF.510050,2.633,2.633,2.635,2.626,0.0,2.871,2.349,109475800.0,187000.0,288126287.0,492380.0,0.0,0.0,20230904,20230904,93702706,2.61,0.0,0.0,2.633,2.632,2.631,2.63,2.629,0.0,0.0,0.0,0.0,0.0,2.634,2.635,2.636,2.637,2.638,0.0,0.0,0.0,0.0,0.0,1839900.0,5567600.0,3188600.0,2931500.0,476700.0,0.0,0.0,0.0,0.0,0.0,3307900.0,7216000.0,2675700.0,1272900.0,3859000.0,0.0,0.0,0.0,0.0,0.0
20230904093705704,SSE,SSE.ETF.510050,2.634,2.633,2.635,2.626,0.0,2.871,2.349,110496700.0,1020900.0,290815272.0,2688985.0,0.0,0.0,20230904,20230904,93705706,2.61,0.0,0.0,2.633,2.632,2.631,2.63,2.629,0.0,0.0,0.0,0.0,0.0,2.634,2.635,2.636,2.637,2.638,0.0,0.0,0.0,0.0,0.0,3134700.0,6467600.0,2269600.0,1895700.0,483300.0,0.0,0.0,0.0,0.0,0.0,409000.0,6010000.0,5060300.0,1752300.0,3260100.0,0.0,0.0,0.0,0.0,0.0
20230904093708704,SSE,SSE.ETF.510050,2.634,2.633,2.635,2.626,0.0,2.871,2.349,111375100.0,878400.0,293128415.0,2313143.0,0.0,0.0,20230904,20230904,93708706,2.61,0.0,0.0,2.634,2.633,2.632,2.631,2.63,0.0,0.0,0.0,0.0,0.0,2.635,2.636,2.637,2.638,2.639,0.0,0.0,0.0,0.0,0.0,1737900.0,3483900.0,6467600.0,2191600.0,1208400.0,0.0,0.0,0.0,0.0,0.0,5986700.0,4972300.0,1664300.0,3271500.0,3312700.0,0.0,0.0,0.0,0.0,0.0
20230904093711704,SSE,SSE.ETF.510050,2.634,2.633,2.635,2.626,0.0,2.871,2.349,111847200.0,472100.0,294371927.0,1243512.0,0.0,0.0,20230904,20230904,93711706,2.61,0.0,0.0,2.634,2.633,2.632,2.631,2.63,0.0,0.0,0.0,0.0,0.0,2.635,2.636,2.637,2.638,2.639,0.0,0.0,0.0,0.0,0.0,4004900.0,4109400.0,6555600.0,2369600.0,1308700.0,0.0,0.0,0.0,0.0,0.0,6020100.0,4972300.0,1781000.0,3193000.0,3390200.0,0.0,0.0,0.0,0.0,0.0
20230904093714736,SSE,SSE.ETF.510050,2.634,2.633,2.635,2.626,0.0,2.871,2.349,112494400.0,647200.0,296076951.0,1705024.0,0.0,0.0,20230904,20230904,93714737,2.61,0.0,0.0,2.634,2.633,2.632,2.631,2.63,0.0,0.0,0.0,0.0,0.0,2.635,2.636,2.637,2.638,2.639,0.0,0.0,0.0,0.0,0.0,3732500.0,4957100.0,6555600.0,2369600.0,1308700.0,0.0,0.0,0.0,0.0,0.0,5738700.0,4972500.0,1525400.0,3093000.0,3496200.0,0.0,0.0,0.0,0.0,0.0
20230904093717784,SSE,SSE.ETF.510050,2.634,2.633,2.635,2.626,0.0,2.871,2.349,113176000.0,681600.0,297872496.0,1795545.0,0.0,0.0,20230904,20230904,93717784,2.61,0.0,0.0,2.634,2.633,2.632,2.631,2.63,0.0,0.0,0.0,0.0,0.0,2.635,2.636,2.637,2.638,2.639,0.0,0.0,0.0,0.0,0.0,3778700.0,4957500.0,5745600.0,2359600.0,1228700.0,0.0,0.0,0.0,0.0,0.0,5762100.0,4976300.0,1525400.0,3093500.0,3496200.0,0.0,0.0,0.0,0.0,0.0
20230904093720704,SSE,SSE.ETF.510050,2.634,2.633,2.635,2.626,0.0,2.871,2.349,113407300.0,231300.0,298481882.0,609386.0,0.0,0.0,20230904,20230904,93720706,2.61,0.0,0.0,2.634,2.633,2.632,2.631,2.63,0.0,0.0,0.0,0.0,0.0,2.635,2.636,2.637,2.638,2.639,0.0,0.0,0.0,0.0,0.0,4741000.0,5563300.0,5436600.0,2209600.0,1228800.0,0.0,0.0,0.0,0.0,0.0,5502500.0,4982300.0,1525400.0,3243500.0,3501800.0,0.0,0.0,0.0,0.0,0.0
20230904093723720,SSE,SSE.ETF.510050,2.634,2.633,2.635,2.626,0.0,2.871,2.349,113486600.0,79300.0,298690765.0,208883.0,0.0,0.0,20230904,20230904,93723722,2.61,0.0,0.0,2.634,2.633,2.632,2.631,2.63,0.0,0.0,0.0,0.0,0.0,2.635,2.636,2.637,2.638,2.639,0.0,0.0,0.0,0.0,0.0,4769600.0,5481600.0,5436600.0,2209600.0,1240800.0,0.0,0.0,0.0,0.0,0.0,5644800.0,4989900.0,1525400.0,3215700.0,3511800.0,0.0,0.0,0.0,0.0,0.0
20230904093726720,SSE,SSE.ETF.510050,2.634,2.633,2.635,2.626,0.0,2.871,2.349,114053500.0,566900.0,300183980.0,1493215.0,0.0,0.0,20230904,20230904,93726722,2.61,0.0,0.0,2.634,2.633,2.632,2.631,2.63,0.0,0.0,0.0,0.0,0.0,2.635,2.636,2.637,2.638,2.639,0.0,0.0,0.0,0.0,0.0,4012600.0,3124000.0,6045600.0,2359600.0,1240800.0,0.0,0.0,0.0,0.0,0.0,5712600.0,5010900.0,1837600.0,3065700.0,3511800.0,0.0,0.0,0.0,0.0,0.0
20230904093729752,SSE,SSE.ETF.510050,2.635,2.633,2.635,2.626,0.0,2.871,2.349,114538000.0,484500.0,301460287.0,1276307.0,0.0,0.0,20230904,20230904,93729753,2.61,0.0,0.0,2.634,2.633,2.632,2.631,2.63,0.0,0.0,0.0,0.0,0.0,2.635,2.636,2.637,2.638,2.639,0.0,0.0,0.0,0.0,0.0,2766200.0,2524000.0,6645600.0,2359600.0,2652800.0,0.0,0.0,0.0,0.0,0.0,5654000.0,5010900.0,1837600.0,3080700.0,3411800.0,0.0,0.0,0.0,0.0,0.0
20230904093732704,SSE,SSE.ETF.510050,2.634,2.633,2.635,2.626,0.0,2.871,2.349,114580400.0,42400.0,301571969.0,111682.0,0.0,0.0,20230904,20230904,93732706,2.61,0.0,0.0,2.634,2.633,2.632,2.631,2.63,0.0,0.0,0.0,0.0,0.0,2.635,2.636,2.637,2.638,2.639,0.0,0.0,0.0,0.0,0.0,1811900.0,1164000.0,5667600.0,3401600.0,2652800.0,0.0,0.0,0.0,0.0,0.0,6988800.0,4128300.0,1285100.0,3092700.0,3411800.0,0.0,0.0,0.0,0.0,0.0
20230904093735736,SSE,SSE.ETF.510050,2.634,2.633,2.635,2.626,0.0,2.871,2.349,115487600.0,907200.0,303961653.0,2389684.0,0.0,0.0,20230904,20230904,93735738,2.61,0.0,0.0,2.634,2.633,2.632,2.631,2.63,0.0,0.0,0.0,0.0,0.0,2.635,2.636,2.637,2.638,2.639,0.0,0.0,0.0,0.0,0.0,1026400.0,1111700.0,3318000.0,4188600.0,2882800.0,0.0,0.0,0.0,0.0,0.0,6788200.0,4106800.0,1383100.0,3798700.0,2811800.0,0.0,0.0,0.0,0.0,0.0
20230904093738704,SSE,SSE.ETF.510050,2.634,2.633,2.635,2.626,0.0,2.871,2.349,116230100.0,742500.0,305917538.0,1955885.0,0.0,0.0,20230904,20230904,93738706,2.61,0.0,0.0,2.633,2.632,2.631,2.63,2.629,0.0,0.0,0.0,0.0,0.0,2.634,2.635,2.636,2.637,2.638,0.0,0.0,0.0,0.0,0.0,1113100.0,2718000.0,3888600.0,3702800.0,2166000.0,0.0,0.0,0.0,0.0,0.0,765900.0,5948200.0,4438400.0,1483100.0,3919800.0,0.0,0.0,0.0,0.0,0.0
20230904093741704,SSE,SSE.ETF.510050,2.633,2.633,2.635,2.626,0.0,2.871,2.349,116240400.0,10300.0,305944663.0,27125.0,0.0,0.0,20230904,20230904,93741706,2.61,0.0,0.0,2.633,2.632,2.631,2.63,2.629,0.0,0.0,0.0,0.0,0.0,2.634,2.635,2.636,2.637,2.638,0.0,0.0,0.0,0.0,0.0,942600.0,2518000.0,3708600.0,3811800.0,2083400.0,0.0,0.0,0.0,0.0,0.0,3344500.0,6094500.0,2613000.0,2083100.0,3583200.0,0.0,0.0,0.0,0.0,0.0
20230904093744768,SSE,SSE.ETF.510050,2.634,2.633,2.635,2.626,0.0,2.871,2.349,116597100.0,356700.0,306884141.0,939478.0,0.0,0.0,20230904,20230904,93744769,2.61,0.0,0.0,2.633,2.632,2.631,2.63,2.629,0.0,0.0,0.0,0.0,0.0,2.634,2.635,2.636,2.637,2.638,0.0,0.0,0.0,0.0,0.0,745800.0,2518000.0,2808500.0,4711800.0,2083400.0,0.0,0.0,0.0,0.0,0.0,3402400.0,6103600.0,2613800.0,2083100.0,3593900.0,0.0,0.0,0.0,0.0,0.0
20230904093747720,SSE,SSE.ETF.510050,2.633,2.633,2.635,2.626,0.0,2.871,2.349,117340500.0,743400.0,308841514.0,1957373.0,0.0,0.0,20230904,20230904,93747722,2.61,0.0,0.0,2.632,2.631,2.63,2.629,2.628,0.0,0.0,0.0,0.0,0.0,2.633,2.634,2.635,2.636,2.637,0.0,0.0,0.0,0.0,0.0,409400.0,362900.0,4321800.0,3012400.0,2995800.0,0.0,0.0,0.0,0.0,0.0,639100.0,3169900.0,6102700.0,3161200.0,1295100.0,0.0,0.0,0.0,0.0,0.0
20230904093750704,SSE,SSE.ETF.510050,2.632,2.633,2.635,2.626,0.0,2.871,2.349,117757100.0,416600.0,309938012.0,1096498.0,0.0,0.0,20230904,20230904,93750706,2.61,0.0,0.0,2.631,2.63,2.629,2.628,2.627,0.0,0.0,0.0,0.0,0.0,2.632,2.633,2.634,2.635,2.636,0.0,0.0,0.0,0.0,0.0,212900.0,3420800.0,4150400.0,3139600.0,1254200.0,0.0,0.0,0.0,0.0,0.0,508600.0,1840000.0,3076900.0,6054300.0,3368200.0,0.0,0.0,0.0,0.0,0.0
20230904093753768,SSE,SSE.ETF.510050,2.632,2.633,2.635,2.626,0.0,2.871,2.349,118411100.0,654000.0,311658900.0,1720888.0,0.0,0.0,20230904,20230904,93753769,2.61,0.0,0.0,2.631,2.63,2.629,2.628,2.627,0.0,0.0,0.0,0.0,0.0,2.632,2.633,2.634,2.635,2.636,0.0,0.0,0.0,0.0,0.0,39500.0,3313500.0,4060400.0,2990200.0,1444600.0,0.0,0.0,0.0,0.0,0.0,1852700.0,3561300.0,1650800.0,4708900.0,3314100.0,0.0,0.0,0.0,0.0,0.0
20230904093756736,SSE,SSE.ETF.510050,2.631,2.633,2.635,2.626,0.0,2.871,2.349,118423400.0,12300.0,311691261.0,32361.0,0.0,0.0,20230904,20230904,93756738,2.61,0.0,0.0,2.631,2.63,2.629,2.628,2.627,0.0,0.0,0.0,0.0,0.0,2.632,2.633,2.634,2.635,2.636,0.0,0.0,0.0,0.0,0.0,352600.0,3413500.0,3660400.0,3175200.0,1524600.0,0.0,0.0,0.0,0.0,0.0,1870700.0,3005000.0,1724800.0,5037900.0,3409100.0,0.0,0.0,0.0,0.0,0.0
20230904093759704,SSE,SSE.ETF.510050,2.631,2.633,2.635,2.626,0.0,2.871,2.349,118790700.0,367300.0,312657628.0,966367.0,0.0,0.0,20230904,20230904,93759706,2.61,0.0,0.0,2.631,2.63,2.629,2.628,2.627,0.0,0.0,0.0,0.0,0.0,2.632,2.633,2.634,2.635,2.636,0.0,0.0,0.0,0.0,0.0,298500.0,3413500.0,3660400.0,3175200.0,1428600.0,0.0,0.0,0.0,0.0,0.0,1896900.0,2727100.0,1765900.0,5069900.0,3419100.0,0.0,0.0,0.0,0.0,0.0
20230904093802704,SSE,SSE.ETF.510050,2.631,2.633,2.635,2.626,0.0,2.871,2.349,119058000.0,267300.0,313360896.0,703268.0,0.0,0.0,20230904,20230904,93802706,2.61,0.0,0.0,2.631,2.63,2.629,2.628,2.627,0.0,0.0,0.0,0.0,0.0,2.632,2.633,2.634,2.635,2.636,0.0,0.0,0.0,0.0,0.0,1551700.0,1235500.0,4482400.0,3175200.0,2928600.0,0.0,0.0,0.0,0.0,0.0,1967200.0,3010700.0,2066000.0,4686100.0,3331100.0,0.0,0.0,0.0,0.0,0.0
20230904093805704,SSE,SSE.ETF.510050,2.631,2.633,2.635,2.626,0.0,2.871,2.349,119180500.0,122500.0,313683194.0,322298.0,0.0,0.0,20230904,20230904,93805706,2.61,0.0,0.0,2.631,2.63,2.629,2.628,2.627,0.0,0.0,0.0,0.0,0.0,2.632,2.633,2.634,2.635,2.636,0.0,0.0,0.0,0.0,0.0,794200.0,1185500.0,3698400.0,4164000.0,2812000.0,0.0,0.0,0.0,0.0,0.0,2177500.0,3203000.0,2153800.0,4875400.0,3424800.0,0.0,0.0,0.0,0.0,0.0
20230904093808720,SSE,SSE.ETF.510050,2.631,2.633,2.635,2.626,0.0,2.871,2.349,119657300.0,476800.0,314937654.0,1254460.0,0.0,0.0,20230904,20230904,93808722,2.61,0.0,0.0,2.631,2.63,2.629,2.628,2.627,0.0,0.0,0.0,0.0,0.0,2.632,2.633,2.634,2.635,2.636,0.0,0.0,0.0,0.0,0.0,337400.0,1332800.0,3701400.0,3873000.0,2212000.0,0.0,0.0,0.0,0.0,0.0,2548100.0,2917700.0,2239000.0,4674400.0,3430200.0,0.0,0.0,0.0,0.0,0.0
20230904093811736,SSE,SSE.ETF.510050,2.631,2.633,2.635,2.626,0.0,2.871,2.349,119740900.0,83600.0,315157610.0,219956.0,0.0,0.0,20230904,20230904,93811738,2.61,0.0,0.0,2.631,2.63,2.629,2.628,2.627,0.0,0.0,0.0,0.0,0.0,2.632,2.633,2.634,2.635,2.636,0.0,0.0,0.0,0.0,0.0,892800.0,1433700.0,3613400.0,3785000.0,2812000.0,0.0,0.0,0.0,0.0,0.0,2505200.0,2913800.0,2150700.0,4599200.0,3438000.0,0.0,0.0,0.0,0.0,0.0
20230904093814704,SSE,SSE.ETF.510050,2.631,2.633,2.635,2.626,0.0,2.871,2.349,120645700.0,904800.0,317538149.0,2380539.0,0.0,0.0,20230904,20230904,93814706,2.61,0.0,0.0,2.63,2.629,2.628,2.627,2.626,0.0,0.0,0.0,0.0,0.0,2.631,2.632,2.633,2.634,2.635,0.0,0.0,0.0,0.0,0.0,821400.0,1353600.0,5683000.0,3162000.0,599100.0,0.0,0.0,0.0,0.0,0.0,789100.0,2908700.0,3210300.0,2325800.0,5290300.0,0.0,0.0,0.0,0.0,0.0
20230904093817736,SSE,SSE.ETF.510050,2.63,2.633,2.635,2.626,0.0,2.871,2.349,120721700.0,76000.0,317738078.0,199929.0,0.0,0.0,20230904,20230904,93817737,2.61,0.0,0.0,2.63,2.629,2.628,2.627,2.626,0.0,0.0,0.0,0.0,0.0,2.631,2.632,2.633,2.634,2.635,0.0,0.0,0.0,0.0,0.0,844400.0,433700.0,3716000.0,4176000.0,1936300.0,0.0,0.0,0.0,0.0,0.0,3090000.0,3177400.0,1403200.0,2751000.0,5359500.0,0.0,0.0,0.0,0.0,0.0
20230904093820704,SSE,SSE.ETF.510050,2.63,2.633,2.635,2.626,0.0,2.871,2.349,121382000.0,660300.0,319474668.0,1736590.0,0.0,0.0,20230904,20230904,93820706,2.61,0.0,0.0,2.63,2.629,2.628,2.627,2.626,0.0,0.0,0.0,0.0,0.0,2.631,2.632,2.633,2.634,2.635,0.0,0.0,0.0,0.0,0.0,192200.0,253400.0,1690300.0,4118000.0,3319300.0,0.0,0.0,0.0,0.0,0.0,3164900.0,3482000.0,1357800.0,2775500.0,5376400.0,0.0,0.0,0.0,0.0,0.0
20230904093823704,SSE,SSE.ETF.510050,2.63,2.633,2.635,2.626,0.0,2.871,2.349,123254100.0,1872100.0,324399853.0,4925185.0,0.0,0.0,20230904,20230904,93823706,2.61,0.0,0.0,2.629,2.628,2.627,2.626,2.625,0.0,0.0,0.0,0.0,0.0,2.63,2.631,2.632,2.633,2.634,0.0,0.0,0.0,0.0,0.0,513300.0,1710900.0,2998000.0,3614900.0,1296500.0,0.0,0.0,0.0,0.0,0.0,576100.0,1396300.0,3196700.0,3267800.0,2955500.0,0.0,0.0,0.0,0.0,0.0
20230904093826692,SSE,SSE.ETF.510050,2.628,2.633,2.635,2.626,0.0,2.871,2.349,123643200.0,389100.0,325422757.0,1022904.0,0.0,0.0,20230904,20230904,93826691,2.61,0.0,0.0,2.628,2.627,2.626,2.625,2.624,0.0,0.0,0.0,0.0,0.0,2.63,2.631,2.632,2.633,2.634,0.0,0.0,0.0,0.0,0.0,1585900.0,3033000.0,3508900.0,2890300.0,840200.0,0.0,0.0,0.0,0.0,0.0,1208700.0,1469300.0,3300900.0,2910800.0,3352500.0,0.0,0.0,0.0,0.0,0.0
20230904093829768,SSE,SSE.ETF.510050,2.628,2.633,2.635,2.626,0.0,2.871,2.349,123724700.0,81500.0,325637002.0,214245.0,0.0,0.0,20230904,20230904,93829769,2.61,0.0,0.0,2.629,2.628,2.627,2.626,2.625,0.0,0.0,0.0,0.0,0.0,2.63,2.631,2.632,2.633,2.634,0.0,0.0,0.0,0.0,0.0,362300.0,1517900.0,3583000.0,1918900.0,1313700.0,0.0,0.0,0.0,0.0,0.0,2227600.0,1805400.0,3113600.0,2320800.0,2818400.0,0.0,0.0,0.0,0.0,0.0
20230904093832704,SSE,SSE.ETF.510050,2.629,2.633,2.635,2.626,0.0,2.871,2.349,123738400.0,13700.0,325673021.0,36019.0,0.0,0.0,20230904,20230904,93832706,2.61,0.0,0.0,2.629,2.628,2.627,2.626,2.625,0.0,0.0,0.0,0.0,0.0,2.63,2.631,2.632,2.633,2.634,0.0,0.0,0.0,0.0,0.0,310300.0,2224500.0,5777000.0,2096900.0,1313700.0,0.0,0.0,0.0,0.0,0.0,2164400.0,2130700.0,3184600.0,2105800.0,2828400.0,0.0,0.0,0.0,0.0,0.0
20230904093835704,SSE,SSE.ETF.510050,2.629,2.633,2.635,2.626,0.0,2.871,2.349,123990600.0,252200.0,326336062.0,663041.0,0.0,0.0,20230904,20230904,93835706,2.61,0.0,0.0,2.629,2.628,2.627,2.626,2.625,0.0,0.0,0.0,0.0,0.0,2.63,2.631,2.632,2.633,2.634,0.0,0.0,0.0,0.0,0.0,1275300.0,2224500.0,5467000.0,2387900.0,1390300.0,0.0,0.0,0.0,0.0,0.0,1981000.0,2159200.0,2916000.0,2405800.0,2392200.0,0.0,0.0,0.0,0.0,0.0
20230904093838704,SSE,SSE.ETF.510050,2.629,2.633,2.635,2.626,0.0,2.871,2.349,124855700.0,865100.0,328611140.0,2275078.0,0.0,0.0,20230904,20230904,93838706,2.61,0.0,0.0,2.629,2.628,2.627,2.626,2.625,0.0,0.0,0.0,0.0,0.0,2.63,2.631,2.632,2.633,2.634,0.0,0.0,0.0,0.0,0.0,4392100.0,5182900.0,3316000.0,647900.0,1414100.0,0.0,0.0,0.0,0.0,0.0,294200.0,1212000.0,2900400.0,2495300.0,3168900.0,0.0,0.0,0.0,0.0,0.0
20230904093841704,SSE,SSE.ETF.510050,2.63,2.633,2.635,2.626,0.0,2.871,2.349,125530600.0,674900.0,330386104.0,1774964.0,0.0,0.0,20230904,20230904,93841706,2.61,0.0,0.0,2.63,2.629,2.628,2.627,2.626,0.0,0.0,0.0,0.0,0.0,2.631,2.632,2.633,2.634,2.635,0.0,0.0,0.0,0.0,0.0,2720700.0,6178700.0,4576900.0,3228000.0,647900.0,0.0,0.0,0.0,0.0,0.0,968700.0,2813400.0,3241300.0,3066200.0,5294600.0,0.0,0.0,0.0,0.0,0.0
20230904093844768,SSE,SSE.ETF.510050,2.63,2.633,2.635,2.626,0.0,2.871,2.349,125668100.0,137500.0,330747729.0,361625.0,0.0,0.0,20230904,20230904,93844769,2.61,0.0,0.0,2.63,2.629,2.628,2.627,2.626,0.0,0.0,0.0,0.0,0.0,2.631,2.632,2.633,2.634,2.635,0.0,0.0,0.0,0.0,0.0,6460200.0,5639200.0,3054900.0,1563000.0,804500.0,0.0,0.0,0.0,0.0,0.0,1379800.0,2295100.0,3575500.0,2330600.0,6003700.0,0.0,0.0,0.0,0.0,0.0
20230904093847768,SSE,SSE.ETF.510050,2.63,2.633,2.635,2.626,0.0,2.871,2.349,126409200.0,741100.0,332697282.0,1949553.0,0.0,0.0,20230904,20230904,93847769,2.61,0.0,0.0,2.63,2.629,2.628,2.627,2.626,0.0,0.0,0.0,0.0,0.0,2.631,2.632,2.633,2.634,2.635,0.0,0.0,0.0,0.0,0.0,6881100.0,4106400.0,2904900.0,1663000.0,628600.0,0.0,0.0,0.0,0.0,0.0,306200.0,1245100.0,3389500.0,3380700.0,5850700.0,0.0,0.0,0.0,0.0,0.0
20230904093850720,SSE,SSE.ETF.510050,2.63,2.633,2.635,2.626,0.0,2.871,2.349,127805900.0,1396700.0,336371859.0,3674577.0,0.0,0.0,20230904,20230904,93850722,2.61,0.0,0.0,2.63,2.629,2.628,2.627,2.626,0.0,0.0,0.0,0.0,0.0,2.632,2.633,2.634,2.635,2.636,0.0,0.0,0.0,0.0,0.0,6240600.0,4727400.0,3317100.0,1751000.0,628600.0,0.0,0.0,0.0,0.0,0.0,1053800.0,3389500.0,4059500.0,5694200.0,2845500.0,0.0,0.0,0.0,0.0,0.0
20230904093853704,SSE,SSE.ETF.510050,2.631,2.633,2.635,2.626,0.0,2.871,2.349,128351400.0,545500.0,337807070.0,1435211.0,0.0,0.0,20230904,20230904,93853706,2.61,0.0,0.0,2.631,2.63,2.629,2.628,2.627,0.0,0.0,0.0,0.0,0.0,2.632,2.633,2.634,2.635,2.636,0.0,0.0,0.0,0.0,0.0,324700.0,6245600.0,4737400.0,3426100.0,1656000.0,0.0,0.0,0.0,0.0,0.0,984400.0,3434500.0,4078600.0,5423300.0,3022400.0,0.0,0.0,0.0,0.0,0.0
20230904093856704,SSE,SSE.ETF.510050,2.631,2.633,2.635,2.626,0.0,2.871,2.349,128573300.0,221900.0,338390889.0,583819.0,0.0,0.0,20230904,20230904,93856706,2.61,0.0,0.0,2.631,2.63,2.629,2.628,2.627,0.0,0.0,0.0,0.0,0.0,2.632,2.633,2.634,2.635,2.636,0.0,0.0,0.0,0.0,0.0,124800.0,5514400.0,4387400.0,3138100.0,1732600.0,0.0,0.0,0.0,0.0,0.0,2515400.0,3103300.0,2413200.0,5423300.0,3085900.0,0.0,0.0,0.0,0.0,0.0
20230904093859720,SSE,SSE.ETF.510050,2.631,2.633,2.635,2.626,0.0,2.871,2.349,128732200.0,158900.0,338809038.0,418149.0,0.0,0.0,20230904,20230904,93859722,2.61,0.0,0.0,2.631,2.63,2.629,2.628,2.627,0.0,0.0,0.0,0.0,0.0,2.632,2.633,2.634,2.635,2.636,0.0,0.0,0.0,0.0,0.0,49200.0,5664400.0,5395400.0,3517100.0,1642600.0,0.0,0.0,0.0,0.0,0.0,932500.0,3346500.0,2655600.0,5418600.0,3001500.0,0.0,0.0,0.0,0.0,0.0
20230904093902704,SSE,SSE.ETF.510050,2.631,2.633,2.635,2.626,0.0,2.871,2.349,129081500.0,349300.0,339728046.0,919008.0,0.0,0.0,20230904,20230904,93902706,2.61,0.0,0.0,2.63,2.629,2.628,2.627,2.626,0.0,0.0,0.0,0.0,0.0,2.631,2.632,2.633,2.634,2.635,0.0,0.0,0.0,0.0,0.0,5687900.0,4495400.0,4386100.0,1644600.0,538200.0,0.0,0.0,0.0,0.0,0.0,889200.0,2102100.0,3108300.0,2480300.0,5418600.0,0.0,0.0,0.0,0.0,0.0
20230904093905704,SSE,SSE.ETF.510050,2.631,2.633,2.635,2.626,0.0,2.871,2.349,130205400.0,1123900.0,342685060.0,2957014.0,0.0,0.0,20230904,20230904,93905706,2.61,0.0,0.0,2.631,2.63,2.629,2.628,2.627,0.0,0.0,0.0,0.0,0.0,2.632,2.633,2.634,2.635,2.636,0.0,0.0,0.0,0.0,0.0,73200.0,4457900.0,5745400.0,3001100.0,2051000.0,0.0,0.0,0.0,0.0,0.0,1307400.0,3601000.0,4478700.0,5938600.0,3073200.0,0.0,0.0,0.0,0.0,0.0
20230904093908768,SSE,SSE.ETF.510050,2.631,2.633,2.635,2.626,0.0,2.871,2.349,130376500.0,171100.0,343135224.0,450164.0,0.0,0.0,20230904,20230904,93908769,2.61,0.0,0.0,2.631,2.63,2.629,2.628,2.627,0.0,0.0,0.0,0.0,0.0,2.632,2.633,2.634,2.635,2.636,0.0,0.0,0.0,0.0,0.0,2924300.0,5111200.0,4338400.0,3726100.0,2012600.0,0.0,0.0,0.0,0.0,0.0,1214800.0,3656000.0,4089500.0,5771700.0,3087500.0,0.0,0.0,0.0,0.0,0.0
20230904093911752,SSE,SSE.ETF.510050,2.631,2.633,2.635,2.626,0.0,2.871,2.349,131574400.0,1197900.0,346286899.0,3151675.0,0.0,0.0,20230904,20230904,93911753,2.61,0.0,0.0,2.631,2.63,2.629,2.628,2.627,0.0,0.0,0.0,0.0,0.0,2.632,2.633,2.634,2.635,2.636,0.0,0.0,0.0,0.0,0.0,344200.0,3381700.0,2817900.0,4396900.0,3081600.0,0.0,0.0,0.0,0.0,0.0,1737600.0,3410700.0,4920400.0,5078700.0,3698300.0,0.0,0.0,0.0,0.0,0.0
20230904093914704,SSE,SSE.ETF.510050,2.631,2.633,2.635,2.626,0.0,2.871,2.349,131919300.0,344900.0,347194331.0,907432.0,0.0,0.0,20230904,20230904,93914706,2.61,0.0,0.0,2.63,2.629,2.628,2.627,2.626,0.0,0.0,0.0,0.0,0.0,2.631,2.632,2.633,2.634,2.635,0.0,0.0,0.0,0.0,0.0,1581700.0,2217900.0,4996900.0,3981600.0,639200.0,0.0,0.0,0.0,0.0,0.0,813700.0,1207800.0,3419500.0,5226400.0,5149200.0,0.0,0.0,0.0,0.0,0.0
20230904093917692,SSE,SSE.ETF.510050,2.63,2.633,2.635,2.626,0.0,2.871,2.349,134813500.0,2894200.0,354806067.0,7611736.0,0.0,0.0,20230904,20230904,93917691,2.61,0.0,0.0,2.63,2.629,2.628,2.627,2.626,0.0,0.0,0.0,0.0,0.0,2.631,2.632,2.633,2.634,2.635,0.0,0.0,0.0,0.0,0.0,22900.0,2557900.0,5111900.0,2191000.0,999600.0,0.0,0.0,0.0,0.0,0.0,2171700.0,3067800.0,3482900.0,3731200.0,4977500.0,0.0,0.0,0.0,0.0,0.0
20230904093920704,SSE,SSE.ETF.510050,2.63,2.633,2.635,2.626,0.0,2.871,2.349,134838900.0,25400.0,354872869.0,66802.0,0.0,0.0,20230904,20230904,93920706,2.61,0.0,0.0,2.63,2.629,2.628,2.627,2.626,0.0,0.0,0.0,0.0,0.0,2.631,2.632,2.633,2.634,2.635,0.0,0.0,0.0,0.0,0.0,666600.0,2505200.0,4311900.0,3691000.0,999600.0,0.0,0.0,0.0,0.0,0.0,2840600.0,3101400.0,3592200.0,3631700.0,4979200.0,0.0,0.0,0.0,0.0,0.0
20230904093923692,SSE,SSE.ETF.510050,2.63,2.633,2.635,2.626,0.0,2.871,2.349,134945000.0,106100.0,355151912.0,279043.0,0.0,0.0,20230904,20230904,93923691,2.61,0.0,0.0,2.63,2.629,2.628,2.627,2.626,0.0,0.0,0.0,0.0,0.0,2.631,2.632,2.633,2.634,2.635,0.0,0.0,0.0,0.0,0.0,490400.0,2827200.0,4311900.0,3541000.0,700100.0,0.0,0.0,0.0,0.0,0.0,2727900.0,2551000.0,3845800.0,3697000.0,5324200.0,0.0,0.0,0.0,0.0,0.0
20230904093926688,SSE,SSE.ETF.510050,2.63,2.633,2.635,2.626,0.0,2.871,2.349,135974000.0,1029000.0,357858182.0,2706270.0,0.0,0.0,20230904,20230904,93926690,2.61,0.0,0.0,2.63,2.629,2.628,2.627,2.626,0.0,0.0,0.0,0.0,0.0,2.631,2.632,2.633,2.634,2.635,0.0,0.0,0.0,0.0,0.0,488500.0,1587200.0,5299900.0,3691000.0,1000100.0,0.0,0.0,0.0,0.0,0.0,2913500.0,3118600.0,3682100.0,3552100.0,5028200.0,0.0,0.0,0.0,0.0,0.0
20230904093929736,SSE,SSE.ETF.510050,2.63,2.633,2.635,2.626,0.0,2.871,2.349,136020500.0,46500.0,357980477.0,122295.0,0.0,0.0,20230904,20230904,93929737,2.61,0.0,0.0,2.63,2.629,2.628,2.627,2.626,0.0,0.0,0.0,0.0,0.0,2.631,2.632,2.633,2.634,2.635,0.0,0.0,0.0,0.0,0.0,1942000.0,1587200.0,5299900.0,3603000.0,927200.0,0.0,0.0,0.0,0.0,0.0,2936900.0,3147600.0,3973100.0,3486600.0,5078500.0,0.0,0.0,0.0,0.0,0.0
20230904093932768,SSE,SSE.ETF.510050,2.63,2.633,2.635,2.626,0.0,2.871,2.349,136287600.0,267100.0,358682950.0,702473.0,0.0,0.0,20230904,20230904,93932769,2.61,0.0,0.0,2.63,2.629,2.628,2.627,2.626,0.0,0.0,0.0,0.0,0.0,2.631,2.632,2.633,2.634,2.635,0.0,0.0,0.0,0.0,0.0,2791600.0,176600.0,3516700.0,4610000.0,2427200.0,0.0,0.0,0.0,0.0,0.0,3517700.0,3235100.0,3802700.0,2964600.0,5080300.0,0.0,0.0,0.0,0.0,0.0
20230904093935768,SSE,SSE.ETF.510050,2.63,2.633,2.635,2.626,0.0,2.871,2.349,137986300.0,1698700.0,363150531.0,4467581.0,0.0,0.0,20230904,20230904,93935769,2.61,0.0,0.0,2.63,2.629,2.628,2.627,2.626,0.0,0.0,0.0,0.0,0.0,2.631,2.632,2.633,2.634,2.635,0.0,0.0,0.0,0.0,0.0,1092900.0,176600.0,2516700.0,5510000.0,2427200.0,0.0,0.0,0.0,0.0,0.0,3591800.0,3245100.0,3808800.0,2964600.0,5101300.0,0.0,0.0,0.0,0.0,0.0
20230904093938692,SSE,SSE.ETF.510050,2.63,2.633,2.635,2.626,0.0,2.871,2.349,139083900.0,1097600.0,366037219.0,2886688.0,0.0,0.0,20230904,20230904,93938691,2.61,0.0,0.0,2.629,2.628,2.627,2.626,2.625,0.0,0.0,0.0,0.0,0.0,2.63,2.631,2.632,2.633,2.634,0.0,0.0,0.0,0.0,0.0,176600.0,2428700.0,5510000.0,2577200.0,1636000.0,0.0,0.0,0.0,0.0,0.0,127600.0,3938500.0,3236700.0,4320800.0,2374600.0,0.0,0.0,0.0,0.0,0.0
20230904093941704,SSE,SSE.ETF.510050,2.63,2.633,2.635,2.626,0.0,2.871,2.349,139087800.0,3900.0,366047476.0,10257.0,0.0,0.0,20230904,20230904,93941706,2.61,0.0,0.0,2.629,2.628,2.627,2.626,2.625,0.0,0.0,0.0,0.0,0.0,2.63,2.631,2.632,2.633,2.634,0.0,0.0,0.0,0.0,0.0,160400.0,2221100.0,5513000.0,2982200.0,1573700.0,0.0,0.0,0.0,0.0,0.0,2241500.0,4746700.0,3851500.0,2366900.0,2950300.0,0.0,0.0,0.0,0.0,0.0
20230904093944704,SSE,SSE.ETF.510050,2.629,2.633,2.635,2.626,0.0,2.871,2.349,139090000.0,2200.0,366053261.0,5785.0,0.0,0.0,20230904,20230904,93944706,2.61,0.0,0.0,2.629,2.628,2.627,2.626,2.625,0.0,0.0,0.0,0.0,0.0,2.63,2.631,2.632,2.633,2.634,0.0,0.0,0.0,0.0,0.0,498200.0,2483800.0,5101800.0,2612200.0,1650300.0,0.0,0.0,0.0,0.0,0.0,2157700.0,4432900.0,3560000.0,2723700.0,2565700.0,0.0,0.0,0.0,0.0,0.0
20230904093947704,SSE,SSE.ETF.510050,2.629,2.633,2.635,2.626,0.0,2.871,2.349,139119300.0,29300.0,366130291.0,77030.0,0.0,0.0,20230904,20230904,93947706,2.61,0.0,0.0,2.629,2.628,2.627,2.626,2.625,0.0,0.0,0.0,0.0,0.0,2.63,2.631,2.632,2.633,2.634,0.0,0.0,0.0,0.0,0.0,440000.0,2486100.0,5191800.0,2690200.0,1650300.0,0.0,0.0,0.0,0.0,0.0,3247200.0,4730100.0,3540000.0,2811700.0,2575700.0,0.0,0.0,0.0,0.0,0.0
20230904093950704,SSE,SSE.ETF.510050,2.629,2.633,2.635,2.626,0.0,2.871,2.349,139406800.0,287500.0,366886128.0,755837.0,0.0,0.0,20230904,20230904,93950706,2.61,0.0,0.0,2.629,2.628,2.627,2.626,2.625,0.0,0.0,0.0,0.0,0.0,2.63,2.631,2.632,2.633,2.634,0.0,0.0,0.0,0.0,0.0,937100.0,2468800.0,5191800.0,2690200.0,1653700.0,0.0,0.0,0.0,0.0,0.0,3322200.0,4730100.0,3540100.0,2841700.0,2652000.0,0.0,0.0,0.0,0.0,0.0
20230904093953692,SSE,SSE.ETF.510050,2.629,2.633,2.635,2.626,0.0,2.871,2.349,139494400.0,87600.0,367116428.0,230300.0,0.0,0.0,20230904,20230904,93953691,2.61,0.0,0.0,2.629,2.628,2.627,2.626,2.625,0.0,0.0,0.0,0.0,0.0,2.63,2.631,2.632,2.633,2.634,0.0,0.0,0.0,0.0,0.0,986900.0,1894300.0,4291800.0,3018200.0,1653800.0,0.0,0.0,0.0,0.0,0.0,3332800.0,5018100.0,3836100.0,2533700.0,2644800.0,0.0,0.0,0.0,0.0,0.0
20230904093956704,SSE,SSE.ETF.510050,2.629,2.633,2.635,2.626,0.0,2.871,2.349,139660900.0,166500.0,367554157.0,437729.0,0.0,0.0,20230904,20230904,93956706,2.61,0.0,0.0,2.629,2.628,2.627,2.626,2.625,0.0,0.0,0.0,0.0,0.0,2.63,2.631,2.632,2.633,2.634,0.0,0.0,0.0,0.0,0.0,1161300.0,2521200.0,5191800.0,2708200.0,1653800.0,0.0,0.0,0.0,0.0,0.0,3663900.0,4694100.0,3473600.0,2834700.0,2636100.0,0.0,0.0,0.0,0.0,0.0
20230904093959704,SSE,SSE.ETF.510050,2.629,2.633,2.635,2.626,0.0,2.871,2.349,142351300.0,2690400.0,374627259.0,7073102.0,0.0,0.0,20230904,20230904,93959706,2.61,0.0,0.0,2.629,2.628,2.627,2.626,2.625,0.0,0.0,0.0,0.0,0.0,2.63,2.631,2.632,2.633,2.634,0.0,0.0,0.0,0.0,0.0,356000.0,3111200.0,5191800.0,1518200.0,1653800.0,0.0,0.0,0.0,0.0,0.0,2512800.0,4964100.0,2260600.0,2524700.0,2627100.0,0.0,0.0,0.0,0.0,0.0
20230904094002704,SSE,SSE.ETF.510050,2.629,2.633,2.635,2.626,0.0,2.871,2.349,142775100.0,423800.0,375741429.0,1114170.0,0.0,0.0,20230904,20230904,94002706,2.61,0.0,0.0,2.628,2.627,2.626,2.625,2.624,0.0,0.0,0.0,0.0,0.0,2.629,2.63,2.631,2.632,2.633,0.0,0.0,0.0,0.0,0.0,4381200.0,4801800.0,2799700.0,1720400.0,1109200.0,0.0,0.0,0.0,0.0,0.0,79300.0,2878500.0,4355700.0,3760600.0,2534700.0,0.0,0.0,0.0,0.0,0.0
20230904094005720,SSE,SSE.ETF.510050,2.629,2.633,2.635,2.626,0.0,2.871,2.349,143031100.0,256000.0,376414453.0,673024.0,0.0,0.0,20230904,20230904,94005722,2.61,0.0,0.0,2.629,2.628,2.627,2.626,2.625,0.0,0.0,0.0,0.0,0.0,2.63,2.631,2.632,2.633,2.634,0.0,0.0,0.0,0.0,0.0,2445600.0,6428900.0,3804800.0,1064700.0,1438800.0,0.0,0.0,0.0,0.0,0.0,2600800.0,3790500.0,3495700.0,3169700.0,2824700.0,0.0,0.0,0.0,0.0,0.0
20230904094008720,SSE,SSE.ETF.510050,2.629,2.633,2.635,2.626,0.0,2.871,2.349,146382300.0,3351200.0,385227011.0,8812558.0,0.0,0.0,20230904,20230904,94008722,2.61,0.0,0.0,2.629,2.628,2.627,2.626,2.625,0.0,0.0,0.0,0.0,0.0,2.63,2.631,2.632,2.633,2.634,0.0,0.0,0.0,0.0,0.0,6152200.0,6478900.0,3666000.0,854700.0,1263800.0,0.0,0.0,0.0,0.0,0.0,237600.0,3611300.0,3053900.0,2109100.0,3229700.0,0.0,0.0,0.0,0.0,0.0
20230904094011720,SSE,SSE.ETF.510050,2.63,2.633,2.635,2.626,0.0,2.871,2.349,146833400.0,451100.0,386413292.0,1186281.0,0.0,0.0,20230904,20230904,94011722,2.61,0.0,0.0,2.63,2.629,2.628,2.627,2.626,0.0,0.0,0.0,0.0,0.0,2.631,2.632,2.633,2.634,2.635,0.0,0.0,0.0,0.0,0.0,159600.0,7053800.0,4698900.0,3916000.0,766700.0,0.0,0.0,0.0,0.0,0.0,3518100.0,3377100.0,2021200.0,2527000.0,6179700.0,0.0,0.0,0.0,0.0,0.0
20230904094014692,SSE,SSE.ETF.510050,2.63,2.633,2.635,2.626,0.0,2.871,2.349,147258400.0,425000.0,387530886.0,1117594.0,0.0,0.0,20230904,20230904,94014691,2.61,0.0,0.0,2.63,2.629,2.628,2.627,2.626,0.0,0.0,0.0,0.0,0.0,2.631,2.632,2.633,2.634,2.635,0.0,0.0,0.0,0.0,0.0,2013300.0,6954100.0,5204900.0,3989000.0,748300.0,0.0,0.0,0.0,0.0,0.0,3544900.0,3327100.0,2126200.0,2290000.0,6351300.0,0.0,0.0,0.0,0.0,0.0
20230904094017720,SSE,SSE.ETF.510050,2.63,2.633,2.635,2.626,0.0,2.871,2.349,147382300.0,123900.0,387856743.0,325857.0,0.0,0.0,20230904,20230904,94017722,2.61,0.0,0.0,2.63,2.629,2.628,2.627,2.626,0.0,0.0,0.0,0.0,0.0,2.631,2.632,2.633,2.634,2.635,0.0,0.0,0.0,0.0,0.0,2939400.0,7582100.0,4304900.0,3679000.0,672200.0,0.0,0.0,0.0,0.0,0.0,2039600.0,2763700.0,2977200.0,2750000.0,6428000.0,0.0,0.0,0.0,0.0,0.0
20230904094020768,SSE,SSE.ETF.510050,2.63,2.633,2.635,2.626,0.0,2.871,2.349,148566100.0,1183800.0,390970141.0,3113398.0,0.0,0.0,20230904,20230904,94020769,2.61,0.0,0.0,2.63,2.629,2.628,2.627,2.626,0.0,0.0,0.0,0.0,0.0,2.631,2.632,2.633,2.634,2.635,0.0,0.0,0.0,0.0,0.0,807200.0,5825000.0,5135900.0,4151000.0,1048800.0,0.0,0.0,0.0,0.0,0.0,3675000.0,3466000.0,2373200.0,2290000.0,6051400.0,0.0,0.0,0.0,0.0,0.0
20230904094023692,SSE,SSE.ETF.510050,2.63,2.633,2.635,2.626,0.0,2.871,2.349,150148000.0,1581900.0,395129077.0,4158936.0,0.0,0.0,20230904,20230904,94023691,2.61,0.0,0.0,2.629,2.628,2.627,2.626,2.625,0.0,0.0,0.0,0.0,0.0,2.63,2.631,2.632,2.633,2.634,0.0,0.0,0.0,0.0,0.0,1612900.0,3907100.0,5470000.0,1082200.0,1595900.0,0.0,0.0,0.0,0.0,0.0,22000.0,4283600.0,3236500.0,2450800.0,2588000.0,0.0,0.0,0.0,0.0,0.0
20230904094026752,SSE,SSE.ETF.510050,2.63,2.633,2.635,2.626,0.0,2.871,2.349,150153600.0,5600.0,395143805.0,14728.0,0.0,0.0,20230904,20230904,94026753,2.61,0.0,0.0,2.629,2.628,2.627,2.626,2.625,0.0,0.0,0.0,0.0,0.0,2.63,2.631,2.632,2.633,2.634,0.0,0.0,0.0,0.0,0.0,1762900.0,5057200.0,4297000.0,1185200.0,1309300.0,0.0,0.0,0.0,0.0,0.0,171900.0,4291100.0,3336500.0,2360800.0,2761700.0,0.0,0.0,0.0,0.0,0.0
20230904094029692,SSE,SSE.ETF.510050,2.63,2.633,2.635,2.626,0.0,2.871,2.349,150178500.0,24900.0,395209292.0,65487.0,0.0,0.0,20230904,20230904,94029691,2.61,0.0,0.0,2.629,2.628,2.627,2.626,2.625,0.0,0.0,0.0,0.0,0.0,2.63,2.631,2.632,2.633,2.634,0.0,0.0,0.0,0.0,0.0,1762900.0,5058200.0,4297100.0,1273200.0,1309300.0,0.0,0.0,0.0,0.0,0.0,1385100.0,4294100.0,3336600.0,2453800.0,2765200.0,0.0,0.0,0.0,0.0,0.0
20230904094032704,SSE,SSE.ETF.510050,2.63,2.633,2.635,2.626,0.0,2.871,2.349,150376500.0,198000.0,395729864.0,520572.0,0.0,0.0,20230904,20230904,94032706,2.61,0.0,0.0,2.629,2.628,2.627,2.626,2.625,0.0,0.0,0.0,0.0,0.0,2.63,2.631,2.632,2.633,2.634,0.0,0.0,0.0,0.0,0.0,534300.0,4052400.0,4897100.0,1583200.0,1309700.0,0.0,0.0,0.0,0.0,0.0,2538300.0,4309600.0,3036600.0,1838800.0,3064500.0,0.0,0.0,0.0,0.0,0.0
20230904094035704,SSE,SSE.ETF.510050,2.629,2.633,2.635,2.626,0.0,2.871,2.349,150848100.0,471600.0,396969708.0,1239844.0,0.0,0.0,20230904,20230904,94035706,2.61,0.0,0.0,2.629,2.628,2.627,2.626,2.625,0.0,0.0,0.0,0.0,0.0,2.63,2.631,2.632,2.633,2.634,0.0,0.0,0.0,0.0,0.0,566000.0,3715200.0,5285100.0,1878300.0,1609700.0,0.0,0.0,0.0,0.0,0.0,3586200.0,4302500.0,3424600.0,2210800.0,2794600.0,0.0,0.0,0.0,0.0,0.0
20230904094038720,SSE,SSE.ETF.510050,2.63,2.633,2.635,2.626,0.0,2.871,2.349,152383600.0,1535500.0,401008038.0,4038330.0,0.0,0.0,20230904,20230904,94038722,2.61,0.0,0.0,2.629,2.628,2.627,2.626,2.625,0.0,0.0,0.0,0.0,0.0,2.63,2.631,2.632,2.633,2.634,0.0,0.0,0.0,0.0,0.0,3448000.0,5380200.0,2126100.0,1278300.0,1309800.0,0.0,0.0,0.0,0.0,0.0,2067300.0,2505500.0,3517800.0,3592100.0,2647600.0,0.0,0.0,0.0,0.0,0.0
20230904094041736,SSE,SSE.ETF.510050,2.63,2.633,2.635,2.626,0.0,2.871,2.349,153278700.0,895100.0,403362006.0,2353968.0,0.0,0.0,20230904,20230904,94041738,2.61,0.0,0.0,2.629,2.628,2.627,2.626,2.625,0.0,0.0,0.0,0.0,0.0,2.63,2.631,2.632,2.633,2.634,0.0,0.0,0.0,0.0,0.0,3689000.0,4239200.0,3726100.0,1186300.0,1389800.0,0.0,0.0,0.0,0.0,0.0,2627100.0,3632600.0,3668600.0,2384200.0,2647600.0,0.0,0.0,0.0,0.0,0.0
20230904094044704,SSE,SSE.ETF.510050,2.629,2.633,2.635,2.626,0.0,2.871,2.349,153937700.0,659000.0,405095117.0,1733111.0,0.0,0.0,20230904,20230904,94044706,2.61,0.0,0.0,2.629,2.628,2.627,2.626,2.625,0.0,0.0,0.0,0.0,0.0,2.63,2.631,2.632,2.633,2.634,0.0,0.0,0.0,0.0,0.0,3850500.0,5279200.0,3626200.0,1386300.0,1389800.0,0.0,0.0,0.0,0.0,0.0,2065600.0,3642600.0,3696300.0,2444200.0,2501000.0,0.0,0.0,0.0,0.0,0.0
20230904094047704,SSE,SSE.ETF.510050,2.629,2.633,2.635,2.626,0.0,2.871,2.349,155447300.0,1509600.0,409064005.0,3968888.0,0.0,0.0,20230904,20230904,94047706,2.61,0.0,0.0,2.629,2.628,2.627,2.626,2.625,0.0,0.0,0.0,0.0,0.0,2.63,2.631,2.632,2.633,2.634,0.0,0.0,0.0,0.0,0.0,1531900.0,5579200.0,3876200.0,1436300.0,1389800.0,0.0,0.0,0.0,0.0,0.0,1780100.0,2645600.0,3096300.0,2316100.0,2174700.0,0.0,0.0,0.0,0.0,0.0
20230904094050692,SSE,SSE.ETF.510050,2.629,2.633,2.635,2.626,0.0,2.871,2.349,155718300.0,271000.0,409776473.0,712468.0,0.0,0.0,20230904,20230904,94050691,2.61,0.0,0.0,2.629,2.628,2.627,2.626,2.625,0.0,0.0,0.0,0.0,0.0,2.63,2.631,2.632,2.633,2.634,0.0,0.0,0.0,0.0,0.0,2200500.0,3531200.0,5285200.0,1536300.0,1313200.0,0.0,0.0,0.0,0.0,0.0,2301800.0,4331900.0,3313100.0,2295700.0,2851400.0,0.0,0.0,0.0,0.0,0.0
20230904094053720,SSE,SSE.ETF.510050,2.629,2.633,2.635,2.626,0.0,2.871,2.349,155768000.0,49700.0,409907175.0,130702.0,0.0,0.0,20230904,20230904,94053722,2.61,0.0,0.0,2.629,2.628,2.627,2.626,2.625,0.0,0.0,0.0,0.0,0.0,2.63,2.631,2.632,2.633,2.634,0.0,0.0,0.0,0.0,0.0,2191400.0,3371200.0,5198200.0,1853300.0,1313200.0,0.0,0.0,0.0,0.0,0.0,2321700.0,4641900.0,3376100.0,2418600.0,2946400.0,0.0,0.0,0.0,0.0,0.0
20230904094056720,SSE,SSE.ETF.510050,2.629,2.633,2.635,2.626,0.0,2.871,2.349,157282200.0,1514200.0,413889506.0,3982331.0,0.0,0.0,20230904,20230904,94056722,2.61,0.0,0.0,2.629,2.628,2.627,2.626,2.625,0.0,0.0,0.0,0.0,0.0,2.63,2.631,2.632,2.633,2.634,0.0,0.0,0.0,0.0,0.0,1277100.0,5581200.0,2277200.0,1296300.0,1403200.0,0.0,0.0,0.0,0.0,0.0,1747700.0,3477000.0,3448700.0,4337000.0,3241400.0,0.0,0.0,0.0,0.0,0.0
20230904094059692,SSE,SSE.ETF.510050,2.629,2.633,2.635,2.626,0.0,2.871,2.349,157324900.0,42700.0,414001767.0,112261.0,0.0,0.0,20230904,20230904,94059691,2.61,0.0,0.0,2.629,2.628,2.627,2.626,2.625,0.0,0.0,0.0,0.0,0.0,2.63,2.631,2.632,2.633,2.634,0.0,0.0,0.0,0.0,0.0,1245900.0,4476100.0,3777200.0,2786300.0,1233200.0,0.0,0.0,0.0,0.0,0.0,3400400.0,4028800.0,3418700.0,2843600.0,3151400.0,0.0,0.0,0.0,0.0,0.0
20230904094102736,SSE,SSE.ETF.510050,2.63,2.633,2.635,2.626,0.0,2.871,2.349,157395100.0,70200.0,414186324.0,184557.0,0.0,0.0,20230904,20230904,94102737,2.61,0.0,0.0,2.629,2.628,2.627,2.626,2.625,0.0,0.0,0.0,0.0,0.0,2.63,2.631,2.632,2.633,2.634,0.0,0.0,0.0,0.0,0.0,1339700.0,4376100.0,3486200.0,2884300.0,1233200.0,0.0,0.0,0.0,0.0,0.0,4407300.0,4340900.0,3434100.0,3013200.0,2861400.0,0.0,0.0,0.0,0.0,0.0
20230904094105736,SSE,SSE.ETF.510050,2.629,2.633,2.635,2.626,0.0,2.871,2.349,157673300.0,278200.0,414917712.0,731388.0,0.0,0.0,20230904,20230904,94105738,2.61,0.0,0.0,2.629,2.628,2.627,2.626,2.625,0.0,0.0,0.0,0.0,0.0,2.63,2.631,2.632,2.633,2.634,0.0,0.0,0.0,0.0,0.0,933500.0,3477200.0,4677200.0,2794400.0,1403200.0,0.0,0.0,0.0,0.0,0.0,4429300.0,4330900.0,3434100.0,2864200.0,2965100.0,0.0,0.0,0.0,0.0,0.0
20230904094108704,SSE,SSE.ETF.510050,2.63,2.633,2.635,2.626,0.0,2.871,2.349,157835400.0,162100.0,415343973.0,426261.0,0.0,0.0,20230904,20230904,94108706,2.61,0.0,0.0,2.629,2.628,2.627,2.626,2.625,0.0,0.0,0.0,0.0,0.0,2.63,2.631,2.632,2.633,2.634,0.0,0.0,0.0,0.0,0.0,871500.0,4376200.0,3689300.0,2946400.0,1233200.0,0.0,0.0,0.0,0.0,0.0,4513200.0,4330900.0,3346100.0,2776200.0,2875100.0,0.0,0.0,0.0,0.0,0.0
20230904094111692,SSE,SSE.ETF.510050,2.629,2.633,2.635,2.626,0.0,2.871,2.349,158728900.0,893500.0,417692985.0,2349012.0,0.0,0.0,20230904,20230904,94111691,2.61,0.0,0.0,2.628,2.627,2.626,2.625,2.624,0.0,0.0,0.0,0.0,0.0,2.629,2.63,2.631,2.632,2.633,0.0,0.0,0.0,0.0,0.0,1224200.0,2675600.0,3675400.0,3683200.0,1266100.0,0.0,0.0,0.0,0.0,0.0,2798900.0,5379500.0,4690700.0,1351700.0,2767200.0,0.0,0.0,0.0,0.0,0.0
20230904094114752,SSE,SSE.ETF.510050,2.628,2.633,2.635,2.626,0.0,2.871,2.349,159073100.0,344200.0,418597546.0,904561.0,0.0,0.0,20230904,20230904,94114753,2.61,0.0,0.0,2.628,2.627,2.626,2.625,2.624,0.0,0.0,0.0,0.0,0.0,2.629,2.63,2.631,2.632,2.633,0.0,0.0,0.0,0.0,0.0,884200.0,2675500.0,4078500.0,3476200.0,923100.0,0.0,0.0,0.0,0.0,0.0,2524500.0,5099700.0,4287800.0,1478600.0,2996900.0,0.0,0.0,0.0,0.0,0.0
20230904094117692,SSE,SSE.ETF.510050,2.628,2.633,2.635,2.626,0.0,2.871,2.349,159293800.0,220700.0,419177550.0,580004.0,0.0,0.0,20230904,20230904,94117691,2.61,0.0,0.0,2.628,2.627,2.626,2.625,2.624,0.0,0.0,0.0,0.0,0.0,2.629,2.63,2.631,2.632,2.633,0.0,0.0,0.0,0.0,0.0,667500.0,2975500.0,4378500.0,3797200.0,1013100.0,0.0,0.0,0.0,0.0,0.0,2529700.0,5148700.0,4862800.0,1688600.0,3386900.0,0.0,0.0,0.0,0.0,0.0
20230904094120720,SSE,SSE.ETF.510050,2.628,2.633,2.635,2.626,0.0,2.871,2.349,160591400.0,1297600.0,422587935.0,3410385.0,0.0,0.0,20230904,20230904,94120722,2.61,0.0,0.0,2.627,2.626,2.625,2.624,2.623,0.0,0.0,0.0,0.0,0.0,2.628,2.629,2.63,2.631,2.632,0.0,0.0,0.0,0.0,0.0,2804100.0,4079500.0,3525400.0,1539800.0,1097000.0,0.0,0.0,0.0,0.0,0.0,608700.0,2614600.0,5461900.0,4519900.0,1463900.0,0.0,0.0,0.0,0.0,0.0
20230904094123720,SSE,SSE.ETF.510050,2.627,2.633,2.635,2.626,0.0,2.871,2.349,160891800.0,300400.0,423377086.0,789151.0,0.0,0.0,20230904,20230904,94123722,2.61,0.0,0.0,2.627,2.626,2.625,2.624,2.623,0.0,0.0,0.0,0.0,0.0,2.628,2.629,2.63,2.631,2.632,0.0,0.0,0.0,0.0,0.0,861500.0,2921700.0,4149500.0,3378100.0,1207700.0,0.0,0.0,0.0,0.0,0.0,1206800.0,2693400.0,5616800.0,3445600.0,1789700.0,0.0,0.0,0.0,0.0,0.0
20230904094126692,SSE,SSE.ETF.510050,2.627,2.633,2.635,2.626,0.0,2.871,2.349,161066800.0,175000.0,423836820.0,459734.0,0.0,0.0,20230904,20230904,94126691,2.61,0.0,0.0,2.627,2.626,2.625,2.624,2.623,0.0,0.0,0.0,0.0,0.0,2.628,2.629,2.63,2.631,2.632,0.0,0.0,0.0,0.0,0.0,706300.0,1780000.0,4961500.0,3087100.0,1207700.0,0.0,0.0,0.0,0.0,0.0,1197300.0,4681600.0,5504100.0,3388600.0,1701700.0,0.0,0.0,0.0,0.0,0.0
20230904094129692,SSE,SSE.ETF.510050,2.627,2.633,2.635,2.626,0.0,2.871,2.349,161144600.0,77800.0,424041200.0,204380.0,0.0,0.0,20230904,20230904,94129691,2.61,0.0,0.0,2.627,2.626,2.625,2.624,2.623,0.0,0.0,0.0,0.0,0.0,2.628,2.629,2.63,2.631,2.632,0.0,0.0,0.0,0.0,0.0,607000.0,1930000.0,4149500.0,4075100.0,1284400.0,0.0,0.0,0.0,0.0,0.0,1507100.0,4441000.0,5725900.0,3476600.0,1627000.0,0.0,0.0,0.0,0.0,0.0
20230904094132692,SSE,SSE.ETF.510050,2.626,2.633,2.635,2.626,0.0,2.871,2.349,161902400.0,757800.0,426031923.0,1990723.0,0.0,0.0,20230904,20230904,94132691,2.61,0.0,0.0,2.626,2.625,2.624,2.623,2.622,0.0,0.0,0.0,0.0,0.0,2.627,2.628,2.629,2.63,2.631,0.0,0.0,0.0,0.0,0.0,1929700.0,3549500.0,4975100.0,1284400.0,1229800.0,0.0,0.0,0.0,0.0,0.0,400100.0,1044602.0,4655500.0,5569400.0,3476600.0,0.0,0.0,0.0,0.0,0.0
20230904094135720,SSE,SSE.ETF.510050,2.626,2.633,2.635,2.626,0.0,2.871,2.349,162037200.0,134800.0,426385917.0,353994.0,0.0,0.0,20230904,20230904,94135722,2.61,0.0,0.0,2.626,2.625,2.624,2.623,2.622,0.0,0.0,0.0,0.0,0.0,2.627,2.628,2.629,2.63,2.631,0.0,0.0,0.0,0.0,0.0,1986700.0,3539400.0,4785200.0,1622700.0,1022200.0,0.0,0.0,0.0,0.0,0.0,864800.0,2367302.0,4756000.0,5371300.0,3537200.0,0.0,0.0,0.0,0.0,0.0
20230904094138692,SSE,SSE.ETF.510050,2.626,2.633,2.635,2.626,0.0,2.871,2.349,162255000.0,217800.0,426957868.0,571951.0,0.0,0.0,20230904,20230904,94138691,2.61,0.0,0.0,2.626,2.625,2.624,2.623,2.622,0.0,0.0,0.0,0.0,0.0,2.627,2.628,2.629,2.63,2.631,0.0,0.0,0.0,0.0,0.0,250200.0,3389400.0,4690200.0,1869200.0,1022200.0,0.0,0.0,0.0,0.0,0.0,1062900.0,2367302.0,4767800.0,4325300.0,3024200.0,0.0,0.0,0.0,0.0,0.0
20230904094141692,SSE,SSE.ETF.510050,2.626,2.633,2.635,2.626,0.0,2.871,2.349,162354800.0,99800.0,427219945.0,262077.0,0.0,0.0,20230904,20230904,94141691,2.61,0.0,0.0,2.626,2.625,2.624,2.623,2.622,0.0,0.0,0.0,0.0,0.0,2.627,2.628,2.629,2.63,2.631,0.0,0.0,0.0,0.0,0.0,130000.0,3576400.0,4291200.0,3457200.0,1322200.0,0.0,0.0,0.0,0.0,0.0,2416900.0,3881802.0,4855800.0,4045300.0,2636200.0,0.0,0.0,0.0,0.0,0.0
20230904094144692,SSE,SSE.ETF.510050,2.626,2.633,2.635,2.626,0.0,2.871,2.349,162681400.0,326600.0,428077696.0,857751.0,0.0,0.0,20230904,20230904,94144691,2.61,0.0,0.0,2.625,2.624,2.623,2.622,2.621,0.0,0.0,0.0,0.0,0.0,2.626,2.627,2.628,2.629,2.63,0.0,0.0,0.0,0.0,0.0,3576400.0,3391200.0,4457200.0,1322200.0,965200.0,0.0,0.0,0.0,0.0,0.0,86000.0,2530600.0,3667502.0,4840400.0,4050100.0,0.0,0.0,0.0,0.0,0.0
20230904094147720,SSE,SSE.ETF.510050,2.625,2.633,2.635,2.625,0.0,2.871,2.349,162742800.0,61400.0,428238883.0,161187.0,0.0,0.0,20230904,20230904,94147722,2.61,0.0,0.0,2.625,2.624,2.623,2.622,2.621,0.0,0.0,0.0,0.0,0.0,2.626,2.627,2.628,2.629,2.63,0.0,0.0,0.0,0.0,0.0,3376400.0,4401100.0,3272300.0,1440500.0,1131900.0,0.0,0.0,0.0,0.0,0.0,1220500.0,2592100.0,3706802.0,4640300.0,4135100.0,0.0,0.0,0.0,0.0,0.0
20230904094150692,SSE,SSE.ETF.510050,2.625,2.633,2.635,2.625,0.0,2.871,2.349,162921900.0,179100.0,428709169.0,470286.0,0.0,0.0,20230904,20230904,94150691,2.61,0.0,0.0,2.625,2.624,2.623,2.622,2.621,0.0,0.0,0.0,0.0,0.0,2.626,2.627,2.628,2.629,2.63,0.0,0.0,0.0,0.0,0.0,2785800.0,3201100.0,4781300.0,1440500.0,1055500.0,0.0,0.0,0.0,0.0,0.0,2098700.0,2581600.0,3708302.0,4761600.0,4201200.0,0.0,0.0,0.0,0.0,0.0
20230904094153692,SSE,SSE.ETF.510050,2.626,2.633,2.635,2.625,0.0,2.871,2.349,163038400.0,116500.0,429015053.0,305884.0,0.0,0.0,20230904,20230904,94153691,2.61,0.0,0.0,2.625,2.624,2.623,2.622,2.621,0.0,0.0,0.0,0.0,0.0,2.626,2.627,2.628,2.629,2.63,0.0,0.0,0.0,0.0,0.0,1276500.0,2674400.0,4323300.0,3119500.0,1055500.0,0.0,0.0,0.0,0.0,0.0,2683300.0,4342800.0,3986902.0,3163600.0,3509200.0,0.0,0.0,0.0,0.0,0.0
20230904094156692,SSE,SSE.ETF.510050,2.625,2.633,2.635,2.625,0.0,2.871,2.349,163162400.0,124000.0,429340653.0,325600.0,0.0,0.0,20230904,20230904,94156691,2.61,0.0,0.0,2.625,2.624,2.623,2.622,2.621,0.0,0.0,0.0,0.0,0.0,2.626,2.627,2.628,2.629,2.63,0.0,0.0,0.0,0.0,0.0,1253500.0,2189500.0,4611300.0,3907600.0,1058800.0,0.0,0.0,0.0,0.0,0.0,3313900.0,4370900.0,4373902.0,3551600.0,3586000.0,0.0,0.0,0.0,0.0,0.0
20230904094159692,SSE,SSE.ETF.510050,2.625,2.633,2.635,2.625,0.0,2.871,2.349,163380800.0,218400.0,429913958.0,573305.0,0.0,0.0,20230904,20230904,94159691,2.61,0.0,0.0,2.625,2.624,2.623,2.622,2.621,0.0,0.0,0.0,0.0,0.0,2.626,2.627,2.628,2.629,2.63,0.0,0.0,0.0,0.0,0.0,1054000.0,2219500.0,3811300.0,4707600.0,1058800.0,0.0,0.0,0.0,0.0,0.0,3565500.0,4112300.0,4973902.0,2951600.0,3588300.0,0.0,0.0,0.0,0.0,0.0
20230904094202692,SSE,SSE.ETF.510050,2.625,2.633,2.635,2.625,0.0,2.871,2.349,163494500.0,113700.0,430212421.0,298463.0,0.0,0.0,20230904,20230904,94202691,2.61,0.0,0.0,2.625,2.624,2.623,2.622,2.621,0.0,0.0,0.0,0.0,0.0,2.626,2.627,2.628,2.629,2.63,0.0,0.0,0.0,0.0,0.0,945800.0,2219500.0,3711300.0,4807600.0,1058800.0,0.0,0.0,0.0,0.0,0.0,3575500.0,4078500.0,4973902.0,2951600.0,3600300.0,0.0,0.0,0.0,0.0,0.0
20230904094205704,SSE,SSE.ETF.510050,2.625,2.633,2.635,2.625,0.0,2.871,2.349,164472300.0,977800.0,432779146.0,2566725.0,0.0,0.0,20230904,20230904,94205706,2.61,0.0,0.0,2.624,2.623,2.622,2.621,2.62,0.0,0.0,0.0,0.0,0.0,2.625,2.626,2.627,2.628,2.629,0.0,0.0,0.0,0.0,0.0,1550500.0,2430300.0,5624700.0,1148800.0,1779900.0,0.0,0.0,0.0,0.0,0.0,644100.0,3925500.0,4369500.0,3303602.0,2850600.0,0.0,0.0,0.0,0.0,0.0
20230904094208736,SSE,SSE.ETF.510050,2.625,2.633,2.635,2.624,0.0,2.871,2.349,165524100.0,1051800.0,435540115.0,2760969.0,0.0,0.0,20230904,20230904,94208737,2.61,0.0,0.0,2.625,2.624,2.623,2.622,2.621,0.0,0.0,0.0,0.0,0.0,2.626,2.627,2.628,2.629,2.63,0.0,0.0,0.0,0.0,0.0,621000.0,2770700.0,3452200.0,2472800.0,953800.0,0.0,0.0,0.0,0.0,0.0,3141000.0,3109600.0,3936902.0,5560500.0,2981600.0,0.0,0.0,0.0,0.0,0.0
