time,exchg,code,price,open,high,low,settle_price,upper_limit,lower_limit,total_volume,volume,total_turnover,turnover,open_interest,diff_interest,trading_date,action_date,action_time,pre_close,pre_settle,pre_interest,bid_price_0,bid_price_1,bid_price_2,bid_price_3,bid_price_4,bid_price_5,bid_price_6,bid_price_7,bid_price_8,bid_price_9,ask_price_0,ask_price_1,ask_price_2,ask_price_3,ask_price_4,ask_price_5,ask_price_6,ask_price_7,ask_price_8,ask_price_9,bid_qty_0,bid_qty_1,bid_qty_2,bid_qty_3,bid_qty_4,bid_qty_5,bid_qty_6,bid_qty_7,bid_qty_8,bid_qty_9,ask_qty_0,ask_qty_1,ask_qty_2,ask_qty_3,ask_qty_4,ask_qty_5,ask_qty_6,ask_qty_7,ask_qty_8,ask_qty_9
20230905093836412,SSE,SSE.ETF.510050,2.644,2.649,2.65,2.642,0.0,2.924,2.392,49855700.0,10800.0,131878324.0,28546.0,0.0,0.0,20230905,20230905,93836413,2.658,0.0,0.0,2.643,2.642,2.641,2.64,2.639,0.0,0.0,0.0,0.0,0.0,2.644,2.645,2.646,2.647,2.648,0.0,0.0,0.0,0.0,0.0,4813200.0,5087800.0,4291000.0,3628200.0,1025300.0,0.0,0.0,0.0,0.0,0.0,742900.0,2120300.0,2954800.0,4864900.0,1681000.0,0.0,0.0,0.0,0.0,0.0
20230905093839456,SSE,SSE.ETF.510050,2.644,2.649,2.65,2.642,0.0,2.924,2.392,49877500.0,21800.0,131935963.0,57639.0,0.0,0.0,20230905,20230905,93839454,2.658,0.0,0.0,2.643,2.642,2.641,2.64,2.639,0.0,0.0,0.0,0.0,0.0,2.644,2.645,2.646,2.647,2.648,0.0,0.0,0.0,0.0,0.0,4814300.0,5102300.0,4377000.0,3725100.0,1025300.0,0.0,0.0,0.0,0.0,0.0,722500.0,1810100.0,3042800.0,4953000.0,1981000.0,0.0,0.0,0.0,0.0,0.0
20230905093842400,SSE,SSE.ETF.510050,2.643,2.649,2.65,2.642,0.0,2.924,2.392,49904700.0,27200.0,132007852.0,71889.0,0.0,0.0,20230905,20230905,93842400,2.658,0.0,0.0,2.643,2.642,2.641,2.64,2.639,0.0,0.0,0.0,0.0,0.0,2.644,2.645,2.646,2.647,2.648,0.0,0.0,0.0,0.0,0.0,3995300.0,5111300.0,4377000.0,3725100.0,1025300.0,0.0,0.0,0.0,0.0,0.0,1622400.0,2112300.0,3042800.0,2553000.0,1761000.0,0.0,0.0,0.0,0.0,0.0
20230905093845408,SSE,SSE.ETF.510050,2.644,2.649,2.65,2.642,0.0,2.924,2.392,49904800.0,100.0,132008117.0,265.0,0.0,0.0,20230905,20230905,93845409,2.658,0.0,0.0,2.643,2.642,2.641,2.64,2.639,0.0,0.0,0.0,0.0,0.0,2.644,2.645,2.646,2.647,2.648,0.0,0.0,0.0,0.0,0.0,5006000.0,5211300.0,4377000.0,3725100.0,1025300.0,0.0,0.0,0.0,0.0,0.0,723300.0,1812400.0,2753300.0,4044000.0,1761000.0,0.0,0.0,0.0,0.0,0.0
20230905093848408,SSE,SSE.ETF.510050,2.644,2.649,2.65,2.642,0.0,2.924,2.392,49928400.0,23600.0,132070515.0,62398.0,0.0,0.0,20230905,20230905,93848408,2.658,0.0,0.0,2.643,2.642,2.641,2.64,2.639,0.0,0.0,0.0,0.0,0.0,2.644,2.645,2.646,2.647,2.648,0.0,0.0,0.0,0.0,0.0,4931400.0,5176800.0,4377100.0,3725100.0,1025600.0,0.0,0.0,0.0,0.0,0.0,725100.0,2112400.0,3953300.0,4344000.0,1761000.0,0.0,0.0,0.0,0.0,0.0
20230905093851408,SSE,SSE.ETF.510050,2.644,2.649,2.65,2.642,0.0,2.924,2.392,49982500.0,54100.0,132213556.0,143041.0,0.0,0.0,20230905,20230905,93851409,2.658,0.0,0.0,2.643,2.642,2.641,2.64,2.639,0.0,0.0,0.0,0.0,0.0,2.644,2.645,2.646,2.647,2.648,0.0,0.0,0.0,0.0,0.0,5145800.0,5386700.0,4382100.0,3727100.0,1025600.0,0.0,0.0,0.0,0.0,0.0,667200.0,2112400.0,3053300.0,4344000.0,1761000.0,0.0,0.0,0.0,0.0,0.0
20230905093854408,SSE,SSE.ETF.510050,2.644,2.649,2.65,2.642,0.0,2.924,2.392,50048800.0,66300.0,132388818.0,175262.0,0.0,0.0,20230905,20230905,93854406,2.658,0.0,0.0,2.643,2.642,2.641,2.64,2.639,0.0,0.0,0.0,0.0,0.0,2.644,2.645,2.646,2.647,2.648,0.0,0.0,0.0,0.0,0.0,4300300.0,5985700.0,4382100.0,3727100.0,1318400.0,0.0,0.0,0.0,0.0,0.0,1589400.0,2652500.0,3953300.0,2844000.0,1761000.0,0.0,0.0,0.0,0.0,0.0
20230905093857424,SSE,SSE.ETF.510050,2.643,2.649,2.65,2.642,0.0,2.924,2.392,50120800.0,72000.0,132579119.0,190301.0,0.0,0.0,20230905,20230905,93857423,2.658,0.0,0.0,2.643,2.642,2.641,2.64,2.639,0.0,0.0,0.0,0.0,0.0,2.644,2.645,2.646,2.647,2.648,0.0,0.0,0.0,0.0,0.0,3932000.0,6285700.0,4382100.0,3730800.0,1322900.0,0.0,0.0,0.0,0.0,0.0,1832100.0,2704800.0,4853300.0,2024000.0,1681000.0,0.0,0.0,0.0,0.0,0.0
20230905093900408,SSE,SSE.ETF.510050,2.644,2.649,2.65,2.642,0.0,2.924,2.392,50125900.0,5100.0,132592603.0,13484.0,0.0,0.0,20230905,20230905,93900406,2.658,0.0,0.0,2.643,2.642,2.641,2.64,2.639,0.0,0.0,0.0,0.0,0.0,2.644,2.645,2.646,2.647,2.648,0.0,0.0,0.0,0.0,0.0,4666700.0,5328900.0,4294100.0,3648600.0,1031900.0,0.0,0.0,0.0,0.0,0.0,636500.0,2112400.0,2965300.0,4945000.0,1681000.0,0.0,0.0,0.0,0.0,0.0
20230905093903416,SSE,SSE.ETF.510050,2.644,2.649,2.65,2.642,0.0,2.924,2.392,50856800.0,730900.0,134525102.0,1932499.0,0.0,0.0,20230905,20230905,93903418,2.658,0.0,0.0,2.644,2.643,2.642,2.641,2.64,0.0,0.0,0.0,0.0,0.0,2.645,2.646,2.647,2.648,2.649,0.0,0.0,0.0,0.0,0.0,270000.0,6866600.0,4472300.0,4082100.0,3732300.0,0.0,0.0,0.0,0.0,0.0,754800.0,2453300.0,3263000.0,2281000.0,1935400.0,0.0,0.0,0.0,0.0,0.0
20230905093906412,SSE,SSE.ETF.510050,2.644,2.649,2.65,2.642,0.0,2.924,2.392,50894700.0,37900.0,134625310.0,100208.0,0.0,0.0,20230905,20230905,93906411,2.658,0.0,0.0,2.644,2.643,2.642,2.641,2.64,0.0,0.0,0.0,0.0,0.0,2.645,2.646,2.647,2.648,2.649,0.0,0.0,0.0,0.0,0.0,3758700.0,5084200.0,4322400.0,1987100.0,3518500.0,0.0,0.0,0.0,0.0,0.0,401200.0,2105600.0,3363000.0,4374400.0,2234800.0,0.0,0.0,0.0,0.0,0.0
20230905093909404,SSE,SSE.ETF.510050,2.645,2.649,2.65,2.642,0.0,2.924,2.392,51333500.0,438800.0,135785936.0,1160626.0,0.0,0.0,20230905,20230905,93909404,2.658,0.0,0.0,2.645,2.644,2.643,2.642,2.641,0.0,0.0,0.0,0.0,0.0,2.646,2.647,2.648,2.649,2.65,0.0,0.0,0.0,0.0,0.0,559200.0,3168700.0,6379300.0,3898400.0,1987100.0,0.0,0.0,0.0,0.0,0.0,2105600.0,3283000.0,4685400.0,2249200.0,2200300.0,0.0,0.0,0.0,0.0,0.0
20230905093912404,SSE,SSE.ETF.510050,2.646,2.649,2.65,2.642,0.0,2.924,2.392,51611400.0,277900.0,136521013.0,735077.0,0.0,0.0,20230905,20230905,93912404,2.658,0.0,0.0,2.645,2.644,2.643,2.642,2.641,0.0,0.0,0.0,0.0,0.0,2.646,2.647,2.648,2.649,2.65,0.0,0.0,0.0,0.0,0.0,826500.0,4524300.0,6488500.0,2359700.0,2086300.0,0.0,0.0,0.0,0.0,0.0,1774100.0,3245000.0,4582400.0,2247200.0,2344100.0,0.0,0.0,0.0,0.0,0.0
20230905093915400,SSE,SSE.ETF.510050,2.645,2.649,2.65,2.642,0.0,2.924,2.392,51636900.0,25500.0,136588466.0,67453.0,0.0,0.0,20230905,20230905,93915402,2.658,0.0,0.0,2.645,2.644,2.643,2.642,2.641,0.0,0.0,0.0,0.0,0.0,2.646,2.647,2.648,2.649,2.65,0.0,0.0,0.0,0.0,0.0,1145600.0,3226000.0,6497900.0,3861300.0,2010100.0,0.0,0.0,0.0,0.0,0.0,1769100.0,3245000.0,4873400.0,2247200.0,2420300.0,0.0,0.0,0.0,0.0,0.0
20230905093918400,SSE,SSE.ETF.510050,2.646,2.649,2.65,2.642,0.0,2.924,2.392,51675800.0,38900.0,136691379.0,102913.0,0.0,0.0,20230905,20230905,93918401,2.658,0.0,0.0,2.645,2.644,2.643,2.642,2.641,0.0,0.0,0.0,0.0,0.0,2.646,2.647,2.648,2.649,2.65,0.0,0.0,0.0,0.0,0.0,1721800.0,4239000.0,6558100.0,2357300.0,2004100.0,0.0,0.0,0.0,0.0,0.0,1746900.0,3245000.0,4582400.0,2247200.0,2420300.0,0.0,0.0,0.0,0.0,0.0
20230905093921408,SSE,SSE.ETF.510050,2.646,2.649,2.65,2.642,0.0,2.924,2.392,52390000.0,714200.0,138581119.0,1889740.0,0.0,0.0,20230905,20230905,93921409,2.658,0.0,0.0,2.645,2.644,2.643,2.642,2.641,0.0,0.0,0.0,0.0,0.0,2.646,2.647,2.648,2.649,2.65,0.0,0.0,0.0,0.0,0.0,1839600.0,4594000.0,6568200.0,2221300.0,2004100.0,0.0,0.0,0.0,0.0,0.0,2266200.0,3245000.0,4582400.0,2407300.0,2420300.0,0.0,0.0,0.0,0.0,0.0
20230905093924408,SSE,SSE.ETF.510050,2.646,2.649,2.65,2.642,0.0,2.924,2.392,52411700.0,21700.0,138638519.0,57400.0,0.0,0.0,20230905,20230905,93924407,2.658,0.0,0.0,2.645,2.644,2.643,2.642,2.641,0.0,0.0,0.0,0.0,0.0,2.646,2.647,2.648,2.649,2.65,0.0,0.0,0.0,0.0,0.0,2032600.0,4588600.0,6583100.0,2284300.0,2300300.0,0.0,0.0,0.0,0.0,0.0,2713000.0,3245000.0,4573400.0,1869300.0,2420300.0,0.0,0.0,0.0,0.0,0.0
20230905093927436,SSE,SSE.ETF.510050,2.645,2.649,2.65,2.642,0.0,2.924,2.392,52739400.0,327700.0,139505291.0,866772.0,0.0,0.0,20230905,20230905,93927437,2.658,0.0,0.0,2.645,2.644,2.643,2.642,2.641,0.0,0.0,0.0,0.0,0.0,2.646,2.647,2.648,2.649,2.65,0.0,0.0,0.0,0.0,0.0,222900.0,2785200.0,5884800.0,1601200.0,2000300.0,0.0,0.0,0.0,0.0,0.0,2247300.0,3852700.0,3673400.0,1957300.0,2420300.0,0.0,0.0,0.0,0.0,0.0
20230905093930400,SSE,SSE.ETF.510050,2.645,2.649,2.65,2.642,0.0,2.924,2.392,53039200.0,299800.0,140298262.0,792971.0,0.0,0.0,20230905,20230905,93930399,2.658,0.0,0.0,2.645,2.644,2.643,2.642,2.641,0.0,0.0,0.0,0.0,0.0,2.646,2.647,2.648,2.649,2.65,0.0,0.0,0.0,0.0,0.0,10500.0,2540000.0,6189800.0,3551200.0,2376500.0,0.0,0.0,0.0,0.0,0.0,2707500.0,3552700.0,4283600.0,1957300.0,2344100.0,0.0,0.0,0.0,0.0,0.0
20230905093933408,SSE,SSE.ETF.510050,2.646,2.649,2.65,2.642,0.0,2.924,2.392,53059800.0,20600.0,140352753.0,54491.0,0.0,0.0,20230905,20230905,93933407,2.658,0.0,0.0,2.645,2.644,2.643,2.642,2.641,0.0,0.0,0.0,0.0,0.0,2.646,2.647,2.648,2.649,2.65,0.0,0.0,0.0,0.0,0.0,1059000.0,6805000.0,4618800.0,1816900.0,2100300.0,0.0,0.0,0.0,0.0,0.0,1990600.0,3305000.0,4804600.0,2319300.0,2423300.0,0.0,0.0,0.0,0.0,0.0
20230905093936404,SSE,SSE.ETF.510050,2.646,2.649,2.65,2.642,0.0,2.924,2.392,53211000.0,151200.0,140752827.0,400074.0,0.0,0.0,20230905,20230905,93936405,2.658,0.0,0.0,2.645,2.644,2.643,2.642,2.641,0.0,0.0,0.0,0.0,0.0,2.646,2.647,2.648,2.649,2.65,0.0,0.0,0.0,0.0,0.0,1866000.0,5901200.0,4261800.0,1906900.0,1811300.0,0.0,0.0,0.0,0.0,0.0,603300.0,1796000.0,3092600.0,5117700.0,2423300.0,0.0,0.0,0.0,0.0,0.0
20230905093939456,SSE,SSE.ETF.510050,2.646,2.649,2.65,2.642,0.0,2.924,2.392,53289000.0,78000.0,140959187.0,206360.0,0.0,0.0,20230905,20230905,93939455,2.658,0.0,0.0,2.645,2.644,2.643,2.642,2.641,0.0,0.0,0.0,0.0,0.0,2.646,2.647,2.648,2.649,2.65,0.0,0.0,0.0,0.0,0.0,2344600.0,6819500.0,4411800.0,1906900.0,1836500.0,0.0,0.0,0.0,0.0,0.0,253300.0,1946000.0,3912600.0,5197700.0,2423500.0,0.0,0.0,0.0,0.0,0.0
20230905093942408,SSE,SSE.ETF.510050,2.646,2.649,2.65,2.642,0.0,2.924,2.392,53401400.0,112400.0,141256578.0,297391.0,0.0,0.0,20230905,20230905,93942406,2.658,0.0,0.0,2.645,2.644,2.643,2.642,2.641,0.0,0.0,0.0,0.0,0.0,2.646,2.647,2.648,2.649,2.65,0.0,0.0,0.0,0.0,0.0,1885600.0,6731500.0,4622800.0,1856900.0,2279500.0,0.0,0.0,0.0,0.0,0.0,512800.0,2203700.0,3912600.0,4900700.0,2271800.0,0.0,0.0,0.0,0.0,0.0
20230905093945448,SSE,SSE.ETF.510050,2.646,2.649,2.65,2.642,0.0,2.924,2.392,53450900.0,49500.0,141387540.0,130962.0,0.0,0.0,20230905,20230905,93945446,2.658,0.0,0.0,2.645,2.644,2.643,2.642,2.641,0.0,0.0,0.0,0.0,0.0,2.646,2.647,2.648,2.649,2.65,0.0,0.0,0.0,0.0,0.0,1707500.0,6731500.0,4675300.0,1857000.0,2127500.0,0.0,0.0,0.0,0.0,0.0,1884400.0,3118700.0,4812600.0,2350700.0,2423500.0,0.0,0.0,0.0,0.0,0.0
20230905093948448,SSE,SSE.ETF.510050,2.646,2.649,2.65,2.642,0.0,2.924,2.392,53466800.0,15900.0,141429611.0,42071.0,0.0,0.0,20230905,20230905,93948446,2.658,0.0,0.0,2.645,2.644,2.643,2.642,2.641,0.0,0.0,0.0,0.0,0.0,2.646,2.647,2.648,2.649,2.65,0.0,0.0,0.0,0.0,0.0,2291500.0,5631500.0,4365300.0,1862000.0,1836500.0,0.0,0.0,0.0,0.0,0.0,785100.0,1991000.0,3012600.0,4310700.0,2423500.0,0.0,0.0,0.0,0.0,0.0
20230905093951404,SSE,SSE.ETF.510050,2.646,2.649,2.65,2.642,0.0,2.924,2.392,53478600.0,11800.0,141460833.0,31222.0,0.0,0.0,20230905,20230905,93951405,2.658,0.0,0.0,2.645,2.644,2.643,2.642,2.641,0.0,0.0,0.0,0.0,0.0,2.646,2.647,2.648,2.649,2.65,0.0,0.0,0.0,0.0,0.0,1832500.0,6831500.0,4577400.0,2012000.0,2127500.0,0.0,0.0,0.0,0.0,0.0,376100.0,2248700.0,4812600.0,2350700.0,2423500.0,0.0,0.0,0.0,0.0,0.0
20230905093954452,SSE,SSE.ETF.510050,2.646,2.649,2.65,2.642,0.0,2.924,2.392,53553100.0,74500.0,141657959.0,197126.0,0.0,0.0,20230905,20230905,93954452,2.658,0.0,0.0,2.645,2.644,2.643,2.642,2.641,0.0,0.0,0.0,0.0,0.0,2.646,2.647,2.648,2.649,2.65,0.0,0.0,0.0,0.0,0.0,1734600.0,6831500.0,4579100.0,2012000.0,2103300.0,0.0,0.0,0.0,0.0,0.0,2051300.0,2301000.0,4812600.0,2350700.0,2349500.0,0.0,0.0,0.0,0.0,0.0
20230905093957392,SSE,SSE.ETF.510050,2.646,2.649,2.65,2.642,0.0,2.924,2.392,53571100.0,18000.0,141705586.0,47627.0,0.0,0.0,20230905,20230905,93957394,2.658,0.0,0.0,2.645,2.644,2.643,2.642,2.641,0.0,0.0,0.0,0.0,0.0,2.646,2.647,2.648,2.649,2.65,0.0,0.0,0.0,0.0,0.0,3808500.0,5922500.0,4169100.0,1586100.0,1836300.0,0.0,0.0,0.0,0.0,0.0,63700.0,1992700.0,3092600.0,6030700.0,2425000.0,0.0,0.0,0.0,0.0,0.0
20230905094000396,SSE,SSE.ETF.510050,2.646,2.649,2.65,2.642,0.0,2.924,2.392,53641000.0,69900.0,141890541.0,184955.0,0.0,0.0,20230905,20230905,94000396,2.658,0.0,0.0,2.646,2.645,2.644,2.643,2.642,0.0,0.0,0.0,0.0,0.0,2.647,2.648,2.649,2.65,2.651,0.0,0.0,0.0,0.0,0.0,1590500.0,5517200.0,5020000.0,2359600.0,1510300.0,0.0,0.0,0.0,0.0,0.0,2179800.0,2976900.0,5761700.0,2273300.0,640700.0,0.0,0.0,0.0,0.0,0.0
20230905094003420,SSE,SSE.ETF.510050,2.646,2.649,2.65,2.642,0.0,2.924,2.392,53684400.0,43400.0,142005378.0,114837.0,0.0,0.0,20230905,20230905,94003419,2.658,0.0,0.0,2.646,2.645,2.644,2.643,2.642,0.0,0.0,0.0,0.0,0.0,2.647,2.648,2.649,2.65,2.651,0.0,0.0,0.0,0.0,0.0,736400.0,3424200.0,4503000.0,2080100.0,1607000.0,0.0,0.0,0.0,0.0,0.0,2232100.0,3274600.0,5550700.0,3461300.0,640700.0,0.0,0.0,0.0,0.0,0.0
20230905094136384,SSE,SSE.ETF.510050,2.647,2.649,2.65,2.642,0.0,2.924,2.392,59653600.0,47600.0,157802279.0,125997.0,0.0,0.0,20230905,20230905,94136383,2.658,0.0,0.0,2.646,2.645,2.644,2.643,2.642,0.0,0.0,0.0,0.0,0.0,2.647,2.648,2.649,2.65,2.651,0.0,0.0,0.0,0.0,0.0,357400.0,5020400.0,4113200.0,3744800.0,1932400.0,0.0,0.0,0.0,0.0,0.0,2538400.0,2826720.0,5393300.0,4125200.0,728500.0,0.0,0.0,0.0,0.0,0.0
20230905094139400,SSE,SSE.ETF.510050,2.647,2.649,2.65,2.642,0.0,2.924,2.392,59971900.0,318300.0,158644510.0,842231.0,0.0,0.0,20230905,20230905,94139399,2.658,0.0,0.0,2.646,2.645,2.644,2.643,2.642,0.0,0.0,0.0,0.0,0.0,2.647,2.648,2.649,2.65,2.651,0.0,0.0,0.0,0.0,0.0,424900.0,6047500.0,3803300.0,2246800.0,1661600.0,0.0,0.0,0.0,0.0,0.0,1928900.0,2523720.0,5083300.0,4125200.0,729500.0,0.0,0.0,0.0,0.0,0.0
20230905094142448,SSE,SSE.ETF.510050,2.647,2.649,2.65,2.642,0.0,2.924,2.392,59997900.0,26000.0,158713326.0,68816.0,0.0,0.0,20230905,20230905,94142446,2.658,0.0,0.0,2.646,2.645,2.644,2.643,2.642,0.0,0.0,0.0,0.0,0.0,2.647,2.648,2.649,2.65,2.651,0.0,0.0,0.0,0.0,0.0,330200.0,5509800.0,4125300.0,2100800.0,1952600.0,0.0,0.0,0.0,0.0,0.0,1779400.0,2833720.0,5393300.0,4125200.0,729500.0,0.0,0.0,0.0,0.0,0.0
20230905094145400,SSE,SSE.ETF.510050,2.646,2.649,2.65,2.642,0.0,2.924,2.392,60263400.0,265500.0,159415844.0,702518.0,0.0,0.0,20230905,20230905,94145399,2.658,0.0,0.0,2.645,2.644,2.643,2.642,2.641,0.0,0.0,0.0,0.0,0.0,2.646,2.647,2.648,2.649,2.65,0.0,0.0,0.0,0.0,0.0,1493300.0,4638600.0,4990800.0,2302600.0,2419300.0,0.0,0.0,0.0,0.0,0.0,2816000.0,2702300.0,5394720.0,2106300.0,3232200.0,0.0,0.0,0.0,0.0,0.0
20230905094148400,SSE,SSE.ETF.510050,2.646,2.649,2.65,2.642,0.0,2.924,2.392,60456000.0,192600.0,159925464.0,509620.0,0.0,0.0,20230905,20230905,94148399,2.658,0.0,0.0,2.645,2.644,2.643,2.642,2.641,0.0,0.0,0.0,0.0,0.0,2.646,2.647,2.648,2.649,2.65,0.0,0.0,0.0,0.0,0.0,1644800.0,5886200.0,3900900.0,2267800.0,2133500.0,0.0,0.0,0.0,0.0,0.0,2182600.0,2423800.0,5291820.0,2574200.0,3205900.0,0.0,0.0,0.0,0.0,0.0
20230905094151404,SSE,SSE.ETF.510050,2.646,2.649,2.65,2.642,0.0,2.924,2.392,60497200.0,41200.0,160034448.0,108984.0,0.0,0.0,20230905,20230905,94151404,2.658,0.0,0.0,2.645,2.644,2.643,2.642,2.641,0.0,0.0,0.0,0.0,0.0,2.646,2.647,2.648,2.649,2.65,0.0,0.0,0.0,0.0,0.0,1870000.0,6386200.0,3900900.0,2302800.0,2133500.0,0.0,0.0,0.0,0.0,0.0,639200.0,2146900.0,4991820.0,2724200.0,3205900.0,0.0,0.0,0.0,0.0,0.0
20230905094154384,SSE,SSE.ETF.510050,2.645,2.649,2.65,2.642,0.0,2.924,2.392,60509700.0,12500.0,160067521.0,33073.0,0.0,0.0,20230905,20230905,94154383,2.658,0.0,0.0,2.645,2.644,2.643,2.642,2.641,0.0,0.0,0.0,0.0,0.0,2.646,2.647,2.648,2.649,2.65,0.0,0.0,0.0,0.0,0.0,1715900.0,6399500.0,3900400.0,2302000.0,2133500.0,0.0,0.0,0.0,0.0,0.0,1534200.0,2755600.0,4991820.0,2574200.0,3205900.0,0.0,0.0,0.0,0.0,0.0
20230905094157448,SSE,SSE.ETF.510050,2.645,2.649,2.65,2.642,0.0,2.924,2.392,60511700.0,2000.0,160072811.0,5290.0,0.0,0.0,20230905,20230905,94157450,2.658,0.0,0.0,2.645,2.644,2.643,2.642,2.641,0.0,0.0,0.0,0.0,0.0,2.646,2.647,2.648,2.649,2.65,0.0,0.0,0.0,0.0,0.0,1602000.0,6223200.0,3900400.0,2550900.0,2109700.0,0.0,0.0,0.0,0.0,0.0,1684200.0,2774600.0,4991820.0,2589200.0,3129700.0,0.0,0.0,0.0,0.0,0.0
20230905094200408,SSE,SSE.ETF.510050,2.646,2.649,2.65,2.642,0.0,2.924,2.392,60512500.0,800.0,160074927.0,2116.0,0.0,0.0,20230905,20230905,94200407,2.658,0.0,0.0,2.645,2.644,2.643,2.642,2.641,0.0,0.0,0.0,0.0,0.0,2.646,2.647,2.648,2.649,2.65,0.0,0.0,0.0,0.0,0.0,1900800.0,6223200.0,3900400.0,2462900.0,2033500.0,0.0,0.0,0.0,0.0,0.0,1693100.0,2769700.0,4991820.0,2441200.0,3205900.0,0.0,0.0,0.0,0.0,0.0
20230905094203448,SSE,SSE.ETF.510050,2.645,2.649,2.65,2.642,0.0,2.924,2.392,60533000.0,20500.0,160129150.0,54223.0,0.0,0.0,20230905,20230905,94203446,2.658,0.0,0.0,2.645,2.644,2.643,2.642,2.641,0.0,0.0,0.0,0.0,0.0,2.646,2.647,2.648,2.649,2.65,0.0,0.0,0.0,0.0,0.0,1816400.0,6223200.0,3904300.0,2595900.0,2105700.0,0.0,0.0,0.0,0.0,0.0,1993000.0,2754400.0,4991820.0,2449200.0,3304700.0,0.0,0.0,0.0,0.0,0.0
20230905094206432,SSE,SSE.ETF.510050,2.646,2.649,2.65,2.642,0.0,2.924,2.392,60565700.0,32700.0,160215670.0,86520.0,0.0,0.0,20230905,20230905,94206432,2.658,0.0,0.0,2.645,2.644,2.643,2.642,2.641,0.0,0.0,0.0,0.0,0.0,2.646,2.647,2.648,2.649,2.65,0.0,0.0,0.0,0.0,0.0,2003900.0,6614200.0,3825500.0,2430900.0,1738500.0,0.0,0.0,0.0,0.0,0.0,2144000.0,2753400.0,4991820.0,2529200.0,3305100.0,0.0,0.0,0.0,0.0,0.0
20230905094209432,SSE,SSE.ETF.510050,2.646,2.649,2.65,2.642,0.0,2.924,2.392,60565700.0,0.0,160215670.0,0.0,0.0,0.0,20230905,20230905,94209431,2.658,0.0,0.0,2.645,2.644,2.643,2.642,2.641,0.0,0.0,0.0,0.0,0.0,2.646,2.647,2.648,2.649,2.65,0.0,0.0,0.0,0.0,0.0,1962700.0,6423200.0,3826000.0,2430900.0,2029500.0,0.0,0.0,0.0,0.0,0.0,1253300.0,2742900.0,4991820.0,2689200.0,3305100.0,0.0,0.0,0.0,0.0,0.0
20230905094212384,SSE,SSE.ETF.510050,2.646,2.649,2.65,2.642,0.0,2.924,2.392,60867600.0,301900.0,161014498.0,798828.0,0.0,0.0,20230905,20230905,94212383,2.658,0.0,0.0,2.645,2.644,2.643,2.642,2.641,0.0,0.0,0.0,0.0,0.0,2.646,2.647,2.648,2.649,2.65,0.0,0.0,0.0,0.0,0.0,1658600.0,5923200.0,3738000.0,2130900.0,2195700.0,0.0,0.0,0.0,0.0,0.0,690500.0,1242900.0,4633820.0,2159200.0,3218900.0,0.0,0.0,0.0,0.0,0.0
20230905094215416,SSE,SSE.ETF.510050,2.646,2.649,2.65,2.642,0.0,2.924,2.392,60872600.0,5000.0,161027728.0,13230.0,0.0,0.0,20230905,20230905,94215414,2.658,0.0,0.0,2.645,2.644,2.643,2.642,2.641,0.0,0.0,0.0,0.0,0.0,2.646,2.647,2.648,2.649,2.65,0.0,0.0,0.0,0.0,0.0,2101400.0,6514200.0,3826000.0,2083400.0,1738500.0,0.0,0.0,0.0,0.0,0.0,85500.0,1557100.0,5021820.0,4021200.0,3385100.0,0.0,0.0,0.0,0.0,0.0
20230905094218464,SSE,SSE.ETF.510050,2.646,2.649,2.65,2.642,0.0,2.924,2.392,60907700.0,35100.0,161120601.0,92873.0,0.0,0.0,20230905,20230905,94218464,2.658,0.0,0.0,2.645,2.644,2.643,2.642,2.641,0.0,0.0,0.0,0.0,0.0,2.646,2.647,2.648,2.649,2.65,0.0,0.0,0.0,0.0,0.0,2260200.0,6514200.0,3826000.0,2171400.0,1985500.0,0.0,0.0,0.0,0.0,0.0,516500.0,1557100.0,5021820.0,4109200.0,3443400.0,0.0,0.0,0.0,0.0,0.0
20230905094221432,SSE,SSE.ETF.510050,2.646,2.649,2.65,2.642,0.0,2.924,2.392,61595400.0,687700.0,162940235.0,1819634.0,0.0,0.0,20230905,20230905,94221430,2.658,0.0,0.0,2.645,2.644,2.643,2.642,2.641,0.0,0.0,0.0,0.0,0.0,2.646,2.647,2.648,2.649,2.65,0.0,0.0,0.0,0.0,0.0,2351700.0,6716200.0,2886000.0,2170900.0,1909900.0,0.0,0.0,0.0,0.0,0.0,809500.0,2132900.0,4121820.0,3849200.0,3518900.0,0.0,0.0,0.0,0.0,0.0
20230905094224384,SSE,SSE.ETF.510050,2.646,2.649,2.65,2.642,0.0,2.924,2.392,62287000.0,691600.0,164769521.0,1829286.0,0.0,0.0,20230905,20230905,94224383,2.658,0.0,0.0,2.645,2.644,2.643,2.642,2.641,0.0,0.0,0.0,0.0,0.0,2.646,2.647,2.648,2.649,2.65,0.0,0.0,0.0,0.0,0.0,1646100.0,6425300.0,3826000.0,2319400.0,2110900.0,0.0,0.0,0.0,0.0,0.0,925700.0,2422700.0,4121820.0,3509200.0,3608900.0,0.0,0.0,0.0,0.0,0.0
20230905094227404,SSE,SSE.ETF.510050,2.645,2.649,2.65,2.642,0.0,2.924,2.392,62314100.0,27100.0,164841200.0,71679.0,0.0,0.0,20230905,20230905,94227405,2.658,0.0,0.0,2.645,2.644,2.643,2.642,2.641,0.0,0.0,0.0,0.0,0.0,2.646,2.647,2.648,2.649,2.65,0.0,0.0,0.0,0.0,0.0,1288500.0,6536300.0,3738100.0,2531400.0,2110900.0,0.0,0.0,0.0,0.0,0.0,925700.0,2722700.0,4033820.0,3271200.0,3308900.0,0.0,0.0,0.0,0.0,0.0
20230905094230400,SSE,SSE.ETF.510050,2.646,2.649,2.65,2.642,0.0,2.924,2.392,62332200.0,18100.0,164889093.0,47893.0,0.0,0.0,20230905,20230905,94230399,2.658,0.0,0.0,2.646,2.645,2.644,2.643,2.642,0.0,0.0,0.0,0.0,0.0,2.647,2.648,2.649,2.65,2.651,0.0,0.0,0.0,0.0,0.0,3800.0,1748600.0,6832300.0,3516200.0,2714400.0,0.0,0.0,0.0,0.0,0.0,1851200.0,4121820.0,4749200.0,3403900.0,741500.0,0.0,0.0,0.0,0.0,0.0
20230905094233400,SSE,SSE.ETF.510050,2.646,2.649,2.65,2.642,0.0,2.924,2.392,62338000.0,5800.0,164904440.0,15347.0,0.0,0.0,20230905,20230905,94233399,2.658,0.0,0.0,2.646,2.645,2.644,2.643,2.642,0.0,0.0,0.0,0.0,0.0,2.647,2.648,2.649,2.65,2.651,0.0,0.0,0.0,0.0,0.0,140900.0,2907000.0,5632400.0,3772100.0,2419900.0,0.0,0.0,0.0,0.0,0.0,1851200.0,3421720.0,5349300.0,3148400.0,912000.0,0.0,0.0,0.0,0.0,0.0
20230905094236384,SSE,SSE.ETF.510050,2.646,2.649,2.65,2.642,0.0,2.924,2.392,62338000.0,0.0,164904440.0,0.0,0.0,0.0,20230905,20230905,94236383,2.658,0.0,0.0,2.646,2.645,2.644,2.643,2.642,0.0,0.0,0.0,0.0,0.0,2.647,2.648,2.649,2.65,2.651,0.0,0.0,0.0,0.0,0.0,141500.0,3286100.0,5632200.0,3772500.0,2196800.0,0.0,0.0,0.0,0.0,0.0,1371400.0,3421720.0,6249300.0,3448600.0,835800.0,0.0,0.0,0.0,0.0,0.0
20230905094239448,SSE,SSE.ETF.510050,2.646,2.649,2.65,2.642,0.0,2.924,2.392,62338100.0,100.0,164904704.0,264.0,0.0,0.0,20230905,20230905,94239446,2.658,0.0,0.0,2.646,2.645,2.644,2.643,2.642,0.0,0.0,0.0,0.0,0.0,2.647,2.648,2.649,2.65,2.651,0.0,0.0,0.0,0.0,0.0,907800.0,3330100.0,5632200.0,2272500.0,2196800.0,0.0,0.0,0.0,0.0,0.0,1371400.0,3051720.0,5958300.0,3448600.0,835800.0,0.0,0.0,0.0,0.0,0.0
20230905094242384,SSE,SSE.ETF.510050,2.647,2.649,2.65,2.642,0.0,2.924,2.392,63000200.0,662100.0,166656624.0,1751920.0,0.0,0.0,20230905,20230905,94242383,2.658,0.0,0.0,2.646,2.645,2.644,2.643,2.642,0.0,0.0,0.0,0.0,0.0,2.647,2.648,2.649,2.65,2.651,0.0,0.0,0.0,0.0,0.0,163700.0,2786600.0,5421200.0,1972500.0,2032700.0,0.0,0.0,0.0,0.0,0.0,1431700.0,2968720.0,5658300.0,3146600.0,1002000.0,0.0,0.0,0.0,0.0,0.0
20230905094245384,SSE,SSE.ETF.510050,2.646,2.649,2.65,2.642,0.0,2.924,2.392,63059900.0,59700.0,166814596.0,157972.0,0.0,0.0,20230905,20230905,94245383,2.658,0.0,0.0,2.646,2.645,2.644,2.643,2.642,0.0,0.0,0.0,0.0,0.0,2.647,2.648,2.649,2.65,2.651,0.0,0.0,0.0,0.0,0.0,86500.0,3049000.0,5721200.0,3774500.0,2109200.0,0.0,0.0,0.0,0.0,0.0,1426000.0,3268720.0,5958300.0,3446600.0,925800.0,0.0,0.0,0.0,0.0,0.0
20230905094248432,SSE,SSE.ETF.510050,2.647,2.649,2.65,2.642,0.0,2.924,2.392,63070800.0,10900.0,166843449.0,28853.0,0.0,0.0,20230905,20230905,94248430,2.658,0.0,0.0,2.646,2.645,2.644,2.643,2.642,0.0,0.0,0.0,0.0,0.0,2.647,2.648,2.649,2.65,2.651,0.0,0.0,0.0,0.0,0.0,597700.0,3300300.0,5726200.0,2274500.0,2109200.0,0.0,0.0,0.0,0.0,0.0,1412100.0,2968720.0,5963300.0,3446600.0,925800.0,0.0,0.0,0.0,0.0,0.0
20230905094251416,SSE,SSE.ETF.510050,2.647,2.649,2.65,2.642,0.0,2.924,2.392,63074800.0,4000.0,166854037.0,10588.0,0.0,0.0,20230905,20230905,94251414,2.658,0.0,0.0,2.646,2.645,2.644,2.643,2.642,0.0,0.0,0.0,0.0,0.0,2.647,2.648,2.649,2.65,2.651,0.0,0.0,0.0,0.0,0.0,102200.0,3035900.0,5726200.0,3779500.0,2109200.0,0.0,0.0,0.0,0.0,0.0,1799700.0,3268720.0,5963300.0,3541600.0,835800.0,0.0,0.0,0.0,0.0,0.0
20230905094254460,SSE,SSE.ETF.510050,2.647,2.649,2.65,2.642,0.0,2.924,2.392,63097800.0,23000.0,166914905.0,60868.0,0.0,0.0,20230905,20230905,94254459,2.658,0.0,0.0,2.646,2.645,2.644,2.643,2.642,0.0,0.0,0.0,0.0,0.0,2.647,2.648,2.649,2.65,2.651,0.0,0.0,0.0,0.0,0.0,209200.0,3327700.0,5638200.0,3691500.0,2104900.0,0.0,0.0,0.0,0.0,0.0,1789700.0,2968720.0,5875300.0,3368600.0,925800.0,0.0,0.0,0.0,0.0,0.0
20230905094257464,SSE,SSE.ETF.510050,2.646,2.649,2.65,2.642,0.0,2.924,2.392,63098000.0,200.0,166915434.0,529.0,0.0,0.0,20230905,20230905,94257462,2.658,0.0,0.0,2.646,2.645,2.644,2.643,2.642,0.0,0.0,0.0,0.0,0.0,2.647,2.648,2.649,2.65,2.651,0.0,0.0,0.0,0.0,0.0,385900.0,3221500.0,5726200.0,3779500.0,2154900.0,0.0,0.0,0.0,0.0,0.0,1789800.0,3268720.0,5963300.0,3456600.0,925800.0,0.0,0.0,0.0,0.0,0.0
20230905094300396,SSE,SSE.ETF.510050,2.646,2.649,2.65,2.642,0.0,2.924,2.392,63137000.0,39000.0,167018648.0,103214.0,0.0,0.0,20230905,20230905,94300395,2.658,0.0,0.0,2.646,2.645,2.644,2.643,2.642,0.0,0.0,0.0,0.0,0.0,2.647,2.648,2.649,2.65,2.651,0.0,0.0,0.0,0.0,0.0,395900.0,3044300.0,5726200.0,3874700.0,2448200.0,0.0,0.0,0.0,0.0,0.0,2436000.0,2968720.0,6254300.0,3246600.0,930800.0,0.0,0.0,0.0,0.0,0.0
20230905094303448,SSE,SSE.ETF.510050,2.647,2.649,2.65,2.642,0.0,2.924,2.392,63147000.0,10000.0,167045118.0,26470.0,0.0,0.0,20230905,20230905,94303446,2.658,0.0,0.0,2.646,2.645,2.644,2.643,2.642,0.0,0.0,0.0,0.0,0.0,2.647,2.648,2.649,2.65,2.651,0.0,0.0,0.0,0.0,0.0,417900.0,2032300.0,6626200.0,3779700.0,2458200.0,0.0,0.0,0.0,0.0,0.0,2426000.0,3268720.0,6254300.0,3246600.0,835800.0,0.0,0.0,0.0,0.0,0.0
20230905094306384,SSE,SSE.ETF.510050,2.646,2.649,2.65,2.642,0.0,2.924,2.392,63479300.0,332300.0,167924390.0,879272.0,0.0,0.0,20230905,20230905,94306383,2.658,0.0,0.0,2.646,2.645,2.644,2.643,2.642,0.0,0.0,0.0,0.0,0.0,2.647,2.648,2.649,2.65,2.651,0.0,0.0,0.0,0.0,0.0,155100.0,2133300.0,6329400.0,3779700.0,2458200.0,0.0,0.0,0.0,0.0,0.0,2428700.0,2968720.0,5954300.0,3246600.0,835800.0,0.0,0.0,0.0,0.0,0.0
20230905094309384,SSE,SSE.ETF.510050,2.646,2.649,2.65,2.642,0.0,2.924,2.392,63970000.0,490700.0,169223200.0,1298810.0,0.0,0.0,20230905,20230905,94309383,2.658,0.0,0.0,2.646,2.645,2.644,2.643,2.642,0.0,0.0,0.0,0.0,0.0,2.647,2.648,2.649,2.65,2.651,0.0,0.0,0.0,0.0,0.0,79100.0,2040200.0,6629400.0,3779700.0,2382100.0,0.0,0.0,0.0,0.0,0.0,2558400.0,4168720.0,5354300.0,3246600.0,912000.0,0.0,0.0,0.0,0.0,0.0
20230905094312404,SSE,SSE.ETF.510050,2.646,2.649,2.65,2.642,0.0,2.924,2.392,64350400.0,380400.0,170229738.0,1006538.0,0.0,0.0,20230905,20230905,94312404,2.658,0.0,0.0,2.645,2.644,2.643,2.642,2.641,0.0,0.0,0.0,0.0,0.0,2.646,2.647,2.648,2.649,2.65,0.0,0.0,0.0,0.0,0.0,1176700.0,6340400.0,4137800.0,2560900.0,2096600.0,0.0,0.0,0.0,0.0,0.0,3423900.0,4167000.0,4847720.0,2464300.0,3246600.0,0.0,0.0,0.0,0.0,0.0
20230905094315448,SSE,SSE.ETF.510050,2.646,2.649,2.65,2.642,0.0,2.924,2.392,64364700.0,14300.0,170267576.0,37838.0,0.0,0.0,20230905,20230905,94315446,2.658,0.0,0.0,2.645,2.644,2.643,2.642,2.641,0.0,0.0,0.0,0.0,0.0,2.646,2.647,2.648,2.649,2.65,0.0,0.0,0.0,0.0,0.0,2066300.0,6691300.0,3242900.0,2305900.0,1743600.0,0.0,0.0,0.0,0.0,0.0,625600.0,2267200.0,4347820.0,5324200.0,3483300.0,0.0,0.0,0.0,0.0,0.0
20230905094318416,SSE,SSE.ETF.510050,2.646,2.649,2.65,2.642,0.0,2.924,2.392,64394700.0,30000.0,170346956.0,79380.0,0.0,0.0,20230905,20230905,94318415,2.658,0.0,0.0,2.645,2.644,2.643,2.642,2.641,0.0,0.0,0.0,0.0,0.0,2.646,2.647,2.648,2.649,2.65,0.0,0.0,0.0,0.0,0.0,1435100.0,6603400.0,3852900.0,2605900.0,1743600.0,0.0,0.0,0.0,0.0,0.0,893900.0,2877200.0,4445820.0,4926200.0,3395300.0,0.0,0.0,0.0,0.0,0.0
20230905094321416,SSE,SSE.ETF.510050,2.646,2.649,2.65,2.642,0.0,2.924,2.392,64402400.0,7700.0,170367329.0,20373.0,0.0,0.0,20230905,20230905,94321414,2.658,0.0,0.0,2.645,2.644,2.643,2.642,2.641,0.0,0.0,0.0,0.0,0.0,2.646,2.647,2.648,2.649,2.65,0.0,0.0,0.0,0.0,0.0,2432700.0,6603400.0,3832500.0,2692100.0,1822800.0,0.0,0.0,0.0,0.0,0.0,597300.0,2895400.0,4445820.0,5017200.0,3319100.0,0.0,0.0,0.0,0.0,0.0
20230905094324384,SSE,SSE.ETF.510050,2.646,2.649,2.65,2.642,0.0,2.924,2.392,64402800.0,400.0,170368387.0,1058.0,0.0,0.0,20230905,20230905,94324383,2.658,0.0,0.0,2.645,2.644,2.643,2.642,2.641,0.0,0.0,0.0,0.0,0.0,2.646,2.647,2.648,2.649,2.65,0.0,0.0,0.0,0.0,0.0,2881900.0,6312400.0,3832500.0,2692100.0,2037600.0,0.0,0.0,0.0,0.0,0.0,598800.0,2895400.0,4445820.0,5017200.0,3395300.0,0.0,0.0,0.0,0.0,0.0
20230905094327432,SSE,SSE.ETF.510050,2.645,2.649,2.65,2.642,0.0,2.924,2.392,64416500.0,13700.0,170404624.0,36237.0,0.0,0.0,20230905,20230905,94327430,2.658,0.0,0.0,2.645,2.644,2.643,2.642,2.641,0.0,0.0,0.0,0.0,0.0,2.646,2.647,2.648,2.649,2.65,0.0,0.0,0.0,0.0,0.0,2647900.0,6325500.0,3832500.0,2722100.0,2037600.0,0.0,0.0,0.0,0.0,0.0,608100.0,2895400.0,4445820.0,4867200.0,3395300.0,0.0,0.0,0.0,0.0,0.0
20230905094330400,SSE,SSE.ETF.510050,2.645,2.649,2.65,2.642,0.0,2.924,2.392,64423700.0,7200.0,170423668.0,19044.0,0.0,0.0,20230905,20230905,94330399,2.658,0.0,0.0,2.645,2.644,2.643,2.642,2.641,0.0,0.0,0.0,0.0,0.0,2.646,2.647,2.648,2.649,2.65,0.0,0.0,0.0,0.0,0.0,2641700.0,6325500.0,3744500.0,2722100.0,2037600.0,0.0,0.0,0.0,0.0,0.0,1473300.0,2886900.0,4357820.0,3367200.0,3395300.0,0.0,0.0,0.0,0.0,0.0
20230905094333384,SSE,SSE.ETF.510050,2.646,2.649,2.65,2.642,0.0,2.924,2.392,64426700.0,3000.0,170431606.0,7938.0,0.0,0.0,20230905,20230905,94333383,2.658,0.0,0.0,2.645,2.644,2.643,2.642,2.641,0.0,0.0,0.0,0.0,0.0,2.646,2.647,2.648,2.649,2.65,0.0,0.0,0.0,0.0,0.0,2699200.0,6625500.0,3847300.0,2684100.0,2213800.0,0.0,0.0,0.0,0.0,0.0,2236100.0,4176700.0,5045820.0,2379200.0,3319100.0,0.0,0.0,0.0,0.0,0.0
20230905094336384,SSE,SSE.ETF.510050,2.645,2.649,2.65,2.642,0.0,2.924,2.392,64509400.0,82700.0,170650388.0,218782.0,0.0,0.0,20230905,20230905,94336384,2.658,0.0,0.0,2.645,2.644,2.643,2.642,2.641,0.0,0.0,0.0,0.0,0.0,2.646,2.647,2.648,2.649,2.65,0.0,0.0,0.0,0.0,0.0,1664600.0,6332500.0,3761800.0,2686300.0,2513800.0,0.0,0.0,0.0,0.0,0.0,2496300.0,3576700.0,4957820.0,2079200.0,3319100.0,0.0,0.0,0.0,0.0,0.0
20230905094339400,SSE,SSE.ETF.510050,2.646,2.649,2.65,2.642,0.0,2.924,2.392,64702100.0,192700.0,171160272.0,509884.0,0.0,0.0,20230905,20230905,94339399,2.658,0.0,0.0,2.645,2.644,2.643,2.642,2.641,0.0,0.0,0.0,0.0,0.0,2.646,2.647,2.648,2.649,2.65,0.0,0.0,0.0,0.0,0.0,1059600.0,5224800.0,4749800.0,2474700.0,2137600.0,0.0,0.0,0.0,0.0,0.0,2004400.0,3576000.0,3845820.0,2167200.0,3395300.0,0.0,0.0,0.0,0.0,0.0
20230905094342384,SSE,SSE.ETF.510050,2.645,2.649,2.65,2.642,0.0,2.924,2.392,64703200.0,1100.0,171163181.0,2909.0,0.0,0.0,20230905,20230905,94342383,2.658,0.0,0.0,2.645,2.644,2.643,2.642,2.641,0.0,0.0,0.0,0.0,0.0,2.646,2.647,2.648,2.649,2.65,0.0,0.0,0.0,0.0,0.0,1816300.0,5524800.0,4749800.0,2968700.0,2037600.0,0.0,0.0,0.0,0.0,0.0,1703000.0,3876000.0,4436820.0,2466900.0,3490300.0,0.0,0.0,0.0,0.0,0.0
20230905094345384,SSE,SSE.ETF.510050,2.645,2.649,2.65,2.642,0.0,2.924,2.392,64721900.0,18700.0,171212643.0,49462.0,0.0,0.0,20230905,20230905,94345383,2.658,0.0,0.0,2.645,2.644,2.643,2.642,2.641,0.0,0.0,0.0,0.0,0.0,2.646,2.647,2.648,2.649,2.65,0.0,0.0,0.0,0.0,0.0,1913100.0,5472500.0,4749800.0,2772700.0,2213800.0,0.0,0.0,0.0,0.0,0.0,1702400.0,3876000.0,5359820.0,2466900.0,3319100.0,0.0,0.0,0.0,0.0,0.0
20230905094348400,SSE,SSE.ETF.510050,2.645,2.649,2.65,2.642,0.0,2.924,2.392,64722200.0,300.0,171213437.0,794.0,0.0,0.0,20230905,20230905,94348399,2.658,0.0,0.0,2.645,2.644,2.643,2.642,2.641,0.0,0.0,0.0,0.0,0.0,2.646,2.647,2.648,2.649,2.65,0.0,0.0,0.0,0.0,0.0,2068800.0,5134800.0,5349800.0,2772700.0,2213800.0,0.0,0.0,0.0,0.0,0.0,1702400.0,3876000.0,5950820.0,1956900.0,3229100.0,0.0,0.0,0.0,0.0,0.0
20230905094351384,SSE,SSE.ETF.510050,2.646,2.649,2.65,2.642,0.0,2.924,2.392,64724300.0,2100.0,171218993.0,5556.0,0.0,0.0,20230905,20230905,94351384,2.658,0.0,0.0,2.645,2.644,2.643,2.642,2.641,0.0,0.0,0.0,0.0,0.0,2.646,2.647,2.648,2.649,2.65,0.0,0.0,0.0,0.0,0.0,2902900.0,6942500.0,3849800.0,2625700.0,2213800.0,0.0,0.0,0.0,0.0,0.0,693400.0,2586200.0,4999820.0,4196900.0,3239100.0,0.0,0.0,0.0,0.0,0.0
20230905094354388,SSE,SSE.ETF.510050,2.646,2.649,2.65,2.642,0.0,2.924,2.392,64724300.0,0.0,171218993.0,0.0,0.0,0.0,20230905,20230905,94354388,2.658,0.0,0.0,2.645,2.644,2.643,2.642,2.641,0.0,0.0,0.0,0.0,0.0,2.646,2.647,2.648,2.649,2.65,0.0,0.0,0.0,0.0,0.0,2760700.0,6942500.0,3849800.0,2775800.0,2137600.0,0.0,0.0,0.0,0.0,0.0,1442100.0,3396000.0,4989820.0,2546900.0,3315300.0,0.0,0.0,0.0,0.0,0.0
20230905094357384,SSE,SSE.ETF.510050,2.645,2.649,2.65,2.642,0.0,2.924,2.392,64724800.0,500.0,171220316.0,1323.0,0.0,0.0,20230905,20230905,94357383,2.658,0.0,0.0,2.645,2.644,2.643,2.642,2.641,0.0,0.0,0.0,0.0,0.0,2.646,2.647,2.648,2.649,2.65,0.0,0.0,0.0,0.0,0.0,2681600.0,5539100.0,4733800.0,2775800.0,2240900.0,0.0,0.0,0.0,0.0,0.0,1478900.0,3896000.0,5280820.0,2546900.0,3239100.0,0.0,0.0,0.0,0.0,0.0
20230905094400392,SSE,SSE.ETF.510050,2.645,2.649,2.65,2.642,0.0,2.924,2.392,66233500.0,1508700.0,175210827.0,3990511.0,0.0,0.0,20230905,20230905,94400393,2.658,0.0,0.0,2.645,2.644,2.643,2.642,2.641,0.0,0.0,0.0,0.0,0.0,2.646,2.647,2.648,2.649,2.65,0.0,0.0,0.0,0.0,0.0,559700.0,2279100.0,5642800.0,4585800.0,2540900.0,0.0,0.0,0.0,0.0,0.0,2088900.0,5495800.0,3320820.0,1646900.0,3239100.0,0.0,0.0,0.0,0.0,0.0
20230905094403392,SSE,SSE.ETF.510050,2.645,2.649,2.65,2.642,0.0,2.924,2.392,67045100.0,811600.0,177357485.0,2146658.0,0.0,0.0,20230905,20230905,94403392,2.658,0.0,0.0,2.644,2.643,2.642,2.641,2.64,0.0,0.0,0.0,0.0,0.0,2.645,2.646,2.647,2.648,2.649,0.0,0.0,0.0,0.0,0.0,2556600.0,5942800.0,4616300.0,2140900.0,3576400.0,0.0,0.0,0.0,0.0,0.0,359500.0,1587800.0,5565800.0,3740820.0,2036900.0,0.0,0.0,0.0,0.0,0.0
20230905094406384,SSE,SSE.ETF.510050,2.645,2.649,2.65,2.642,0.0,2.924,2.392,67075300.0,30200.0,177437364.0,79879.0,0.0,0.0,20230905,20230905,94406383,2.658,0.0,0.0,2.644,2.643,2.642,2.641,2.64,0.0,0.0,0.0,0.0,0.0,2.645,2.646,2.647,2.648,2.649,0.0,0.0,0.0,0.0,0.0,2186600.0,5954700.0,4333100.0,2259700.0,4062500.0,0.0,0.0,0.0,0.0,0.0,1132900.0,1507800.0,5758900.0,3202720.0,2033900.0,0.0,0.0,0.0,0.0,0.0
20230905094409384,SSE,SSE.ETF.510050,2.645,2.649,2.65,2.642,0.0,2.924,2.392,67086600.0,11300.0,177467252.0,29888.0,0.0,0.0,20230905,20230905,94409383,2.658,0.0,0.0,2.644,2.643,2.642,2.641,2.64,0.0,0.0,0.0,0.0,0.0,2.645,2.646,2.647,2.648,2.649,0.0,0.0,0.0,0.0,0.0,2275700.0,5662700.0,5233100.0,2494100.0,3996700.0,0.0,0.0,0.0,0.0,0.0,1957400.0,2407800.0,5758900.0,1790720.0,2109500.0,0.0,0.0,0.0,0.0,0.0
20230905094412388,SSE,SSE.ETF.510050,2.644,2.649,2.65,2.642,0.0,2.924,2.392,67146300.0,59700.0,177625128.0,157876.0,0.0,0.0,20230905,20230905,94412387,2.658,0.0,0.0,2.644,2.643,2.642,2.641,2.64,0.0,0.0,0.0,0.0,0.0,2.645,2.646,2.647,2.648,2.649,0.0,0.0,0.0,0.0,0.0,1927500.0,5562700.0,4938700.0,2344100.0,3996700.0,0.0,0.0,0.0,0.0,0.0,1778300.0,2914500.0,5158900.0,1490720.0,2109500.0,0.0,0.0,0.0,0.0,0.0
20230905094415464,SSE,SSE.ETF.510050,2.644,2.649,2.65,2.642,0.0,2.924,2.392,67473300.0,327000.0,178490021.0,864893.0,0.0,0.0,20230905,20230905,94415462,2.658,0.0,0.0,2.644,2.643,2.642,2.641,2.64,0.0,0.0,0.0,0.0,0.0,2.645,2.646,2.647,2.648,2.649,0.0,0.0,0.0,0.0,0.0,2105700.0,6765700.0,4338700.0,2744100.0,3925700.0,0.0,0.0,0.0,0.0,0.0,1126000.0,2206500.0,5458900.0,3520720.0,1729500.0,0.0,0.0,0.0,0.0,0.0
20230905094418476,SSE,SSE.ETF.510050,2.644,2.649,2.65,2.642,0.0,2.924,2.392,68549500.0,1076200.0,181336468.0,2846447.0,0.0,0.0,20230905,20230905,94418477,2.658,0.0,0.0,2.644,2.643,2.642,2.641,2.64,0.0,0.0,0.0,0.0,0.0,2.645,2.646,2.647,2.648,2.649,0.0,0.0,0.0,0.0,0.0,2021100.0,6924700.0,4255700.0,2344100.0,4040100.0,0.0,0.0,0.0,0.0,0.0,1438500.0,3106500.0,4470900.0,2817720.0,2109500.0,0.0,0.0,0.0,0.0,0.0
20230905094421432,SSE,SSE.ETF.510050,2.645,2.649,2.65,2.642,0.0,2.924,2.392,68709700.0,160200.0,181760042.0,423574.0,0.0,0.0,20230905,20230905,94421431,2.658,0.0,0.0,2.644,2.643,2.642,2.641,2.64,0.0,0.0,0.0,0.0,0.0,2.645,2.646,2.647,2.648,2.649,0.0,0.0,0.0,0.0,0.0,1583700.0,6634700.0,4343700.0,2556100.0,4040100.0,0.0,0.0,0.0,0.0,0.0,1442900.0,3708800.0,5450100.0,1799720.0,1809500.0,0.0,0.0,0.0,0.0,0.0
20230905094424392,SSE,SSE.ETF.510050,2.644,2.649,2.65,2.642,0.0,2.924,2.392,68711700.0,2000.0,181765330.0,5288.0,0.0,0.0,20230905,20230905,94424391,2.658,0.0,0.0,2.644,2.643,2.642,2.641,2.64,0.0,0.0,0.0,0.0,0.0,2.645,2.646,2.647,2.648,2.649,0.0,0.0,0.0,0.0,0.0,1379100.0,5736700.0,5238700.0,2644100.0,4340100.0,0.0,0.0,0.0,0.0,0.0,2655500.0,3906800.0,5450100.0,1677720.0,1719500.0,0.0,0.0,0.0,0.0,0.0
20230905094427392,SSE,SSE.ETF.510050,2.644,2.649,2.65,2.642,0.0,2.924,2.392,68714200.0,2500.0,181771943.0,6613.0,0.0,0.0,20230905,20230905,94427393,2.658,0.0,0.0,2.644,2.643,2.642,2.641,2.64,0.0,0.0,0.0,0.0,0.0,2.645,2.646,2.647,2.648,2.649,0.0,0.0,0.0,0.0,0.0,1318100.0,5808600.0,5233700.0,2644100.0,3967100.0,0.0,0.0,0.0,0.0,0.0,2668200.0,4806400.0,4540100.0,1887720.0,1885700.0,0.0,0.0,0.0,0.0,0.0
20230905094430388,SSE,SSE.ETF.510050,2.644,2.649,2.65,2.642,0.0,2.924,2.392,69896300.0,1182100.0,184897415.0,3125472.0,0.0,0.0,20230905,20230905,94430388,2.658,0.0,0.0,2.644,2.643,2.642,2.641,2.64,0.0,0.0,0.0,0.0,0.0,2.645,2.646,2.647,2.648,2.649,0.0,0.0,0.0,0.0,0.0,1282100.0,4286600.0,5543400.0,2794100.0,4267100.0,0.0,0.0,0.0,0.0,0.0,1518700.0,5106400.0,4874100.0,1443920.0,1885700.0,0.0,0.0,0.0,0.0,0.0
20230905094433432,SSE,SSE.ETF.510050,2.644,2.649,2.65,2.642,0.0,2.924,2.392,70025900.0,129600.0,185240095.0,342680.0,0.0,0.0,20230905,20230905,94433434,2.658,0.0,0.0,2.644,2.643,2.642,2.641,2.64,0.0,0.0,0.0,0.0,0.0,2.645,2.646,2.647,2.648,2.649,0.0,0.0,0.0,0.0,0.0,1236400.0,3676600.0,6443400.0,3299100.0,3917100.0,0.0,0.0,0.0,0.0,0.0,1633000.0,6106400.0,4264100.0,1144120.0,1901700.0,0.0,0.0,0.0,0.0,0.0
20230905094436424,SSE,SSE.ETF.510050,2.644,2.649,2.65,2.642,0.0,2.924,2.392,70032600.0,6700.0,185257810.0,17715.0,0.0,0.0,20230905,20230905,94436424,2.658,0.0,0.0,2.644,2.643,2.642,2.641,2.64,0.0,0.0,0.0,0.0,0.0,2.645,2.646,2.647,2.648,2.649,0.0,0.0,0.0,0.0,0.0,1242100.0,3795500.0,6347100.0,2703600.0,4022100.0,0.0,0.0,0.0,0.0,0.0,1325900.0,6106400.0,4486100.0,1056120.0,1886700.0,0.0,0.0,0.0,0.0,0.0
20230905094439384,SSE,SSE.ETF.510050,2.644,2.649,2.65,2.642,0.0,2.924,2.392,70035600.0,3000.0,185265742.0,7932.0,0.0,0.0,20230905,20230905,94439384,2.658,0.0,0.0,2.644,2.643,2.642,2.641,2.64,0.0,0.0,0.0,0.0,0.0,2.645,2.646,2.647,2.648,2.649,0.0,0.0,0.0,0.0,0.0,243300.0,3187500.0,6435100.0,3101600.0,4317600.0,0.0,0.0,0.0,0.0,0.0,2275800.0,6106400.0,4264100.0,844120.0,1811700.0,0.0,0.0,0.0,0.0,0.0
20230905094442400,SSE,SSE.ETF.510050,2.644,2.649,2.65,2.642,0.0,2.924,2.392,70311500.0,275900.0,185995236.0,729494.0,0.0,0.0,20230905,20230905,94442399,2.658,0.0,0.0,2.644,2.643,2.642,2.641,2.64,0.0,0.0,0.0,0.0,0.0,2.645,2.646,2.647,2.648,2.649,0.0,0.0,0.0,0.0,0.0,104200.0,3498500.0,6460100.0,4291600.0,4388800.0,0.0,0.0,0.0,0.0,0.0,1952100.0,5206400.0,5474100.0,844120.0,1815500.0,0.0,0.0,0.0,0.0,0.0
20230905094445416,SSE,SSE.ETF.510050,2.644,2.649,2.65,2.642,0.0,2.924,2.392,70467900.0,156400.0,186408757.0,413521.0,0.0,0.0,20230905,20230905,94445414,2.658,0.0,0.0,2.643,2.642,2.641,2.64,2.639,0.0,0.0,0.0,0.0,0.0,2.644,2.645,2.646,2.647,2.648,0.0,0.0,0.0,0.0,0.0,3187600.0,6459100.0,4631600.0,4388800.0,1410700.0,0.0,0.0,0.0,0.0,0.0,1039000.0,2562100.0,5576400.0,2704100.0,844120.0,0.0,0.0,0.0,0.0,0.0
20230905094448392,SSE,SSE.ETF.510050,2.644,2.649,2.65,2.642,0.0,2.924,2.392,71858100.0,1390200.0,190084446.0,3675689.0,0.0,0.0,20230905,20230905,94448393,2.658,0.0,0.0,2.643,2.642,2.641,2.64,2.639,0.0,0.0,0.0,0.0,0.0,2.644,2.645,2.646,2.647,2.648,0.0,0.0,0.0,0.0,0.0,2062200.0,7220000.0,4036700.0,4420400.0,1501100.0,0.0,0.0,0.0,0.0,0.0,1529900.0,2829100.0,5626700.0,2755000.0,1004720.0,0.0,0.0,0.0,0.0,0.0
20230905094451384,SSE,SSE.ETF.510050,2.644,2.649,2.65,2.642,0.0,2.924,2.392,71888100.0,30000.0,190163766.0,79320.0,0.0,0.0,20230905,20230905,94451383,2.658,0.0,0.0,2.643,2.642,2.641,2.64,2.639,0.0,0.0,0.0,0.0,0.0,2.644,2.645,2.646,2.647,2.648,0.0,0.0,0.0,0.0,0.0,3059100.0,6532200.0,3949700.0,4620400.0,1210100.0,0.0,0.0,0.0,0.0,0.0,19000.0,2857100.0,4726700.0,3567000.0,896720.0,0.0,0.0,0.0,0.0,0.0
20230905094454384,SSE,SSE.ETF.510050,2.644,2.649,2.65,2.642,0.0,2.924,2.392,71908300.0,20200.0,190217174.0,53408.0,0.0,0.0,20230905,20230905,94454383,2.658,0.0,0.0,2.644,2.643,2.642,2.641,2.64,0.0,0.0,0.0,0.0,0.0,2.645,2.646,2.647,2.648,2.649,0.0,0.0,0.0,0.0,0.0,1200.0,3426100.0,6823200.0,4027700.0,4708400.0,0.0,0.0,0.0,0.0,0.0,3037100.0,3914500.0,6145000.0,901120.0,1696700.0,0.0,0.0,0.0,0.0,0.0
20230905094457396,SSE,SSE.ETF.510050,2.643,2.649,2.65,2.642,0.0,2.924,2.392,72008400.0,100100.0,190481792.0,264618.0,0.0,0.0,20230905,20230905,94457396,2.658,0.0,0.0,2.643,2.642,2.641,2.64,2.639,0.0,0.0,0.0,0.0,0.0,2.644,2.645,2.646,2.647,2.648,0.0,0.0,0.0,0.0,0.0,2499500.0,7132300.0,4306000.0,4593600.0,1119700.0,0.0,0.0,0.0,0.0,0.0,913500.0,3039300.0,5014400.0,3715200.0,816120.0,0.0,0.0,0.0,0.0,0.0
20230905094500384,SSE,SSE.ETF.510050,2.644,2.649,2.65,2.642,0.0,2.924,2.392,72047300.0,38900.0,190584636.0,102844.0,0.0,0.0,20230905,20230905,94500384,2.658,0.0,0.0,2.643,2.642,2.641,2.64,2.639,0.0,0.0,0.0,0.0,0.0,2.644,2.645,2.646,2.647,2.648,0.0,0.0,0.0,0.0,0.0,1884500.0,4356500.0,5231100.0,6212400.0,1712100.0,0.0,0.0,0.0,0.0,0.0,1939515.0,3538500.0,6005500.0,2055100.0,1066720.0,0.0,0.0,0.0,0.0,0.0
20230905094503408,SSE,SSE.ETF.510050,2.643,2.649,2.65,2.642,0.0,2.924,2.392,73571700.0,1524400.0,194613629.0,4028993.0,0.0,0.0,20230905,20230905,94503408,2.658,0.0,0.0,2.643,2.642,2.641,2.64,2.639,0.0,0.0,0.0,0.0,0.0,2.644,2.645,2.646,2.647,2.648,0.0,0.0,0.0,0.0,0.0,1553700.0,3989700.0,6352100.0,5094500.0,1563400.0,0.0,0.0,0.0,0.0,0.0,1511615.0,5438500.0,4661800.0,1374100.0,1142920.0,0.0,0.0,0.0,0.0,0.0
20230905094506440,SSE,SSE.ETF.510050,2.643,2.649,2.65,2.642,0.0,2.924,2.392,73956400.0,384700.0,195630393.0,1016764.0,0.0,0.0,20230905,20230905,94506438,2.658,0.0,0.0,2.642,2.641,2.64,2.639,2.638,0.0,0.0,0.0,0.0,0.0,2.643,2.644,2.645,2.646,2.647,0.0,0.0,0.0,0.0,0.0,3435400.0,6440100.0,6732500.0,1634600.0,1193900.0,0.0,0.0,0.0,0.0,0.0,1039700.0,1519015.0,4848600.0,3251200.0,1202100.0,0.0,0.0,0.0,0.0,0.0
20230905094509424,SSE,SSE.ETF.510050,2.643,2.649,2.65,2.642,0.0,2.924,2.392,73969700.0,13300.0,195665532.0,35139.0,0.0,0.0,20230905,20230905,94509424,2.658,0.0,0.0,2.642,2.641,2.64,2.639,2.638,0.0,0.0,0.0,0.0,0.0,2.643,2.644,2.645,2.646,2.647,0.0,0.0,0.0,0.0,0.0,3003600.0,5790200.0,7341600.0,1753400.0,1504200.0,0.0,0.0,0.0,0.0,0.0,1662600.0,1520115.0,4929700.0,2810900.0,1302700.0,0.0,0.0,0.0,0.0,0.0
20230905094512392,SSE,SSE.ETF.510050,2.642,2.649,2.65,2.642,0.0,2.924,2.392,74027400.0,57700.0,195817983.0,152451.0,0.0,0.0,20230905,20230905,94512393,2.658,0.0,0.0,2.642,2.641,2.64,2.639,2.638,0.0,0.0,0.0,0.0,0.0,2.643,2.644,2.645,2.646,2.647,0.0,0.0,0.0,0.0,0.0,3432500.0,6400200.0,7439100.0,1753400.0,1504200.0,0.0,0.0,0.0,0.0,0.0,1358300.0,1520115.0,4948700.0,4460900.0,1302700.0,0.0,0.0,0.0,0.0,0.0
20230905094515384,SSE,SSE.ETF.510050,2.643,2.649,2.65,2.642,0.0,2.924,2.392,74040400.0,13000.0,195852342.0,34359.0,0.0,0.0,20230905,20230905,94515385,2.658,0.0,0.0,2.642,2.641,2.64,2.639,2.638,0.0,0.0,0.0,0.0,0.0,2.643,2.644,2.645,2.646,2.647,0.0,0.0,0.0,0.0,0.0,3183700.0,6132500.0,7343100.0,1853400.0,1504200.0,0.0,0.0,0.0,0.0,0.0,1790200.0,2722115.0,5196000.0,2810900.0,1302700.0,0.0,0.0,0.0,0.0,0.0
20230905094518384,SSE,SSE.ETF.510050,2.643,2.649,2.65,2.642,0.0,2.924,2.392,74050500.0,10100.0,195879037.0,26695.0,0.0,0.0,20230905,20230905,94518382,2.658,0.0,0.0,2.642,2.641,2.64,2.639,2.638,0.0,0.0,0.0,0.0,0.0,2.643,2.644,2.645,2.646,2.647,0.0,0.0,0.0,0.0,0.0,3550000.0,6339500.0,7343000.0,1873400.0,1504200.0,0.0,0.0,0.0,0.0,0.0,1980200.0,2942115.0,5284000.0,2871900.0,1214700.0,0.0,0.0,0.0,0.0,0.0
20230905094521388,SSE,SSE.ETF.510050,2.643,2.649,2.65,2.642,0.0,2.924,2.392,74081300.0,30800.0,195960412.0,81375.0,0.0,0.0,20230905,20230905,94521387,2.658,0.0,0.0,2.642,2.641,2.64,2.639,2.638,0.0,0.0,0.0,0.0,0.0,2.643,2.644,2.645,2.646,2.647,0.0,0.0,0.0,0.0,0.0,3766800.0,5744500.0,7343000.0,1961400.0,1804200.0,0.0,0.0,0.0,0.0,0.0,2278700.0,2942115.0,4383300.0,2489500.0,1214700.0,0.0,0.0,0.0,0.0,0.0
20230905094524392,SSE,SSE.ETF.510050,2.643,2.649,2.65,2.642,0.0,2.924,2.392,74124900.0,43600.0,196075605.0,115193.0,0.0,0.0,20230905,20230905,94524390,2.658,0.0,0.0,2.642,2.641,2.64,2.639,2.638,0.0,0.0,0.0,0.0,0.0,2.643,2.644,2.645,2.646,2.647,0.0,0.0,0.0,0.0,0.0,3724800.0,5724500.0,7345600.0,1961400.0,1804200.0,0.0,0.0,0.0,0.0,0.0,2293000.0,2845000.0,5223300.0,2489600.0,1218500.0,0.0,0.0,0.0,0.0,0.0
20230905094527384,SSE,SSE.ETF.510050,2.643,2.649,2.65,2.642,0.0,2.924,2.392,74218500.0,93600.0,196322982.0,247377.0,0.0,0.0,20230905,20230905,94527383,2.658,0.0,0.0,2.642,2.641,2.64,2.639,2.638,0.0,0.0,0.0,0.0,0.0,2.643,2.644,2.645,2.646,2.647,0.0,0.0,0.0,0.0,0.0,3683700.0,4279300.0,8554600.0,2111400.0,1804300.0,0.0,0.0,0.0,0.0,0.0,2357400.0,3745000.0,4323300.0,2489600.0,1218500.0,0.0,0.0,0.0,0.0,0.0
20230905094530416,SSE,SSE.ETF.510050,2.642,2.649,2.65,2.642,0.0,2.924,2.392,74439200.0,220700.0,196906087.0,583105.0,0.0,0.0,20230905,20230905,94530414,2.658,0.0,0.0,2.642,2.641,2.64,2.639,2.638,0.0,0.0,0.0,0.0,0.0,2.643,2.644,2.645,2.646,2.647,0.0,0.0,0.0,0.0,0.0,2908600.0,3917000.0,7256600.0,2013500.0,1826100.0,0.0,0.0,0.0,0.0,0.0,2345200.0,3435000.0,4526100.0,1501600.0,1218500.0,0.0,0.0,0.0,0.0,0.0
20230905094533432,SSE,SSE.ETF.510050,2.643,2.649,2.65,2.642,0.0,2.924,2.392,74473400.0,34200.0,196996460.0,90373.0,0.0,0.0,20230905,20230905,94533434,2.658,0.0,0.0,2.642,2.641,2.64,2.639,2.638,0.0,0.0,0.0,0.0,0.0,2.643,2.644,2.645,2.646,2.647,0.0,0.0,0.0,0.0,0.0,3295000.0,4227000.0,7949500.0,2101500.0,1656100.0,0.0,0.0,0.0,0.0,0.0,2332400.0,3745000.0,4924100.0,1589600.0,1395700.0,0.0,0.0,0.0,0.0,0.0
20230905094536432,SSE,SSE.ETF.510050,2.643,2.649,2.65,2.642,0.0,2.924,2.392,74529800.0,56400.0,197145520.0,149060.0,0.0,0.0,20230905,20230905,94536430,2.658,0.0,0.0,2.642,2.641,2.64,2.639,2.638,0.0,0.0,0.0,0.0,0.0,2.643,2.644,2.645,2.646,2.647,0.0,0.0,0.0,0.0,0.0,3607600.0,5727000.0,7951600.0,1958500.0,1446100.0,0.0,0.0,0.0,0.0,0.0,1050000.0,1645000.0,4933100.0,4126600.0,1400700.0,0.0,0.0,0.0,0.0,0.0
20230905094539384,SSE,SSE.ETF.510050,2.643,2.649,2.65,2.642,0.0,2.924,2.392,74530300.0,500.0,197146841.0,1321.0,0.0,0.0,20230905,20230905,94539384,2.658,0.0,0.0,2.642,2.641,2.64,2.639,2.638,0.0,0.0,0.0,0.0,0.0,2.643,2.644,2.645,2.646,2.647,0.0,0.0,0.0,0.0,0.0,3477700.0,5536000.0,7989100.0,1951500.0,1446100.0,0.0,0.0,0.0,0.0,0.0,1380900.0,2845000.0,5224100.0,2712600.0,1305700.0,0.0,0.0,0.0,0.0,0.0
20230905094542400,SSE,SSE.ETF.510050,2.642,2.649,2.65,2.642,0.0,2.924,2.392,74584800.0,54500.0,197290850.0,144009.0,0.0,0.0,20230905,20230905,94542399,2.658,0.0,0.0,2.642,2.641,2.64,2.639,2.638,0.0,0.0,0.0,0.0,0.0,2.643,2.644,2.645,2.646,2.647,0.0,0.0,0.0,0.0,0.0,3950200.0,7236000.0,6179200.0,1951500.0,1500000.0,0.0,0.0,0.0,0.0,0.0,465800.0,1335900.0,4936700.0,4522600.0,1305700.0,0.0,0.0,0.0,0.0,0.0
20230905094545384,SSE,SSE.ETF.510050,2.642,2.649,2.65,2.642,0.0,2.924,2.392,75442500.0,857700.0,199557750.0,2266900.0,0.0,0.0,20230905,20230905,94545383,2.658,0.0,0.0,2.642,2.641,2.64,2.639,2.638,0.0,0.0,0.0,0.0,0.0,2.643,2.644,2.645,2.646,2.647,0.0,0.0,0.0,0.0,0.0,4042600.0,6037000.0,7394300.0,1951500.0,1410000.0,0.0,0.0,0.0,0.0,0.0,878500.0,3126200.0,5227700.0,2712600.0,1395700.0,0.0,0.0,0.0,0.0,0.0
20230905094548384,SSE,SSE.ETF.510050,2.643,2.649,2.65,2.642,0.0,2.924,2.392,75656900.0,214400.0,200124196.0,566446.0,0.0,0.0,20230905,20230905,94548383,2.658,0.0,0.0,2.642,2.641,2.64,2.639,2.638,0.0,0.0,0.0,0.0,0.0,2.643,2.644,2.645,2.646,2.647,0.0,0.0,0.0,0.0,0.0,3802600.0,5997000.0,7306300.0,1875500.0,1500000.0,0.0,0.0,0.0,0.0,0.0,903000.0,2826200.0,5228800.0,2624600.0,1305700.0,0.0,0.0,0.0,0.0,0.0
20230905094551368,SSE,SSE.ETF.510050,2.643,2.649,2.65,2.642,0.0,2.924,2.392,75740600.0,83700.0,200345331.0,221135.0,0.0,0.0,20230905,20230905,94551368,2.658,0.0,0.0,2.642,2.641,2.64,2.639,2.638,0.0,0.0,0.0,0.0,0.0,2.643,2.644,2.645,2.646,2.647,0.0,0.0,0.0,0.0,0.0,3746700.0,6297000.0,7420300.0,1963500.0,1490000.0,0.0,0.0,0.0,0.0,0.0,905300.0,2827000.0,5316800.0,2712600.0,1395700.0,0.0,0.0,0.0,0.0,0.0
20230905094554432,SSE,SSE.ETF.510050,2.643,2.649,2.65,2.642,0.0,2.924,2.392,75801800.0,61200.0,200507024.0,161693.0,0.0,0.0,20230905,20230905,94554430,2.658,0.0,0.0,2.642,2.641,2.64,2.639,2.638,0.0,0.0,0.0,0.0,0.0,2.643,2.644,2.645,2.646,2.647,0.0,0.0,0.0,0.0,0.0,4011000.0,6237300.0,7410300.0,1966500.0,1411500.0,0.0,0.0,0.0,0.0,0.0,918600.0,2836900.0,5025800.0,2712600.0,1395700.0,0.0,0.0,0.0,0.0,0.0
20230905094557368,SSE,SSE.ETF.510050,2.642,2.649,2.65,2.642,0.0,2.924,2.392,75832600.0,30800.0,200588401.0,81377.0,0.0,0.0,20230905,20230905,94557369,2.658,0.0,0.0,2.642,2.641,2.64,2.639,2.638,0.0,0.0,0.0,0.0,0.0,2.643,2.644,2.645,2.646,2.647,0.0,0.0,0.0,0.0,0.0,3950300.0,7137600.0,6510300.0,1966500.0,1501500.0,0.0,0.0,0.0,0.0,0.0,1239500.0,2836900.0,5047000.0,2712600.0,1305700.0,0.0,0.0,0.0,0.0,0.0
20230905094600416,SSE,SSE.ETF.510050,2.642,2.649,2.65,2.642,0.0,2.924,2.392,75839800.0,7200.0,200607427.0,19026.0,0.0,0.0,20230905,20230905,94600418,2.658,0.0,0.0,2.642,2.641,2.64,2.639,2.638,0.0,0.0,0.0,0.0,0.0,2.643,2.644,2.645,2.646,2.647,0.0,0.0,0.0,0.0,0.0,3312700.0,7237000.0,6513500.0,1966500.0,1511500.0,0.0,0.0,0.0,0.0,0.0,1243200.0,3136900.0,5047000.0,2712600.0,1305700.0,0.0,0.0,0.0,0.0,0.0
20230905094603384,SSE,SSE.ETF.510050,2.643,2.649,2.65,2.642,0.0,2.924,2.392,75860700.0,20900.0,200662665.0,55238.0,0.0,0.0,20230905,20230905,94603382,2.658,0.0,0.0,2.642,2.641,2.64,2.639,2.638,0.0,0.0,0.0,0.0,0.0,2.643,2.644,2.645,2.646,2.647,0.0,0.0,0.0,0.0,0.0,3931800.0,6037000.0,7325300.0,1918500.0,1421500.0,0.0,0.0,0.0,0.0,0.0,2237300.0,2836900.0,4959000.0,2624600.0,1395700.0,0.0,0.0,0.0,0.0,0.0
20230905094606412,SSE,SSE.ETF.510050,2.642,2.649,2.65,2.642,0.0,2.924,2.392,75862400.0,1700.0,200667157.0,4492.0,0.0,0.0,20230905,20230905,94606413,2.658,0.0,0.0,2.642,2.641,2.64,2.639,2.638,0.0,0.0,0.0,0.0,0.0,2.643,2.644,2.645,2.646,2.647,0.0,0.0,0.0,0.0,0.0,3942200.0,7237000.0,6436100.0,2006500.0,1421500.0,0.0,0.0,0.0,0.0,0.0,2237300.0,2836900.0,4959000.0,2712600.0,1395800.0,0.0,0.0,0.0,0.0,0.0
20230905094609380,SSE,SSE.ETF.510050,2.643,2.649,2.65,2.642,0.0,2.924,2.392,77554215.0,1691815.0,205138491.0,4471334.0,0.0,0.0,20230905,20230905,94609381,2.658,0.0,0.0,2.643,2.642,2.641,2.64,2.639,0.0,0.0,0.0,0.0,0.0,2.644,2.645,2.646,2.647,2.648,0.0,0.0,0.0,0.0,0.0,113000.0,6052885.0,5428000.0,4536100.0,1706500.0,0.0,0.0,0.0,0.0,0.0,2132600.0,3147000.0,6352600.0,1845800.0,586920.0,0.0,0.0,0.0,0.0,0.0
20230905094612384,SSE,SSE.ETF.510050,2.644,2.649,2.65,2.642,0.0,2.924,2.392,77649215.0,95000.0,205389648.0,251157.0,0.0,0.0,20230905,20230905,94612383,2.658,0.0,0.0,2.643,2.642,2.641,2.64,2.639,0.0,0.0,0.0,0.0,0.0,2.644,2.645,2.646,2.647,2.648,0.0,0.0,0.0,0.0,0.0,258400.0,5520985.0,5816100.0,4971700.0,1499700.0,0.0,0.0,0.0,0.0,0.0,1720000.0,2758900.0,5752700.0,2223300.0,901320.0,0.0,0.0,0.0,0.0,0.0
20230905094615384,SSE,SSE.ETF.510050,2.643,2.649,2.65,2.642,0.0,2.924,2.392,77655415.0,6200.0,205406035.0,16387.0,0.0,0.0,20230905,20230905,94615383,2.658,0.0,0.0,2.643,2.642,2.641,2.64,2.639,0.0,0.0,0.0,0.0,0.0,2.644,2.645,2.646,2.647,2.648,0.0,0.0,0.0,0.0,0.0,404200.0,5530485.0,5826100.0,6321700.0,1499300.0,0.0,0.0,0.0,0.0,0.0,1570800.0,2959000.0,5461700.0,2373300.0,901320.0,0.0,0.0,0.0,0.0,0.0
20230905094618388,SSE,SSE.ETF.510050,2.644,2.649,2.65,2.642,0.0,2.924,2.392,77700515.0,45100.0,205525242.0,119207.0,0.0,0.0,20230905,20230905,94618387,2.658,0.0,0.0,2.643,2.642,2.641,2.64,2.639,0.0,0.0,0.0,0.0,0.0,2.644,2.645,2.646,2.647,2.648,0.0,0.0,0.0,0.0,0.0,247400.0,3866185.0,6426100.0,6497200.0,1503300.0,0.0,0.0,0.0,0.0,0.0,2036200.0,2960000.0,5752700.0,1923300.0,901320.0,0.0,0.0,0.0,0.0,0.0
20230905094621384,SSE,SSE.ETF.510050,2.643,2.649,2.65,2.642,0.0,2.924,2.392,77876215.0,175700.0,205989627.0,464385.0,0.0,0.0,20230905,20230905,94621384,2.658,0.0,0.0,2.643,2.642,2.641,2.64,2.639,0.0,0.0,0.0,0.0,0.0,2.644,2.645,2.646,2.647,2.648,0.0,0.0,0.0,0.0,0.0,93200.0,3529785.0,7035100.0,6500800.0,1503300.0,0.0,0.0,0.0,0.0,0.0,2026200.0,3460000.0,5472700.0,1833300.0,991320.0,0.0,0.0,0.0,0.0,0.0
20230905094624384,SSE,SSE.ETF.510050,2.643,2.649,2.65,2.642,0.0,2.924,2.392,77978015.0,101800.0,206258684.0,269057.0,0.0,0.0,20230905,20230905,94624383,2.658,0.0,0.0,2.642,2.641,2.64,2.639,2.638,0.0,0.0,0.0,0.0,0.0,2.643,2.644,2.645,2.646,2.647,0.0,0.0,0.0,0.0,0.0,3042185.0,6947100.0,6751800.0,1803300.0,1201200.0,0.0,0.0,0.0,0.0,0.0,1871400.0,2283900.0,4060000.0,2644700.0,1745300.0,0.0,0.0,0.0,0.0,0.0
20230905094627384,SSE,SSE.ETF.510050,2.643,2.649,2.65,2.642,0.0,2.924,2.392,78003015.0,25000.0,206324759.0,66075.0,0.0,0.0,20230905,20230905,94627383,2.658,0.0,0.0,2.642,2.641,2.64,2.639,2.638,0.0,0.0,0.0,0.0,0.0,2.643,2.644,2.645,2.646,2.647,0.0,0.0,0.0,0.0,0.0,2578085.0,6948000.0,6554300.0,2160100.0,1511500.0,0.0,0.0,0.0,0.0,0.0,1997000.0,2806900.0,4848100.0,2282600.0,1395900.0,0.0,0.0,0.0,0.0,0.0
20230905094630368,SSE,SSE.ETF.510050,2.643,2.649,2.65,2.642,0.0,2.924,2.392,78009115.0,6100.0,206340882.0,16123.0,0.0,0.0,20230905,20230905,94630368,2.658,0.0,0.0,2.642,2.641,2.64,2.639,2.638,0.0,0.0,0.0,0.0,0.0,2.643,2.644,2.645,2.646,2.647,0.0,0.0,0.0,0.0,0.0,2514085.0,5512000.0,6554300.0,1910100.0,1611500.0,0.0,0.0,0.0,0.0,0.0,1849400.0,2506400.0,4848100.0,2282600.0,1395900.0,0.0,0.0,0.0,0.0,0.0
20230905094633400,SSE,SSE.ETF.510050,2.642,2.649,2.65,2.642,0.0,2.924,2.392,78016115.0,7000.0,206359377.0,18495.0,0.0,0.0,20230905,20230905,94633400,2.658,0.0,0.0,2.642,2.641,2.64,2.639,2.638,0.0,0.0,0.0,0.0,0.0,2.643,2.644,2.645,2.646,2.647,0.0,0.0,0.0,0.0,0.0,2297585.0,3136000.0,7154300.0,2060100.0,1731500.0,0.0,0.0,0.0,0.0,0.0,2000400.0,2706400.0,4848100.0,2282600.0,1395900.0,0.0,0.0,0.0,0.0,0.0
20230905094636432,SSE,SSE.ETF.510050,2.642,2.649,2.65,2.642,0.0,2.924,2.392,80609415.0,2593300.0,213210876.0,6851499.0,0.0,0.0,20230905,20230905,94636430,2.658,0.0,0.0,2.642,2.641,2.64,2.639,2.638,0.0,0.0,0.0,0.0,0.0,2.643,2.644,2.645,2.646,2.647,0.0,0.0,0.0,0.0,0.0,64285.0,3451900.0,8691100.0,4070100.0,1971600.0,0.0,0.0,0.0,0.0,0.0,1153500.0,4626400.0,2223400.0,1682600.0,1305900.0,0.0,0.0,0.0,0.0,0.0
20230905094639384,SSE,SSE.ETF.510050,2.642,2.649,2.65,2.642,0.0,2.924,2.392,81138615.0,529200.0,214609023.0,1398147.0,0.0,0.0,20230905,20230905,94639383,2.658,0.0,0.0,2.641,2.64,2.639,2.638,2.637,0.0,0.0,0.0,0.0,0.0,2.642,2.643,2.644,2.645,2.646,0.0,0.0,0.0,0.0,0.0,3306200.0,8604100.0,3982100.0,1821600.0,735000.0,0.0,0.0,0.0,0.0,0.0,395400.0,1550200.0,4917400.0,2285400.0,1594600.0,0.0,0.0,0.0,0.0,0.0
20230905094642384,SSE,SSE.ETF.510050,2.643,2.649,2.65,2.642,0.0,2.924,2.392,81171915.0,33300.0,214697004.0,87981.0,0.0,0.0,20230905,20230905,94642384,2.658,0.0,0.0,2.642,2.641,2.64,2.639,2.638,0.0,0.0,0.0,0.0,0.0,2.643,2.644,2.645,2.646,2.647,0.0,0.0,0.0,0.0,0.0,1010000.0,5193500.0,8656000.0,1975200.0,1718400.0,0.0,0.0,0.0,0.0,0.0,935500.0,2894500.0,5894300.0,1379600.0,1377400.0,0.0,0.0,0.0,0.0,0.0
20230905094645384,SSE,SSE.ETF.510050,2.643,2.649,2.65,2.642,0.0,2.924,2.392,81231815.0,59900.0,214855262.0,158258.0,0.0,0.0,20230905,20230905,94645384,2.658,0.0,0.0,2.642,2.641,2.64,2.639,2.638,0.0,0.0,0.0,0.0,0.0,2.643,2.644,2.645,2.646,2.647,0.0,0.0,0.0,0.0,0.0,1176500.0,4979100.0,8656100.0,2110100.0,1689600.0,0.0,0.0,0.0,0.0,0.0,783500.0,2453600.0,6185400.0,1412600.0,1306100.0,0.0,0.0,0.0,0.0,0.0
20230905094648400,SSE,SSE.ETF.510050,2.643,2.649,2.65,2.642,0.0,2.924,2.392,81231815.0,0.0,214855262.0,0.0,0.0,0.0,20230905,20230905,94648399,2.658,0.0,0.0,2.642,2.641,2.64,2.639,2.638,0.0,0.0,0.0,0.0,0.0,2.643,2.644,2.645,2.646,2.647,0.0,0.0,0.0,0.0,0.0,1203300.0,3779100.0,9264200.0,2260100.0,1748400.0,0.0,0.0,0.0,0.0,0.0,1079000.0,2953600.0,6195400.0,1212600.0,1472400.0,0.0,0.0,0.0,0.0,0.0
20230905094651384,SSE,SSE.ETF.510050,2.642,2.649,2.65,2.642,0.0,2.924,2.392,81641915.0,410100.0,215938746.0,1083484.0,0.0,0.0,20230905,20230905,94651384,2.658,0.0,0.0,2.642,2.641,2.64,2.639,2.638,0.0,0.0,0.0,0.0,0.0,2.643,2.644,2.645,2.646,2.647,0.0,0.0,0.0,0.0,0.0,10800.0,3209100.0,9213700.0,2570200.0,1824600.0,0.0,0.0,0.0,0.0,0.0,1395500.0,4753600.0,3794400.0,1212600.0,1396100.0,0.0,0.0,0.0,0.0,0.0
20230905094654392,SSE,SSE.ETF.510050,2.642,2.649,2.65,2.641,0.0,2.924,2.392,81857915.0,216000.0,216509421.0,570675.0,0.0,0.0,20230905,20230905,94654392,2.658,0.0,0.0,2.641,2.64,2.639,2.638,2.637,0.0,0.0,0.0,0.0,0.0,2.643,2.644,2.645,2.646,2.647,0.0,0.0,0.0,0.0,0.0,3516600.0,9301700.0,3662200.0,1837900.0,825000.0,0.0,0.0,0.0,0.0,0.0,1096000.0,4725600.0,4104400.0,1300600.0,1396100.0,0.0,0.0,0.0,0.0,0.0
20230905094657380,SSE,SSE.ETF.510050,2.642,2.649,2.65,2.641,0.0,2.924,2.392,82905515.0,1047600.0,219277183.0,2767762.0,0.0,0.0,20230905,20230905,94657380,2.658,0.0,0.0,2.642,2.641,2.64,2.639,2.638,0.0,0.0,0.0,0.0,0.0,2.643,2.644,2.645,2.646,2.647,0.0,0.0,0.0,0.0,0.0,75800.0,3132900.0,9301700.0,2412200.0,1761800.0,0.0,0.0,0.0,0.0,0.0,1408500.0,4725600.0,2864400.0,1300600.0,1472400.0,0.0,0.0,0.0,0.0,0.0
20230905094700392,SSE,SSE.ETF.510050,2.642,2.649,2.65,2.641,0.0,2.924,2.392,83196215.0,290700.0,220045212.0,768029.0,0.0,0.0,20230905,20230905,94700393,2.658,0.0,0.0,2.641,2.64,2.639,2.638,2.637,0.0,0.0,0.0,0.0,0.0,2.642,2.643,2.644,2.645,2.646,0.0,0.0,0.0,0.0,0.0,2982800.0,8689200.0,3692200.0,1856000.0,534400.0,0.0,0.0,0.0,0.0,0.0,21500.0,1915600.0,2925600.0,4374400.0,1300600.0,0.0,0.0,0.0,0.0,0.0
20230905094703440,SSE,SSE.ETF.510050,2.642,2.649,2.65,2.641,0.0,2.924,2.392,83278315.0,82100.0,220262120.0,216908.0,0.0,0.0,20230905,20230905,94703439,2.658,0.0,0.0,2.641,2.64,2.639,2.638,2.637,0.0,0.0,0.0,0.0,0.0,2.642,2.643,2.644,2.645,2.646,0.0,0.0,0.0,0.0,0.0,3075900.0,9599900.0,3717300.0,1962400.0,991700.0,0.0,0.0,0.0,0.0,0.0,1682900.0,2230800.0,4527200.0,2264300.0,1385600.0,0.0,0.0,0.0,0.0,0.0
20230905094706444,SSE,SSE.ETF.510050,2.642,2.649,2.65,2.641,0.0,2.924,2.392,83848815.0,570500.0,221769381.0,1507261.0,0.0,0.0,20230905,20230905,94706444,2.658,0.0,0.0,2.642,2.641,2.64,2.639,2.638,0.0,0.0,0.0,0.0,0.0,2.643,2.644,2.645,2.646,2.647,0.0,0.0,0.0,0.0,0.0,1178600.0,6207600.0,7649900.0,1439300.0,1563400.0,0.0,0.0,0.0,0.0,0.0,1774500.0,2536000.0,5216300.0,2123200.0,1301800.0,0.0,0.0,0.0,0.0,0.0
20230905094709388,SSE,SSE.ETF.510050,2.642,2.649,2.65,2.641,0.0,2.924,2.392,84566715.0,717900.0,223666061.0,1896680.0,0.0,0.0,20230905,20230905,94709387,2.658,0.0,0.0,2.641,2.64,2.639,2.638,2.637,0.0,0.0,0.0,0.0,0.0,2.642,2.643,2.644,2.645,2.646,0.0,0.0,0.0,0.0,0.0,4343300.0,9223000.0,3692200.0,1556400.0,811700.0,0.0,0.0,0.0,0.0,0.0,26000.0,1501500.0,3528500.0,4674400.0,1300600.0,0.0,0.0,0.0,0.0,0.0
20230905094712408,SSE,SSE.ETF.510050,2.642,2.649,2.65,2.641,0.0,2.924,2.392,84581015.0,14300.0,223703842.0,37781.0,0.0,0.0,20230905,20230905,94712408,2.658,0.0,0.0,2.641,2.64,2.639,2.638,2.637,0.0,0.0,0.0,0.0,0.0,2.642,2.643,2.644,2.645,2.646,0.0,0.0,0.0,0.0,0.0,4373300.0,9212900.0,3507300.0,1861400.0,991700.0,0.0,0.0,0.0,0.0,0.0,15700.0,1501500.0,2728600.0,5874300.0,1385600.0,0.0,0.0,0.0,0.0,0.0
20230905094715412,SSE,SSE.ETF.510050,2.642,2.649,2.65,2.641,0.0,2.924,2.392,84731915.0,150900.0,224102400.0,398558.0,0.0,0.0,20230905,20230905,94715413,2.658,0.0,0.0,2.641,2.64,2.639,2.638,2.637,0.0,0.0,0.0,0.0,0.0,2.642,2.643,2.644,2.645,2.646,0.0,0.0,0.0,0.0,0.0,4552300.0,9303000.0,3207400.0,1561400.0,991700.0,0.0,0.0,0.0,0.0,0.0,48300.0,1218000.0,2728600.0,5574300.0,1385600.0,0.0,0.0,0.0,0.0,0.0
20230905094718384,SSE,SSE.ETF.510050,2.642,2.649,2.65,2.641,0.0,2.924,2.392,84746815.0,14900.0,224141752.0,39352.0,0.0,0.0,20230905,20230905,94718384,2.658,0.0,0.0,2.641,2.64,2.639,2.638,2.637,0.0,0.0,0.0,0.0,0.0,2.642,2.643,2.644,2.645,2.646,0.0,0.0,0.0,0.0,0.0,4123200.0,8403000.0,3507400.0,1861400.0,700700.0,0.0,0.0,0.0,0.0,0.0,52000.0,1512500.0,2728600.0,4821400.0,1385600.0,0.0,0.0,0.0,0.0,0.0
20230905094721396,SSE,SSE.ETF.510050,2.642,2.649,2.65,2.641,0.0,2.924,2.392,84925615.0,178800.0,224614142.0,472390.0,0.0,0.0,20230905,20230905,94721397,2.658,0.0,0.0,2.641,2.64,2.639,2.638,2.637,0.0,0.0,0.0,0.0,0.0,2.642,2.643,2.644,2.645,2.646,0.0,0.0,0.0,0.0,0.0,4487900.0,9219000.0,3419400.0,1561400.0,1006700.0,0.0,0.0,0.0,0.0,0.0,407000.0,1212500.0,2728600.0,5783400.0,1597600.0,0.0,0.0,0.0,0.0,0.0
20230905094724436,SSE,SSE.ETF.510050,2.642,2.649,2.65,2.641,0.0,2.924,2.392,85063315.0,137700.0,224977943.0,363801.0,0.0,0.0,20230905,20230905,94724436,2.658,0.0,0.0,2.641,2.64,2.639,2.638,2.637,0.0,0.0,0.0,0.0,0.0,2.642,2.643,2.644,2.645,2.646,0.0,0.0,0.0,0.0,0.0,4185500.0,8319000.0,3507400.0,1947600.0,715700.0,0.0,0.0,0.0,0.0,0.0,1171500.0,1516500.0,2816600.0,3471400.0,1447600.0,0.0,0.0,0.0,0.0,0.0
20230905094727368,SSE,SSE.ETF.510050,2.641,2.649,2.65,2.641,0.0,2.924,2.392,85412415.0,349100.0,225900230.0,922287.0,0.0,0.0,20230905,20230905,94727367,2.658,0.0,0.0,2.641,2.64,2.639,2.638,2.637,0.0,0.0,0.0,0.0,0.0,2.642,2.643,2.644,2.645,2.646,0.0,0.0,0.0,0.0,0.0,3094000.0,9231000.0,3507400.0,1947600.0,1030800.0,0.0,0.0,0.0,0.0,0.0,26400.0,1872600.0,3720500.0,4971400.0,1523200.0,0.0,0.0,0.0,0.0,0.0
20230905094730416,SSE,SSE.ETF.510050,2.641,2.649,2.65,2.641,0.0,2.924,2.392,85428415.0,16000.0,225942496.0,42266.0,0.0,0.0,20230905,20230905,94730414,2.658,0.0,0.0,2.641,2.64,2.639,2.638,2.637,0.0,0.0,0.0,0.0,0.0,2.642,2.643,2.644,2.645,2.646,0.0,0.0,0.0,0.0,0.0,3373200.0,9231300.0,3717400.0,2198600.0,1106700.0,0.0,0.0,0.0,0.0,0.0,1360400.0,2130300.0,4620500.0,2111400.0,1447600.0,0.0,0.0,0.0,0.0,0.0
20230905094733384,SSE,SSE.ETF.510050,2.642,2.649,2.65,2.641,0.0,2.924,2.392,85499515.0,71100.0,226130342.0,187846.0,0.0,0.0,20230905,20230905,94733383,2.658,0.0,0.0,2.641,2.64,2.639,2.638,2.637,0.0,0.0,0.0,0.0,0.0,2.642,2.643,2.644,2.645,2.646,0.0,0.0,0.0,0.0,0.0,3222100.0,7681600.0,4617400.0,2198600.0,1330900.0,0.0,0.0,0.0,0.0,0.0,2019500.0,2440300.0,4620500.0,1961400.0,1523200.0,0.0,0.0,0.0,0.0,0.0
20230905094736420,SSE,SSE.ETF.510050,2.641,2.649,2.65,2.641,0.0,2.924,2.392,85516715.0,17200.0,226175770.0,45428.0,0.0,0.0,20230905,20230905,94736420,2.658,0.0,0.0,2.641,2.64,2.639,2.638,2.637,0.0,0.0,0.0,0.0,0.0,2.642,2.643,2.644,2.645,2.646,0.0,0.0,0.0,0.0,0.0,2349100.0,7687600.0,4617400.0,2110600.0,1330900.0,0.0,0.0,0.0,0.0,0.0,2332300.0,2440300.0,4971800.0,1873400.0,1523300.0,0.0,0.0,0.0,0.0,0.0
20230905094739384,SSE,SSE.ETF.510050,2.642,2.649,2.65,2.641,0.0,2.924,2.392,85535315.0,18600.0,226224900.0,49130.0,0.0,0.0,20230905,20230905,94739383,2.658,0.0,0.0,2.641,2.64,2.639,2.638,2.637,0.0,0.0,0.0,0.0,0.0,2.642,2.643,2.644,2.645,2.646,0.0,0.0,0.0,0.0,0.0,2877100.0,4949000.0,5212800.0,2293600.0,1187500.0,0.0,0.0,0.0,0.0,0.0,2324200.0,2440300.0,4971800.0,1961400.0,1788300.0,0.0,0.0,0.0,0.0,0.0
20230905094742384,SSE,SSE.ETF.510050,2.641,2.649,2.65,2.641,0.0,2.924,2.392,86469015.0,933700.0,228690803.0,2465903.0,0.0,0.0,20230905,20230905,94742383,2.658,0.0,0.0,2.641,2.64,2.639,2.638,2.637,0.0,0.0,0.0,0.0,0.0,2.642,2.643,2.644,2.645,2.646,0.0,0.0,0.0,0.0,0.0,1853700.0,6453900.0,4843800.0,2198600.0,1057500.0,0.0,0.0,0.0,0.0,0.0,1785100.0,2140300.0,2688700.0,2261400.0,1523300.0,0.0,0.0,0.0,0.0,0.0
20230905094745368,SSE,SSE.ETF.510050,2.641,2.649,2.65,2.641,0.0,2.924,2.392,86471015.0,2000.0,228696085.0,5282.0,0.0,0.0,20230905,20230905,94745368,2.658,0.0,0.0,2.641,2.64,2.639,2.638,2.637,0.0,0.0,0.0,0.0,0.0,2.642,2.643,2.644,2.645,2.646,0.0,0.0,0.0,0.0,0.0,3111900.0,5836900.0,5831800.0,2508600.0,1269700.0,0.0,0.0,0.0,0.0,0.0,1756600.0,3340300.0,3966700.0,1961400.0,1613300.0,0.0,0.0,0.0,0.0,0.0
20230905094748384,SSE,SSE.ETF.510050,2.641,2.649,2.65,2.641,0.0,2.924,2.392,86644415.0,173400.0,229154039.0,457954.0,0.0,0.0,20230905,20230905,94748383,2.658,0.0,0.0,2.641,2.64,2.639,2.638,2.637,0.0,0.0,0.0,0.0,0.0,2.642,2.643,2.644,2.645,2.646,0.0,0.0,0.0,0.0,0.0,2871900.0,5697600.0,5829200.0,2509600.0,1359700.0,0.0,0.0,0.0,0.0,0.0,1799100.0,5040300.0,2916700.0,1361400.0,1603300.0,0.0,0.0,0.0,0.0,0.0
20230905094751376,SSE,SSE.ETF.510050,2.641,2.649,2.65,2.641,0.0,2.924,2.392,87471515.0,827100.0,231338421.0,2184382.0,0.0,0.0,20230905,20230905,94751377,2.658,0.0,0.0,2.641,2.64,2.639,2.638,2.637,0.0,0.0,0.0,0.0,0.0,2.642,2.643,2.644,2.645,2.646,0.0,0.0,0.0,0.0,0.0,697000.0,5919500.0,5829200.0,2224600.0,1059700.0,0.0,0.0,0.0,0.0,0.0,1490500.0,4738400.0,3177700.0,1661400.0,1603300.0,0.0,0.0,0.0,0.0,0.0
20230905094754404,SSE,SSE.ETF.510050,2.641,2.649,2.65,2.641,0.0,2.924,2.392,88347115.0,875600.0,233650881.0,2312460.0,0.0,0.0,20230905,20230905,94754404,2.658,0.0,0.0,2.64,2.639,2.638,2.637,2.636,0.0,0.0,0.0,0.0,0.0,2.641,2.642,2.643,2.644,2.645,0.0,0.0,0.0,0.0,0.0,5619800.0,4629200.0,4555600.0,999700.0,1133000.0,0.0,0.0,0.0,0.0,0.0,66500.0,1700400.0,4734400.0,2787700.0,1361400.0,0.0,0.0,0.0,0.0,0.0
20230905094757424,SSE,SSE.ETF.510050,2.641,2.649,2.65,2.641,0.0,2.924,2.392,88518515.0,171400.0,234103549.0,452668.0,0.0,0.0,20230905,20230905,94757424,2.658,0.0,0.0,2.641,2.64,2.639,2.638,2.637,0.0,0.0,0.0,0.0,0.0,2.642,2.643,2.644,2.645,2.646,0.0,0.0,0.0,0.0,0.0,1188500.0,5135600.0,5406100.0,1840700.0,1118400.0,0.0,0.0,0.0,0.0,0.0,1377600.0,4534500.0,2530300.0,1446400.0,1674600.0,0.0,0.0,0.0,0.0,0.0
20230905094800376,SSE,SSE.ETF.510050,2.641,2.649,2.65,2.641,0.0,2.924,2.392,89215215.0,696700.0,235943533.0,1839984.0,0.0,0.0,20230905,20230905,94800377,2.658,0.0,0.0,2.64,2.639,2.638,2.637,2.636,0.0,0.0,0.0,0.0,0.0,2.641,2.642,2.643,2.644,2.645,0.0,0.0,0.0,0.0,0.0,4850600.0,5196200.0,4527600.0,941400.0,1217400.0,0.0,0.0,0.0,0.0,0.0,315200.0,2079500.0,4845400.0,1178400.0,1361400.0,0.0,0.0,0.0,0.0,0.0
20230905094803368,SSE,SSE.ETF.510050,2.641,2.649,2.65,2.64,0.0,2.924,2.392,89295515.0,80300.0,236155601.0,212068.0,0.0,0.0,20230905,20230905,94803368,2.658,0.0,0.0,2.64,2.639,2.638,2.637,2.636,0.0,0.0,0.0,0.0,0.0,2.641,2.642,2.643,2.644,2.645,0.0,0.0,0.0,0.0,0.0,4845100.0,5196100.0,4244900.0,1136400.0,1437400.0,0.0,0.0,0.0,0.0,0.0,966300.0,1703000.0,4945500.0,2498300.0,1536400.0,0.0,0.0,0.0,0.0,0.0
20230905094806400,SSE,SSE.ETF.510050,2.64,2.649,2.65,2.64,0.0,2.924,2.392,89366115.0,70600.0,236341999.0,186398.0,0.0,0.0,20230905,20230905,94806401,2.658,0.0,0.0,2.64,2.639,2.638,2.637,2.636,0.0,0.0,0.0,0.0,0.0,2.641,2.642,2.643,2.644,2.645,0.0,0.0,0.0,0.0,0.0,4809300.0,3696100.0,5365900.0,1374400.0,1367700.0,0.0,0.0,0.0,0.0,0.0,1430700.0,2013000.0,4043600.0,1086300.0,1523500.0,0.0,0.0,0.0,0.0,0.0
20230905094809388,SSE,SSE.ETF.510050,2.64,2.649,2.65,2.64,0.0,2.924,2.392,89434515.0,68400.0,236522584.0,180585.0,0.0,0.0,20230905,20230905,94809387,2.658,0.0,0.0,2.64,2.639,2.638,2.637,2.636,0.0,0.0,0.0,0.0,0.0,2.641,2.642,2.643,2.644,2.645,0.0,0.0,0.0,0.0,0.0,3405100.0,3052300.0,5676900.0,1633400.0,1378700.0,0.0,0.0,0.0,0.0,0.0,2182400.0,4774500.0,2233600.0,1086300.0,1613500.0,0.0,0.0,0.0,0.0,0.0
20230905094812376,SSE,SSE.ETF.510050,2.64,2.649,2.65,2.64,0.0,2.924,2.392,91374315.0,1939800.0,241643656.0,5121072.0,0.0,0.0,20230905,20230905,94812378,2.658,0.0,0.0,2.64,2.639,2.638,2.637,2.636,0.0,0.0,0.0,0.0,0.0,2.641,2.642,2.643,2.644,2.645,0.0,0.0,0.0,0.0,0.0,1469100.0,2478400.0,2777800.0,4342400.0,1529400.0,0.0,0.0,0.0,0.0,0.0,2709600.0,4811500.0,2171600.0,998300.0,1626000.0,0.0,0.0,0.0,0.0,0.0
20230905094815376,SSE,SSE.ETF.510050,2.639,2.649,2.65,2.639,0.0,2.924,2.392,92877115.0,1502800.0,245611046.0,3967390.0,0.0,0.0,20230905,20230905,94815375,2.658,0.0,0.0,2.639,2.638,2.637,2.636,2.635,0.0,0.0,0.0,0.0,0.0,2.64,2.641,2.642,2.643,2.644,0.0,0.0,0.0,0.0,0.0,3075500.0,2737800.0,4972500.0,1303100.0,2192300.0,0.0,0.0,0.0,0.0,0.0,558700.0,5001600.0,3371500.0,1479200.0,998300.0,0.0,0.0,0.0,0.0,0.0
20230905094818368,SSE,SSE.ETF.510050,2.639,2.649,2.65,2.639,0.0,2.924,2.392,93235715.0,358600.0,246557495.0,946449.0,0.0,0.0,20230905,20230905,94818368,2.658,0.0,0.0,2.639,2.638,2.637,2.636,2.635,0.0,0.0,0.0,0.0,0.0,2.64,2.641,2.642,2.643,2.644,0.0,0.0,0.0,0.0,0.0,1315600.0,3137700.0,4011600.0,1498100.0,2130000.0,0.0,0.0,0.0,0.0,0.0,948200.0,1871100.0,4371600.0,1009100.0,1144000.0,0.0,0.0,0.0,0.0,0.0
20230905094821384,SSE,SSE.ETF.510050,2.639,2.649,2.65,2.639,0.0,2.924,2.392,93351315.0,115600.0,246862566.0,305071.0,0.0,0.0,20230905,20230905,94821385,2.658,0.0,0.0,2.639,2.638,2.637,2.636,2.635,0.0,0.0,0.0,0.0,0.0,2.64,2.641,2.642,2.643,2.644,0.0,0.0,0.0,0.0,0.0,2192400.0,3132700.0,4620600.0,1736100.0,2206300.0,0.0,0.0,0.0,0.0,0.0,1333200.0,4898100.0,3471600.0,1097100.0,1147600.0,0.0,0.0,0.0,0.0,0.0
20230905094824384,SSE,SSE.ETF.510050,2.639,2.649,2.65,2.639,0.0,2.924,2.392,93384215.0,32900.0,246949409.0,86843.0,0.0,0.0,20230905,20230905,94824382,2.658,0.0,0.0,2.639,2.638,2.637,2.636,2.635,0.0,0.0,0.0,0.0,0.0,2.64,2.641,2.642,2.643,2.644,0.0,0.0,0.0,0.0,0.0,2621000.0,3042700.0,4620600.0,1754100.0,2206300.0,0.0,0.0,0.0,0.0,0.0,1530300.0,4889100.0,3384600.0,1009100.0,1147700.0,0.0,0.0,0.0,0.0,0.0
20230905094827392,SSE,SSE.ETF.510050,2.639,2.649,2.65,2.639,0.0,2.924,2.392,93752715.0,368500.0,247922081.0,972672.0,0.0,0.0,20230905,20230905,94827390,2.658,0.0,0.0,2.639,2.638,2.637,2.636,2.635,0.0,0.0,0.0,0.0,0.0,2.64,2.641,2.642,2.643,2.644,0.0,0.0,0.0,0.0,0.0,2904500.0,3348600.0,3808600.0,1605100.0,2118700.0,0.0,0.0,0.0,0.0,0.0,1000700.0,2477500.0,4672600.0,1460100.0,1537700.0,0.0,0.0,0.0,0.0,0.0
20230905094830384,SSE,SSE.ETF.510050,2.64,2.649,2.65,2.639,0.0,2.924,2.392,94360015.0,607300.0,249525059.0,1602978.0,0.0,0.0,20230905,20230905,94830385,2.658,0.0,0.0,2.639,2.638,2.637,2.636,2.635,0.0,0.0,0.0,0.0,0.0,2.64,2.641,2.642,2.643,2.644,0.0,0.0,0.0,0.0,0.0,2248800.0,3048600.0,5008600.0,1955100.0,2525700.0,0.0,0.0,0.0,0.0,0.0,1171600.0,5194500.0,3750800.0,1017100.0,1157700.0,0.0,0.0,0.0,0.0,0.0
20230905094833432,SSE,SSE.ETF.510050,2.639,2.649,2.65,2.639,0.0,2.924,2.392,94553215.0,193200.0,250034922.0,509863.0,0.0,0.0,20230905,20230905,94833431,2.658,0.0,0.0,2.639,2.638,2.637,2.636,2.635,0.0,0.0,0.0,0.0,0.0,2.64,2.641,2.642,2.643,2.644,0.0,0.0,0.0,0.0,0.0,2270700.0,4010200.0,4402700.0,1817400.0,2427700.0,0.0,0.0,0.0,0.0,0.0,828500.0,1877500.0,5550800.0,2579100.0,1237700.0,0.0,0.0,0.0,0.0,0.0
20230905094836456,SSE,SSE.ETF.510050,2.64,2.649,2.65,2.639,0.0,2.924,2.392,94642815.0,89600.0,250271382.0,236460.0,0.0,0.0,20230905,20230905,94836455,2.658,0.0,0.0,2.639,2.638,2.637,2.636,2.635,0.0,0.0,0.0,0.0,0.0,2.64,2.641,2.642,2.643,2.644,0.0,0.0,0.0,0.0,0.0,2238800.0,3080200.0,4961700.0,1805400.0,2528700.0,0.0,0.0,0.0,0.0,0.0,1094700.0,4294500.0,4622600.0,2167100.0,1177700.0,0.0,0.0,0.0,0.0,0.0
20230905094839432,SSE,SSE.ETF.510050,2.639,2.649,2.65,2.639,0.0,2.924,2.392,95064415.0,421600.0,251384084.0,1112702.0,0.0,0.0,20230905,20230905,94839430,2.658,0.0,0.0,2.639,2.638,2.637,2.636,2.635,0.0,0.0,0.0,0.0,0.0,2.64,2.641,2.642,2.643,2.644,0.0,0.0,0.0,0.0,0.0,2366000.0,3382200.0,4878700.0,1476400.0,2232900.0,0.0,0.0,0.0,0.0,0.0,618800.0,1794000.0,5434600.0,2467100.0,1477700.0,0.0,0.0,0.0,0.0,0.0
20230905094842432,SSE,SSE.ETF.510050,2.639,2.649,2.65,2.639,0.0,2.924,2.392,95400215.0,335800.0,252270581.0,886497.0,0.0,0.0,20230905,20230905,94842430,2.658,0.0,0.0,2.639,2.638,2.637,2.636,2.635,0.0,0.0,0.0,0.0,0.0,2.64,2.641,2.642,2.643,2.644,0.0,0.0,0.0,0.0,0.0,1758500.0,3447500.0,5002100.0,1476400.0,2156600.0,0.0,0.0,0.0,0.0,0.0,791200.0,4882000.0,3722600.0,1857100.0,1254100.0,0.0,0.0,0.0,0.0,0.0
20230905094845432,SSE,SSE.ETF.510050,2.639,2.649,2.65,2.639,0.0,2.924,2.392,95446115.0,45900.0,252391722.0,121141.0,0.0,0.0,20230905,20230905,94845430,2.658,0.0,0.0,2.639,2.638,2.637,2.636,2.635,0.0,0.0,0.0,0.0,0.0,2.64,2.641,2.642,2.643,2.644,0.0,0.0,0.0,0.0,0.0,1593800.0,3228500.0,5287800.0,2021400.0,2457600.0,0.0,0.0,0.0,0.0,0.0,1580200.0,5062800.0,3722600.0,1707100.0,1349100.0,0.0,0.0,0.0,0.0,0.0
20230905094848368,SSE,SSE.ETF.510050,2.64,2.649,2.65,2.639,0.0,2.924,2.392,95767815.0,321700.0,253240759.0,849037.0,0.0,0.0,20230905,20230905,94848368,2.658,0.0,0.0,2.639,2.638,2.637,2.636,2.635,0.0,0.0,0.0,0.0,0.0,2.64,2.641,2.642,2.643,2.644,0.0,0.0,0.0,0.0,0.0,1489600.0,3310700.0,4299800.0,1686400.0,2501600.0,0.0,0.0,0.0,0.0,0.0,1600400.0,5064700.0,3634600.0,1849100.0,1127700.0,0.0,0.0,0.0,0.0,0.0
20230905094851368,SSE,SSE.ETF.510050,2.639,2.649,2.65,2.639,0.0,2.924,2.392,95880715.0,112900.0,253538703.0,297944.0,0.0,0.0,20230905,20230905,94851368,2.658,0.0,0.0,2.639,2.638,2.637,2.636,2.635,0.0,0.0,0.0,0.0,0.0,2.64,2.641,2.642,2.643,2.644,0.0,0.0,0.0,0.0,0.0,1302900.0,3410500.0,5287800.0,1779400.0,2425300.0,0.0,0.0,0.0,0.0,0.0,1694600.0,5364700.0,3721700.0,1787100.0,1204100.0,0.0,0.0,0.0,0.0,0.0
20230905094854368,SSE,SSE.ETF.510050,2.639,2.649,2.65,2.639,0.0,2.924,2.392,96201415.0,320700.0,254385031.0,846328.0,0.0,0.0,20230905,20230905,94854370,2.658,0.0,0.0,2.639,2.638,2.637,2.636,2.635,0.0,0.0,0.0,0.0,0.0,2.64,2.641,2.642,2.643,2.644,0.0,0.0,0.0,0.0,0.0,315100.0,3437900.0,5287900.0,1653100.0,2135300.0,0.0,0.0,0.0,0.0,0.0,1742600.0,4764700.0,3721700.0,2097100.0,1494100.0,0.0,0.0,0.0,0.0,0.0
20230905094857376,SSE,SSE.ETF.510050,2.639,2.649,2.65,2.639,0.0,2.924,2.392,96493115.0,291700.0,255154828.0,769797.0,0.0,0.0,20230905,20230905,94857375,2.658,0.0,0.0,2.639,2.638,2.637,2.636,2.635,0.0,0.0,0.0,0.0,0.0,2.64,2.641,2.642,2.643,2.644,0.0,0.0,0.0,0.0,0.0,62700.0,3192200.0,5287900.0,3463300.0,2211600.0,0.0,0.0,0.0,0.0,0.0,2032600.0,5064700.0,3421700.0,1877100.0,1037700.0,0.0,0.0,0.0,0.0,0.0
20230905094900404,SSE,SSE.ETF.510050,2.639,2.649,2.65,2.639,0.0,2.924,2.392,96597915.0,104800.0,255431400.0,276572.0,0.0,0.0,20230905,20230905,94900405,2.658,0.0,0.0,2.639,2.638,2.637,2.636,2.635,0.0,0.0,0.0,0.0,0.0,2.64,2.641,2.642,2.643,2.644,0.0,0.0,0.0,0.0,0.0,1500800.0,4139200.0,4369100.0,1813300.0,2561400.0,0.0,0.0,0.0,0.0,0.0,2823300.0,4754700.0,3721700.0,2097200.0,1127700.0,0.0,0.0,0.0,0.0,0.0
20230905094903400,SSE,SSE.ETF.510050,2.64,2.649,2.65,2.639,0.0,2.924,2.392,96800815.0,202900.0,255966858.0,535458.0,0.0,0.0,20230905,20230905,94903400,2.658,0.0,0.0,2.639,2.638,2.637,2.636,2.635,0.0,0.0,0.0,0.0,0.0,2.64,2.641,2.642,2.643,2.644,0.0,0.0,0.0,0.0,0.0,1517200.0,5040500.0,3981800.0,1470300.0,2187000.0,0.0,0.0,0.0,0.0,0.0,2518100.0,2654700.0,5130300.0,2159200.0,1204100.0,0.0,0.0,0.0,0.0,0.0
20230905094906400,SSE,SSE.ETF.510050,2.64,2.649,2.65,2.639,0.0,2.924,2.392,96891115.0,90300.0,256205165.0,238307.0,0.0,0.0,20230905,20230905,94906399,2.658,0.0,0.0,2.639,2.638,2.637,2.636,2.635,0.0,0.0,0.0,0.0,0.0,2.64,2.641,2.642,2.643,2.644,0.0,0.0,0.0,0.0,0.0,1492500.0,5260500.0,4281800.0,1878300.0,2187000.0,0.0,0.0,0.0,0.0,0.0,2225000.0,2954700.0,5430300.0,2637200.0,1114100.0,0.0,0.0,0.0,0.0,0.0
20230905094909376,SSE,SSE.ETF.510050,2.639,2.649,2.65,2.639,0.0,2.924,2.392,96952315.0,61200.0,256366686.0,161521.0,0.0,0.0,20230905,20230905,94909378,2.658,0.0,0.0,2.639,2.638,2.637,2.636,2.635,0.0,0.0,0.0,0.0,0.0,2.64,2.641,2.642,2.643,2.644,0.0,0.0,0.0,0.0,0.0,1238200.0,5322800.0,4679800.0,1878300.0,2187000.0,0.0,0.0,0.0,0.0,0.0,2210900.0,3264700.0,4618300.0,2237200.0,1204100.0,0.0,0.0,0.0,0.0,0.0
20230905094912448,SSE,SSE.ETF.510050,2.64,2.649,2.65,2.639,0.0,2.924,2.392,97008915.0,56600.0,256516054.0,149368.0,0.0,0.0,20230905,20230905,94912449,2.658,0.0,0.0,2.639,2.638,2.637,2.636,2.635,0.0,0.0,0.0,0.0,0.0,2.64,2.641,2.642,2.643,2.644,0.0,0.0,0.0,0.0,0.0,1607000.0,5374700.0,4369800.0,1878300.0,2179600.0,0.0,0.0,0.0,0.0,0.0,1771500.0,1929400.0,5518300.0,2637200.0,1114100.0,0.0,0.0,0.0,0.0,0.0
20230905094915460,SSE,SSE.ETF.510050,2.64,2.649,2.65,2.639,0.0,2.924,2.392,97024915.0,16000.0,256558294.0,42240.0,0.0,0.0,20230905,20230905,94915459,2.658,0.0,0.0,2.639,2.638,2.637,2.636,2.635,0.0,0.0,0.0,0.0,0.0,2.64,2.641,2.642,2.643,2.644,0.0,0.0,0.0,0.0,0.0,1953300.0,6159500.0,3769800.0,1878400.0,2199600.0,0.0,0.0,0.0,0.0,0.0,1228800.0,1139400.0,6118300.0,2547200.0,1204100.0,0.0,0.0,0.0,0.0,0.0
20230905094918436,SSE,SSE.ETF.510050,2.64,2.649,2.65,2.639,0.0,2.924,2.392,97072315.0,47400.0,256683389.0,125095.0,0.0,0.0,20230905,20230905,94918437,2.658,0.0,0.0,2.639,2.638,2.637,2.636,2.635,0.0,0.0,0.0,0.0,0.0,2.64,2.641,2.642,2.643,2.644,0.0,0.0,0.0,0.0,0.0,1650500.0,5901100.0,3769800.0,1790400.0,2281800.0,0.0,0.0,0.0,0.0,0.0,1228300.0,1339400.0,5827400.0,3879200.0,1207700.0,0.0,0.0,0.0,0.0,0.0
20230905094921400,SSE,SSE.ETF.510050,2.639,2.649,2.65,2.639,0.0,2.924,2.392,97110115.0,37800.0,256783154.0,99765.0,0.0,0.0,20230905,20230905,94921400,2.658,0.0,0.0,2.639,2.638,2.637,2.636,2.635,0.0,0.0,0.0,0.0,0.0,2.64,2.641,2.642,2.643,2.644,0.0,0.0,0.0,0.0,0.0,1362600.0,5801200.0,3700800.0,1878600.0,2579400.0,0.0,0.0,0.0,0.0,0.0,1521900.0,1655400.0,6020400.0,3357200.0,1207700.0,0.0,0.0,0.0,0.0,0.0
20230905094924448,SSE,SSE.ETF.510050,2.639,2.649,2.65,2.639,0.0,2.924,2.392,97130315.0,20200.0,256836478.0,53324.0,0.0,0.0,20230905,20230905,94924446,2.658,0.0,0.0,2.639,2.638,2.637,2.636,2.635,0.0,0.0,0.0,0.0,0.0,2.64,2.641,2.642,2.643,2.644,0.0,0.0,0.0,0.0,0.0,1410100.0,4869100.0,4688800.0,1878600.0,2503300.0,0.0,0.0,0.0,0.0,0.0,2094800.0,2555400.0,6108400.0,1787200.0,1204100.0,0.0,0.0,0.0,0.0,0.0
20230905094927372,SSE,SSE.ETF.510050,2.639,2.649,2.65,2.639,0.0,2.924,2.392,97130315.0,0.0,256836478.0,0.0,0.0,0.0,20230905,20230905,94927372,2.658,0.0,0.0,2.639,2.638,2.637,2.636,2.635,0.0,0.0,0.0,0.0,0.0,2.64,2.641,2.642,2.643,2.644,0.0,0.0,0.0,0.0,0.0,631100.0,3974100.0,5290900.0,3378600.0,2213300.0,0.0,0.0,0.0,0.0,0.0,1794800.0,2555400.0,6108400.0,2087200.0,1213100.0,0.0,0.0,0.0,0.0,0.0
20230905094930376,SSE,SSE.ETF.510050,2.639,2.649,2.65,2.639,0.0,2.924,2.392,97308815.0,178500.0,257307540.0,471062.0,0.0,0.0,20230905,20230905,94930375,2.658,0.0,0.0,2.639,2.638,2.637,2.636,2.635,0.0,0.0,0.0,0.0,0.0,2.64,2.641,2.642,2.643,2.644,0.0,0.0,0.0,0.0,0.0,482500.0,3727900.0,5290900.0,3378600.0,2601100.0,0.0,0.0,0.0,0.0,0.0,2399300.0,4950900.0,3708400.0,1787200.0,1136700.0,0.0,0.0,0.0,0.0,0.0
20230905094933416,SSE,SSE.ETF.510050,2.64,2.649,2.65,2.639,0.0,2.924,2.392,97420515.0,111700.0,257602331.0,294791.0,0.0,0.0,20230905,20230905,94933414,2.658,0.0,0.0,2.639,2.638,2.637,2.636,2.635,0.0,0.0,0.0,0.0,0.0,2.64,2.641,2.642,2.643,2.644,0.0,0.0,0.0,0.0,0.0,1883000.0,4980600.0,4080900.0,1790600.0,2601100.0,0.0,0.0,0.0,0.0,0.0,2384200.0,2840900.0,4608400.0,2079200.0,1216700.0,0.0,0.0,0.0,0.0,0.0
20230905094936448,SSE,SSE.ETF.510050,2.639,2.649,2.65,2.639,0.0,2.924,2.392,97423715.0,3200.0,257610776.0,8445.0,0.0,0.0,20230905,20230905,94936449,2.658,0.0,0.0,2.639,2.638,2.637,2.636,2.635,0.0,0.0,0.0,0.0,0.0,2.64,2.641,2.642,2.643,2.644,0.0,0.0,0.0,0.0,0.0,1597200.0,4104500.0,5293400.0,1879500.0,2514800.0,0.0,0.0,0.0,0.0,0.0,2476200.0,3150900.0,5518400.0,1857200.0,1293100.0,0.0,0.0,0.0,0.0,0.0
20230905094939372,SSE,SSE.ETF.510050,2.639,2.649,2.65,2.639,0.0,2.924,2.392,97758715.0,335000.0,258495141.0,884365.0,0.0,0.0,20230905,20230905,94939372,2.658,0.0,0.0,2.639,2.638,2.637,2.636,2.635,0.0,0.0,0.0,0.0,0.0,2.64,2.641,2.642,2.643,2.644,0.0,0.0,0.0,0.0,0.0,1040200.0,3507500.0,4993400.0,1579500.0,2210200.0,0.0,0.0,0.0,0.0,0.0,1908100.0,3750900.0,4335200.0,1707200.0,1293100.0,0.0,0.0,0.0,0.0,0.0
20230905094942384,SSE,SSE.ETF.510050,2.639,2.649,2.65,2.639,0.0,2.924,2.392,98062715.0,304000.0,259297491.0,802350.0,0.0,0.0,20230905,20230905,94942383,2.658,0.0,0.0,2.639,2.638,2.637,2.636,2.635,0.0,0.0,0.0,0.0,0.0,2.64,2.641,2.642,2.643,2.644,0.0,0.0,0.0,0.0,0.0,1843100.0,4459800.0,5293400.0,1974500.0,2210200.0,0.0,0.0,0.0,0.0,0.0,2084000.0,3150900.0,5535200.0,2157200.0,1388100.0,0.0,0.0,0.0,0.0,0.0
20230905094945380,SSE,SSE.ETF.510050,2.639,2.649,2.65,2.639,0.0,2.924,2.392,98082415.0,19700.0,259349482.0,51991.0,0.0,0.0,20230905,20230905,94945379,2.658,0.0,0.0,2.639,2.638,2.637,2.636,2.635,0.0,0.0,0.0,0.0,0.0,2.64,2.641,2.642,2.643,2.644,0.0,0.0,0.0,0.0,0.0,2303600.0,5307500.0,4374400.0,1879500.0,2209200.0,0.0,0.0,0.0,0.0,0.0,1488300.0,1940900.0,5535200.0,2547200.0,1213100.0,0.0,0.0,0.0,0.0,0.0
20230905094948384,SSE,SSE.ETF.510050,2.639,2.649,2.65,2.639,0.0,2.924,2.392,98088015.0,5600.0,259364261.0,14779.0,0.0,0.0,20230905,20230905,94948386,2.658,0.0,0.0,2.639,2.638,2.637,2.636,2.635,0.0,0.0,0.0,0.0,0.0,2.64,2.641,2.642,2.643,2.644,0.0,0.0,0.0,0.0,0.0,2026100.0,5007500.0,4296200.0,1794800.0,2285500.0,0.0,0.0,0.0,0.0,0.0,1582000.0,1890900.0,5447200.0,2149200.0,1136700.0,0.0,0.0,0.0,0.0,0.0
20230905094951372,SSE,SSE.ETF.510050,2.64,2.649,2.65,2.639,0.0,2.924,2.392,98098715.0,10700.0,259392505.0,28244.0,0.0,0.0,20230905,20230905,94951371,2.658,0.0,0.0,2.639,2.638,2.637,2.636,2.635,0.0,0.0,0.0,0.0,0.0,2.64,2.641,2.642,2.643,2.644,0.0,0.0,0.0,0.0,0.0,1856600.0,4159800.0,5303200.0,1882800.0,2593000.0,0.0,0.0,0.0,0.0,0.0,2467900.0,4110900.0,4635200.0,1787200.0,1136700.0,0.0,0.0,0.0,0.0,0.0
20230905094954400,SSE,SSE.ETF.510050,2.639,2.649,2.65,2.639,0.0,2.924,2.392,98185815.0,87100.0,259622362.0,229857.0,0.0,0.0,20230905,20230905,94954401,2.658,0.0,0.0,2.639,2.638,2.637,2.636,2.635,0.0,0.0,0.0,0.0,0.0,2.64,2.641,2.642,2.643,2.644,0.0,0.0,0.0,0.0,0.0,1990200.0,4407500.0,5303200.0,1794800.0,2222100.0,0.0,0.0,0.0,0.0,0.0,2208300.0,4110900.0,4635200.0,2209200.0,1213100.0,0.0,0.0,0.0,0.0,0.0
20230905094957428,SSE,SSE.ETF.510050,2.64,2.649,2.65,2.639,0.0,2.924,2.392,98208715.0,22900.0,259682798.0,60436.0,0.0,0.0,20230905,20230905,94957428,2.658,0.0,0.0,2.639,2.638,2.637,2.636,2.635,0.0,0.0,0.0,0.0,0.0,2.64,2.641,2.642,2.643,2.644,0.0,0.0,0.0,0.0,0.0,1980100.0,4411500.0,5303200.0,1882800.0,2227100.0,0.0,0.0,0.0,0.0,0.0,2212900.0,4110900.0,4635200.0,2387200.0,1123100.0,0.0,0.0,0.0,0.0,0.0
20230905095000372,SSE,SSE.ETF.510050,2.639,2.649,2.65,2.639,0.0,2.924,2.392,98238915.0,30200.0,259762497.0,79699.0,0.0,0.0,20230905,20230905,95000371,2.658,0.0,0.0,2.639,2.638,2.637,2.636,2.635,0.0,0.0,0.0,0.0,0.0,2.64,2.641,2.642,2.643,2.644,0.0,0.0,0.0,0.0,0.0,885600.0,3264300.0,4403200.0,2695800.0,2482300.0,0.0,0.0,0.0,0.0,0.0,2517900.0,5020900.0,3735400.0,1849200.0,1123100.0,0.0,0.0,0.0,0.0,0.0
20230905095003432,SSE,SSE.ETF.510050,2.639,2.649,2.65,2.639,0.0,2.924,2.392,99263315.0,1024400.0,262465892.0,2703395.0,0.0,0.0,20230905,20230905,95003430,2.658,0.0,0.0,2.638,2.637,2.636,2.635,2.634,0.0,0.0,0.0,0.0,0.0,2.639,2.64,2.641,2.642,2.643,0.0,0.0,0.0,0.0,0.0,3080800.0,4401900.0,4773800.0,2382300.0,986000.0,0.0,0.0,0.0,0.0,0.0,1446200.0,2625300.0,4771900.0,3395400.0,1937200.0,0.0,0.0,0.0,0.0,0.0
20230905095006404,SSE,SSE.ETF.510050,2.639,2.649,2.65,2.639,0.0,2.924,2.392,99465115.0,201800.0,262998442.0,532550.0,0.0,0.0,20230905,20230905,95006405,2.658,0.0,0.0,2.638,2.637,2.636,2.635,2.634,0.0,0.0,0.0,0.0,0.0,2.639,2.64,2.641,2.642,2.643,0.0,0.0,0.0,0.0,0.0,3266800.0,4954600.0,4178900.0,2677700.0,1420000.0,0.0,0.0,0.0,0.0,0.0,1264400.0,2550500.0,5472000.0,1815300.0,2098100.0,0.0,0.0,0.0,0.0,0.0
20230905095009368,SSE,SSE.ETF.510050,2.638,2.649,2.65,2.638,0.0,2.924,2.392,100724215.0,1259100.0,266321187.0,3322745.0,0.0,0.0,20230905,20230905,95009368,2.658,0.0,0.0,2.638,2.637,2.636,2.635,2.634,0.0,0.0,0.0,0.0,0.0,2.639,2.64,2.641,2.642,2.643,0.0,0.0,0.0,0.0,0.0,2329800.0,5888000.0,3279900.0,2595700.0,1520000.0,0.0,0.0,0.0,0.0,0.0,1932400.0,3774000.0,5181000.0,1815300.0,2098100.0,0.0,0.0,0.0,0.0,0.0
20230905095012372,SSE,SSE.ETF.510050,2.638,2.649,2.65,2.638,0.0,2.924,2.392,100751415.0,27200.0,266392958.0,71771.0,0.0,0.0,20230905,20230905,95012372,2.658,0.0,0.0,2.638,2.637,2.636,2.635,2.634,0.0,0.0,0.0,0.0,0.0,2.639,2.64,2.641,2.642,2.643,0.0,0.0,0.0,0.0,0.0,2358100.0,4903700.0,4029900.0,2595700.0,1520000.0,0.0,0.0,0.0,0.0,0.0,1920200.0,3623000.0,5181000.0,1727300.0,2098100.0,0.0,0.0,0.0,0.0,0.0
20230905095015368,SSE,SSE.ETF.510050,2.639,2.649,2.65,2.638,0.0,2.924,2.392,100932515.0,181100.0,266870876.0,477918.0,0.0,0.0,20230905,20230905,95015368,2.658,0.0,0.0,2.638,2.637,2.636,2.635,2.634,0.0,0.0,0.0,0.0,0.0,2.639,2.64,2.641,2.642,2.643,0.0,0.0,0.0,0.0,0.0,2376600.0,4608700.0,3730900.0,2395700.0,1420000.0,0.0,0.0,0.0,0.0,0.0,2542500.0,3614500.0,5269000.0,1807300.0,1920100.0,0.0,0.0,0.0,0.0,0.0
20230905095018372,SSE,SSE.ETF.510050,2.639,2.649,2.65,2.638,0.0,2.924,2.392,101131015.0,198500.0,267394709.0,523833.0,0.0,0.0,20230905,20230905,95018371,2.658,0.0,0.0,2.638,2.637,2.636,2.635,2.634,0.0,0.0,0.0,0.0,0.0,2.639,2.64,2.641,2.642,2.643,0.0,0.0,0.0,0.0,0.0,2414700.0,4922900.0,4031900.0,2579900.0,1444600.0,0.0,0.0,0.0,0.0,0.0,2362500.0,3614500.0,5269000.0,1815300.0,2076500.0,0.0,0.0,0.0,0.0,0.0
20230905095021376,SSE,SSE.ETF.510050,2.639,2.649,2.65,2.638,0.0,2.924,2.392,101297515.0,166500.0,267834102.0,439393.0,0.0,0.0,20230905,20230905,95021374,2.658,0.0,0.0,2.638,2.637,2.636,2.635,2.634,0.0,0.0,0.0,0.0,0.0,2.639,2.64,2.641,2.642,2.643,0.0,0.0,0.0,0.0,0.0,2282900.0,3729100.0,4181900.0,2869900.0,1521000.0,0.0,0.0,0.0,0.0,0.0,2525600.0,3782500.0,5560000.0,1695100.0,2000100.0,0.0,0.0,0.0,0.0,0.0
20230905095024416,SSE,SSE.ETF.510050,2.638,2.649,2.65,2.638,0.0,2.924,2.392,101333915.0,36400.0,267930125.0,96023.0,0.0,0.0,20230905,20230905,95024416,2.658,0.0,0.0,2.638,2.637,2.636,2.635,2.634,0.0,0.0,0.0,0.0,0.0,2.639,2.64,2.641,2.642,2.643,0.0,0.0,0.0,0.0,0.0,2451000.0,3733600.0,4184900.0,4469900.0,1344600.0,0.0,0.0,0.0,0.0,0.0,2510200.0,3781300.0,5560000.0,1845100.0,2076600.0,0.0,0.0,0.0,0.0,0.0
20230905095027368,SSE,SSE.ETF.510050,2.639,2.649,2.65,2.638,0.0,2.924,2.392,101392015.0,58100.0,268083397.0,153272.0,0.0,0.0,20230905,20230905,95027368,2.658,0.0,0.0,2.638,2.637,2.636,2.635,2.634,0.0,0.0,0.0,0.0,0.0,2.639,2.64,2.641,2.642,2.643,0.0,0.0,0.0,0.0,0.0,2272500.0,3733600.0,4187200.0,4475700.0,1345800.0,0.0,0.0,0.0,0.0,0.0,2507500.0,3781300.0,5560000.0,1695100.0,2076600.0,0.0,0.0,0.0,0.0,0.0
20230905095030376,SSE,SSE.ETF.510050,2.638,2.649,2.65,2.638,0.0,2.924,2.392,101412815.0,20800.0,268138277.0,54880.0,0.0,0.0,20230905,20230905,95030375,2.658,0.0,0.0,2.638,2.637,2.636,2.635,2.634,0.0,0.0,0.0,0.0,0.0,2.639,2.64,2.641,2.642,2.643,0.0,0.0,0.0,0.0,0.0,1978900.0,3733800.0,4187200.0,4375700.0,1445800.0,0.0,0.0,0.0,0.0,0.0,2497500.0,3773900.0,5560000.0,1718800.0,2076600.0,0.0,0.0,0.0,0.0,0.0
20230905095033392,SSE,SSE.ETF.510050,2.639,2.649,2.65,2.638,0.0,2.924,2.392,101453915.0,41100.0,268246726.0,108449.0,0.0,0.0,20230905,20230905,95033393,2.658,0.0,0.0,2.638,2.637,2.636,2.635,2.634,0.0,0.0,0.0,0.0,0.0,2.639,2.64,2.641,2.642,2.643,0.0,0.0,0.0,0.0,0.0,1947700.0,3836300.0,4187200.0,4720700.0,1345800.0,0.0,0.0,0.0,0.0,0.0,2640500.0,3783900.0,5560000.0,1720800.0,2171600.0,0.0,0.0,0.0,0.0,0.0
20230905095036368,SSE,SSE.ETF.510050,2.638,2.649,2.65,2.638,0.0,2.924,2.392,102531915.0,1078000.0,271090496.0,2843770.0,0.0,0.0,20230905,20230905,95036369,2.658,0.0,0.0,2.638,2.637,2.636,2.635,2.634,0.0,0.0,0.0,0.0,0.0,2.639,2.64,2.641,2.642,2.643,0.0,0.0,0.0,0.0,0.0,1411400.0,3888000.0,4099400.0,2787800.0,1445800.0,0.0,0.0,0.0,0.0,0.0,1149000.0,3479400.0,5181000.0,1782800.0,2076600.0,0.0,0.0,0.0,0.0,0.0
20230905095039432,SSE,SSE.ETF.510050,2.639,2.649,2.65,2.638,0.0,2.924,2.392,102547215.0,15300.0,271130863.0,40367.0,0.0,0.0,20230905,20230905,95039430,2.658,0.0,0.0,2.638,2.637,2.636,2.635,2.634,0.0,0.0,0.0,0.0,0.0,2.639,2.64,2.641,2.642,2.643,0.0,0.0,0.0,0.0,0.0,1118500.0,3541000.0,3896400.0,4526700.0,1840200.0,0.0,0.0,0.0,0.0,0.0,2934000.0,3803000.0,5560000.0,1420800.0,2001200.0,0.0,0.0,0.0,0.0,0.0
20230905095042424,SSE,SSE.ETF.510050,2.638,2.649,2.65,2.638,0.0,2.924,2.392,102608615.0,61400.0,271292838.0,161975.0,0.0,0.0,20230905,20230905,95042425,2.658,0.0,0.0,2.638,2.637,2.636,2.635,2.634,0.0,0.0,0.0,0.0,0.0,2.639,2.64,2.641,2.642,2.643,0.0,0.0,0.0,0.0,0.0,765100.0,2593900.0,5106400.0,4526700.0,1763800.0,0.0,0.0,0.0,0.0,0.0,2985800.0,5913000.0,3760000.0,1110800.0,2077600.0,0.0,0.0,0.0,0.0,0.0
20230905095045368,SSE,SSE.ETF.510050,2.639,2.649,2.65,2.638,0.0,2.924,2.392,102676015.0,67400.0,271470640.0,177802.0,0.0,0.0,20230905,20230905,95045368,2.658,0.0,0.0,2.638,2.637,2.636,2.635,2.634,0.0,0.0,0.0,0.0,0.0,2.639,2.64,2.641,2.642,2.643,0.0,0.0,0.0,0.0,0.0,1068800.0,3338600.0,4187400.0,4381900.0,1845200.0,0.0,0.0,0.0,0.0,0.0,2834800.0,3508000.0,5540000.0,1420800.0,2001200.0,0.0,0.0,0.0,0.0,0.0
20230905095048480,SSE,SSE.ETF.510050,2.638,2.649,2.65,2.638,0.0,2.924,2.392,102686215.0,10200.0,271497547.0,26907.0,0.0,0.0,20230905,20230905,95048482,2.658,0.0,0.0,2.638,2.637,2.636,2.635,2.634,0.0,0.0,0.0,0.0,0.0,2.639,2.64,2.641,2.642,2.643,0.0,0.0,0.0,0.0,0.0,1134900.0,1501300.0,4502400.0,4531900.0,1768800.0,0.0,0.0,0.0,0.0,0.0,2987800.0,3508000.0,5540100.0,1420800.0,2083700.0,0.0,0.0,0.0,0.0,0.0
20230905095051372,SSE,SSE.ETF.510050,2.638,2.649,2.65,2.638,0.0,2.924,2.392,102708815.0,22600.0,271557166.0,59619.0,0.0,0.0,20230905,20230905,95051373,2.658,0.0,0.0,2.638,2.637,2.636,2.635,2.634,0.0,0.0,0.0,0.0,0.0,2.639,2.64,2.641,2.642,2.643,0.0,0.0,0.0,0.0,0.0,1818800.0,4463400.0,4195500.0,2887400.0,1490800.0,0.0,0.0,0.0,0.0,0.0,2537800.0,3460000.0,5249100.0,1870800.0,2083700.0,0.0,0.0,0.0,0.0,0.0
20230905095054368,SSE,SSE.ETF.510050,2.638,2.649,2.65,2.638,0.0,2.924,2.392,102714015.0,5200.0,271570884.0,13718.0,0.0,0.0,20230905,20230905,95054369,2.658,0.0,0.0,2.638,2.637,2.636,2.635,2.634,0.0,0.0,0.0,0.0,0.0,2.639,2.64,2.641,2.642,2.643,0.0,0.0,0.0,0.0,0.0,1518100.0,5163400.0,4196500.0,2987400.0,1390800.0,0.0,0.0,0.0,0.0,0.0,1493400.0,3260000.0,5540100.0,1870800.0,2083700.0,0.0,0.0,0.0,0.0,0.0
20230905095057380,SSE,SSE.ETF.510050,2.638,2.649,2.65,2.638,0.0,2.924,2.392,102875515.0,161500.0,271996923.0,426039.0,0.0,0.0,20230905,20230905,95057381,2.658,0.0,0.0,2.638,2.637,2.636,2.635,2.634,0.0,0.0,0.0,0.0,0.0,2.639,2.64,2.641,2.642,2.643,0.0,0.0,0.0,0.0,0.0,1196900.0,4163600.0,4196600.0,3787400.0,1571200.0,0.0,0.0,0.0,0.0,0.0,2112400.0,3460000.0,5540100.0,1570800.0,1962300.0,0.0,0.0,0.0,0.0,0.0
20230905095100400,SSE,SSE.ETF.510050,2.638,2.649,2.65,2.638,0.0,2.924,2.392,102986615.0,111100.0,272290011.0,293088.0,0.0,0.0,20230905,20230905,95100399,2.658,0.0,0.0,2.638,2.637,2.636,2.635,2.634,0.0,0.0,0.0,0.0,0.0,2.639,2.64,2.641,2.642,2.643,0.0,0.0,0.0,0.0,0.0,1058100.0,4100900.0,4108600.0,4324900.0,1494900.0,0.0,0.0,0.0,0.0,0.0,2142600.0,3460000.0,5452100.0,1332800.0,2038700.0,0.0,0.0,0.0,0.0,0.0
20230905095103384,SSE,SSE.ETF.510050,2.639,2.649,2.65,2.638,0.0,2.924,2.392,103056815.0,70200.0,272475199.0,185188.0,0.0,0.0,20230905,20230905,95103383,2.658,0.0,0.0,2.638,2.637,2.636,2.635,2.634,0.0,0.0,0.0,0.0,0.0,2.639,2.64,2.641,2.642,2.643,0.0,0.0,0.0,0.0,0.0,1314000.0,4704900.0,4205600.0,2912900.0,1494900.0,0.0,0.0,0.0,0.0,0.0,2142400.0,3460000.0,5249100.0,1570800.0,2034700.0,0.0,0.0,0.0,0.0,0.0
20230905095106368,SSE,SSE.ETF.510050,2.639,2.649,2.65,2.638,0.0,2.924,2.392,103636915.0,580100.0,274006042.0,1530843.0,0.0,0.0,20230905,20230905,95106368,2.658,0.0,0.0,2.639,2.638,2.637,2.636,2.635,0.0,0.0,0.0,0.0,0.0,2.64,2.641,2.642,2.643,2.644,0.0,0.0,0.0,0.0,0.0,432000.0,2684500.0,5155900.0,1847600.0,2713100.0,0.0,0.0,0.0,0.0,0.0,2852100.0,2571100.0,5199800.0,2244700.0,750400.0,0.0,0.0,0.0,0.0,0.0
20230905095109492,SSE,SSE.ETF.510050,2.639,2.649,2.65,2.638,0.0,2.924,2.392,103704815.0,67900.0,274185230.0,179188.0,0.0,0.0,20230905,20230905,95109491,2.658,0.0,0.0,2.639,2.638,2.637,2.636,2.635,0.0,0.0,0.0,0.0,0.0,2.64,2.641,2.642,2.643,2.644,0.0,0.0,0.0,0.0,0.0,502200.0,1769900.0,5853000.0,3332500.0,2596200.0,0.0,0.0,0.0,0.0,0.0,2645500.0,2591000.0,4378900.0,1857600.0,1132100.0,0.0,0.0,0.0,0.0,0.0
20230905095112368,SSE,SSE.ETF.510050,2.639,2.649,2.65,2.638,0.0,2.924,2.392,103721415.0,16600.0,274229038.0,43808.0,0.0,0.0,20230905,20230905,95112367,2.658,0.0,0.0,2.639,2.638,2.637,2.636,2.635,0.0,0.0,0.0,0.0,0.0,2.64,2.641,2.642,2.643,2.644,0.0,0.0,0.0,0.0,0.0,447500.0,2390000.0,5194000.0,3633000.0,2819900.0,0.0,0.0,0.0,0.0,0.0,3005300.0,2591000.0,5578900.0,1778600.0,1288500.0,0.0,0.0,0.0,0.0,0.0
20230905095115492,SSE,SSE.ETF.510050,2.639,2.649,2.65,2.638,0.0,2.924,2.392,103986015.0,264600.0,274927367.0,698329.0,0.0,0.0,20230905,20230905,95115493,2.658,0.0,0.0,2.639,2.638,2.637,2.636,2.635,0.0,0.0,0.0,0.0,0.0,2.64,2.641,2.642,2.643,2.644,0.0,0.0,0.0,0.0,0.0,293200.0,3105800.0,5189000.0,1826900.0,2819900.0,0.0,0.0,0.0,0.0,0.0,2813100.0,2432000.0,5597900.0,778600.0,1288500.0,0.0,0.0,0.0,0.0,0.0
20230905095118352,SSE,SSE.ETF.510050,2.64,2.649,2.65,2.638,0.0,2.924,2.392,103986315.0,300.0,274928159.0,792.0,0.0,0.0,20230905,20230905,95118352,2.658,0.0,0.0,2.639,2.638,2.637,2.636,2.635,0.0,0.0,0.0,0.0,0.0,2.64,2.641,2.642,2.643,2.644,0.0,0.0,0.0,0.0,0.0,164200.0,2837700.0,5214600.0,3874900.0,2855400.0,0.0,0.0,0.0,0.0,0.0,3272800.0,2432000.0,5525900.0,716600.0,1212100.0,0.0,0.0,0.0,0.0,0.0
20230905095121372,SSE,SSE.ETF.510050,2.639,2.649,2.65,2.638,0.0,2.924,2.392,104012315.0,26000.0,274996773.0,68614.0,0.0,0.0,20230905,20230905,95121371,2.658,0.0,0.0,2.639,2.638,2.637,2.636,2.635,0.0,0.0,0.0,0.0,0.0,2.64,2.641,2.642,2.643,2.644,0.0,0.0,0.0,0.0,0.0,500800.0,4352700.0,5126600.0,1924900.0,2480100.0,0.0,0.0,0.0,0.0,0.0,2512300.0,2432000.0,5747900.0,1246600.0,1208500.0,0.0,0.0,0.0,0.0,0.0
20230905095124352,SSE,SSE.ETF.510050,2.64,2.649,2.65,2.638,0.0,2.924,2.392,104104515.0,92200.0,275240141.0,243368.0,0.0,0.0,20230905,20230905,95124352,2.658,0.0,0.0,2.639,2.638,2.637,2.636,2.635,0.0,0.0,0.0,0.0,0.0,2.64,2.641,2.642,2.643,2.644,0.0,0.0,0.0,0.0,0.0,786800.0,4789500.0,5214600.0,1924900.0,2571200.0,0.0,0.0,0.0,0.0,0.0,2460300.0,2431500.0,5835900.0,1166600.0,1210600.0,0.0,0.0,0.0,0.0,0.0
20230905095127400,SSE,SSE.ETF.510050,2.639,2.649,2.65,2.638,0.0,2.924,2.392,104117315.0,12800.0,275273920.0,33779.0,0.0,0.0,20230905,20230905,95127401,2.658,0.0,0.0,2.639,2.638,2.637,2.636,2.635,0.0,0.0,0.0,0.0,0.0,2.64,2.641,2.642,2.643,2.644,0.0,0.0,0.0,0.0,0.0,1128200.0,5310600.0,4614600.0,1924900.0,2571200.0,0.0,0.0,0.0,0.0,0.0,2481300.0,2431500.0,5545900.0,1166600.0,1210600.0,0.0,0.0,0.0,0.0,0.0
20230905095130368,SSE,SSE.ETF.510050,2.64,2.649,2.65,2.638,0.0,2.924,2.392,104118915.0,1600.0,275278144.0,4224.0,0.0,0.0,20230905,20230905,95130368,2.658,0.0,0.0,2.639,2.638,2.637,2.636,2.635,0.0,0.0,0.0,0.0,0.0,2.64,2.641,2.642,2.643,2.644,0.0,0.0,0.0,0.0,0.0,990100.0,4331700.0,3719600.0,1936900.0,2394900.0,0.0,0.0,0.0,0.0,0.0,1144500.0,2231500.0,5545900.0,1078600.0,1287000.0,0.0,0.0,0.0,0.0,0.0
20230905095133384,SSE,SSE.ETF.510050,2.639,2.649,2.65,2.638,0.0,2.924,2.392,104128215.0,9300.0,275302694.0,24550.0,0.0,0.0,20230905,20230905,95133385,2.658,0.0,0.0,2.639,2.638,2.637,2.636,2.635,0.0,0.0,0.0,0.0,0.0,2.64,2.641,2.642,2.643,2.644,0.0,0.0,0.0,0.0,0.0,1957400.0,6367900.0,3729600.0,1624900.0,2395900.0,0.0,0.0,0.0,0.0,0.0,1087200.0,2288800.0,5525900.0,2666600.0,1287000.0,0.0,0.0,0.0,0.0,0.0
20230905095136372,SSE,SSE.ETF.510050,2.64,2.649,2.65,2.638,0.0,2.924,2.392,104229215.0,101000.0,275569334.0,266640.0,0.0,0.0,20230905,20230905,95136372,2.658,0.0,0.0,2.639,2.638,2.637,2.636,2.635,0.0,0.0,0.0,0.0,0.0,2.64,2.641,2.642,2.643,2.644,0.0,0.0,0.0,0.0,0.0,3196600.0,5731400.0,3219600.0,1840100.0,2181200.0,0.0,0.0,0.0,0.0,0.0,916200.0,1533800.0,3725900.0,4790100.0,1605600.0,0.0,0.0,0.0,0.0,0.0
20230905095139368,SSE,SSE.ETF.510050,2.64,2.649,2.65,2.638,0.0,2.924,2.392,104544215.0,315000.0,276400928.0,831594.0,0.0,0.0,20230905,20230905,95139367,2.658,0.0,0.0,2.639,2.638,2.637,2.636,2.635,0.0,0.0,0.0,0.0,0.0,2.64,2.641,2.642,2.643,2.644,0.0,0.0,0.0,0.0,0.0,3326700.0,5764400.0,3379600.0,1745100.0,2271200.0,0.0,0.0,0.0,0.0,0.0,611600.0,1683800.0,3725900.0,4790100.0,1425600.0,0.0,0.0,0.0,0.0,0.0
20230905095142440,SSE,SSE.ETF.510050,2.64,2.649,2.65,2.638,0.0,2.924,2.392,105235615.0,691400.0,278226224.0,1825296.0,0.0,0.0,20230905,20230905,95142438,2.658,0.0,0.0,2.64,2.639,2.638,2.637,2.636,0.0,0.0,0.0,0.0,0.0,2.641,2.642,2.643,2.644,2.645,0.0,0.0,0.0,0.0,0.0,63700.0,3037800.0,5783600.0,3660100.0,1745200.0,0.0,0.0,0.0,0.0,0.0,2013800.0,4607200.0,3610100.0,1428600.0,1542500.0,0.0,0.0,0.0,0.0,0.0
20230905095145416,SSE,SSE.ETF.510050,2.641,2.649,2.65,2.638,0.0,2.924,2.392,105240615.0,5000.0,278239429.0,13205.0,0.0,0.0,20230905,20230905,95145415,2.658,0.0,0.0,2.64,2.639,2.638,2.637,2.636,0.0,0.0,0.0,0.0,0.0,2.641,2.642,2.643,2.644,2.645,0.0,0.0,0.0,0.0,0.0,205200.0,1695000.0,5495700.0,3385200.0,1838500.0,0.0,0.0,0.0,0.0,0.0,2308800.0,4707100.0,3372200.0,1057900.0,1544900.0,0.0,0.0,0.0,0.0,0.0
20230905095148408,SSE,SSE.ETF.510050,2.64,2.649,2.65,2.638,0.0,2.924,2.392,105415615.0,175000.0,278701429.0,462000.0,0.0,0.0,20230905,20230905,95148407,2.658,0.0,0.0,2.64,2.639,2.638,2.637,2.636,0.0,0.0,0.0,0.0,0.0,2.641,2.642,2.643,2.644,2.645,0.0,0.0,0.0,0.0,0.0,90200.0,1843400.0,6395700.0,3306100.0,1762200.0,0.0,0.0,0.0,0.0,0.0,2308800.0,4619100.0,3522200.0,1057900.0,1621200.0,0.0,0.0,0.0,0.0,0.0
20230905095151376,SSE,SSE.ETF.510050,2.641,2.649,2.65,2.638,0.0,2.924,2.392,105420615.0,5000.0,278714634.0,13205.0,0.0,0.0,20230905,20230905,95151377,2.658,0.0,0.0,2.64,2.639,2.638,2.637,2.636,0.0,0.0,0.0,0.0,0.0,2.641,2.642,2.643,2.644,2.645,0.0,0.0,0.0,0.0,0.0,125600.0,2213300.0,5775200.0,3394100.0,1462200.0,0.0,0.0,0.0,0.0,0.0,1973800.0,3719100.0,4510200.0,1355900.0,1711200.0,0.0,0.0,0.0,0.0,0.0
20230905095154368,SSE,SSE.ETF.510050,2.641,2.649,2.65,2.638,0.0,2.924,2.392,105420915.0,300.0,278715426.0,792.0,0.0,0.0,20230905,20230905,95154369,2.658,0.0,0.0,2.64,2.639,2.638,2.637,2.636,0.0,0.0,0.0,0.0,0.0,2.641,2.642,2.643,2.644,2.645,0.0,0.0,0.0,0.0,0.0,179000.0,2608000.0,6385200.0,3406100.0,1438500.0,0.0,0.0,0.0,0.0,0.0,2070500.0,3706100.0,3610200.0,1267900.0,1634900.0,0.0,0.0,0.0,0.0,0.0
20230905095157368,SSE,SSE.ETF.510050,2.64,2.649,2.65,2.638,0.0,2.924,2.392,105467315.0,46400.0,278837937.0,122511.0,0.0,0.0,20230905,20230905,95157367,2.658,0.0,0.0,2.64,2.639,2.638,2.637,2.636,0.0,0.0,0.0,0.0,0.0,2.641,2.642,2.643,2.644,2.645,0.0,0.0,0.0,0.0,0.0,530700.0,2470000.0,5505200.0,3505100.0,1538500.0,0.0,0.0,0.0,0.0,0.0,2355500.0,3766100.0,4210200.0,1055900.0,1632400.0,0.0,0.0,0.0,0.0,0.0
20230905095200376,SSE,SSE.ETF.510050,2.64,2.649,2.65,2.638,0.0,2.924,2.392,105500015.0,32700.0,278924286.0,86349.0,0.0,0.0,20230905,20230905,95200378,2.658,0.0,0.0,2.64,2.639,2.638,2.637,2.636,0.0,0.0,0.0,0.0,0.0,2.641,2.642,2.643,2.644,2.645,0.0,0.0,0.0,0.0,0.0,557300.0,3370000.0,5796100.0,3505100.0,1838500.0,0.0,0.0,0.0,0.0,0.0,2349800.0,4621100.0,3610200.0,1055900.0,1634400.0,0.0,0.0,0.0,0.0,0.0
20230905095203376,SSE,SSE.ETF.510050,2.64,2.649,2.65,2.638,0.0,2.924,2.392,106180015.0,680000.0,280719486.0,1795200.0,0.0,0.0,20230905,20230905,95203374,2.658,0.0,0.0,2.639,2.638,2.637,2.636,2.635,0.0,0.0,0.0,0.0,0.0,2.64,2.641,2.642,2.643,2.644,0.0,0.0,0.0,0.0,0.0,2811800.0,6408200.0,3535100.0,1856000.0,2981400.0,0.0,0.0,0.0,0.0,0.0,29900.0,1488200.0,5521100.0,2680200.0,1055900.0,0.0,0.0,0.0,0.0,0.0
20230905095206372,SSE,SSE.ETF.510050,2.64,2.649,2.65,2.638,0.0,2.924,2.392,106253815.0,73800.0,280914318.0,194832.0,0.0,0.0,20230905,20230905,95206372,2.658,0.0,0.0,2.639,2.638,2.637,2.636,2.635,0.0,0.0,0.0,0.0,0.0,2.64,2.641,2.642,2.643,2.644,0.0,0.0,0.0,0.0,0.0,2915000.0,6320100.0,3250200.0,1974700.0,3152700.0,0.0,0.0,0.0,0.0,0.0,920000.0,1488200.0,5621200.0,1092100.0,1140900.0,0.0,0.0,0.0,0.0,0.0
20230905095209368,SSE,SSE.ETF.510050,2.64,2.649,2.65,2.638,0.0,2.924,2.392,106613815.0,360000.0,281864721.0,950403.0,0.0,0.0,20230905,20230905,95209369,2.658,0.0,0.0,2.64,2.639,2.638,2.637,2.636,0.0,0.0,0.0,0.0,0.0,2.641,2.642,2.643,2.644,2.645,0.0,0.0,0.0,0.0,0.0,647900.0,5217200.0,5711100.0,1858800.0,1994700.0,0.0,0.0,0.0,0.0,0.0,1647600.0,3909200.0,4732100.0,1138600.0,1540000.0,0.0,0.0,0.0,0.0,0.0
20230905095212440,SSE,SSE.ETF.510050,2.641,2.649,2.65,2.638,0.0,2.924,2.392,106637715.0,23900.0,281927840.0,63119.0,0.0,0.0,20230905,20230905,95212440,2.658,0.0,0.0,2.64,2.639,2.638,2.637,2.636,0.0,0.0,0.0,0.0,0.0,2.641,2.642,2.643,2.644,2.645,0.0,0.0,0.0,0.0,0.0,1055100.0,6230600.0,5084200.0,2231700.0,1576000.0,0.0,0.0,0.0,0.0,0.0,1288300.0,3009100.0,5332200.0,1365900.0,1634400.0,0.0,0.0,0.0,0.0,0.0
20230905095215400,SSE,SSE.ETF.510050,2.641,2.649,2.65,2.638,0.0,2.924,2.392,106650115.0,12400.0,281960578.0,32738.0,0.0,0.0,20230905,20230905,95215399,2.658,0.0,0.0,2.64,2.639,2.638,2.637,2.636,0.0,0.0,0.0,0.0,0.0,2.641,2.642,2.643,2.644,2.645,0.0,0.0,0.0,0.0,0.0,102600.0,4350600.0,5685000.0,2225700.0,1805500.0,0.0,0.0,0.0,0.0,0.0,1589300.0,3009100.0,5332200.0,985900.0,1790700.0,0.0,0.0,0.0,0.0,0.0
20230905095218368,SSE,SSE.ETF.510050,2.641,2.649,2.65,2.638,0.0,2.924,2.392,106652915.0,2800.0,281967970.0,7392.0,0.0,0.0,20230905,20230905,95218366,2.658,0.0,0.0,2.64,2.639,2.638,2.637,2.636,0.0,0.0,0.0,0.0,0.0,2.641,2.642,2.643,2.644,2.645,0.0,0.0,0.0,0.0,0.0,702900.0,4545100.0,5386100.0,1925700.0,1579800.0,0.0,0.0,0.0,0.0,0.0,1288900.0,2709100.0,5032200.0,985900.0,1624400.0,0.0,0.0,0.0,0.0,0.0
20230905095221368,SSE,SSE.ETF.510050,2.64,2.649,2.65,2.638,0.0,2.924,2.392,106850015.0,197100.0,282488314.0,520344.0,0.0,0.0,20230905,20230905,95221366,2.658,0.0,0.0,2.639,2.638,2.637,2.636,2.635,0.0,0.0,0.0,0.0,0.0,2.64,2.641,2.642,2.643,2.644,0.0,0.0,0.0,0.0,0.0,2435600.0,6301100.0,3977700.0,1889900.0,3136400.0,0.0,0.0,0.0,0.0,0.0,277600.0,1846800.0,4941100.0,3042200.0,985900.0,0.0,0.0,0.0,0.0,0.0
