time,exchg,code,price,open,high,low,settle_price,upper_limit,lower_limit,total_volume,volume,total_turnover,turnover,open_interest,diff_interest,trading_date,action_date,action_time,pre_close,pre_settle,pre_interest,bid_price_0,bid_price_1,bid_price_2,bid_price_3,bid_price_4,bid_price_5,bid_price_6,bid_price_7,bid_price_8,bid_price_9,ask_price_0,ask_price_1,ask_price_2,ask_price_3,ask_price_4,ask_price_5,ask_price_6,ask_price_7,ask_price_8,ask_price_9,bid_qty_0,bid_qty_1,bid_qty_2,bid_qty_3,bid_qty_4,bid_qty_5,bid_qty_6,bid_qty_7,bid_qty_8,bid_qty_9,ask_qty_0,ask_qty_1,ask_qty_2,ask_qty_3,ask_qty_4,ask_qty_5,ask_qty_6,ask_qty_7,ask_qty_8,ask_qty_9
2.02308e+16,SZSE,SZSE.ETF.159901,2.695,2.696,2.696,2.694,0.0,2.979,2.437,193700.0,193700.0,522155.0,522155.0,0.0,0.0,20230825,20230825,93001188,2.708,0.0,0.0,2.693,2.691,2.69,2.689,2.688,0.0,0.0,0.0,0.0,0.0,2.695,2.696,2.7,2.703,2.707,0.0,0.0,0.0,0.0,0.0,9500.0,125100.0,30000.0,200.0,10700.0,0.0,0.0,0.0,0.0,0.0,3400.0,1700.0,18200.0,6700.0,10600.0,0.0,0.0,0.0,0.0,0.0
2.02308e+16,SZSE,SZSE.ETF.159901,2.693,2.696,2.698,2.689,0.0,2.979,2.437,3291700.0,141500.0,8864274.5,381059.5,0.0,0.0,20230825,20230825,93502523,2.708,0.0,0.0,2.693,2.692,2.691,2.69,2.689,0.0,0.0,0.0,0.0,0.0,2.694,2.695,2.696,2.697,2.698,0.0,0.0,0.0,0.0,0.0,58500.0,274500.0,313000.0,557700.0,370500.0,0.0,0.0,0.0,0.0,0.0,213000.0,252000.0,259200.0,140000.0,403800.0,0.0,0.0,0.0,0.0,0.0
2.02308e+16,SZSE,SZSE.ETF.159901,2.693,2.696,2.698,2.693,0.0,2.979,2.437,638700.0,2900.0,1721435.6,7809.8,0.0,0.0,20230825,20230825,93051483,2.708,0.0,0.0,2.692,2.691,2.69,2.689,2.688,0.0,0.0,0.0,0.0,0.0,2.693,2.694,2.695,2.696,2.698,0.0,0.0,0.0,0.0,0.0,175000.0,225400.0,134100.0,700.0,12200.0,0.0,0.0,0.0,0.0,0.0,4200.0,99900.0,353100.0,96500.0,50200.0,0.0,0.0,0.0,0.0,0.0
2.02308e+16,SZSE,SZSE.ETF.159901,2.69,2.696,2.698,2.69,0.0,2.979,2.437,2284700.0,600.0,6153270.3,1614.0,0.0,0.0,20230825,20230825,93406455,2.708,0.0,0.0,2.689,2.688,2.687,2.686,2.685,0.0,0.0,0.0,0.0,0.0,2.691,2.692,2.693,2.694,2.695,0.0,0.0,0.0,0.0,0.0,192800.0,150300.0,336000.0,308200.0,101800.0,0.0,0.0,0.0,0.0,0.0,100000.0,326000.0,150200.0,125700.0,63000.0,0.0,0.0,0.0,0.0,0.0
2.02308e+16,SZSE,SZSE.ETF.159901,2.695,2.696,2.698,2.694,0.0,2.979,2.437,563600.0,0.0,1519128.0,0.0,0.0,0.0,20230825,20230825,93044262,2.708,0.0,0.0,2.694,2.693,2.692,2.691,2.69,0.0,0.0,0.0,0.0,0.0,2.695,2.696,2.698,2.699,2.7,0.0,0.0,0.0,0.0,0.0,1200.0,71600.0,115000.0,225400.0,32300.0,0.0,0.0,0.0,0.0,0.0,93100.0,156500.0,50200.0,200000.0,68400.0,0.0,0.0,0.0,0.0,0.0
2.02308e+16,SZSE,SZSE.ETF.159901,2.697,2.696,2.698,2.689,0.0,2.979,2.437,3950600.0,100000.0,10640311.6,269700.0,0.0,0.0,20230825,20230825,93557439,2.708,0.0,0.0,2.697,2.696,2.695,2.694,2.693,0.0,0.0,0.0,0.0,0.0,2.698,2.699,2.7,2.701,2.702,0.0,0.0,0.0,0.0,0.0,59800.0,250000.0,413000.0,419300.0,216000.0,0.0,0.0,0.0,0.0,0.0,173400.0,140000.0,478400.0,277500.0,355900.0,0.0,0.0,0.0,0.0,0.0
2.02308e+16,SZSE,SZSE.ETF.159901,2.695,2.696,2.696,2.694,0.0,2.979,2.437,195600.0,1900.0,527275.5,5120.5,0.0,0.0,20230825,20230825,93003579,2.708,0.0,0.0,2.694,2.693,2.692,2.691,2.69,0.0,0.0,0.0,0.0,0.0,2.695,2.696,2.697,2.698,2.699,0.0,0.0,0.0,0.0,0.0,101500.0,109500.0,15000.0,125400.0,30300.0,0.0,0.0,0.0,0.0,0.0,1500.0,11700.0,100000.0,100000.0,100000.0,0.0,0.0,0.0,0.0,0.0
2.02308e+16,SZSE,SZSE.ETF.159901,2.693,2.696,2.698,2.689,0.0,2.979,2.437,3351000.0,0.0,9023969.4,0.0,0.0,0.0,20230825,20230825,93511513,2.708,0.0,0.0,2.693,2.692,2.691,2.69,2.689,0.0,0.0,0.0,0.0,0.0,2.694,2.695,2.696,2.697,2.698,0.0,0.0,0.0,0.0,0.0,60000.0,300000.0,413000.0,147900.0,363300.0,0.0,0.0,0.0,0.0,0.0,39000.0,268000.0,319200.0,177300.0,166700.0,0.0,0.0,0.0,0.0,0.0
2.02308e+16,SZSE,SZSE.ETF.159901,2.695,2.696,2.696,2.694,0.0,2.979,2.437,443400.0,120000.0,1195122.8,323400.0,0.0,0.0,20230825,20230825,93009483,2.708,0.0,0.0,2.694,2.693,2.692,2.691,2.69,0.0,0.0,0.0,0.0,0.0,2.695,2.696,2.697,2.7,2.703,0.0,0.0,0.0,0.0,0.0,1700.0,111600.0,115000.0,225400.0,32300.0,0.0,0.0,0.0,0.0,0.0,40000.0,85400.0,100000.0,18200.0,6700.0,0.0,0.0,0.0,0.0,0.0
2.02308e+16,SZSE,SZSE.ETF.159901,2.693,2.696,2.698,2.689,0.0,2.979,2.437,3351000.0,0.0,9023969.4,0.0,0.0,0.0,20230825,20230825,93512473,2.708,0.0,0.0,2.693,2.692,2.691,2.69,2.689,0.0,0.0,0.0,0.0,0.0,2.694,2.695,2.696,2.697,2.698,0.0,0.0,0.0,0.0,0.0,60000.0,300000.0,413000.0,147900.0,363300.0,0.0,0.0,0.0,0.0,0.0,39000.0,268000.0,319200.0,177300.0,166700.0,0.0,0.0,0.0,0.0,0.0
2.02308e+16,SZSE,SZSE.ETF.159901,2.696,2.696,2.696,2.694,0.0,2.979,2.437,544100.0,10700.0,1466570.0,28847.2,0.0,0.0,20230825,20230825,93018473,2.708,0.0,0.0,2.696,2.695,2.694,2.693,2.692,0.0,0.0,0.0,0.0,0.0,2.698,2.699,2.7,2.702,2.703,0.0,0.0,0.0,0.0,0.0,89300.0,164000.0,100200.0,11600.0,15000.0,0.0,0.0,0.0,0.0,0.0,160000.0,100000.0,168200.0,50000.0,206700.0,0.0,0.0,0.0,0.0,0.0
2.02308e+16,SZSE,SZSE.ETF.159901,2.694,2.696,2.698,2.689,0.0,2.979,2.437,3390000.0,39000.0,9129035.4,105066.0,0.0,0.0,20230825,20230825,93515456,2.708,0.0,0.0,2.694,2.693,2.692,2.691,2.69,0.0,0.0,0.0,0.0,0.0,2.695,2.696,2.697,2.698,2.7,0.0,0.0,0.0,0.0,0.0,73000.0,313000.0,300000.0,253000.0,223100.0,0.0,0.0,0.0,0.0,0.0,255000.0,259200.0,300200.0,204000.0,28400.0,0.0,0.0,0.0,0.0,0.0
2.02308e+16,SZSE,SZSE.ETF.159901,2.696,2.696,2.696,2.694,0.0,2.979,2.437,544100.0,350400.0,1466570.0,944415.0,0.0,0.0,20230825,20230825,93023674,2.708,0.0,0.0,2.696,2.695,2.694,2.689,2.688,0.0,0.0,0.0,0.0,0.0,2.698,2.699,2.7,2.702,2.703,0.0,0.0,0.0,0.0,0.0,89300.0,164000.0,100200.0,200.0,10700.0,0.0,0.0,0.0,0.0,0.0,160000.0,100000.0,168200.0,50000.0,206700.0,0.0,0.0,0.0,0.0,0.0
2.02308e+16,SZSE,SZSE.ETF.159901,2.695,2.696,2.698,2.689,0.0,2.979,2.437,3583200.0,193200.0,9649709.4,520674.0,0.0,0.0,20230825,20230825,93518486,2.708,0.0,0.0,2.694,2.693,2.692,2.691,2.69,0.0,0.0,0.0,0.0,0.0,2.696,2.697,2.698,2.699,2.7,0.0,0.0,0.0,0.0,0.0,173000.0,513000.0,440000.0,131900.0,181800.0,0.0,0.0,0.0,0.0,0.0,326200.0,160200.0,206000.0,38000.0,28400.0,0.0,0.0,0.0,0.0,0.0
2.02308e+16,SZSE,SZSE.ETF.159901,2.698,2.696,2.698,2.694,0.0,2.979,2.437,545600.0,0.0,1470614.5,0.0,0.0,0.0,20230825,20230825,93027474,2.708,0.0,0.0,2.695,2.694,2.693,2.692,2.691,0.0,0.0,0.0,0.0,0.0,2.696,2.697,2.698,2.7,2.701,0.0,0.0,0.0,0.0,0.0,500.0,100200.0,111600.0,115000.0,125400.0,0.0,0.0,0.0,0.0,0.0,100000.0,100000.0,100000.0,218200.0,200000.0,0.0,0.0,0.0,0.0,0.0
2.02308e+16,SZSE,SZSE.ETF.159901,2.695,2.696,2.698,2.689,0.0,2.979,2.437,3583200.0,0.0,9649709.4,0.0,0.0,0.0,20230825,20230825,93521480,2.708,0.0,0.0,2.695,2.694,2.693,2.692,2.691,0.0,0.0,0.0,0.0,0.0,2.696,2.697,2.698,2.699,2.7,0.0,0.0,0.0,0.0,0.0,113000.0,173000.0,613000.0,218500.0,168200.0,0.0,0.0,0.0,0.0,0.0,246200.0,240200.0,150400.0,77100.0,344900.0,0.0,0.0,0.0,0.0,0.0
2.02308e+16,SZSE,SZSE.ETF.159901,2.695,2.696,2.698,2.694,0.0,2.979,2.437,549600.0,4000.0,1481398.0,10783.5,0.0,0.0,20230825,20230825,93033490,2.708,0.0,0.0,2.694,2.693,2.692,2.691,2.69,0.0,0.0,0.0,0.0,0.0,2.695,2.696,2.697,2.698,2.7,0.0,0.0,0.0,0.0,0.0,60200.0,111600.0,115000.0,225400.0,32300.0,0.0,0.0,0.0,0.0,0.0,107100.0,96500.0,160000.0,200.0,18400.0,0.0,0.0,0.0,0.0,0.0
2.02308e+16,SZSE,SZSE.ETF.159901,2.695,2.696,2.698,2.689,0.0,2.979,2.437,3583200.0,0.0,9649709.4,0.0,0.0,0.0,20230825,20230825,93523502,2.708,0.0,0.0,2.695,2.694,2.693,2.692,2.691,0.0,0.0,0.0,0.0,0.0,2.696,2.697,2.698,2.699,2.7,0.0,0.0,0.0,0.0,0.0,13000.0,473000.0,355000.0,643700.0,13000.0,0.0,0.0,0.0,0.0,0.0,236200.0,200200.0,250400.0,40000.0,532000.0,0.0,0.0,0.0,0.0,0.0
2.02308e+16,SZSE,SZSE.ETF.159901,2.695,2.696,2.698,2.694,0.0,2.979,2.437,563600.0,0.0,1519128.0,0.0,0.0,0.0,20230825,20230825,93042476,2.708,0.0,0.0,2.694,2.693,2.692,2.691,2.69,0.0,0.0,0.0,0.0,0.0,2.695,2.696,2.698,2.699,2.7,0.0,0.0,0.0,0.0,0.0,1200.0,71600.0,115000.0,225400.0,32300.0,0.0,0.0,0.0,0.0,0.0,93100.0,156500.0,50200.0,200000.0,68400.0,0.0,0.0,0.0,0.0,0.0
2.02308e+16,SZSE,SZSE.ETF.159901,2.695,2.696,2.698,2.694,0.0,2.979,2.437,563600.0,14000.0,1519128.0,37730.0,0.0,0.0,20230825,20230825,93036470,2.708,0.0,0.0,2.694,2.693,2.692,2.691,2.69,0.0,0.0,0.0,0.0,0.0,2.695,2.696,2.697,2.698,2.699,0.0,0.0,0.0,0.0,0.0,200.0,171600.0,115000.0,225400.0,32300.0,0.0,0.0,0.0,0.0,0.0,93100.0,156500.0,100000.0,200200.0,200000.0,0.0,0.0,0.0,0.0,0.0
2.02308e+16,SZSE,SZSE.ETF.159901,2.693,2.696,2.698,2.692,0.0,2.979,2.437,1119100.0,6000.0,3015416.7,16158.0,0.0,0.0,20230825,20230825,93124485,2.708,0.0,0.0,2.693,2.692,2.691,2.69,2.689,0.0,0.0,0.0,0.0,0.0,2.694,2.695,2.696,2.698,2.7,0.0,0.0,0.0,0.0,0.0,79300.0,100200.0,275400.0,403000.0,15700.0,0.0,0.0,0.0,0.0,0.0,100000.0,191500.0,210000.0,50200.0,18400.0,0.0,0.0,0.0,0.0,0.0
2.02308e+16,SZSE,SZSE.ETF.159901,2.692,2.696,2.698,2.692,0.0,2.979,2.437,1067400.0,120000.0,2876197.4,323040.0,0.0,0.0,20230825,20230825,93117316,2.708,0.0,0.0,2.692,2.691,2.69,2.689,2.688,0.0,0.0,0.0,0.0,0.0,2.693,2.694,2.695,2.696,2.698,0.0,0.0,0.0,0.0,0.0,100000.0,335400.0,192600.0,700.0,262200.0,0.0,0.0,0.0,0.0,0.0,36900.0,160000.0,191500.0,150000.0,50200.0,0.0,0.0,0.0,0.0,0.0
2.02308e+16,SZSE,SZSE.ETF.159901,2.693,2.696,2.698,2.691,0.0,2.979,2.437,2037200.0,33100.0,5487146.0,89128.6,0.0,0.0,20230825,20230825,93320707,2.708,0.0,0.0,2.692,2.691,2.69,2.689,2.688,0.0,0.0,0.0,0.0,0.0,2.694,2.695,2.696,2.697,2.698,0.0,0.0,0.0,0.0,0.0,160000.0,119000.0,163800.0,291000.0,137900.0,0.0,0.0,0.0,0.0,0.0,152000.0,223000.0,150000.0,37100.0,325800.0,0.0,0.0,0.0,0.0,0.0
2.02308e+16,SZSE,SZSE.ETF.159901,2.693,2.696,2.698,2.691,0.0,2.979,2.437,1998600.0,31200.0,5383200.4,84021.6,0.0,0.0,20230825,20230825,93315464,2.708,0.0,0.0,2.692,2.691,2.69,2.689,2.688,0.0,0.0,0.0,0.0,0.0,2.694,2.695,2.696,2.697,2.698,0.0,0.0,0.0,0.0,0.0,113400.0,166000.0,213800.0,291000.0,337900.0,0.0,0.0,0.0,0.0,0.0,199000.0,163000.0,150000.0,112700.0,250200.0,0.0,0.0,0.0,0.0,0.0
2.02308e+16,SZSE,SZSE.ETF.159901,2.693,2.696,2.698,2.693,0.0,2.979,2.437,635800.0,11000.0,1713625.8,29625.0,0.0,0.0,20230825,20230825,93049723,2.708,0.0,0.0,2.693,2.692,2.691,2.69,2.689,0.0,0.0,0.0,0.0,0.0,2.694,2.695,2.696,2.698,2.7,0.0,0.0,0.0,0.0,0.0,2600.0,175000.0,225400.0,134100.0,700.0,0.0,0.0,0.0,0.0,0.0,100000.0,353100.0,96500.0,250200.0,68400.0,0.0,0.0,0.0,0.0,0.0
2.02308e+16,SZSE,SZSE.ETF.159901,2.693,2.696,2.698,2.692,0.0,2.979,2.437,1119100.0,0.0,3015416.7,0.0,0.0,0.0,20230825,20230825,93127453,2.708,0.0,0.0,2.693,2.692,2.691,2.69,2.689,0.0,0.0,0.0,0.0,0.0,2.694,2.695,2.696,2.698,2.7,0.0,0.0,0.0,0.0,0.0,84300.0,100200.0,275400.0,199000.0,217800.0,0.0,0.0,0.0,0.0,0.0,100000.0,191500.0,160000.0,50200.0,268400.0,0.0,0.0,0.0,0.0,0.0
2.02308e+16,SZSE,SZSE.ETF.159901,2.694,2.696,2.698,2.693,0.0,2.979,2.437,657900.0,19200.0,1773152.5,51716.9,0.0,0.0,20230825,20230825,93054478,2.708,0.0,0.0,2.692,2.691,2.69,2.689,2.688,0.0,0.0,0.0,0.0,0.0,2.695,2.696,2.698,2.7,2.703,0.0,0.0,0.0,0.0,0.0,175000.0,225400.0,134100.0,200700.0,212200.0,0.0,0.0,0.0,0.0,0.0,260000.0,96500.0,50200.0,268400.0,6700.0,0.0,0.0,0.0,0.0,0.0
2.02308e+16,SZSE,SZSE.ETF.159901,2.693,2.696,2.698,2.693,0.0,2.979,2.437,638700.0,2900.0,1721435.6,7809.8,0.0,0.0,20230825,20230825,93053638,2.708,0.0,0.0,2.692,2.691,2.69,2.689,2.688,0.0,0.0,0.0,0.0,0.0,2.693,2.694,2.695,2.696,2.698,0.0,0.0,0.0,0.0,0.0,175000.0,225400.0,134100.0,700.0,12200.0,0.0,0.0,0.0,0.0,0.0,4200.0,99900.0,353100.0,96500.0,50200.0,0.0,0.0,0.0,0.0,0.0
2.02308e+16,SZSE,SZSE.ETF.159901,2.693,2.696,2.698,2.693,0.0,2.979,2.437,685800.0,8200.0,1848287.2,22082.6,0.0,0.0,20230825,20230825,93100505,2.708,0.0,0.0,2.693,2.692,2.691,2.69,2.689,0.0,0.0,0.0,0.0,0.0,2.695,2.696,2.697,2.698,2.7,0.0,0.0,0.0,0.0,0.0,160000.0,100200.0,125400.0,234600.0,700.0,0.0,0.0,0.0,0.0,0.0,200000.0,206500.0,100000.0,50200.0,18400.0,0.0,0.0,0.0,0.0,0.0
2.02308e+16,SZSE,SZSE.ETF.159901,2.693,2.696,2.698,2.693,0.0,2.979,2.437,677600.0,19700.0,1826204.6,53052.1,0.0,0.0,20230825,20230825,93057482,2.708,0.0,0.0,2.693,2.692,2.691,2.69,2.689,0.0,0.0,0.0,0.0,0.0,2.695,2.696,2.697,2.698,2.7,0.0,0.0,0.0,0.0,0.0,158200.0,115000.0,225400.0,34600.0,200700.0,0.0,0.0,0.0,0.0,0.0,300000.0,156500.0,100000.0,50200.0,68400.0,0.0,0.0,0.0,0.0,0.0
2.02308e+16,SZSE,SZSE.ETF.159901,2.693,2.696,2.698,2.693,0.0,2.979,2.437,685800.0,0.0,1848287.2,0.0,0.0,0.0,20230825,20230825,93103477,2.708,0.0,0.0,2.694,2.693,2.692,2.691,2.69,0.0,0.0,0.0,0.0,0.0,2.695,2.696,2.697,2.698,2.699,0.0,0.0,0.0,0.0,0.0,100000.0,160000.0,100200.0,125400.0,290600.0,0.0,0.0,0.0,0.0,0.0,250000.0,60000.0,100000.0,150200.0,100000.0,0.0,0.0,0.0,0.0,0.0
2.02308e+16,SZSE,SZSE.ETF.159901,2.693,2.696,2.698,2.693,0.0,2.979,2.437,685800.0,8200.0,1848287.2,22082.6,0.0,0.0,20230825,20230825,93103082,2.708,0.0,0.0,2.693,2.692,2.691,2.69,2.689,0.0,0.0,0.0,0.0,0.0,2.695,2.696,2.697,2.698,2.7,0.0,0.0,0.0,0.0,0.0,160000.0,100200.0,125400.0,234600.0,700.0,0.0,0.0,0.0,0.0,0.0,200000.0,206500.0,100000.0,50200.0,18400.0,0.0,0.0,0.0,0.0,0.0
2.02308e+16,SZSE,SZSE.ETF.159901,2.695,2.696,2.698,2.693,0.0,2.979,2.437,883400.0,197600.0,2380801.6,532514.4,0.0,0.0,20230825,20230825,93106508,2.708,0.0,0.0,2.694,2.693,2.692,2.691,2.69,0.0,0.0,0.0,0.0,0.0,2.695,2.696,2.697,2.698,2.7,0.0,0.0,0.0,0.0,0.0,82400.0,160000.0,200.0,125400.0,290600.0,0.0,0.0,0.0,0.0,0.0,70000.0,60000.0,100000.0,150200.0,68400.0,0.0,0.0,0.0,0.0,0.0
2.02308e+16,SZSE,SZSE.ETF.159901,2.693,2.696,2.698,2.693,0.0,2.979,2.437,685800.0,0.0,1848287.2,0.0,0.0,0.0,20230825,20230825,93104700,2.708,0.0,0.0,2.694,2.693,2.692,2.691,2.69,0.0,0.0,0.0,0.0,0.0,2.695,2.696,2.697,2.698,2.699,0.0,0.0,0.0,0.0,0.0,100000.0,160000.0,100200.0,125400.0,290600.0,0.0,0.0,0.0,0.0,0.0,250000.0,60000.0,100000.0,150200.0,100000.0,0.0,0.0,0.0,0.0,0.0
2.02308e+16,SZSE,SZSE.ETF.159901,2.693,2.696,2.698,2.693,0.0,2.979,2.437,947400.0,64000.0,2553157.4,172355.8,0.0,0.0,20230825,20230825,93112467,2.708,0.0,0.0,2.692,2.691,2.69,2.689,2.688,0.0,0.0,0.0,0.0,0.0,2.693,2.695,2.696,2.698,2.699,0.0,0.0,0.0,0.0,0.0,100200.0,275400.0,150600.0,700.0,62200.0,0.0,0.0,0.0,0.0,0.0,96900.0,191500.0,100000.0,50200.0,200000.0,0.0,0.0,0.0,0.0,0.0
2.02308e+16,SZSE,SZSE.ETF.159901,2.695,2.696,2.698,2.693,0.0,2.979,2.437,883400.0,0.0,2380801.6,0.0,0.0,0.0,20230825,20230825,93109480,2.708,0.0,0.0,2.693,2.692,2.691,2.69,2.689,0.0,0.0,0.0,0.0,0.0,2.694,2.695,2.696,2.697,2.698,0.0,0.0,0.0,0.0,0.0,100000.0,100200.0,335400.0,90600.0,200700.0,0.0,0.0,0.0,0.0,0.0,60000.0,191500.0,100000.0,100000.0,50200.0,0.0,0.0,0.0,0.0,0.0
2.02308e+16,SZSE,SZSE.ETF.159901,2.693,2.696,2.698,2.693,0.0,2.979,2.437,947400.0,64000.0,2553157.4,172355.8,0.0,0.0,20230825,20230825,93115635,2.708,0.0,0.0,2.692,2.691,2.69,2.689,2.688,0.0,0.0,0.0,0.0,0.0,2.693,2.695,2.696,2.698,2.699,0.0,0.0,0.0,0.0,0.0,100200.0,275400.0,150600.0,700.0,62200.0,0.0,0.0,0.0,0.0,0.0,96900.0,191500.0,100000.0,50200.0,200000.0,0.0,0.0,0.0,0.0,0.0
2.02308e+16,SZSE,SZSE.ETF.159901,2.692,2.696,2.698,2.692,0.0,2.979,2.437,1067400.0,120000.0,2876197.4,323040.0,0.0,0.0,20230825,20230825,93115512,2.708,0.0,0.0,2.692,2.691,2.69,2.689,2.688,0.0,0.0,0.0,0.0,0.0,2.693,2.694,2.695,2.696,2.698,0.0,0.0,0.0,0.0,0.0,100000.0,335400.0,192600.0,700.0,262200.0,0.0,0.0,0.0,0.0,0.0,36900.0,160000.0,191500.0,150000.0,50200.0,0.0,0.0,0.0,0.0,0.0
2.02308e+16,SZSE,SZSE.ETF.159901,2.693,2.696,2.698,2.692,0.0,2.979,2.437,1113100.0,0.0,2999258.7,0.0,0.0,0.0,20230825,20230825,93121463,2.708,0.0,0.0,2.693,2.692,2.691,2.69,2.689,0.0,0.0,0.0,0.0,0.0,2.694,2.695,2.696,2.698,2.7,0.0,0.0,0.0,0.0,0.0,85300.0,100200.0,475400.0,403000.0,15700.0,0.0,0.0,0.0,0.0,0.0,100000.0,191500.0,160000.0,50200.0,18400.0,0.0,0.0,0.0,0.0,0.0
2.02308e+16,SZSE,SZSE.ETF.159901,2.693,2.696,2.698,2.692,0.0,2.979,2.437,1129300.0,10200.0,3042885.3,27468.6,0.0,0.0,20230825,20230825,93130492,2.708,0.0,0.0,2.693,2.692,2.691,2.69,2.689,0.0,0.0,0.0,0.0,0.0,2.694,2.695,2.696,2.698,2.7,0.0,0.0,0.0,0.0,0.0,14100.0,160200.0,275400.0,199000.0,217800.0,0.0,0.0,0.0,0.0,0.0,100000.0,251500.0,100000.0,50200.0,268400.0,0.0,0.0,0.0,0.0,0.0
2.02308e+16,SZSE,SZSE.ETF.159901,2.695,2.696,2.698,2.689,0.0,2.979,2.437,4188400.0,0.0,11281394.7,0.0,0.0,0.0,20230825,20230825,93630420,2.708,0.0,0.0,2.695,2.694,2.693,2.692,2.691,0.0,0.0,0.0,0.0,0.0,2.696,2.697,2.698,2.699,2.7,0.0,0.0,0.0,0.0,0.0,21500.0,176300.0,306000.0,478100.0,427800.0,0.0,0.0,0.0,0.0,0.0,105000.0,315000.0,150200.0,472100.0,394900.0,0.0,0.0,0.0,0.0,0.0
2.02308e+16,SZSE,SZSE.ETF.159901,2.695,2.696,2.698,2.689,0.0,2.979,2.437,3583200.0,0.0,9649709.4,0.0,0.0,0.0,20230825,20230825,93524461,2.708,0.0,0.0,2.695,2.694,2.693,2.692,2.691,0.0,0.0,0.0,0.0,0.0,2.696,2.697,2.698,2.699,2.7,0.0,0.0,0.0,0.0,0.0,13000.0,473000.0,355000.0,643700.0,13000.0,0.0,0.0,0.0,0.0,0.0,236200.0,200200.0,250400.0,40000.0,532000.0,0.0,0.0,0.0,0.0,0.0
2.02308e+16,SZSE,SZSE.ETF.159901,2.695,2.696,2.698,2.689,0.0,2.979,2.437,3618200.0,35000.0,9744034.4,94325.0,0.0,0.0,20230825,20230825,93526502,2.708,0.0,0.0,2.695,2.694,2.693,2.692,2.691,0.0,0.0,0.0,0.0,0.0,2.696,2.697,2.698,2.699,2.7,0.0,0.0,0.0,0.0,0.0,13000.0,313000.0,615000.0,556500.0,50200.0,0.0,0.0,0.0,0.0,0.0,336200.0,100200.0,150400.0,77100.0,494900.0,0.0,0.0,0.0,0.0,0.0
2.02308e+16,SZSE,SZSE.ETF.159901,2.695,2.696,2.698,2.689,0.0,2.979,2.437,3618200.0,35000.0,9744034.4,94325.0,0.0,0.0,20230825,20230825,93527462,2.708,0.0,0.0,2.695,2.694,2.693,2.692,2.691,0.0,0.0,0.0,0.0,0.0,2.696,2.697,2.698,2.699,2.7,0.0,0.0,0.0,0.0,0.0,13000.0,313000.0,615000.0,556500.0,50200.0,0.0,0.0,0.0,0.0,0.0,336200.0,100200.0,150400.0,77100.0,494900.0,0.0,0.0,0.0,0.0,0.0
2.02308e+16,SZSE,SZSE.ETF.159901,2.693,2.696,2.698,2.692,0.0,2.979,2.437,1129300.0,10200.0,3042885.3,27468.6,0.0,0.0,20230825,20230825,93133096,2.708,0.0,0.0,2.693,2.692,2.691,2.69,2.689,0.0,0.0,0.0,0.0,0.0,2.694,2.695,2.696,2.698,2.7,0.0,0.0,0.0,0.0,0.0,14100.0,160200.0,275400.0,199000.0,217800.0,0.0,0.0,0.0,0.0,0.0,100000.0,251500.0,100000.0,50200.0,268400.0,0.0,0.0,0.0,0.0,0.0
2.02308e+16,SZSE,SZSE.ETF.159901,2.695,2.696,2.698,2.689,0.0,2.979,2.437,3631200.0,13000.0,9779069.4,35035.0,0.0,0.0,20230825,20230825,93530428,2.708,0.0,0.0,2.694,2.693,2.692,2.691,2.69,0.0,0.0,0.0,0.0,0.0,2.696,2.697,2.698,2.699,2.7,0.0,0.0,0.0,0.0,0.0,473000.0,556000.0,556500.0,50200.0,108500.0,0.0,0.0,0.0,0.0,0.0,276200.0,160200.0,250400.0,77100.0,494900.0,0.0,0.0,0.0,0.0,0.0
2.02308e+16,SZSE,SZSE.ETF.159901,2.693,2.696,2.698,2.692,0.0,2.979,2.437,1147800.0,0.0,3092705.8,0.0,0.0,0.0,20230825,20230825,93139485,2.708,0.0,0.0,2.692,2.691,2.69,2.689,2.688,0.0,0.0,0.0,0.0,0.0,2.693,2.694,2.695,2.698,2.7,0.0,0.0,0.0,0.0,0.0,1400.0,335400.0,204000.0,317800.0,262200.0,0.0,0.0,0.0,0.0,0.0,100000.0,160000.0,191500.0,50200.0,268400.0,0.0,0.0,0.0,0.0,0.0
2.02308e+16,SZSE,SZSE.ETF.159901,2.695,2.696,2.698,2.689,0.0,2.979,2.437,3631200.0,0.0,9779069.4,0.0,0.0,0.0,20230825,20230825,93533464,2.708,0.0,0.0,2.694,2.693,2.692,2.691,2.69,0.0,0.0,0.0,0.0,0.0,2.696,2.697,2.698,2.699,2.7,0.0,0.0,0.0,0.0,0.0,473000.0,553600.0,480900.0,128200.0,108500.0,0.0,0.0,0.0,0.0,0.0,276200.0,160200.0,250400.0,77100.0,494900.0,0.0,0.0,0.0,0.0,0.0
2.02308e+16,SZSE,SZSE.ETF.159901,2.693,2.696,2.698,2.692,0.0,2.979,2.437,1151800.0,4000.0,3103477.8,10772.0,0.0,0.0,20230825,20230825,93145503,2.708,0.0,0.0,2.692,2.691,2.69,2.689,2.688,0.0,0.0,0.0,0.0,0.0,2.693,2.694,2.695,2.696,2.698,0.0,0.0,0.0,0.0,0.0,4400.0,335400.0,154600.0,317800.0,262200.0,0.0,0.0,0.0,0.0,0.0,96000.0,160000.0,191500.0,50000.0,50200.0,0.0,0.0,0.0,0.0,0.0
2.02308e+16,SZSE,SZSE.ETF.159901,2.695,2.696,2.698,2.689,0.0,2.979,2.437,3631200.0,0.0,9779069.4,0.0,0.0,0.0,20230825,20230825,93536434,2.708,0.0,0.0,2.694,2.693,2.692,2.691,2.69,0.0,0.0,0.0,0.0,0.0,2.696,2.697,2.698,2.699,2.7,0.0,0.0,0.0,0.0,0.0,473000.0,353600.0,480900.0,128200.0,108500.0,0.0,0.0,0.0,0.0,0.0,276000.0,160200.0,250400.0,277100.0,494900.0,0.0,0.0,0.0,0.0,0.0
2.02308e+16,SZSE,SZSE.ETF.159901,2.693,2.696,2.698,2.692,0.0,2.979,2.437,1151800.0,0.0,3103477.8,0.0,0.0,0.0,20230825,20230825,93148468,2.708,0.0,0.0,2.692,2.691,2.69,2.689,2.688,0.0,0.0,0.0,0.0,0.0,2.694,2.695,2.696,2.698,2.7,0.0,0.0,0.0,0.0,0.0,164400.0,275400.0,354600.0,217800.0,62200.0,0.0,0.0,0.0,0.0,0.0,100000.0,251500.0,150000.0,50200.0,18400.0,0.0,0.0,0.0,0.0,0.0
2.02308e+16,SZSE,SZSE.ETF.159901,2.694,2.696,2.698,2.689,0.0,2.979,2.437,3631400.0,200.0,9779608.2,538.8,0.0,0.0,20230825,20230825,93539437,2.708,0.0,0.0,2.694,2.693,2.692,2.691,2.69,0.0,0.0,0.0,0.0,0.0,2.696,2.697,2.698,2.699,2.7,0.0,0.0,0.0,0.0,0.0,485800.0,316000.0,518500.0,128200.0,108500.0,0.0,0.0,0.0,0.0,0.0,236000.0,200200.0,250400.0,277100.0,494900.0,0.0,0.0,0.0,0.0,0.0
2.02308e+16,SZSE,SZSE.ETF.159901,2.693,2.696,2.698,2.691,0.0,2.979,2.437,1354400.0,202600.0,3648908.0,545430.2,0.0,0.0,20230825,20230825,93151439,2.708,0.0,0.0,2.692,2.691,2.69,2.689,2.688,0.0,0.0,0.0,0.0,0.0,2.693,2.694,2.695,2.696,2.698,0.0,0.0,0.0,0.0,0.0,60000.0,243800.0,204600.0,317800.0,62200.0,0.0,0.0,0.0,0.0,0.0,97400.0,100000.0,251500.0,50000.0,50200.0,0.0,0.0,0.0,0.0,0.0
2.02308e+16,SZSE,SZSE.ETF.159901,2.694,2.696,2.698,2.689,0.0,2.979,2.437,3631400.0,0.0,9779608.2,0.0,0.0,0.0,20230825,20230825,93542423,2.708,0.0,0.0,2.695,2.694,2.693,2.692,2.691,0.0,0.0,0.0,0.0,0.0,2.696,2.697,2.698,2.699,2.7,0.0,0.0,0.0,0.0,0.0,73000.0,425800.0,516000.0,518500.0,128200.0,0.0,0.0,0.0,0.0,0.0,236000.0,140200.0,310400.0,77100.0,294900.0,0.0,0.0,0.0,0.0,0.0
2.02308e+16,SZSE,SZSE.ETF.159901,2.693,2.696,2.698,2.691,0.0,2.979,2.437,1354400.0,0.0,3648908.0,0.0,0.0,0.0,20230825,20230825,93154409,2.708,0.0,0.0,2.692,2.691,2.69,2.689,2.688,0.0,0.0,0.0,0.0,0.0,2.693,2.694,2.695,2.696,2.698,0.0,0.0,0.0,0.0,0.0,60000.0,243800.0,209800.0,317800.0,262200.0,0.0,0.0,0.0,0.0,0.0,97400.0,100000.0,251500.0,50000.0,50200.0,0.0,0.0,0.0,0.0,0.0
2.02308e+16,SZSE,SZSE.ETF.159901,2.696,2.696,2.698,2.689,0.0,2.979,2.437,3807400.0,176000.0,10254104.2,474496.0,0.0,0.0,20230825,20230825,93545446,2.708,0.0,0.0,2.695,2.694,2.693,2.692,2.691,0.0,0.0,0.0,0.0,0.0,2.696,2.697,2.698,2.699,2.7,0.0,0.0,0.0,0.0,0.0,313000.0,385800.0,493600.0,418900.0,50200.0,0.0,0.0,0.0,0.0,0.0,100000.0,240200.0,150400.0,177100.0,194900.0,0.0,0.0,0.0,0.0,0.0
2.02308e+16,SZSE,SZSE.ETF.159901,2.693,2.696,2.698,2.691,0.0,2.979,2.437,1354600.0,200.0,3649446.6,538.6,0.0,0.0,20230825,20230825,93157448,2.708,0.0,0.0,2.692,2.691,2.69,2.689,2.688,0.0,0.0,0.0,0.0,0.0,2.693,2.694,2.695,2.696,2.698,0.0,0.0,0.0,0.0,0.0,60000.0,243800.0,359800.0,317800.0,62200.0,0.0,0.0,0.0,0.0,0.0,97200.0,100000.0,251500.0,50000.0,50200.0,0.0,0.0,0.0,0.0,0.0
2.02308e+16,SZSE,SZSE.ETF.159901,2.697,2.696,2.698,2.689,0.0,2.979,2.437,3850600.0,40200.0,10370611.6,108419.4,0.0,0.0,20230825,20230825,93553506,2.708,0.0,0.0,2.697,2.696,2.695,2.694,2.693,0.0,0.0,0.0,0.0,0.0,2.698,2.699,2.7,2.701,2.702,0.0,0.0,0.0,0.0,0.0,159800.0,250000.0,373000.0,265800.0,409600.0,0.0,0.0,0.0,0.0,0.0,210400.0,140000.0,318400.0,353500.0,190000.0,0.0,0.0,0.0,0.0,0.0
2.02308e+16,SZSE,SZSE.ETF.159901,2.692,2.696,2.698,2.691,0.0,2.979,2.437,1415000.0,400.0,3812103.4,1076.8,0.0,0.0,20230825,20230825,93203474,2.708,0.0,0.0,2.691,2.69,2.689,2.688,2.687,0.0,0.0,0.0,0.0,0.0,2.692,2.693,2.694,2.695,2.696,0.0,0.0,0.0,0.0,0.0,303800.0,159800.0,317800.0,262200.0,36000.0,0.0,0.0,0.0,0.0,0.0,1600.0,100000.0,160000.0,170000.0,50000.0,0.0,0.0,0.0,0.0,0.0
2.02308e+16,SZSE,SZSE.ETF.159901,2.69,2.696,2.698,2.69,0.0,2.979,2.437,2455300.0,109300.0,6612184.3,294017.0,0.0,0.0,20230825,20230825,93412465,2.708,0.0,0.0,2.689,2.688,2.687,2.686,2.685,0.0,0.0,0.0,0.0,0.0,2.69,2.692,2.693,2.694,2.695,0.0,0.0,0.0,0.0,0.0,132800.0,150300.0,396000.0,433200.0,66800.0,0.0,0.0,0.0,0.0,0.0,60000.0,227000.0,113000.0,301900.0,63000.0,0.0,0.0,0.0,0.0,0.0
2.02308e+16,SZSE,SZSE.ETF.159901,2.692,2.696,2.698,2.691,0.0,2.979,2.437,1753700.0,0.0,4723650.4,0.0,0.0,0.0,20230825,20230825,93230494,2.708,0.0,0.0,2.692,2.691,2.69,2.689,2.688,0.0,0.0,0.0,0.0,0.0,2.694,2.695,2.696,2.698,2.699,0.0,0.0,0.0,0.0,0.0,40000.0,160000.0,363800.0,215800.0,62200.0,0.0,0.0,0.0,0.0,0.0,160000.0,150000.0,50000.0,50200.0,200000.0,0.0,0.0,0.0,0.0,0.0
2.02308e+16,SZSE,SZSE.ETF.159901,2.694,2.696,2.698,2.691,0.0,2.979,2.437,2004100.0,5500.0,5398017.4,14817.0,0.0,0.0,20230825,20230825,93318433,2.708,0.0,0.0,2.692,2.691,2.69,2.689,2.688,0.0,0.0,0.0,0.0,0.0,2.694,2.695,2.696,2.697,2.698,0.0,0.0,0.0,0.0,0.0,100400.0,166000.0,213800.0,91000.0,337900.0,0.0,0.0,0.0,0.0,0.0,206500.0,163000.0,150000.0,237100.0,325800.0,0.0,0.0,0.0,0.0,0.0
2.02308e+16,SZSE,SZSE.ETF.159901,2.693,2.696,2.698,2.691,0.0,2.979,2.437,1829400.0,0.0,4927509.9,0.0,0.0,0.0,20230825,20230825,93303454,2.708,0.0,0.0,2.694,2.693,2.692,2.691,2.69,0.0,0.0,0.0,0.0,0.0,2.695,2.696,2.697,2.698,2.699,0.0,0.0,0.0,0.0,0.0,113000.0,198000.0,400.0,238000.0,188600.0,0.0,0.0,0.0,0.0,0.0,50000.0,110000.0,100000.0,187300.0,75600.0,0.0,0.0,0.0,0.0,0.0
2.02308e+16,SZSE,SZSE.ETF.159901,2.693,2.696,2.698,2.691,0.0,2.979,2.437,1829400.0,15000.0,4927509.9,40395.0,0.0,0.0,20230825,20230825,93257446,2.708,0.0,0.0,2.693,2.692,2.691,2.69,2.689,0.0,0.0,0.0,0.0,0.0,2.695,2.696,2.697,2.698,2.699,0.0,0.0,0.0,0.0,0.0,125000.0,160400.0,100000.0,389000.0,15800.0,0.0,0.0,0.0,0.0,0.0,210000.0,150000.0,100000.0,87300.0,238000.0,0.0,0.0,0.0,0.0,0.0
2.02308e+16,SZSE,SZSE.ETF.159901,2.694,2.696,2.698,2.691,0.0,2.979,2.437,1864300.0,100.0,5021530.5,269.4,0.0,0.0,20230825,20230825,93309467,2.708,0.0,0.0,2.693,2.692,2.691,2.69,2.689,0.0,0.0,0.0,0.0,0.0,2.695,2.696,2.697,2.698,2.699,0.0,0.0,0.0,0.0,0.0,138000.0,160400.0,106000.0,389000.0,53400.0,0.0,0.0,0.0,0.0,0.0,210000.0,150000.0,100000.0,87300.0,275600.0,0.0,0.0,0.0,0.0,0.0
2.02308e+16,SZSE,SZSE.ETF.159901,2.693,2.696,2.698,2.691,0.0,2.979,2.437,1967400.0,103100.0,5299178.8,277648.3,0.0,0.0,20230825,20230825,93312446,2.708,0.0,0.0,2.692,2.691,2.69,2.689,2.688,0.0,0.0,0.0,0.0,0.0,2.693,2.694,2.695,2.696,2.697,0.0,0.0,0.0,0.0,0.0,100400.0,166000.0,189000.0,53400.0,300300.0,0.0,0.0,0.0,0.0,0.0,31200.0,99000.0,163000.0,150000.0,200000.0,0.0,0.0,0.0,0.0,0.0
2.02308e+16,SZSE,SZSE.ETF.159901,2.691,2.696,2.698,2.691,0.0,2.979,2.437,1519100.0,0.0,4092240.6,0.0,0.0,0.0,20230825,20230825,93217503,2.708,0.0,0.0,2.691,2.69,2.689,2.688,2.687,0.0,0.0,0.0,0.0,0.0,2.692,2.693,2.694,2.695,2.696,0.0,0.0,0.0,0.0,0.0,103800.0,359800.0,315800.0,162200.0,36000.0,0.0,0.0,0.0,0.0,0.0,101200.0,100000.0,210000.0,50000.0,50000.0,0.0,0.0,0.0,0.0,0.0
2.02308e+16,SZSE,SZSE.ETF.159901,2.694,2.696,2.698,2.691,0.0,2.979,2.437,1864200.0,34800.0,5021261.1,93751.2,0.0,0.0,20230825,20230825,93306481,2.708,0.0,0.0,2.693,2.692,2.691,2.69,2.689,0.0,0.0,0.0,0.0,0.0,2.695,2.696,2.697,2.698,2.699,0.0,0.0,0.0,0.0,0.0,138000.0,160400.0,81200.0,151400.0,215800.0,0.0,0.0,0.0,0.0,0.0,123000.0,100000.0,100000.0,50200.0,312700.0,0.0,0.0,0.0,0.0,0.0
2.02308e+16,SZSE,SZSE.ETF.159901,2.692,2.696,2.698,2.691,0.0,2.979,2.437,1753700.0,39300.0,4723650.4,105810.4,0.0,0.0,20230825,20230825,93227444,2.708,0.0,0.0,2.692,2.691,2.69,2.689,2.688,0.0,0.0,0.0,0.0,0.0,2.693,2.694,2.695,2.696,2.698,0.0,0.0,0.0,0.0,0.0,97000.0,300000.0,363800.0,115800.0,62200.0,0.0,0.0,0.0,0.0,0.0,85200.0,100000.0,210000.0,50000.0,50200.0,0.0,0.0,0.0,0.0,0.0
2.02308e+16,SZSE,SZSE.ETF.159901,2.692,2.696,2.698,2.691,0.0,2.979,2.437,1753700.0,0.0,4723650.4,0.0,0.0,0.0,20230825,20230825,93233464,2.708,0.0,0.0,2.692,2.691,2.69,2.689,2.688,0.0,0.0,0.0,0.0,0.0,2.694,2.695,2.696,2.698,2.699,0.0,0.0,0.0,0.0,0.0,100000.0,100000.0,363800.0,215800.0,62200.0,0.0,0.0,0.0,0.0,0.0,100000.0,210000.0,50000.0,250200.0,200000.0,0.0,0.0,0.0,0.0,0.0
2.02308e+16,SZSE,SZSE.ETF.159901,2.692,2.696,2.698,2.691,0.0,2.979,2.437,1753700.0,0.0,4723650.4,0.0,0.0,0.0,20230825,20230825,93236466,2.708,0.0,0.0,2.692,2.691,2.69,2.689,2.688,0.0,0.0,0.0,0.0,0.0,2.694,2.695,2.696,2.698,2.699,0.0,0.0,0.0,0.0,0.0,142000.0,160000.0,363800.0,215800.0,62200.0,0.0,0.0,0.0,0.0,0.0,160000.0,150000.0,150000.0,50200.0,200000.0,0.0,0.0,0.0,0.0,0.0
2.02308e+16,SZSE,SZSE.ETF.159901,2.693,2.696,2.698,2.691,0.0,2.979,2.437,1810700.0,57000.0,4877151.4,153501.0,0.0,0.0,20230825,20230825,93238585,2.708,0.0,0.0,2.692,2.691,2.69,2.689,2.688,0.0,0.0,0.0,0.0,0.0,2.694,2.695,2.696,2.698,2.699,0.0,0.0,0.0,0.0,0.0,2000.0,160000.0,363800.0,215800.0,62200.0,0.0,0.0,0.0,0.0,0.0,200000.0,150000.0,50000.0,50200.0,200000.0,0.0,0.0,0.0,0.0,0.0
2.02308e+16,SZSE,SZSE.ETF.159901,2.693,2.696,2.698,2.691,0.0,2.979,2.437,1810700.0,57000.0,4877151.4,153501.0,0.0,0.0,20230825,20230825,93239437,2.708,0.0,0.0,2.692,2.691,2.69,2.689,2.688,0.0,0.0,0.0,0.0,0.0,2.694,2.695,2.696,2.698,2.699,0.0,0.0,0.0,0.0,0.0,2000.0,160000.0,363800.0,215800.0,62200.0,0.0,0.0,0.0,0.0,0.0,200000.0,150000.0,50000.0,50200.0,200000.0,0.0,0.0,0.0,0.0,0.0
2.02308e+16,SZSE,SZSE.ETF.159901,2.693,2.696,2.698,2.691,0.0,2.979,2.437,1810700.0,0.0,4877151.4,0.0,0.0,0.0,20230825,20230825,93241510,2.708,0.0,0.0,2.693,2.692,2.691,2.69,2.689,0.0,0.0,0.0,0.0,0.0,2.695,2.696,2.697,2.698,2.699,0.0,0.0,0.0,0.0,0.0,100000.0,162000.0,300000.0,263800.0,53800.0,0.0,0.0,0.0,0.0,0.0,250000.0,150000.0,100000.0,88200.0,200000.0,0.0,0.0,0.0,0.0,0.0
2.02308e+16,SZSE,SZSE.ETF.159901,2.693,2.696,2.698,2.691,0.0,2.979,2.437,1810700.0,0.0,4877151.4,0.0,0.0,0.0,20230825,20230825,93242454,2.708,0.0,0.0,2.693,2.692,2.691,2.69,2.689,0.0,0.0,0.0,0.0,0.0,2.695,2.696,2.697,2.698,2.699,0.0,0.0,0.0,0.0,0.0,100000.0,162000.0,300000.0,263800.0,53800.0,0.0,0.0,0.0,0.0,0.0,250000.0,150000.0,100000.0,88200.0,200000.0,0.0,0.0,0.0,0.0,0.0
2.02308e+16,SZSE,SZSE.ETF.159901,2.693,2.696,2.698,2.691,0.0,2.979,2.437,1810700.0,0.0,4877151.4,0.0,0.0,0.0,20230825,20230825,93245478,2.708,0.0,0.0,2.693,2.692,2.691,2.69,2.689,0.0,0.0,0.0,0.0,0.0,2.694,2.695,2.696,2.698,2.699,0.0,0.0,0.0,0.0,0.0,1100.0,102000.0,160000.0,351800.0,15800.0,0.0,0.0,0.0,0.0,0.0,160000.0,190000.0,150000.0,250200.0,238000.0,0.0,0.0,0.0,0.0,0.0
2.02308e+16,SZSE,SZSE.ETF.159901,2.692,2.696,2.698,2.691,0.0,2.979,2.437,1813400.0,2700.0,4884420.9,7269.5,0.0,0.0,20230825,20230825,93247502,2.708,0.0,0.0,2.693,2.692,2.691,2.69,2.689,0.0,0.0,0.0,0.0,0.0,2.694,2.695,2.696,2.697,2.698,0.0,0.0,0.0,0.0,0.0,100000.0,100400.0,160000.0,301800.0,215800.0,0.0,0.0,0.0,0.0,0.0,100000.0,150000.0,150000.0,100000.0,88200.0,0.0,0.0,0.0,0.0,0.0
2.02308e+16,SZSE,SZSE.ETF.159901,2.692,2.696,2.698,2.691,0.0,2.979,2.437,1813400.0,2700.0,4884420.9,7269.5,0.0,0.0,20230825,20230825,93248447,2.708,0.0,0.0,2.693,2.692,2.691,2.69,2.689,0.0,0.0,0.0,0.0,0.0,2.694,2.695,2.696,2.697,2.698,0.0,0.0,0.0,0.0,0.0,100000.0,100400.0,160000.0,301800.0,215800.0,0.0,0.0,0.0,0.0,0.0,100000.0,150000.0,150000.0,100000.0,88200.0,0.0,0.0,0.0,0.0,0.0
2.02308e+16,SZSE,SZSE.ETF.159901,2.692,2.696,2.698,2.691,0.0,2.979,2.437,1813400.0,0.0,4884420.9,0.0,0.0,0.0,20230825,20230825,93251435,2.708,0.0,0.0,2.693,2.692,2.691,2.69,2.689,0.0,0.0,0.0,0.0,0.0,2.695,2.696,2.697,2.698,2.699,0.0,0.0,0.0,0.0,0.0,100000.0,160400.0,100000.0,301800.0,15800.0,0.0,0.0,0.0,0.0,0.0,250000.0,150000.0,100000.0,88200.0,200000.0,0.0,0.0,0.0,0.0,0.0
2.02308e+16,SZSE,SZSE.ETF.159901,2.694,2.696,2.698,2.691,0.0,2.979,2.437,1814400.0,1000.0,4887114.9,2694.0,0.0,0.0,20230825,20230825,93253492,2.708,0.0,0.0,2.693,2.692,2.691,2.69,2.689,0.0,0.0,0.0,0.0,0.0,2.695,2.696,2.697,2.698,2.699,0.0,0.0,0.0,0.0,0.0,140000.0,160400.0,300000.0,351800.0,15800.0,0.0,0.0,0.0,0.0,0.0,210000.0,150000.0,100000.0,50200.0,238000.0,0.0,0.0,0.0,0.0,0.0
2.02308e+16,SZSE,SZSE.ETF.159901,2.694,2.696,2.698,2.691,0.0,2.979,2.437,1814400.0,1000.0,4887114.9,2694.0,0.0,0.0,20230825,20230825,93254421,2.708,0.0,0.0,2.693,2.692,2.691,2.69,2.689,0.0,0.0,0.0,0.0,0.0,2.695,2.696,2.697,2.698,2.699,0.0,0.0,0.0,0.0,0.0,140000.0,160400.0,300000.0,351800.0,15800.0,0.0,0.0,0.0,0.0,0.0,210000.0,150000.0,100000.0,50200.0,238000.0,0.0,0.0,0.0,0.0,0.0
2.02308e+16,SZSE,SZSE.ETF.159901,2.693,2.696,2.698,2.691,0.0,2.979,2.437,1829400.0,0.0,4927509.9,0.0,0.0,0.0,20230825,20230825,93300452,2.708,0.0,0.0,2.694,2.693,2.692,2.691,2.69,0.0,0.0,0.0,0.0,0.0,2.695,2.696,2.697,2.698,2.699,0.0,0.0,0.0,0.0,0.0,13000.0,138000.0,360400.0,300000.0,139000.0,0.0,0.0,0.0,0.0,0.0,210000.0,150000.0,100000.0,87300.0,38000.0,0.0,0.0,0.0,0.0,0.0
2.02308e+16,SZSE,SZSE.ETF.159901,2.692,2.696,2.698,2.691,0.0,2.979,2.437,1419100.0,4100.0,3823140.6,11037.2,0.0,0.0,20230825,20230825,93209487,2.708,0.0,0.0,2.691,2.69,2.689,2.688,2.687,0.0,0.0,0.0,0.0,0.0,2.692,2.693,2.694,2.695,2.696,0.0,0.0,0.0,0.0,0.0,143800.0,219800.0,117800.0,362200.0,236000.0,0.0,0.0,0.0,0.0,0.0,97500.0,160000.0,100000.0,50000.0,50000.0,0.0,0.0,0.0,0.0,0.0
2.02308e+16,SZSE,SZSE.ETF.159901,2.697,2.696,2.698,2.689,0.0,2.979,2.437,3850600.0,40200.0,10370611.6,108419.4,0.0,0.0,20230825,20230825,93554466,2.708,0.0,0.0,2.697,2.696,2.695,2.694,2.693,0.0,0.0,0.0,0.0,0.0,2.698,2.699,2.7,2.701,2.702,0.0,0.0,0.0,0.0,0.0,159800.0,250000.0,373000.0,265800.0,409600.0,0.0,0.0,0.0,0.0,0.0,210400.0,140000.0,318400.0,353500.0,190000.0,0.0,0.0,0.0,0.0,0.0
2.02308e+16,SZSE,SZSE.ETF.159901,2.693,2.696,2.698,2.689,0.0,2.979,2.437,3351000.0,800.0,9023969.4,2154.4,0.0,0.0,20230825,20230825,93509479,2.708,0.0,0.0,2.692,2.691,2.69,2.689,2.688,0.0,0.0,0.0,0.0,0.0,2.694,2.695,2.696,2.697,2.698,0.0,0.0,0.0,0.0,0.0,160000.0,413000.0,307000.0,364200.0,140400.0,0.0,0.0,0.0,0.0,0.0,52000.0,328000.0,299200.0,253800.0,50200.0,0.0,0.0,0.0,0.0,0.0
2.02308e+16,SZSE,SZSE.ETF.159901,2.693,2.696,2.698,2.689,0.0,2.979,2.437,7556200.0,0.0,20356712.1,0.0,0.0,0.0,20230825,20230825,94338457,2.708,0.0,0.0,2.692,2.691,2.69,2.689,2.688,0.0,0.0,0.0,0.0,0.0,2.693,2.694,2.695,2.696,2.697,0.0,0.0,0.0,0.0,0.0,237500.0,298000.0,634400.0,365200.0,100400.0,0.0,0.0,0.0,0.0,0.0,54600.0,133600.0,251700.0,481000.0,591100.0,0.0,0.0,0.0,0.0,0.0
2.02308e+16,SZSE,SZSE.ETF.159901,2.694,2.696,2.698,2.689,0.0,2.979,2.437,7265900.0,203700.0,19574708.7,548767.8,0.0,0.0,20230825,20230825,94248356,2.708,0.0,0.0,2.694,2.693,2.692,2.691,2.69,0.0,0.0,0.0,0.0,0.0,2.695,2.696,2.697,2.698,2.699,0.0,0.0,0.0,0.0,0.0,153000.0,256300.0,388500.0,408000.0,412400.0,0.0,0.0,0.0,0.0,0.0,186500.0,166000.0,628100.0,543000.0,90200.0,0.0,0.0,0.0,0.0,0.0
2.02308e+16,SZSE,SZSE.ETF.159901,2.695,2.696,2.698,2.689,0.0,2.979,2.437,9292900.0,200.0,25037257.5,539.0,0.0,0.0,20230825,20230825,95144365,2.708,0.0,0.0,2.694,2.693,2.692,2.691,2.69,0.0,0.0,0.0,0.0,0.0,2.695,2.696,2.697,2.698,2.699,0.0,0.0,0.0,0.0,0.0,47200.0,166700.0,277700.0,314900.0,642600.0,0.0,0.0,0.0,0.0,0.0,392000.0,245000.0,501900.0,568900.0,192100.0,0.0,0.0,0.0,0.0,0.0
2.02308e+16,SZSE,SZSE.ETF.159901,2.698,2.696,2.698,2.689,0.0,2.979,2.437,8593200.0,40000.0,23150994.2,107920.0,0.0,0.0,20230825,20230825,94657340,2.708,0.0,0.0,2.697,2.696,2.695,2.694,2.693,0.0,0.0,0.0,0.0,0.0,2.698,2.699,2.7,2.701,2.702,0.0,0.0,0.0,0.0,0.0,536500.0,738700.0,440500.0,463600.0,116900.0,0.0,0.0,0.0,0.0,0.0,58000.0,133900.0,232400.0,277000.0,437900.0,0.0,0.0,0.0,0.0,0.0
2.02308e+16,SZSE,SZSE.ETF.159901,2.694,2.696,2.698,2.689,0.0,2.979,2.437,7469600.0,203700.0,20123449.5,548740.8,0.0,0.0,20230825,20230825,94251377,2.708,0.0,0.0,2.694,2.693,2.692,2.691,2.69,0.0,0.0,0.0,0.0,0.0,2.695,2.696,2.697,2.698,2.699,0.0,0.0,0.0,0.0,0.0,12300.0,205600.0,618500.0,391700.0,261500.0,0.0,0.0,0.0,0.0,0.0,150200.0,386000.0,493000.0,582100.0,206200.0,0.0,0.0,0.0,0.0,0.0
2.02308e+16,SZSE,SZSE.ETF.159901,2.697,2.696,2.698,2.689,0.0,2.979,2.437,8927300.0,0.0,24052184.6,0.0,0.0,0.0,20230825,20230825,94732371,2.708,0.0,0.0,2.697,2.696,2.695,2.694,2.693,0.0,0.0,0.0,0.0,0.0,2.698,2.699,2.7,2.701,2.702,0.0,0.0,0.0,0.0,0.0,38900.0,43700.0,93000.0,593000.0,455100.0,0.0,0.0,0.0,0.0,0.0,296800.0,133200.0,232400.0,587000.0,378000.0,0.0,0.0,0.0,0.0,0.0
2.02308e+16,SZSE,SZSE.ETF.159901,2.693,2.696,2.698,2.689,0.0,2.979,2.437,2844500.0,0.0,7659591.4,0.0,0.0,0.0,20230825,20230825,93441612,2.708,0.0,0.0,2.694,2.693,2.692,2.691,2.69,0.0,0.0,0.0,0.0,0.0,2.695,2.696,2.697,2.698,2.7,0.0,0.0,0.0,0.0,0.0,100000.0,146200.0,377500.0,53000.0,331900.0,0.0,0.0,0.0,0.0,0.0,150000.0,246000.0,216100.0,266700.0,228400.0,0.0,0.0,0.0,0.0,0.0
2.02308e+16,SZSE,SZSE.ETF.159901,2.697,2.696,2.698,2.689,0.0,2.979,2.437,8445600.0,0.0,22752773.0,0.0,0.0,0.0,20230825,20230825,94648337,2.708,0.0,0.0,2.697,2.696,2.695,2.694,2.693,0.0,0.0,0.0,0.0,0.0,2.698,2.699,2.7,2.701,2.702,0.0,0.0,0.0,0.0,0.0,784300.0,638700.0,600500.0,363600.0,116900.0,0.0,0.0,0.0,0.0,0.0,205700.0,150200.0,112400.0,557000.0,517900.0,0.0,0.0,0.0,0.0,0.0
2.02308e+16,SZSE,SZSE.ETF.159901,2.693,2.696,2.698,2.689,0.0,2.979,2.437,2844500.0,0.0,7659591.4,0.0,0.0,0.0,20230825,20230825,93442467,2.708,0.0,0.0,2.694,2.693,2.692,2.691,2.69,0.0,0.0,0.0,0.0,0.0,2.695,2.696,2.697,2.698,2.7,0.0,0.0,0.0,0.0,0.0,100000.0,146200.0,377500.0,53000.0,331900.0,0.0,0.0,0.0,0.0,0.0,150000.0,246000.0,216100.0,266700.0,228400.0,0.0,0.0,0.0,0.0,0.0
2.02308e+16,SZSE,SZSE.ETF.159901,2.693,2.696,2.698,2.689,0.0,2.979,2.437,9029600.0,0.0,24327972.0,0.0,0.0,0.0,20230825,20230825,94824313,2.708,0.0,0.0,2.693,2.692,2.691,2.69,2.689,0.0,0.0,0.0,0.0,0.0,2.694,2.695,2.696,2.697,2.698,0.0,0.0,0.0,0.0,0.0,118600.0,63000.0,399000.0,774600.0,241300.0,0.0,0.0,0.0,0.0,0.0,103700.0,80000.0,245000.0,340100.0,316600.0,0.0,0.0,0.0,0.0,0.0
2.02308e+16,SZSE,SZSE.ETF.159901,2.694,2.696,2.698,2.689,0.0,2.979,2.437,2943400.0,98900.0,7926028.0,266436.6,0.0,0.0,20230825,20230825,93445466,2.708,0.0,0.0,2.694,2.693,2.692,2.691,2.69,0.0,0.0,0.0,0.0,0.0,2.695,2.696,2.697,2.698,2.699,0.0,0.0,0.0,0.0,0.0,60000.0,346200.0,357500.0,291000.0,178700.0,0.0,0.0,0.0,0.0,0.0,90000.0,196000.0,199000.0,168200.0,38000.0,0.0,0.0,0.0,0.0,0.0
2.02308e+16,SZSE,SZSE.ETF.159901,2.693,2.696,2.698,2.689,0.0,2.979,2.437,7556200.0,0.0,20356712.1,0.0,0.0,0.0,20230825,20230825,94341443,2.708,0.0,0.0,2.692,2.691,2.69,2.689,2.688,0.0,0.0,0.0,0.0,0.0,2.693,2.694,2.695,2.696,2.697,0.0,0.0,0.0,0.0,0.0,177500.0,358000.0,634400.0,365200.0,100400.0,0.0,0.0,0.0,0.0,0.0,61800.0,129900.0,311700.0,421000.0,791100.0,0.0,0.0,0.0,0.0,0.0
2.02308e+16,SZSE,SZSE.ETF.159901,2.695,2.696,2.698,2.689,0.0,2.979,2.437,3093400.0,150000.0,8330178.0,404150.0,0.0,0.0,20230825,20230825,93448465,2.708,0.0,0.0,2.695,2.693,2.692,2.691,2.69,0.0,0.0,0.0,0.0,0.0,2.696,2.697,2.698,2.699,2.7,0.0,0.0,0.0,0.0,0.0,13200.0,473000.0,527500.0,428600.0,141100.0,0.0,0.0,0.0,0.0,0.0,309000.0,139000.0,168200.0,75600.0,78400.0,0.0,0.0,0.0,0.0,0.0
2.02308e+16,SZSE,SZSE.ETF.159901,2.691,2.696,2.698,2.689,0.0,2.979,2.437,7802600.0,20000.0,21020000.0,53820.0,0.0,0.0,20230825,20230825,94417403,2.708,0.0,0.0,2.691,2.69,2.689,2.688,2.687,0.0,0.0,0.0,0.0,0.0,2.692,2.693,2.694,2.695,2.696,0.0,0.0,0.0,0.0,0.0,103700.0,277100.0,594400.0,674200.0,138500.0,0.0,0.0,0.0,0.0,0.0,3700.0,211300.0,397800.0,319300.0,573600.0,0.0,0.0,0.0,0.0,0.0
2.02308e+16,SZSE,SZSE.ETF.159901,2.695,2.696,2.698,2.689,0.0,2.979,2.437,3111200.0,17800.0,8378149.0,47971.0,0.0,0.0,20230825,20230825,93451438,2.708,0.0,0.0,2.693,2.692,2.691,2.69,2.689,0.0,0.0,0.0,0.0,0.0,2.695,2.696,2.697,2.698,2.699,0.0,0.0,0.0,0.0,0.0,373000.0,744000.0,390200.0,163000.0,150500.0,0.0,0.0,0.0,0.0,0.0,100000.0,269000.0,100000.0,89200.0,77100.0,0.0,0.0,0.0,0.0,0.0
2.02308e+16,SZSE,SZSE.ETF.159901,2.693,2.696,2.698,2.689,0.0,2.979,2.437,7556200.0,29100.0,20356712.1,78366.3,0.0,0.0,20230825,20230825,94335415,2.708,0.0,0.0,2.692,2.691,2.69,2.689,2.688,0.0,0.0,0.0,0.0,0.0,2.693,2.694,2.695,2.696,2.697,0.0,0.0,0.0,0.0,0.0,350500.0,408000.0,483300.0,226300.0,180400.0,0.0,0.0,0.0,0.0,0.0,19800.0,133600.0,231700.0,446000.0,467200.0,0.0,0.0,0.0,0.0,0.0
2.02308e+16,SZSE,SZSE.ETF.159901,2.695,2.696,2.698,2.689,0.0,2.979,2.437,3111200.0,0.0,8378149.0,0.0,0.0,0.0,20230825,20230825,93454424,2.708,0.0,0.0,2.693,2.692,2.691,2.69,2.689,0.0,0.0,0.0,0.0,0.0,2.695,2.696,2.697,2.698,2.699,0.0,0.0,0.0,0.0,0.0,300000.0,485100.0,193900.0,479200.0,110500.0,0.0,0.0,0.0,0.0,0.0,213000.0,309000.0,139000.0,227300.0,316500.0,0.0,0.0,0.0,0.0,0.0
2.02308e+16,SZSE,SZSE.ETF.159901,2.698,2.696,2.698,2.689,0.0,2.979,2.437,8795900.0,0.0,23697798.8,0.0,0.0,0.0,20230825,20230825,94721339,2.708,0.0,0.0,2.697,2.696,2.695,2.694,2.693,0.0,0.0,0.0,0.0,0.0,2.698,2.699,2.7,2.701,2.702,0.0,0.0,0.0,0.0,0.0,189800.0,288700.0,383000.0,501100.0,216900.0,0.0,0.0,0.0,0.0,0.0,82800.0,173200.0,32400.0,557000.0,617900.0,0.0,0.0,0.0,0.0,0.0
2.02308e+16,SZSE,SZSE.ETF.159901,2.691,2.696,2.698,2.689,0.0,2.979,2.437,7802600.0,0.0,21020000.0,0.0,0.0,0.0,20230825,20230825,94424352,2.708,0.0,0.0,2.692,2.691,2.69,2.689,2.688,0.0,0.0,0.0,0.0,0.0,2.693,2.694,2.695,2.696,2.697,0.0,0.0,0.0,0.0,0.0,3700.0,153000.0,357100.0,666300.0,556900.0,0.0,0.0,0.0,0.0,0.0,216100.0,357800.0,161700.0,409500.0,612600.0,0.0,0.0,0.0,0.0,0.0
2.02308e+16,SZSE,SZSE.ETF.159901,2.691,2.696,2.698,2.689,0.0,2.979,2.437,7802600.0,0.0,21020000.0,0.0,0.0,0.0,20230825,20230825,94423392,2.708,0.0,0.0,2.692,2.691,2.69,2.689,2.688,0.0,0.0,0.0,0.0,0.0,2.693,2.694,2.695,2.696,2.697,0.0,0.0,0.0,0.0,0.0,3700.0,153000.0,357100.0,666300.0,556900.0,0.0,0.0,0.0,0.0,0.0,216100.0,357800.0,161700.0,409500.0,612600.0,0.0,0.0,0.0,0.0,0.0
2.02308e+16,SZSE,SZSE.ETF.159901,2.694,2.696,2.698,2.689,0.0,2.979,2.437,9330600.0,37700.0,25138821.3,101563.8,0.0,0.0,20230825,20230825,95148287,2.708,0.0,0.0,2.694,2.693,2.692,2.691,2.69,0.0,0.0,0.0,0.0,0.0,2.695,2.696,2.697,2.698,2.699,0.0,0.0,0.0,0.0,0.0,9500.0,166700.0,337700.0,254900.0,642600.0,0.0,0.0,0.0,0.0,0.0,345000.0,305000.0,501900.0,646800.0,192100.0,0.0,0.0,0.0,0.0,0.0
2.02308e+16,SZSE,SZSE.ETF.159901,2.692,2.696,2.698,2.689,0.0,2.979,2.437,2655200.0,0.0,7149895.8,0.0,0.0,0.0,20230825,20230825,93432566,2.708,0.0,0.0,2.691,2.69,2.689,2.688,2.687,0.0,0.0,0.0,0.0,0.0,2.692,2.693,2.694,2.695,2.696,0.0,0.0,0.0,0.0,0.0,100000.0,173000.0,337200.0,375700.0,114500.0,0.0,0.0,0.0,0.0,0.0,129300.0,173000.0,189000.0,203900.0,258700.0,0.0,0.0,0.0,0.0,0.0
2.02308e+16,SZSE,SZSE.ETF.159901,2.692,2.696,2.698,2.689,0.0,2.979,2.437,2655200.0,0.0,7149895.8,0.0,0.0,0.0,20230825,20230825,93433448,2.708,0.0,0.0,2.691,2.69,2.689,2.688,2.687,0.0,0.0,0.0,0.0,0.0,2.692,2.693,2.694,2.695,2.696,0.0,0.0,0.0,0.0,0.0,100000.0,173000.0,337200.0,375700.0,114500.0,0.0,0.0,0.0,0.0,0.0,129300.0,173000.0,189000.0,203900.0,258700.0,0.0,0.0,0.0,0.0,0.0
2.02308e+16,SZSE,SZSE.ETF.159901,2.692,2.696,2.698,2.689,0.0,2.979,2.437,2655200.0,0.0,7149895.8,0.0,0.0,0.0,20230825,20230825,93435610,2.708,0.0,0.0,2.691,2.69,2.689,2.688,2.687,0.0,0.0,0.0,0.0,0.0,2.692,2.693,2.694,2.695,2.696,0.0,0.0,0.0,0.0,0.0,173000.0,313000.0,180200.0,178400.0,151800.0,0.0,0.0,0.0,0.0,0.0,89300.0,140000.0,249000.0,281100.0,221600.0,0.0,0.0,0.0,0.0,0.0
2.02308e+16,SZSE,SZSE.ETF.159901,2.693,2.696,2.698,2.689,0.0,2.979,2.437,2844500.0,189300.0,7659591.4,509695.6,0.0,0.0,20230825,20230825,93439440,2.708,0.0,0.0,2.693,2.692,2.691,2.69,2.689,0.0,0.0,0.0,0.0,0.0,2.694,2.695,2.696,2.697,2.698,0.0,0.0,0.0,0.0,0.0,46200.0,217500.0,173000.0,313000.0,184200.0,0.0,0.0,0.0,0.0,0.0,150000.0,243900.0,397700.0,100000.0,200.0,0.0,0.0,0.0,0.0,0.0
2.02308e+16,SZSE,SZSE.ETF.159901,2.69,2.696,2.698,2.69,0.0,2.979,2.437,2565300.0,0.0,6908084.3,0.0,0.0,0.0,20230825,20230825,93421440,2.708,0.0,0.0,2.689,2.688,2.687,2.686,2.685,0.0,0.0,0.0,0.0,0.0,2.69,2.691,2.692,2.693,2.694,0.0,0.0,0.0,0.0,0.0,142700.0,210300.0,273300.0,158200.0,64500.0,0.0,0.0,0.0,0.0,0.0,18100.0,60000.0,177000.0,152000.0,188000.0,0.0,0.0,0.0,0.0,0.0
2.02308e+16,SZSE,SZSE.ETF.159901,2.689,2.696,2.698,2.689,0.0,2.979,2.437,2654400.0,89100.0,7147742.3,239658.0,0.0,0.0,20230825,20230825,93424439,2.708,0.0,0.0,2.69,2.689,2.688,2.687,2.686,0.0,0.0,0.0,0.0,0.0,2.692,2.693,2.694,2.695,2.696,0.0,0.0,0.0,0.0,0.0,113000.0,156700.0,350300.0,36000.0,195500.0,0.0,0.0,0.0,0.0,0.0,224000.0,113000.0,301900.0,63000.0,140000.0,0.0,0.0,0.0,0.0,0.0
2.02308e+16,SZSE,SZSE.ETF.159901,2.691,2.696,2.698,2.689,0.0,2.979,2.437,2654500.0,100.0,7148011.4,269.1,0.0,0.0,20230825,20230825,93427429,2.708,0.0,0.0,2.69,2.689,2.688,2.687,2.686,0.0,0.0,0.0,0.0,0.0,2.692,2.693,2.694,2.695,2.696,0.0,0.0,0.0,0.0,0.0,113000.0,156700.0,350300.0,152200.0,157900.0,0.0,0.0,0.0,0.0,0.0,264000.0,113000.0,189000.0,141100.0,215700.0,0.0,0.0,0.0,0.0,0.0
2.02308e+16,SZSE,SZSE.ETF.159901,2.692,2.696,2.698,2.689,0.0,2.979,2.437,2655200.0,700.0,7149895.8,1884.4,0.0,0.0,20230825,20230825,93429510,2.708,0.0,0.0,2.691,2.69,2.689,2.688,2.687,0.0,0.0,0.0,0.0,0.0,2.692,2.693,2.694,2.695,2.696,0.0,0.0,0.0,0.0,0.0,113000.0,173000.0,137200.0,250300.0,152200.0,0.0,0.0,0.0,0.0,0.0,89300.0,173000.0,189000.0,241100.0,221700.0,0.0,0.0,0.0,0.0,0.0
2.02308e+16,SZSE,SZSE.ETF.159901,2.692,2.696,2.698,2.689,0.0,2.979,2.437,2655200.0,700.0,7149895.8,1884.4,0.0,0.0,20230825,20230825,93430470,2.708,0.0,0.0,2.691,2.69,2.689,2.688,2.687,0.0,0.0,0.0,0.0,0.0,2.692,2.693,2.694,2.695,2.696,0.0,0.0,0.0,0.0,0.0,113000.0,173000.0,137200.0,250300.0,152200.0,0.0,0.0,0.0,0.0,0.0,89300.0,173000.0,189000.0,241100.0,221700.0,0.0,0.0,0.0,0.0,0.0
2.02308e+16,SZSE,SZSE.ETF.159901,2.694,2.696,2.698,2.689,0.0,2.979,2.437,7062200.0,18600.0,19025940.9,50108.4,0.0,0.0,20230825,20230825,94242339,2.708,0.0,0.0,2.693,2.692,2.691,2.69,2.689,0.0,0.0,0.0,0.0,0.0,2.695,2.696,2.697,2.698,2.699,0.0,0.0,0.0,0.0,0.0,136300.0,177700.0,476000.0,637200.0,259600.0,0.0,0.0,0.0,0.0,0.0,330200.0,246000.0,602700.0,722500.0,128200.0,0.0,0.0,0.0,0.0,0.0
2.02308e+16,SZSE,SZSE.ETF.159901,2.695,2.696,2.698,2.689,0.0,2.979,2.437,9927900.0,0.0,26748704.8,0.0,0.0,0.0,20230825,20230825,95241579,2.708,0.0,0.0,2.695,2.694,2.693,2.692,2.691,0.0,0.0,0.0,0.0,0.0,2.696,2.697,2.698,2.699,2.7,0.0,0.0,0.0,0.0,0.0,276000.0,456900.0,291500.0,417500.0,414100.0,0.0,0.0,0.0,0.0,0.0,60000.0,160000.0,232300.0,483200.0,571500.0,0.0,0.0,0.0,0.0,0.0
2.02308e+16,SZSE,SZSE.ETF.159901,2.692,2.696,2.698,2.689,0.0,2.979,2.437,10390100.0,0.0,27993677.7,0.0,0.0,0.0,20230825,20230825,95515305,2.708,0.0,0.0,2.692,2.691,2.69,2.689,2.688,0.0,0.0,0.0,0.0,0.0,2.693,2.694,2.695,2.696,2.697,0.0,0.0,0.0,0.0,0.0,103500.0,251000.0,544400.0,537800.0,326400.0,0.0,0.0,0.0,0.0,0.0,9400.0,340000.0,113000.0,465700.0,674700.0,0.0,0.0,0.0,0.0,0.0
2.02308e+16,SZSE,SZSE.ETF.159901,2.693,2.696,2.698,2.689,0.0,2.979,2.437,10305500.0,0.0,27765894.6,0.0,0.0,0.0,20230825,20230825,95423312,2.708,0.0,0.0,2.692,2.691,2.69,2.689,2.688,0.0,0.0,0.0,0.0,0.0,2.693,2.694,2.695,2.696,2.697,0.0,0.0,0.0,0.0,0.0,143900.0,416000.0,178400.0,716000.0,248200.0,0.0,0.0,0.0,0.0,0.0,49300.0,50000.0,113000.0,448100.0,734400.0,0.0,0.0,0.0,0.0,0.0
2.02308e+16,SZSE,SZSE.ETF.159901,2.695,2.696,2.698,2.689,0.0,2.979,2.437,9927900.0,0.0,26748704.8,0.0,0.0,0.0,20230825,20230825,95242276,2.708,0.0,0.0,2.695,2.694,2.693,2.692,2.691,0.0,0.0,0.0,0.0,0.0,2.696,2.697,2.698,2.699,2.7,0.0,0.0,0.0,0.0,0.0,276000.0,456900.0,291500.0,417500.0,414100.0,0.0,0.0,0.0,0.0,0.0,60000.0,160000.0,232300.0,483200.0,571500.0,0.0,0.0,0.0,0.0,0.0
2.02308e+16,SZSE,SZSE.ETF.159901,2.694,2.696,2.698,2.689,0.0,2.979,2.437,9338200.0,7600.0,25159295.7,20474.4,0.0,0.0,20230825,20230825,95151282,2.708,0.0,0.0,2.694,2.693,2.692,2.691,2.69,0.0,0.0,0.0,0.0,0.0,2.695,2.696,2.697,2.698,2.699,0.0,0.0,0.0,0.0,0.0,2900.0,166700.0,277700.0,314900.0,642600.0,0.0,0.0,0.0,0.0,0.0,405000.0,245000.0,501900.0,646800.0,192100.0,0.0,0.0,0.0,0.0,0.0
2.02308e+16,SZSE,SZSE.ETF.159901,2.696,2.696,2.698,2.689,0.0,2.979,2.437,9808500.0,92900.0,26426821.8,250458.4,0.0,0.0,20230825,20230825,95236293,2.708,0.0,0.0,2.695,2.694,2.693,2.692,2.691,0.0,0.0,0.0,0.0,0.0,2.697,2.698,2.699,2.7,2.701,0.0,0.0,0.0,0.0,0.0,225000.0,424900.0,390600.0,756500.0,136000.0,0.0,0.0,0.0,0.0,0.0,211300.0,182300.0,368200.0,565400.0,419800.0,0.0,0.0,0.0,0.0,0.0
2.02308e+16,SZSE,SZSE.ETF.159901,2.695,2.696,2.698,2.689,0.0,2.979,2.437,9240500.0,0.0,24896089.8,0.0,0.0,0.0,20230825,20230825,95108364,2.708,0.0,0.0,2.694,2.693,2.692,2.691,2.69,0.0,0.0,0.0,0.0,0.0,2.695,2.696,2.697,2.698,2.699,0.0,0.0,0.0,0.0,0.0,94200.0,163000.0,287700.0,572500.0,505000.0,0.0,0.0,0.0,0.0,0.0,334100.0,355000.0,364300.0,504500.0,392100.0,0.0,0.0,0.0,0.0,0.0
2.02308e+16,SZSE,SZSE.ETF.159901,2.696,2.696,2.698,2.689,0.0,2.979,2.437,3810400.0,0.0,10262192.2,0.0,0.0,0.0,20230825,20230825,93550504,2.708,0.0,0.0,2.696,2.695,2.694,2.693,2.692,0.0,0.0,0.0,0.0,0.0,2.697,2.698,2.699,2.7,2.701,0.0,0.0,0.0,0.0,0.0,10000.0,473000.0,365800.0,472400.0,286400.0,0.0,0.0,0.0,0.0,0.0,40200.0,250400.0,200000.0,155500.0,416400.0,0.0,0.0,0.0,0.0,0.0
2.02308e+16,SZSE,SZSE.ETF.159901,2.693,2.696,2.698,2.691,0.0,2.979,2.437,2087200.0,50000.0,5621796.0,134650.0,0.0,0.0,20230825,20230825,93324436,2.708,0.0,0.0,2.691,2.69,2.689,2.688,2.687,0.0,0.0,0.0,0.0,0.0,2.693,2.694,2.695,2.696,2.697,0.0,0.0,0.0,0.0,0.0,166000.0,163800.0,191000.0,337900.0,38100.0,0.0,0.0,0.0,0.0,0.0,113000.0,199000.0,163000.0,50000.0,237100.0,0.0,0.0,0.0,0.0,0.0
2.02308e+16,SZSE,SZSE.ETF.159901,2.694,2.696,2.698,2.689,0.0,2.979,2.437,3150200.0,39000.0,8483215.0,105066.0,0.0,0.0,20230825,20230825,93500435,2.708,0.0,0.0,2.693,2.692,2.691,2.69,2.689,0.0,0.0,0.0,0.0,0.0,2.694,2.695,2.696,2.697,2.698,0.0,0.0,0.0,0.0,0.0,300000.0,387500.0,213000.0,557700.0,270500.0,0.0,0.0,0.0,0.0,0.0,34000.0,192000.0,359000.0,140000.0,503800.0,0.0,0.0,0.0,0.0,0.0
2.02308e+16,SZSE,SZSE.ETF.159901,2.692,2.696,2.698,2.689,0.0,2.979,2.437,2655200.0,0.0,7149895.8,0.0,0.0,0.0,20230825,20230825,93436419,2.708,0.0,0.0,2.691,2.69,2.689,2.688,2.687,0.0,0.0,0.0,0.0,0.0,2.692,2.693,2.694,2.695,2.696,0.0,0.0,0.0,0.0,0.0,173000.0,313000.0,180200.0,178400.0,151800.0,0.0,0.0,0.0,0.0,0.0,89300.0,140000.0,249000.0,281100.0,221600.0,0.0,0.0,0.0,0.0,0.0
2.02308e+16,SZSE,SZSE.ETF.159901,2.696,2.696,2.698,2.689,0.0,2.979,2.437,3810400.0,0.0,10262192.2,0.0,0.0,0.0,20230825,20230825,93551464,2.708,0.0,0.0,2.696,2.695,2.694,2.693,2.692,0.0,0.0,0.0,0.0,0.0,2.697,2.698,2.699,2.7,2.701,0.0,0.0,0.0,0.0,0.0,10000.0,473000.0,365800.0,472400.0,286400.0,0.0,0.0,0.0,0.0,0.0,40200.0,250400.0,200000.0,155500.0,416400.0,0.0,0.0,0.0,0.0,0.0
2.02308e+16,SZSE,SZSE.ETF.159901,2.693,2.696,2.698,2.691,0.0,2.979,2.437,2103100.0,0.0,5664614.7,0.0,0.0,0.0,20230825,20230825,93333433,2.708,0.0,0.0,2.691,2.69,2.689,2.688,2.687,0.0,0.0,0.0,0.0,0.0,2.692,2.693,2.694,2.695,2.696,0.0,0.0,0.0,0.0,0.0,66000.0,153400.0,391000.0,437900.0,38100.0,0.0,0.0,0.0,0.0,0.0,100000.0,97100.0,249000.0,63000.0,50000.0,0.0,0.0,0.0,0.0,0.0
2.02308e+16,SZSE,SZSE.ETF.159901,2.691,2.696,2.698,2.691,0.0,2.979,2.437,2158000.0,48900.0,5812356.6,131589.9,0.0,0.0,20230825,20230825,93348455,2.708,0.0,0.0,2.691,2.69,2.689,2.688,2.687,0.0,0.0,0.0,0.0,0.0,2.692,2.693,2.694,2.695,2.696,0.0,0.0,0.0,0.0,0.0,60000.0,167400.0,119800.0,388300.0,313000.0,0.0,0.0,0.0,0.0,0.0,94000.0,97100.0,249000.0,100200.0,125600.0,0.0,0.0,0.0,0.0,0.0
2.02308e+16,SZSE,SZSE.ETF.159901,2.691,2.696,2.698,2.691,0.0,2.979,2.437,2228700.0,70700.0,6002630.3,190273.7,0.0,0.0,20230825,20230825,93351452,2.708,0.0,0.0,2.69,2.689,2.688,2.687,2.686,0.0,0.0,0.0,0.0,0.0,2.692,2.693,2.694,2.695,2.696,0.0,0.0,0.0,0.0,0.0,228400.0,119800.0,388300.0,313000.0,120200.0,0.0,0.0,0.0,0.0,0.0,74000.0,196100.0,150000.0,100200.0,125600.0,0.0,0.0,0.0,0.0,0.0
2.02308e+16,SZSE,SZSE.ETF.159901,2.691,2.696,2.698,2.691,0.0,2.979,2.437,2228700.0,0.0,6002630.3,0.0,0.0,0.0,20230825,20230825,93357431,2.708,0.0,0.0,2.69,2.689,2.688,2.687,2.686,0.0,0.0,0.0,0.0,0.0,2.691,2.692,2.693,2.694,2.695,0.0,0.0,0.0,0.0,0.0,115400.0,119800.0,150300.0,411300.0,157900.0,0.0,0.0,0.0,0.0,0.0,100000.0,87000.0,196100.0,50000.0,100200.0,0.0,0.0,0.0,0.0,0.0
2.02308e+16,SZSE,SZSE.ETF.159901,2.69,2.696,2.698,2.69,0.0,2.979,2.437,2284100.0,55400.0,6151656.3,149026.0,0.0,0.0,20230825,20230825,93402479,2.708,0.0,0.0,2.689,2.688,2.687,2.686,2.685,0.0,0.0,0.0,0.0,0.0,2.69,2.691,2.692,2.693,2.694,0.0,0.0,0.0,0.0,0.0,19800.0,210300.0,174000.0,495200.0,226800.0,0.0,0.0,0.0,0.0,0.0,113000.0,302400.0,266000.0,13000.0,87200.0,0.0,0.0,0.0,0.0,0.0
2.02308e+16,SZSE,SZSE.ETF.159901,2.69,2.696,2.698,2.69,0.0,2.979,2.437,2565300.0,110000.0,6908084.3,295900.0,0.0,0.0,20230825,20230825,93418437,2.708,0.0,0.0,2.689,2.688,2.687,2.686,2.685,0.0,0.0,0.0,0.0,0.0,2.69,2.692,2.693,2.694,2.695,0.0,0.0,0.0,0.0,0.0,192700.0,150300.0,236000.0,195500.0,64500.0,0.0,0.0,0.0,0.0,0.0,18100.0,237000.0,152000.0,162900.0,63000.0,0.0,0.0,0.0,0.0,0.0
2.02308e+16,SZSE,SZSE.ETF.159901,2.69,2.696,2.698,2.69,0.0,2.979,2.437,2346000.0,61300.0,6318167.3,164897.0,0.0,0.0,20230825,20230825,93409447,2.708,0.0,0.0,2.689,2.688,2.687,2.686,2.685,0.0,0.0,0.0,0.0,0.0,2.69,2.691,2.692,2.693,2.694,0.0,0.0,0.0,0.0,0.0,192800.0,350300.0,336000.0,195500.0,64500.0,0.0,0.0,0.0,0.0,0.0,161300.0,100000.0,287000.0,152000.0,87200.0,0.0,0.0,0.0,0.0,0.0
2.02308e+16,SZSE,SZSE.ETF.159901,2.693,2.696,2.698,2.691,0.0,2.979,2.437,2087200.0,50000.0,5621796.0,134650.0,0.0,0.0,20230825,20230825,93323535,2.708,0.0,0.0,2.691,2.69,2.689,2.688,2.687,0.0,0.0,0.0,0.0,0.0,2.693,2.694,2.695,2.696,2.697,0.0,0.0,0.0,0.0,0.0,166000.0,163800.0,191000.0,337900.0,38100.0,0.0,0.0,0.0,0.0,0.0,113000.0,199000.0,163000.0,50000.0,237100.0,0.0,0.0,0.0,0.0,0.0
2.02308e+16,SZSE,SZSE.ETF.159901,2.693,2.696,2.698,2.691,0.0,2.979,2.437,2103100.0,15900.0,5664614.7,42818.7,0.0,0.0,20230825,20230825,93326488,2.708,0.0,0.0,2.691,2.69,2.689,2.688,2.687,0.0,0.0,0.0,0.0,0.0,2.693,2.694,2.695,2.696,2.697,0.0,0.0,0.0,0.0,0.0,179000.0,153400.0,315800.0,375600.0,75700.0,0.0,0.0,0.0,0.0,0.0,84100.0,249000.0,163000.0,87100.0,75600.0,0.0,0.0,0.0,0.0,0.0
2.02308e+16,SZSE,SZSE.ETF.159901,2.693,2.696,2.698,2.691,0.0,2.979,2.437,2103100.0,0.0,5664614.7,0.0,0.0,0.0,20230825,20230825,93330496,2.708,0.0,0.0,2.692,2.691,2.69,2.689,2.688,0.0,0.0,0.0,0.0,0.0,2.693,2.694,2.695,2.696,2.697,0.0,0.0,0.0,0.0,0.0,60000.0,106000.0,153400.0,115800.0,413200.0,0.0,0.0,0.0,0.0,0.0,97100.0,189000.0,223000.0,287100.0,275600.0,0.0,0.0,0.0,0.0,0.0
2.02308e+16,SZSE,SZSE.ETF.159901,2.693,2.696,2.698,2.691,0.0,2.979,2.437,2103100.0,0.0,5664614.7,0.0,0.0,0.0,20230825,20230825,93335472,2.708,0.0,0.0,2.691,2.69,2.689,2.688,2.687,0.0,0.0,0.0,0.0,0.0,2.692,2.693,2.694,2.695,2.696,0.0,0.0,0.0,0.0,0.0,76400.0,153400.0,115800.0,475900.0,75400.0,0.0,0.0,0.0,0.0,0.0,100000.0,97100.0,249000.0,100200.0,125600.0,0.0,0.0,0.0,0.0,0.0
2.02308e+16,SZSE,SZSE.ETF.159901,2.691,2.696,2.698,2.691,0.0,2.979,2.437,2228700.0,70700.0,6002630.3,190273.7,0.0,0.0,20230825,20230825,93350574,2.708,0.0,0.0,2.69,2.689,2.688,2.687,2.686,0.0,0.0,0.0,0.0,0.0,2.692,2.693,2.694,2.695,2.696,0.0,0.0,0.0,0.0,0.0,228400.0,119800.0,388300.0,313000.0,120200.0,0.0,0.0,0.0,0.0,0.0,74000.0,196100.0,150000.0,100200.0,125600.0,0.0,0.0,0.0,0.0,0.0
2.02308e+16,SZSE,SZSE.ETF.159901,2.691,2.696,2.698,2.691,0.0,2.979,2.437,2228700.0,0.0,6002630.3,0.0,0.0,0.0,20230825,20230825,93354434,2.708,0.0,0.0,2.69,2.689,2.688,2.687,2.686,0.0,0.0,0.0,0.0,0.0,2.692,2.693,2.694,2.695,2.696,0.0,0.0,0.0,0.0,0.0,115400.0,119800.0,150300.0,348900.0,120200.0,0.0,0.0,0.0,0.0,0.0,87000.0,196100.0,50000.0,100200.0,325600.0,0.0,0.0,0.0,0.0,0.0
2.02308e+16,SZSE,SZSE.ETF.159901,2.691,2.696,2.698,2.691,0.0,2.979,2.437,2228700.0,0.0,6002630.3,0.0,0.0,0.0,20230825,20230825,93400455,2.708,0.0,0.0,2.69,2.689,2.688,2.687,2.686,0.0,0.0,0.0,0.0,0.0,2.691,2.692,2.693,2.694,2.695,0.0,0.0,0.0,0.0,0.0,55400.0,179800.0,150300.0,211300.0,357900.0,0.0,0.0,0.0,0.0,0.0,129100.0,197000.0,136100.0,50000.0,375900.0,0.0,0.0,0.0,0.0,0.0
2.02308e+16,SZSE,SZSE.ETF.159901,2.69,2.696,2.698,2.69,0.0,2.979,2.437,2455300.0,0.0,6612184.3,0.0,0.0,0.0,20230825,20230825,93415456,2.708,0.0,0.0,2.689,2.688,2.687,2.686,2.685,0.0,0.0,0.0,0.0,0.0,2.69,2.691,2.692,2.693,2.694,0.0,0.0,0.0,0.0,0.0,132800.0,210300.0,36000.0,433200.0,26800.0,0.0,0.0,0.0,0.0,0.0,68100.0,60000.0,177000.0,152000.0,125200.0,0.0,0.0,0.0,0.0,0.0
2.02308e+16,SZSE,SZSE.ETF.159901,2.693,2.696,2.698,2.689,0.0,2.979,2.437,3291700.0,141500.0,8864274.5,381059.5,0.0,0.0,20230825,20230825,93503474,2.708,0.0,0.0,2.693,2.692,2.691,2.69,2.689,0.0,0.0,0.0,0.0,0.0,2.694,2.695,2.696,2.697,2.698,0.0,0.0,0.0,0.0,0.0,58500.0,274500.0,313000.0,557700.0,370500.0,0.0,0.0,0.0,0.0,0.0,213000.0,252000.0,259200.0,140000.0,403800.0,0.0,0.0,0.0,0.0,0.0
2.02308e+16,SZSE,SZSE.ETF.159901,2.693,2.696,2.698,2.691,0.0,2.979,2.437,2037200.0,33100.0,5487146.0,89128.6,0.0,0.0,20230825,20230825,93321438,2.708,0.0,0.0,2.692,2.691,2.69,2.689,2.688,0.0,0.0,0.0,0.0,0.0,2.694,2.695,2.696,2.697,2.698,0.0,0.0,0.0,0.0,0.0,160000.0,119000.0,163800.0,291000.0,137900.0,0.0,0.0,0.0,0.0,0.0,152000.0,223000.0,150000.0,37100.0,325800.0,0.0,0.0,0.0,0.0,0.0
2.02308e+16,SZSE,SZSE.ETF.159901,2.693,2.696,2.698,2.691,0.0,2.979,2.437,2103100.0,15900.0,5664614.7,42818.7,0.0,0.0,20230825,20230825,93327434,2.708,0.0,0.0,2.691,2.69,2.689,2.688,2.687,0.0,0.0,0.0,0.0,0.0,2.693,2.694,2.695,2.696,2.697,0.0,0.0,0.0,0.0,0.0,179000.0,153400.0,315800.0,375600.0,75700.0,0.0,0.0,0.0,0.0,0.0,84100.0,249000.0,163000.0,87100.0,75600.0,0.0,0.0,0.0,0.0,0.0
2.02308e+16,SZSE,SZSE.ETF.159901,2.69,2.696,2.698,2.69,0.0,2.979,2.437,2284100.0,55400.0,6151656.3,149026.0,0.0,0.0,20230825,20230825,93403424,2.708,0.0,0.0,2.689,2.688,2.687,2.686,2.685,0.0,0.0,0.0,0.0,0.0,2.69,2.691,2.692,2.693,2.694,0.0,0.0,0.0,0.0,0.0,19800.0,210300.0,174000.0,495200.0,226800.0,0.0,0.0,0.0,0.0,0.0,113000.0,302400.0,266000.0,13000.0,87200.0,0.0,0.0,0.0,0.0,0.0
2.02308e+16,SZSE,SZSE.ETF.159901,2.695,2.696,2.698,2.689,0.0,2.979,2.437,4188400.0,0.0,11281394.7,0.0,0.0,0.0,20230825,20230825,93624437,2.708,0.0,0.0,2.695,2.694,2.693,2.692,2.691,0.0,0.0,0.0,0.0,0.0,2.697,2.698,2.699,2.7,2.701,0.0,0.0,0.0,0.0,0.0,121500.0,136300.0,296000.0,415300.0,390600.0,0.0,0.0,0.0,0.0,0.0,262000.0,190200.0,437600.0,241400.0,38000.0,0.0,0.0,0.0,0.0,0.0
2.02308e+16,SZSE,SZSE.ETF.159901,2.695,2.696,2.698,2.689,0.0,2.979,2.437,3111200.0,0.0,8378149.0,0.0,0.0,0.0,20230825,20230825,93457411,2.708,0.0,0.0,2.693,2.692,2.691,2.69,2.689,0.0,0.0,0.0,0.0,0.0,2.694,2.695,2.696,2.697,2.698,0.0,0.0,0.0,0.0,0.0,200000.0,387500.0,253900.0,316800.0,270500.0,0.0,0.0,0.0,0.0,0.0,73000.0,153000.0,309000.0,39000.0,227300.0,0.0,0.0,0.0,0.0,0.0
2.02308e+16,SZSE,SZSE.ETF.159901,2.695,2.696,2.698,2.689,0.0,2.979,2.437,4188400.0,0.0,11281394.7,0.0,0.0,0.0,20230825,20230825,93626457,2.708,0.0,0.0,2.695,2.694,2.693,2.692,2.691,0.0,0.0,0.0,0.0,0.0,2.696,2.697,2.698,2.699,2.7,0.0,0.0,0.0,0.0,0.0,21500.0,176300.0,256000.0,515300.0,390600.0,0.0,0.0,0.0,0.0,0.0,100000.0,315000.0,150200.0,100000.0,479000.0,0.0,0.0,0.0,0.0,0.0
2.02308e+16,SZSE,SZSE.ETF.159901,2.695,2.696,2.698,2.689,0.0,2.979,2.437,4188400.0,0.0,11281394.7,0.0,0.0,0.0,20230825,20230825,93627417,2.708,0.0,0.0,2.695,2.694,2.693,2.692,2.691,0.0,0.0,0.0,0.0,0.0,2.696,2.697,2.698,2.699,2.7,0.0,0.0,0.0,0.0,0.0,21500.0,176300.0,256000.0,515300.0,390600.0,0.0,0.0,0.0,0.0,0.0,100000.0,315000.0,150200.0,100000.0,479000.0,0.0,0.0,0.0,0.0,0.0
2.02308e+16,SZSE,SZSE.ETF.159901,2.695,2.696,2.698,2.689,0.0,2.979,2.437,4188400.0,0.0,11281394.7,0.0,0.0,0.0,20230825,20230825,93629460,2.708,0.0,0.0,2.695,2.694,2.693,2.692,2.691,0.0,0.0,0.0,0.0,0.0,2.696,2.697,2.698,2.699,2.7,0.0,0.0,0.0,0.0,0.0,21500.0,176300.0,306000.0,478100.0,427800.0,0.0,0.0,0.0,0.0,0.0,105000.0,315000.0,150200.0,472100.0,394900.0,0.0,0.0,0.0,0.0,0.0
2.02308e+16,SZSE,SZSE.ETF.159901,2.695,2.696,2.698,2.689,0.0,2.979,2.437,4188400.0,0.0,11281394.7,0.0,0.0,0.0,20230825,20230825,93632489,2.708,0.0,0.0,2.695,2.694,2.693,2.692,2.691,0.0,0.0,0.0,0.0,0.0,2.696,2.697,2.698,2.699,2.7,0.0,0.0,0.0,0.0,0.0,121500.0,120000.0,366000.0,328100.0,472400.0,0.0,0.0,0.0,0.0,0.0,68700.0,215000.0,192200.0,654200.0,357300.0,0.0,0.0,0.0,0.0,0.0
2.02308e+16,SZSE,SZSE.ETF.159901,2.693,2.696,2.698,2.689,0.0,2.979,2.437,3350200.0,58500.0,9021815.0,157540.5,0.0,0.0,20230825,20230825,93506476,2.708,0.0,0.0,2.692,2.691,2.69,2.689,2.688,0.0,0.0,0.0,0.0,0.0,2.693,2.694,2.695,2.696,2.697,0.0,0.0,0.0,0.0,0.0,100000.0,313000.0,323500.0,407700.0,140400.0,0.0,0.0,0.0,0.0,0.0,13000.0,252000.0,228000.0,259200.0,377100.0,0.0,0.0,0.0,0.0,0.0
2.02308e+16,SZSE,SZSE.ETF.159901,2.697,2.696,2.698,2.689,0.0,2.979,2.437,4010400.0,59800.0,10801592.2,161280.6,0.0,0.0,20230825,20230825,93600464,2.708,0.0,0.0,2.696,2.695,2.694,2.693,2.692,0.0,0.0,0.0,0.0,0.0,2.697,2.698,2.699,2.7,2.701,0.0,0.0,0.0,0.0,0.0,250000.0,353000.0,442100.0,253200.0,259200.0,0.0,0.0,0.0,0.0,0.0,85000.0,100400.0,140000.0,478400.0,314600.0,0.0,0.0,0.0,0.0,0.0
2.02308e+16,SZSE,SZSE.ETF.159901,2.696,2.696,2.698,2.689,0.0,2.979,2.437,4124600.0,114200.0,11109475.9,307883.7,0.0,0.0,20230825,20230825,93602519,2.708,0.0,0.0,2.695,2.694,2.693,2.692,2.691,0.0,0.0,0.0,0.0,0.0,2.697,2.698,2.699,2.7,2.701,0.0,0.0,0.0,0.0,0.0,340000.0,363300.0,216600.0,99200.0,213000.0,0.0,0.0,0.0,0.0,0.0,101200.0,140200.0,300000.0,463400.0,197900.0,0.0,0.0,0.0,0.0,0.0
2.02308e+16,SZSE,SZSE.ETF.159901,2.696,2.696,2.698,2.689,0.0,2.979,2.437,4124600.0,114200.0,11109475.9,307883.7,0.0,0.0,20230825,20230825,93603479,2.708,0.0,0.0,2.695,2.694,2.693,2.692,2.691,0.0,0.0,0.0,0.0,0.0,2.697,2.698,2.699,2.7,2.701,0.0,0.0,0.0,0.0,0.0,340000.0,363300.0,216600.0,99200.0,213000.0,0.0,0.0,0.0,0.0,0.0,101200.0,140200.0,300000.0,463400.0,197900.0,0.0,0.0,0.0,0.0,0.0
2.02308e+16,SZSE,SZSE.ETF.159901,2.695,2.696,2.698,2.689,0.0,2.979,2.437,4157900.0,33300.0,11199219.4,89743.5,0.0,0.0,20230825,20230825,93606465,2.708,0.0,0.0,2.694,2.693,2.692,2.691,2.69,0.0,0.0,0.0,0.0,0.0,2.695,2.696,2.697,2.698,2.699,0.0,0.0,0.0,0.0,0.0,140000.0,316000.0,442100.0,153000.0,319100.0,0.0,0.0,0.0,0.0,0.0,13000.0,197500.0,256700.0,350200.0,600000.0,0.0,0.0,0.0,0.0,0.0
2.02308e+16,SZSE,SZSE.ETF.159901,2.694,2.696,2.698,2.689,0.0,2.979,2.437,4182500.0,24600.0,11265494.8,66275.4,0.0,0.0,20230825,20230825,93609482,2.708,0.0,0.0,2.694,2.693,2.692,2.691,2.69,0.0,0.0,0.0,0.0,0.0,2.696,2.697,2.698,2.699,2.7,0.0,0.0,0.0,0.0,0.0,80600.0,316000.0,399200.0,595000.0,115000.0,0.0,0.0,0.0,0.0,0.0,176700.0,253000.0,276100.0,1057200.0,78400.0,0.0,0.0,0.0,0.0,0.0
2.02308e+16,SZSE,SZSE.ETF.159901,2.694,2.696,2.698,2.689,0.0,2.979,2.437,4182900.0,400.0,11266572.4,1077.6,0.0,0.0,20230825,20230825,93612490,2.708,0.0,0.0,2.694,2.693,2.692,2.691,2.69,0.0,0.0,0.0,0.0,0.0,2.695,2.696,2.697,2.698,2.699,0.0,0.0,0.0,0.0,0.0,123900.0,276000.0,149200.0,595000.0,115100.0,0.0,0.0,0.0,0.0,0.0,7400.0,173000.0,253000.0,391100.0,548700.0,0.0,0.0,0.0,0.0,0.0
2.02308e+16,SZSE,SZSE.ETF.159901,2.694,2.696,2.698,2.689,0.0,2.979,2.437,4183100.0,200.0,11267111.2,538.8,0.0,0.0,20230825,20230825,93614503,2.708,0.0,0.0,2.694,2.693,2.692,2.691,2.69,0.0,0.0,0.0,0.0,0.0,2.695,2.696,2.697,2.698,2.699,0.0,0.0,0.0,0.0,0.0,83700.0,256000.0,209200.0,595000.0,115100.0,0.0,0.0,0.0,0.0,0.0,80400.0,113000.0,255000.0,476100.0,501700.0,0.0,0.0,0.0,0.0,0.0
2.02308e+16,SZSE,SZSE.ETF.159901,2.694,2.696,2.698,2.689,0.0,2.979,2.437,4183100.0,200.0,11267111.2,538.8,0.0,0.0,20230825,20230825,93615463,2.708,0.0,0.0,2.694,2.693,2.692,2.691,2.69,0.0,0.0,0.0,0.0,0.0,2.695,2.696,2.697,2.698,2.699,0.0,0.0,0.0,0.0,0.0,83700.0,256000.0,209200.0,595000.0,115100.0,0.0,0.0,0.0,0.0,0.0,80400.0,113000.0,255000.0,476100.0,501700.0,0.0,0.0,0.0,0.0,0.0
2.02308e+16,SZSE,SZSE.ETF.159901,2.695,2.696,2.698,2.689,0.0,2.979,2.437,4188400.0,5300.0,11281394.7,14283.5,0.0,0.0,20230825,20230825,93617524,2.708,0.0,0.0,2.694,2.693,2.692,2.691,2.69,0.0,0.0,0.0,0.0,0.0,2.696,2.697,2.698,2.699,2.7,0.0,0.0,0.0,0.0,0.0,89300.0,316000.0,349200.0,505800.0,115100.0,0.0,0.0,0.0,0.0,0.0,160000.0,255000.0,276100.0,412700.0,78400.0,0.0,0.0,0.0,0.0,0.0
2.02308e+16,SZSE,SZSE.ETF.159901,2.695,2.696,2.698,2.689,0.0,2.979,2.437,4188400.0,5300.0,11281394.7,14283.5,0.0,0.0,20230825,20230825,93618484,2.708,0.0,0.0,2.694,2.693,2.692,2.691,2.69,0.0,0.0,0.0,0.0,0.0,2.696,2.697,2.698,2.699,2.7,0.0,0.0,0.0,0.0,0.0,89300.0,316000.0,349200.0,505800.0,115100.0,0.0,0.0,0.0,0.0,0.0,160000.0,255000.0,276100.0,412700.0,78400.0,0.0,0.0,0.0,0.0,0.0
2.02308e+16,SZSE,SZSE.ETF.159901,2.695,2.696,2.698,2.689,0.0,2.979,2.437,4188400.0,0.0,11281394.7,0.0,0.0,0.0,20230825,20230825,93621453,2.708,0.0,0.0,2.695,2.694,2.693,2.692,2.691,0.0,0.0,0.0,0.0,0.0,2.697,2.698,2.699,2.7,2.702,0.0,0.0,0.0,0.0,0.0,103000.0,136300.0,256000.0,340100.0,505800.0,0.0,0.0,0.0,0.0,0.0,275000.0,190200.0,559700.0,157300.0,130000.0,0.0,0.0,0.0,0.0,0.0
2.02308e+16,SZSE,SZSE.ETF.159901,2.697,2.696,2.7,2.685,0.0,2.979,2.437,15352900.0,0.0,41353749.6,0.0,0.0,0.0,20230825,20230825,102235040,2.708,0.0,0.0,2.697,2.696,2.695,2.694,2.693,0.0,0.0,0.0,0.0,0.0,2.698,2.699,2.7,2.701,2.702,0.0,0.0,0.0,0.0,0.0,3700.0,183000.0,359700.0,1278700.0,320700.0,0.0,0.0,0.0,0.0,0.0,3700.0,113400.0,3368900.0,527800.0,601800.0,0.0,0.0,0.0,0.0,0.0
2.02308e+16,SZSE,SZSE.ETF.159901,2.694,2.696,2.7,2.685,0.0,2.979,2.437,16644500.0,0.0,44831983.4,0.0,0.0,0.0,20230825,20230825,103755988,2.708,0.0,0.0,2.692,2.691,2.69,2.689,2.688,0.0,0.0,0.0,0.0,0.0,2.694,2.695,2.696,2.697,2.698,0.0,0.0,0.0,0.0,0.0,216700.0,503000.0,488900.0,263800.0,359200.0,0.0,0.0,0.0,0.0,0.0,129200.0,293000.0,63100.0,584800.0,339200.0,0.0,0.0,0.0,0.0,0.0
2.02308e+16,SZSE,SZSE.ETF.159901,2.696,2.696,2.698,2.689,0.0,2.979,2.437,3810400.0,3000.0,10262192.2,8088.0,0.0,0.0,20230825,20230825,93548482,2.708,0.0,0.0,2.696,2.695,2.694,2.693,2.692,0.0,0.0,0.0,0.0,0.0,2.697,2.698,2.699,2.7,2.701,0.0,0.0,0.0,0.0,0.0,10000.0,473000.0,325800.0,293600.0,356100.0,0.0,0.0,0.0,0.0,0.0,140200.0,250400.0,240000.0,232000.0,300000.0,0.0,0.0,0.0,0.0,0.0
2.02308e+16,SZSE,SZSE.ETF.159901,2.694,2.696,2.698,2.694,0.0,2.979,2.437,624800.0,61200.0,1684000.8,164872.8,0.0,0.0,20230825,20230825,93045514,2.708,0.0,0.0,2.693,2.692,2.691,2.69,2.689,0.0,0.0,0.0,0.0,0.0,2.694,2.695,2.696,2.698,2.699,0.0,0.0,0.0,0.0,0.0,11600.0,115000.0,285400.0,32300.0,700.0,0.0,0.0,0.0,0.0,0.0,60000.0,93100.0,96500.0,250200.0,200000.0,0.0,0.0,0.0,0.0,0.0
2.02308e+16,SZSE,SZSE.ETF.159901,2.695,2.696,2.698,2.689,0.0,2.979,2.437,4417000.0,0.0,11897760.3,0.0,0.0,0.0,20230825,20230825,93718402,2.708,0.0,0.0,2.694,2.693,2.692,2.691,2.69,0.0,0.0,0.0,0.0,0.0,2.695,2.696,2.697,2.698,2.699,0.0,0.0,0.0,0.0,0.0,10700.0,217500.0,299200.0,265800.0,502800.0,0.0,0.0,0.0,0.0,0.0,116700.0,473000.0,513000.0,738200.0,122100.0,0.0,0.0,0.0,0.0,0.0
2.02308e+16,SZSE,SZSE.ETF.159901,2.695,2.696,2.698,2.689,0.0,2.979,2.437,4416500.0,0.0,11896412.8,0.0,0.0,0.0,20230825,20230825,93712454,2.708,0.0,0.0,2.694,2.693,2.692,2.691,2.69,0.0,0.0,0.0,0.0,0.0,2.695,2.696,2.697,2.698,2.699,0.0,0.0,0.0,0.0,0.0,147000.0,257500.0,249200.0,550400.0,118100.0,0.0,0.0,0.0,0.0,0.0,3700.0,300000.0,513000.0,693700.0,466600.0,0.0,0.0,0.0,0.0,0.0
2.02308e+16,SZSE,SZSE.ETF.159901,2.695,2.696,2.698,2.689,0.0,2.979,2.437,4417000.0,500.0,11897760.3,1347.5,0.0,0.0,20230825,20230825,93715426,2.708,0.0,0.0,2.694,2.693,2.692,2.691,2.69,0.0,0.0,0.0,0.0,0.0,2.696,2.697,2.698,2.699,2.7,0.0,0.0,0.0,0.0,0.0,70700.0,257500.0,249200.0,550400.0,318100.0,0.0,0.0,0.0,0.0,0.0,316700.0,513000.0,678700.0,419600.0,80400.0,0.0,0.0,0.0,0.0,0.0
2.02308e+16,SZSE,SZSE.ETF.159901,2.695,2.696,2.698,2.689,0.0,2.979,2.437,4417000.0,0.0,11897760.3,0.0,0.0,0.0,20230825,20230825,93717451,2.708,0.0,0.0,2.694,2.693,2.692,2.691,2.69,0.0,0.0,0.0,0.0,0.0,2.695,2.696,2.697,2.698,2.699,0.0,0.0,0.0,0.0,0.0,10700.0,217500.0,299200.0,265800.0,502800.0,0.0,0.0,0.0,0.0,0.0,116700.0,473000.0,513000.0,738200.0,122100.0,0.0,0.0,0.0,0.0,0.0
2.02308e+16,SZSE,SZSE.ETF.159901,2.694,2.696,2.698,2.689,0.0,2.979,2.437,4516400.0,7000.0,12165636.3,18858.0,0.0,0.0,20230825,20230825,93726442,2.708,0.0,0.0,2.693,2.692,2.691,2.69,2.689,0.0,0.0,0.0,0.0,0.0,2.694,2.695,2.696,2.697,2.698,0.0,0.0,0.0,0.0,0.0,148200.0,259200.0,291000.0,242600.0,416500.0,0.0,0.0,0.0,0.0,0.0,32100.0,316700.0,363000.0,650600.0,522700.0,0.0,0.0,0.0,0.0,0.0
2.02308e+16,SZSE,SZSE.ETF.159901,2.694,2.696,2.698,2.689,0.0,2.979,2.437,4516400.0,0.0,12165636.3,0.0,0.0,0.0,20230825,20230825,93729427,2.708,0.0,0.0,2.693,2.692,2.691,2.69,2.689,0.0,0.0,0.0,0.0,0.0,2.694,2.695,2.696,2.697,2.698,0.0,0.0,0.0,0.0,0.0,168200.0,199200.0,253000.0,442100.0,495000.0,0.0,0.0,0.0,0.0,0.0,32100.0,216700.0,466700.0,776500.0,434800.0,0.0,0.0,0.0,0.0,0.0
2.02308e+16,SZSE,SZSE.ETF.159901,2.695,2.696,2.698,2.689,0.0,2.979,2.437,4240600.0,4600.0,11422121.3,12397.0,0.0,0.0,20230825,20230825,93642388,2.708,0.0,0.0,2.695,2.694,2.693,2.692,2.691,0.0,0.0,0.0,0.0,0.0,2.696,2.697,2.698,2.699,2.7,0.0,0.0,0.0,0.0,0.0,22500.0,116300.0,366000.0,465700.0,434800.0,0.0,0.0,0.0,0.0,0.0,176700.0,255000.0,152200.0,554200.0,357300.0,0.0,0.0,0.0,0.0,0.0
2.02308e+16,SZSE,SZSE.ETF.159901,2.696,2.696,2.698,2.689,0.0,2.979,2.437,4241700.0,1100.0,11425086.9,2965.6,0.0,0.0,20230825,20230825,93645402,2.708,0.0,0.0,2.695,2.694,2.693,2.692,2.691,0.0,0.0,0.0,0.0,0.0,2.696,2.697,2.698,2.699,2.7,0.0,0.0,0.0,0.0,0.0,191800.0,120000.0,506000.0,378100.0,272400.0,0.0,0.0,0.0,0.0,0.0,2600.0,215000.0,212200.0,454200.0,359300.0,0.0,0.0,0.0,0.0,0.0
2.02308e+16,SZSE,SZSE.ETF.159901,2.696,2.696,2.698,2.689,0.0,2.979,2.437,4241700.0,0.0,11425086.9,0.0,0.0,0.0,20230825,20230825,93647610,2.708,0.0,0.0,2.696,2.695,2.694,2.693,2.692,0.0,0.0,0.0,0.0,0.0,2.697,2.698,2.699,2.7,2.702,0.0,0.0,0.0,0.0,0.0,13000.0,195500.0,316300.0,306000.0,297500.0,0.0,0.0,0.0,0.0,0.0,205700.0,252200.0,335000.0,278500.0,290000.0,0.0,0.0,0.0,0.0,0.0
2.02308e+16,SZSE,SZSE.ETF.159901,2.696,2.696,2.698,2.689,0.0,2.979,2.437,4241700.0,0.0,11425086.9,0.0,0.0,0.0,20230825,20230825,93648448,2.708,0.0,0.0,2.696,2.695,2.694,2.693,2.692,0.0,0.0,0.0,0.0,0.0,2.697,2.698,2.699,2.7,2.702,0.0,0.0,0.0,0.0,0.0,13000.0,195500.0,316300.0,306000.0,297500.0,0.0,0.0,0.0,0.0,0.0,205700.0,252200.0,335000.0,278500.0,290000.0,0.0,0.0,0.0,0.0,0.0
2.02308e+16,SZSE,SZSE.ETF.159901,2.696,2.696,2.698,2.689,0.0,2.979,2.437,4241700.0,0.0,11425086.9,0.0,0.0,0.0,20230825,20230825,93651412,2.708,0.0,0.0,2.696,2.695,2.694,2.693,2.692,0.0,0.0,0.0,0.0,0.0,2.697,2.698,2.699,2.7,2.701,0.0,0.0,0.0,0.0,0.0,113000.0,135500.0,366300.0,495500.0,259400.0,0.0,0.0,0.0,0.0,0.0,205700.0,192200.0,260000.0,375400.0,38000.0,0.0,0.0,0.0,0.0,0.0
2.02308e+16,SZSE,SZSE.ETF.159901,2.697,2.696,2.698,2.689,0.0,2.979,2.437,4329800.0,88100.0,11662692.6,237605.7,0.0,0.0,20230825,20230825,93654457,2.708,0.0,0.0,2.696,2.695,2.694,2.693,2.692,0.0,0.0,0.0,0.0,0.0,2.697,2.698,2.699,2.7,2.701,0.0,0.0,0.0,0.0,0.0,156700.0,191800.0,468300.0,370300.0,244600.0,0.0,0.0,0.0,0.0,0.0,3700.0,312200.0,140000.0,538300.0,75100.0,0.0,0.0,0.0,0.0,0.0
2.02308e+16,SZSE,SZSE.ETF.159901,2.697,2.696,2.698,2.689,0.0,2.979,2.437,4329800.0,0.0,11662692.6,0.0,0.0,0.0,20230825,20230825,93657423,2.708,0.0,0.0,2.696,2.695,2.694,2.693,2.692,0.0,0.0,0.0,0.0,0.0,2.698,2.699,2.7,2.701,2.702,0.0,0.0,0.0,0.0,0.0,143700.0,191800.0,268300.0,414900.0,240000.0,0.0,0.0,0.0,0.0,0.0,328900.0,140000.0,456200.0,357200.0,290000.0,0.0,0.0,0.0,0.0,0.0
2.02308e+16,SZSE,SZSE.ETF.159901,2.696,2.696,2.698,2.689,0.0,2.979,2.437,4389800.0,60000.0,11824452.6,161760.0,0.0,0.0,20230825,20230825,93700451,2.708,0.0,0.0,2.696,2.695,2.694,2.693,2.692,0.0,0.0,0.0,0.0,0.0,2.697,2.698,2.699,2.7,2.701,0.0,0.0,0.0,0.0,0.0,3700.0,131800.0,368300.0,214900.0,440000.0,0.0,0.0,0.0,0.0,0.0,76700.0,315200.0,340000.0,571200.0,204200.0,0.0,0.0,0.0,0.0,0.0
2.02308e+16,SZSE,SZSE.ETF.159901,2.695,2.696,2.698,2.689,0.0,2.979,2.437,4416500.0,26700.0,11896412.8,71960.2,0.0,0.0,20230825,20230825,93703448,2.708,0.0,0.0,2.694,2.693,2.692,2.691,2.69,0.0,0.0,0.0,0.0,0.0,2.695,2.696,2.697,2.698,2.699,0.0,0.0,0.0,0.0,0.0,168300.0,395500.0,319400.0,153000.0,322200.0,0.0,0.0,0.0,0.0,0.0,14400.0,173000.0,356700.0,515200.0,300000.0,0.0,0.0,0.0,0.0,0.0
2.02308e+16,SZSE,SZSE.ETF.159901,2.695,2.696,2.698,2.689,0.0,2.979,2.437,4416500.0,0.0,11896412.8,0.0,0.0,0.0,20230825,20230825,93706438,2.708,0.0,0.0,2.694,2.693,2.692,2.691,2.69,0.0,0.0,0.0,0.0,0.0,2.696,2.697,2.698,2.699,2.7,0.0,0.0,0.0,0.0,0.0,142000.0,257500.0,249200.0,550400.0,318100.0,0.0,0.0,0.0,0.0,0.0,116700.0,473000.0,618700.0,419600.0,80400.0,0.0,0.0,0.0,0.0,0.0
2.02308e+16,SZSE,SZSE.ETF.159901,2.695,2.696,2.698,2.689,0.0,2.979,2.437,4416500.0,0.0,11896412.8,0.0,0.0,0.0,20230825,20230825,93708484,2.708,0.0,0.0,2.694,2.693,2.692,2.691,2.69,0.0,0.0,0.0,0.0,0.0,2.696,2.697,2.698,2.699,2.7,0.0,0.0,0.0,0.0,0.0,142000.0,257500.0,449200.0,550400.0,118100.0,0.0,0.0,0.0,0.0,0.0,316700.0,473000.0,533700.0,466600.0,118400.0,0.0,0.0,0.0,0.0,0.0
2.02308e+16,SZSE,SZSE.ETF.159901,2.694,2.696,2.698,2.689,0.0,2.979,2.437,4516400.0,7000.0,12165636.3,18858.0,0.0,0.0,20230825,20230825,93727402,2.708,0.0,0.0,2.693,2.692,2.691,2.69,2.689,0.0,0.0,0.0,0.0,0.0,2.694,2.695,2.696,2.697,2.698,0.0,0.0,0.0,0.0,0.0,148200.0,259200.0,291000.0,242600.0,416500.0,0.0,0.0,0.0,0.0,0.0,32100.0,316700.0,363000.0,650600.0,522700.0,0.0,0.0,0.0,0.0,0.0
2.02308e+16,SZSE,SZSE.ETF.159901,2.695,2.696,2.698,2.689,0.0,2.979,2.437,4416500.0,0.0,11896412.8,0.0,0.0,0.0,20230825,20230825,93709443,2.708,0.0,0.0,2.694,2.693,2.692,2.691,2.69,0.0,0.0,0.0,0.0,0.0,2.696,2.697,2.698,2.699,2.7,0.0,0.0,0.0,0.0,0.0,142000.0,257500.0,449200.0,550400.0,118100.0,0.0,0.0,0.0,0.0,0.0,316700.0,473000.0,533700.0,466600.0,118400.0,0.0,0.0,0.0,0.0,0.0
2.02308e+16,SZSE,SZSE.ETF.159901,2.695,2.696,2.698,2.689,0.0,2.979,2.437,4509400.0,0.0,12146778.3,0.0,0.0,0.0,20230825,20230825,93724395,2.708,0.0,0.0,2.694,2.693,2.692,2.691,2.69,0.0,0.0,0.0,0.0,0.0,2.695,2.696,2.697,2.698,2.699,0.0,0.0,0.0,0.0,0.0,7000.0,221200.0,299200.0,191000.0,382600.0,0.0,0.0,0.0,0.0,0.0,116700.0,563000.0,550600.0,822700.0,38000.0,0.0,0.0,0.0,0.0,0.0
2.02308e+16,SZSE,SZSE.ETF.159901,2.693,2.696,2.698,2.689,0.0,2.979,2.437,4598500.0,0.0,12386763.7,0.0,0.0,0.0,20230825,20230825,93800403,2.708,0.0,0.0,2.693,2.692,2.691,2.69,2.689,0.0,0.0,0.0,0.0,0.0,2.694,2.695,2.696,2.697,2.698,0.0,0.0,0.0,0.0,0.0,3700.0,149200.0,313000.0,311200.0,236900.0,0.0,0.0,0.0,0.0,0.0,276700.0,153000.0,666700.0,1358100.0,303200.0,0.0,0.0,0.0,0.0,0.0
2.02308e+16,SZSE,SZSE.ETF.159901,2.693,2.696,2.698,2.689,0.0,2.979,2.437,4630900.0,0.0,12474045.6,0.0,0.0,0.0,20230825,20230825,93815401,2.708,0.0,0.0,2.692,2.691,2.69,2.689,2.688,0.0,0.0,0.0,0.0,0.0,2.693,2.694,2.695,2.696,2.697,0.0,0.0,0.0,0.0,0.0,71500.0,113100.0,283200.0,429300.0,386000.0,0.0,0.0,0.0,0.0,0.0,280400.0,174300.0,413000.0,1321100.0,288100.0,0.0,0.0,0.0,0.0,0.0
2.02308e+16,SZSE,SZSE.ETF.159901,2.693,2.696,2.698,2.689,0.0,2.979,2.437,4630900.0,32400.0,12474045.6,87281.9,0.0,0.0,20230825,20230825,93803433,2.708,0.0,0.0,2.692,2.691,2.69,2.689,2.688,0.0,0.0,0.0,0.0,0.0,2.693,2.694,2.695,2.696,2.697,0.0,0.0,0.0,0.0,0.0,152900.0,263000.0,311200.0,236900.0,440400.0,0.0,0.0,0.0,0.0,0.0,13000.0,298000.0,113000.0,704300.0,470500.0,0.0,0.0,0.0,0.0,0.0
2.02308e+16,SZSE,SZSE.ETF.159901,2.693,2.696,2.698,2.689,0.0,2.979,2.437,4630900.0,0.0,12474045.6,0.0,0.0,0.0,20230825,20230825,93805468,2.708,0.0,0.0,2.692,2.691,2.69,2.689,2.688,0.0,0.0,0.0,0.0,0.0,2.693,2.694,2.695,2.696,2.697,0.0,0.0,0.0,0.0,0.0,52900.0,113000.0,383200.0,336400.0,518900.0,0.0,0.0,0.0,0.0,0.0,173000.0,278000.0,313000.0,1380200.0,332600.0,0.0,0.0,0.0,0.0,0.0
2.02308e+16,SZSE,SZSE.ETF.159901,2.693,2.696,2.698,2.689,0.0,2.979,2.437,4630900.0,0.0,12474045.6,0.0,0.0,0.0,20230825,20230825,93806429,2.708,0.0,0.0,2.692,2.691,2.69,2.689,2.688,0.0,0.0,0.0,0.0,0.0,2.693,2.694,2.695,2.696,2.697,0.0,0.0,0.0,0.0,0.0,52900.0,113000.0,383200.0,336400.0,518900.0,0.0,0.0,0.0,0.0,0.0,173000.0,278000.0,313000.0,1380200.0,332600.0,0.0,0.0,0.0,0.0,0.0
2.02308e+16,SZSE,SZSE.ETF.159901,2.693,2.696,2.698,2.689,0.0,2.979,2.437,4630900.0,0.0,12474045.6,0.0,0.0,0.0,20230825,20230825,93809410,2.708,0.0,0.0,2.692,2.691,2.69,2.689,2.688,0.0,0.0,0.0,0.0,0.0,2.693,2.694,2.695,2.696,2.697,0.0,0.0,0.0,0.0,0.0,52900.0,113000.0,383200.0,491700.0,523600.0,0.0,0.0,0.0,0.0,0.0,163700.0,274300.0,113000.0,1424800.0,288100.0,0.0,0.0,0.0,0.0,0.0
2.02308e+16,SZSE,SZSE.ETF.159901,2.695,2.696,2.698,2.689,0.0,2.979,2.437,4240600.0,4600.0,11422121.3,12397.0,0.0,0.0,20230825,20230825,93641581,2.708,0.0,0.0,2.695,2.694,2.693,2.692,2.691,0.0,0.0,0.0,0.0,0.0,2.696,2.697,2.698,2.699,2.7,0.0,0.0,0.0,0.0,0.0,22500.0,116300.0,366000.0,465700.0,434800.0,0.0,0.0,0.0,0.0,0.0,176700.0,255000.0,152200.0,554200.0,357300.0,0.0,0.0,0.0,0.0,0.0
2.02308e+16,SZSE,SZSE.ETF.159901,2.694,2.696,2.698,2.689,0.0,2.979,2.437,4516400.0,0.0,12165636.3,0.0,0.0,0.0,20230825,20230825,93730387,2.708,0.0,0.0,2.693,2.692,2.691,2.69,2.689,0.0,0.0,0.0,0.0,0.0,2.694,2.695,2.696,2.697,2.698,0.0,0.0,0.0,0.0,0.0,168200.0,199200.0,253000.0,442100.0,495000.0,0.0,0.0,0.0,0.0,0.0,32100.0,216700.0,466700.0,776500.0,434800.0,0.0,0.0,0.0,0.0,0.0
2.02308e+16,SZSE,SZSE.ETF.159901,2.694,2.696,2.698,2.689,0.0,2.979,2.437,4516400.0,0.0,12165636.3,0.0,0.0,0.0,20230825,20230825,93732440,2.708,0.0,0.0,2.693,2.692,2.691,2.69,2.689,0.0,0.0,0.0,0.0,0.0,2.694,2.695,2.696,2.697,2.698,0.0,0.0,0.0,0.0,0.0,168200.0,149200.0,303000.0,479700.0,257400.0,0.0,0.0,0.0,0.0,0.0,32100.0,256700.0,426700.0,626500.0,584800.0,0.0,0.0,0.0,0.0,0.0
2.02308e+16,SZSE,SZSE.ETF.159901,2.694,2.696,2.698,2.689,0.0,2.979,2.437,4516400.0,0.0,12165636.3,0.0,0.0,0.0,20230825,20230825,93733401,2.708,0.0,0.0,2.693,2.692,2.691,2.69,2.689,0.0,0.0,0.0,0.0,0.0,2.694,2.695,2.696,2.697,2.698,0.0,0.0,0.0,0.0,0.0,168200.0,149200.0,303000.0,479700.0,257400.0,0.0,0.0,0.0,0.0,0.0,32100.0,256700.0,426700.0,626500.0,584800.0,0.0,0.0,0.0,0.0,0.0
2.02308e+16,SZSE,SZSE.ETF.159901,2.694,2.696,2.698,2.689,0.0,2.979,2.437,4548500.0,32100.0,12252113.7,86477.4,0.0,0.0,20230825,20230825,93736384,2.708,0.0,0.0,2.693,2.692,2.691,2.69,2.689,0.0,0.0,0.0,0.0,0.0,2.695,2.696,2.697,2.698,2.699,0.0,0.0,0.0,0.0,0.0,208200.0,109200.0,303000.0,279700.0,457400.0,0.0,0.0,0.0,0.0,0.0,256700.0,426700.0,826500.0,584800.0,90000.0,0.0,0.0,0.0,0.0,0.0
2.02308e+16,SZSE,SZSE.ETF.159901,2.694,2.696,2.698,2.689,0.0,2.979,2.437,4548500.0,0.0,12252113.7,0.0,0.0,0.0,20230825,20230825,93739417,2.708,0.0,0.0,2.693,2.692,2.691,2.69,2.689,0.0,0.0,0.0,0.0,0.0,2.695,2.696,2.697,2.698,2.699,0.0,0.0,0.0,0.0,0.0,168200.0,149200.0,303000.0,442100.0,495000.0,0.0,0.0,0.0,0.0,0.0,216700.0,426700.0,741500.0,631800.0,128000.0,0.0,0.0,0.0,0.0,0.0
2.02308e+16,SZSE,SZSE.ETF.159901,2.694,2.696,2.698,2.689,0.0,2.979,2.437,4548500.0,0.0,12252113.7,0.0,0.0,0.0,20230825,20230825,93742389,2.708,0.0,0.0,2.693,2.692,2.691,2.69,2.689,0.0,0.0,0.0,0.0,0.0,2.695,2.696,2.697,2.698,2.699,0.0,0.0,0.0,0.0,0.0,223400.0,109200.0,303000.0,479700.0,457400.0,0.0,0.0,0.0,0.0,0.0,243700.0,426700.0,1041500.0,631800.0,128000.0,0.0,0.0,0.0,0.0,0.0
2.02308e+16,SZSE,SZSE.ETF.159901,2.693,2.696,2.698,2.689,0.0,2.979,2.437,4598500.0,50000.0,12386763.7,134650.0,0.0,0.0,20230825,20230825,93745387,2.708,0.0,0.0,2.693,2.692,2.691,2.69,2.689,0.0,0.0,0.0,0.0,0.0,2.694,2.695,2.696,2.697,2.698,0.0,0.0,0.0,0.0,0.0,43700.0,169200.0,303000.0,379700.0,457400.0,0.0,0.0,0.0,0.0,0.0,100000.0,316700.0,366700.0,1241500.0,431800.0,0.0,0.0,0.0,0.0,0.0
2.02308e+16,SZSE,SZSE.ETF.159901,2.693,2.696,2.698,2.689,0.0,2.979,2.437,4598500.0,0.0,12386763.7,0.0,0.0,0.0,20230825,20230825,93748414,2.708,0.0,0.0,2.693,2.692,2.691,2.69,2.689,0.0,0.0,0.0,0.0,0.0,2.694,2.695,2.696,2.697,2.698,0.0,0.0,0.0,0.0,0.0,43700.0,169200.0,303000.0,110200.0,576900.0,0.0,0.0,0.0,0.0,0.0,3700.0,313000.0,366700.0,808100.0,303200.0,0.0,0.0,0.0,0.0,0.0
2.02308e+16,SZSE,SZSE.ETF.159901,2.693,2.696,2.698,2.689,0.0,2.979,2.437,4598500.0,0.0,12386763.7,0.0,0.0,0.0,20230825,20230825,93751377,2.708,0.0,0.0,2.693,2.692,2.691,2.69,2.689,0.0,0.0,0.0,0.0,0.0,2.695,2.696,2.697,2.698,2.699,0.0,0.0,0.0,0.0,0.0,143700.0,169200.0,303000.0,242600.0,495000.0,0.0,0.0,0.0,0.0,0.0,316700.0,366700.0,826500.0,384800.0,90000.0,0.0,0.0,0.0,0.0,0.0
2.02308e+16,SZSE,SZSE.ETF.159901,2.693,2.696,2.698,2.689,0.0,2.979,2.437,4598500.0,0.0,12386763.7,0.0,0.0,0.0,20230825,20230825,93754382,2.708,0.0,0.0,2.693,2.692,2.691,2.69,2.689,0.0,0.0,0.0,0.0,0.0,2.694,2.695,2.696,2.697,2.698,0.0,0.0,0.0,0.0,0.0,143700.0,169200.0,303000.0,442600.0,495000.0,0.0,0.0,0.0,0.0,0.0,3700.0,313000.0,366700.0,741500.0,431800.0,0.0,0.0,0.0,0.0,0.0
2.02308e+16,SZSE,SZSE.ETF.159901,2.693,2.696,2.698,2.689,0.0,2.979,2.437,4598500.0,0.0,12386763.7,0.0,0.0,0.0,20230825,20230825,93757381,2.708,0.0,0.0,2.693,2.692,2.691,2.69,2.689,0.0,0.0,0.0,0.0,0.0,2.694,2.695,2.696,2.697,2.698,0.0,0.0,0.0,0.0,0.0,43700.0,109200.0,363000.0,380200.0,457400.0,0.0,0.0,0.0,0.0,0.0,173000.0,256700.0,566700.0,1326500.0,384800.0,0.0,0.0,0.0,0.0,0.0
2.02308e+16,SZSE,SZSE.ETF.159901,2.696,2.696,2.698,2.689,0.0,2.979,2.437,5148300.0,0.0,13867616.7,0.0,0.0,0.0,20230825,20230825,93936423,2.708,0.0,0.0,2.694,2.693,2.692,2.691,2.69,0.0,0.0,0.0,0.0,0.0,2.696,2.697,2.698,2.699,2.7,0.0,0.0,0.0,0.0,0.0,343700.0,240800.0,315100.0,410400.0,172600.0,0.0,0.0,0.0,0.0,0.0,321600.0,493000.0,1473700.0,456600.0,168400.0,0.0,0.0,0.0,0.0,0.0
2.02308e+16,SZSE,SZSE.ETF.159901,2.695,2.696,2.698,2.694,0.0,2.979,2.437,549600.0,4000.0,1481398.0,10783.5,0.0,0.0,20230825,20230825,93035424,2.708,0.0,0.0,2.694,2.693,2.692,2.691,2.69,0.0,0.0,0.0,0.0,0.0,2.695,2.696,2.697,2.698,2.7,0.0,0.0,0.0,0.0,0.0,60200.0,111600.0,115000.0,225400.0,32300.0,0.0,0.0,0.0,0.0,0.0,107100.0,96500.0,160000.0,200.0,18400.0,0.0,0.0,0.0,0.0,0.0
2.02308e+16,SZSE,SZSE.ETF.159901,2.693,2.696,2.698,2.689,0.0,2.979,2.437,4630900.0,0.0,12474045.6,0.0,0.0,0.0,20230825,20230825,93808449,2.708,0.0,0.0,2.692,2.691,2.69,2.689,2.688,0.0,0.0,0.0,0.0,0.0,2.693,2.694,2.695,2.696,2.697,0.0,0.0,0.0,0.0,0.0,52900.0,113000.0,383200.0,491700.0,523600.0,0.0,0.0,0.0,0.0,0.0,163700.0,274300.0,113000.0,1424800.0,288100.0,0.0,0.0,0.0,0.0,0.0
2.02308e+16,SZSE,SZSE.ETF.159901,2.692,2.696,2.698,2.689,0.0,2.979,2.437,4690900.0,60000.0,12635565.6,161520.0,0.0,0.0,20230825,20230825,93818416,2.708,0.0,0.0,2.692,2.691,2.69,2.689,2.688,0.0,0.0,0.0,0.0,0.0,2.693,2.694,2.695,2.696,2.697,0.0,0.0,0.0,0.0,0.0,15200.0,73100.0,223200.0,391700.0,423600.0,0.0,0.0,0.0,0.0,0.0,260400.0,234300.0,913000.0,721100.0,288100.0,0.0,0.0,0.0,0.0,0.0
2.02308e+16,SZSE,SZSE.ETF.159901,2.693,2.696,2.698,2.689,0.0,2.979,2.437,4842600.0,7400.0,13043923.4,19924.5,0.0,0.0,20230825,20230825,93854376,2.708,0.0,0.0,2.692,2.691,2.69,2.689,2.688,0.0,0.0,0.0,0.0,0.0,2.694,2.695,2.696,2.697,2.698,0.0,0.0,0.0,0.0,0.0,243600.0,306700.0,318200.0,366500.0,288000.0,0.0,0.0,0.0,0.0,0.0,250000.0,328900.0,620300.0,493000.0,595200.0,0.0,0.0,0.0,0.0,0.0
2.02308e+16,SZSE,SZSE.ETF.159901,2.693,2.696,2.698,2.693,0.0,2.979,2.437,635800.0,11000.0,1713625.8,29625.0,0.0,0.0,20230825,20230825,93048469,2.708,0.0,0.0,2.693,2.692,2.691,2.69,2.689,0.0,0.0,0.0,0.0,0.0,2.694,2.695,2.696,2.698,2.7,0.0,0.0,0.0,0.0,0.0,2600.0,175000.0,225400.0,134100.0,700.0,0.0,0.0,0.0,0.0,0.0,100000.0,353100.0,96500.0,250200.0,68400.0,0.0,0.0,0.0,0.0,0.0
2.02308e+16,SZSE,SZSE.ETF.159901,2.693,2.696,2.698,2.692,0.0,2.979,2.437,1147800.0,18500.0,3092705.8,49820.5,0.0,0.0,20230825,20230825,93136482,2.708,0.0,0.0,2.692,2.691,2.69,2.689,2.688,0.0,0.0,0.0,0.0,0.0,2.694,2.695,2.696,2.698,2.7,0.0,0.0,0.0,0.0,0.0,61400.0,275400.0,204000.0,217800.0,62200.0,0.0,0.0,0.0,0.0,0.0,100000.0,251500.0,50000.0,50200.0,218400.0,0.0,0.0,0.0,0.0,0.0
2.02308e+16,SZSE,SZSE.ETF.159901,2.693,2.696,2.698,2.692,0.0,2.979,2.437,1147800.0,18500.0,3092705.8,49820.5,0.0,0.0,20230825,20230825,93139336,2.708,0.0,0.0,2.692,2.691,2.69,2.689,2.688,0.0,0.0,0.0,0.0,0.0,2.694,2.695,2.696,2.698,2.7,0.0,0.0,0.0,0.0,0.0,61400.0,275400.0,204000.0,217800.0,62200.0,0.0,0.0,0.0,0.0,0.0,100000.0,251500.0,50000.0,50200.0,218400.0,0.0,0.0,0.0,0.0,0.0
2.02308e+16,SZSE,SZSE.ETF.159901,2.691,2.696,2.698,2.691,0.0,2.979,2.437,1635500.0,116400.0,4405520.1,313279.5,0.0,0.0,20230825,20230825,93221489,2.708,0.0,0.0,2.691,2.69,2.689,2.688,2.687,0.0,0.0,0.0,0.0,0.0,2.692,2.693,2.694,2.695,2.696,0.0,0.0,0.0,0.0,0.0,140000.0,223700.0,315800.0,12200.0,36000.0,0.0,0.0,0.0,0.0,0.0,21500.0,160000.0,150000.0,150000.0,50000.0,0.0,0.0,0.0,0.0,0.0
2.02308e+16,SZSE,SZSE.ETF.159901,2.693,2.696,2.698,2.692,0.0,2.979,2.437,1147800.0,0.0,3092705.8,0.0,0.0,0.0,20230825,20230825,93142499,2.708,0.0,0.0,2.692,2.691,2.69,2.689,2.688,0.0,0.0,0.0,0.0,0.0,2.694,2.695,2.696,2.698,2.699,0.0,0.0,0.0,0.0,0.0,4400.0,335400.0,154000.0,17800.0,262200.0,0.0,0.0,0.0,0.0,0.0,160000.0,191500.0,50000.0,50200.0,200000.0,0.0,0.0,0.0,0.0,0.0
2.02308e+16,SZSE,SZSE.ETF.159901,2.693,2.696,2.698,2.692,0.0,2.979,2.437,1151800.0,4000.0,3103477.8,10772.0,0.0,0.0,20230825,20230825,93146952,2.708,0.0,0.0,2.692,2.691,2.69,2.689,2.688,0.0,0.0,0.0,0.0,0.0,2.693,2.694,2.695,2.696,2.698,0.0,0.0,0.0,0.0,0.0,4400.0,335400.0,154600.0,317800.0,262200.0,0.0,0.0,0.0,0.0,0.0,96000.0,160000.0,191500.0,50000.0,50200.0,0.0,0.0,0.0,0.0,0.0
2.02308e+16,SZSE,SZSE.ETF.159901,2.693,2.696,2.698,2.692,0.0,2.979,2.437,1151800.0,0.0,3103477.8,0.0,0.0,0.0,20230825,20230825,93149238,2.708,0.0,0.0,2.692,2.691,2.69,2.689,2.688,0.0,0.0,0.0,0.0,0.0,2.694,2.695,2.696,2.698,2.7,0.0,0.0,0.0,0.0,0.0,164400.0,275400.0,354600.0,217800.0,62200.0,0.0,0.0,0.0,0.0,0.0,100000.0,251500.0,150000.0,50200.0,18400.0,0.0,0.0,0.0,0.0,0.0
2.02308e+16,SZSE,SZSE.ETF.159901,2.693,2.696,2.698,2.691,0.0,2.979,2.437,1354400.0,202600.0,3648908.0,545430.2,0.0,0.0,20230825,20230825,93152125,2.708,0.0,0.0,2.692,2.691,2.69,2.689,2.688,0.0,0.0,0.0,0.0,0.0,2.693,2.694,2.695,2.696,2.698,0.0,0.0,0.0,0.0,0.0,60000.0,243800.0,204600.0,317800.0,62200.0,0.0,0.0,0.0,0.0,0.0,97400.0,100000.0,251500.0,50000.0,50200.0,0.0,0.0,0.0,0.0,0.0
2.02308e+16,SZSE,SZSE.ETF.159901,2.693,2.696,2.698,2.691,0.0,2.979,2.437,1354400.0,0.0,3648908.0,0.0,0.0,0.0,20230825,20230825,93154464,2.708,0.0,0.0,2.692,2.691,2.69,2.689,2.688,0.0,0.0,0.0,0.0,0.0,2.693,2.694,2.695,2.696,2.698,0.0,0.0,0.0,0.0,0.0,60000.0,243800.0,209800.0,317800.0,262200.0,0.0,0.0,0.0,0.0,0.0,97400.0,100000.0,251500.0,50000.0,50200.0,0.0,0.0,0.0,0.0,0.0
2.02308e+16,SZSE,SZSE.ETF.159901,2.693,2.696,2.698,2.691,0.0,2.979,2.437,1414600.0,60000.0,3811026.6,161580.0,0.0,0.0,20230825,20230825,93200473,2.708,0.0,0.0,2.691,2.69,2.689,2.688,2.687,0.0,0.0,0.0,0.0,0.0,2.693,2.694,2.695,2.696,2.698,0.0,0.0,0.0,0.0,0.0,303800.0,209800.0,317800.0,262200.0,36000.0,0.0,0.0,0.0,0.0,0.0,100000.0,160000.0,191500.0,50000.0,50200.0,0.0,0.0,0.0,0.0,0.0
2.02308e+16,SZSE,SZSE.ETF.159901,2.692,2.696,2.698,2.691,0.0,2.979,2.437,1415000.0,0.0,3812103.4,0.0,0.0,0.0,20230825,20230825,93206493,2.708,0.0,0.0,2.691,2.69,2.689,2.688,2.687,0.0,0.0,0.0,0.0,0.0,2.692,2.693,2.694,2.695,2.696,0.0,0.0,0.0,0.0,0.0,203800.0,159800.0,117800.0,262200.0,36000.0,0.0,0.0,0.0,0.0,0.0,1600.0,100000.0,160000.0,50000.0,50000.0,0.0,0.0,0.0,0.0,0.0
2.02308e+16,SZSE,SZSE.ETF.159901,2.691,2.696,2.698,2.691,0.0,2.979,2.437,1714400.0,78900.0,4617840.0,212319.9,0.0,0.0,20230825,20230825,93224485,2.708,0.0,0.0,2.691,2.69,2.689,2.688,2.687,0.0,0.0,0.0,0.0,0.0,2.692,2.693,2.694,2.695,2.696,0.0,0.0,0.0,0.0,0.0,160000.0,363700.0,315800.0,62200.0,76000.0,0.0,0.0,0.0,0.0,0.0,21500.0,100000.0,160000.0,150000.0,50000.0,0.0,0.0,0.0,0.0,0.0
2.02308e+16,SZSE,SZSE.ETF.159901,2.696,2.696,2.698,2.689,0.0,2.979,2.437,4236000.0,47600.0,11409724.3,128329.6,0.0,0.0,20230825,20230825,93636411,2.708,0.0,0.0,2.695,2.694,2.693,2.692,2.691,0.0,0.0,0.0,0.0,0.0,2.696,2.697,2.698,2.699,2.7,0.0,0.0,0.0,0.0,0.0,27100.0,176300.0,306000.0,559900.0,390600.0,0.0,0.0,0.0,0.0,0.0,103700.0,315000.0,152200.0,472600.0,438900.0,0.0,0.0,0.0,0.0,0.0
2.02308e+16,SZSE,SZSE.ETF.159901,2.693,2.696,2.698,2.689,0.0,2.979,2.437,4630900.0,0.0,12474045.6,0.0,0.0,0.0,20230825,20230825,93812421,2.708,0.0,0.0,2.692,2.691,2.69,2.689,2.688,0.0,0.0,0.0,0.0,0.0,2.693,2.694,2.695,2.696,2.697,0.0,0.0,0.0,0.0,0.0,71500.0,173000.0,223200.0,629300.0,386000.0,0.0,0.0,0.0,0.0,0.0,203700.0,234300.0,213000.0,1324800.0,288100.0,0.0,0.0,0.0,0.0,0.0
2.02308e+16,SZSE,SZSE.ETF.159901,2.695,2.696,2.698,2.689,0.0,2.979,2.437,5614400.0,4600.0,15123294.3,12396.6,0.0,0.0,20230825,20230825,94023451,2.708,0.0,0.0,2.694,2.693,2.692,2.691,2.69,0.0,0.0,0.0,0.0,0.0,2.695,2.696,2.697,2.698,2.699,0.0,0.0,0.0,0.0,0.0,118300.0,310800.0,416600.0,410400.0,272600.0,0.0,0.0,0.0,0.0,0.0,5800.0,471600.0,353000.0,678700.0,489600.0,0.0,0.0,0.0,0.0,0.0
2.02308e+16,SZSE,SZSE.ETF.159901,2.696,2.696,2.698,2.689,0.0,2.979,2.437,6302900.0,108600.0,16978613.2,292785.6,0.0,0.0,20230825,20230825,94100394,2.708,0.0,0.0,2.696,2.695,2.694,2.693,2.692,0.0,0.0,0.0,0.0,0.0,2.697,2.698,2.699,2.7,2.701,0.0,0.0,0.0,0.0,0.0,228600.0,233700.0,605600.0,200800.0,394000.0,0.0,0.0,0.0,0.0,0.0,260000.0,415200.0,563500.0,382000.0,142000.0,0.0,0.0,0.0,0.0,0.0
2.02308e+16,SZSE,SZSE.ETF.159901,2.69,2.696,2.7,2.685,0.0,2.979,2.437,15837800.0,0.0,42659308.0,0.0,0.0,0.0,20230825,20230825,102908149,2.708,0.0,0.0,2.689,2.688,2.687,2.686,2.685,0.0,0.0,0.0,0.0,0.0,2.69,2.691,2.692,2.693,2.694,0.0,0.0,0.0,0.0,0.0,83800.0,167100.0,398000.0,604400.0,321600.0,0.0,0.0,0.0,0.0,0.0,3700.0,120000.0,383100.0,301600.0,658200.0,0.0,0.0,0.0,0.0,0.0
2.02308e+16,SZSE,SZSE.ETF.159901,2.695,2.696,2.698,2.694,0.0,2.979,2.437,563600.0,0.0,1519128.0,0.0,0.0,0.0,20230825,20230825,93039450,2.708,0.0,0.0,2.694,2.693,2.692,2.691,2.69,0.0,0.0,0.0,0.0,0.0,2.695,2.696,2.697,2.698,2.699,0.0,0.0,0.0,0.0,0.0,60200.0,11600.0,15000.0,225400.0,132300.0,0.0,0.0,0.0,0.0,0.0,93100.0,96500.0,160000.0,200200.0,200000.0,0.0,0.0,0.0,0.0,0.0
2.02308e+16,SZSE,SZSE.ETF.159901,2.689,2.696,2.7,2.685,0.0,2.979,2.437,15761100.0,0.0,42453013.4,0.0,0.0,0.0,20230825,20230825,102802041,2.708,0.0,0.0,2.689,2.688,2.687,2.686,2.685,0.0,0.0,0.0,0.0,0.0,2.69,2.691,2.692,2.693,2.694,0.0,0.0,0.0,0.0,0.0,84400.0,188200.0,392000.0,604000.0,256800.0,0.0,0.0,0.0,0.0,0.0,33500.0,40000.0,383100.0,426000.0,610300.0,0.0,0.0,0.0,0.0,0.0
2.02308e+16,SZSE,SZSE.ETF.159901,2.695,2.696,2.698,2.689,0.0,2.979,2.437,5103200.0,4700.0,13746027.1,12666.5,0.0,0.0,20230825,20230825,93920477,2.708,0.0,0.0,2.695,2.694,2.693,2.692,2.691,0.0,0.0,0.0,0.0,0.0,2.696,2.697,2.698,2.699,2.7,0.0,0.0,0.0,0.0,0.0,45100.0,365700.0,240800.0,514600.0,210400.0,0.0,0.0,0.0,0.0,0.0,393700.0,413000.0,678700.0,289600.0,410400.0,0.0,0.0,0.0,0.0,0.0
2.02308e+16,SZSE,SZSE.ETF.159901,2.686,2.696,2.698,2.686,0.0,2.979,2.437,11890700.0,0.0,32035103.0,0.0,0.0,0.0,20230825,20230825,100618296,2.708,0.0,0.0,2.686,2.685,2.684,2.683,2.682,0.0,0.0,0.0,0.0,0.0,2.687,2.688,2.689,2.69,2.691,0.0,0.0,0.0,0.0,0.0,112000.0,211900.0,399200.0,377400.0,487000.0,0.0,0.0,0.0,0.0,0.0,90000.0,130000.0,293600.0,392000.0,428300.0,0.0,0.0,0.0,0.0,0.0
2.02308e+16,SZSE,SZSE.ETF.159901,2.695,2.696,2.698,2.689,0.0,2.979,2.437,5103200.0,4700.0,13746027.1,12666.5,0.0,0.0,20230825,20230825,93921437,2.708,0.0,0.0,2.695,2.694,2.693,2.692,2.691,0.0,0.0,0.0,0.0,0.0,2.696,2.697,2.698,2.699,2.7,0.0,0.0,0.0,0.0,0.0,45100.0,365700.0,240800.0,514600.0,210400.0,0.0,0.0,0.0,0.0,0.0,393700.0,413000.0,678700.0,289600.0,410400.0,0.0,0.0,0.0,0.0,0.0
2.02308e+16,SZSE,SZSE.ETF.159901,2.696,2.696,2.698,2.689,0.0,2.979,2.437,5148300.0,45100.0,13867616.7,121589.6,0.0,0.0,20230825,20230825,93924374,2.708,0.0,0.0,2.694,2.693,2.692,2.691,2.69,0.0,0.0,0.0,0.0,0.0,2.696,2.697,2.698,2.699,2.7,0.0,0.0,0.0,0.0,0.0,285700.0,330800.0,620200.0,335700.0,131700.0,0.0,0.0,0.0,0.0,0.0,308600.0,453000.0,545200.0,665100.0,368400.0,0.0,0.0,0.0,0.0,0.0
2.02308e+16,SZSE,SZSE.ETF.159901,2.696,2.696,2.698,2.689,0.0,2.979,2.437,5148300.0,0.0,13867616.7,0.0,0.0,0.0,20230825,20230825,93927422,2.708,0.0,0.0,2.695,2.694,2.693,2.692,2.691,0.0,0.0,0.0,0.0,0.0,2.696,2.697,2.698,2.699,2.7,0.0,0.0,0.0,0.0,0.0,60000.0,305700.0,240800.0,515100.0,410400.0,0.0,0.0,0.0,0.0,0.0,348600.0,353000.0,733700.0,336600.0,368400.0,0.0,0.0,0.0,0.0,0.0
2.02308e+16,SZSE,SZSE.ETF.159901,2.696,2.696,2.698,2.689,0.0,2.979,2.437,5148300.0,0.0,13867616.7,0.0,0.0,0.0,20230825,20230825,93932552,2.708,0.0,0.0,2.694,2.693,2.692,2.691,2.69,0.0,0.0,0.0,0.0,0.0,2.696,2.697,2.698,2.699,2.7,0.0,0.0,0.0,0.0,0.0,356700.0,240800.0,515100.0,410400.0,172600.0,0.0,0.0,0.0,0.0,0.0,258600.0,453000.0,673700.0,536600.0,418400.0,0.0,0.0,0.0,0.0,0.0
2.02308e+16,SZSE,SZSE.ETF.159901,2.696,2.696,2.698,2.689,0.0,2.979,2.437,5148300.0,0.0,13867616.7,0.0,0.0,0.0,20230825,20230825,93933391,2.708,0.0,0.0,2.694,2.693,2.692,2.691,2.69,0.0,0.0,0.0,0.0,0.0,2.696,2.697,2.698,2.699,2.7,0.0,0.0,0.0,0.0,0.0,356700.0,240800.0,515100.0,410400.0,172600.0,0.0,0.0,0.0,0.0,0.0,258600.0,453000.0,673700.0,536600.0,418400.0,0.0,0.0,0.0,0.0,0.0
2.02308e+16,SZSE,SZSE.ETF.159901,2.694,2.696,2.698,2.689,0.0,2.979,2.437,4957000.0,91400.0,13352117.0,246231.6,0.0,0.0,20230825,20230825,93900421,2.708,0.0,0.0,2.694,2.693,2.692,2.691,2.69,0.0,0.0,0.0,0.0,0.0,2.695,2.696,2.697,2.698,2.699,0.0,0.0,0.0,0.0,0.0,600.0,213000.0,184300.0,383000.0,433800.0,0.0,0.0,0.0,0.0,0.0,160000.0,443000.0,828100.0,303200.0,390000.0,0.0,0.0,0.0,0.0,0.0
2.02308e+16,SZSE,SZSE.ETF.159901,2.694,2.696,2.698,2.689,0.0,2.979,2.437,4957000.0,0.0,13352117.0,0.0,0.0,0.0,20230825,20230825,93903433,2.708,0.0,0.0,2.694,2.693,2.692,2.691,2.69,0.0,0.0,0.0,0.0,0.0,2.695,2.696,2.697,2.698,2.699,0.0,0.0,0.0,0.0,0.0,13600.0,276700.0,290600.0,271000.0,402100.0,0.0,0.0,0.0,0.0,0.0,43700.0,423000.0,570600.0,602700.0,428000.0,0.0,0.0,0.0,0.0,0.0
2.02308e+16,SZSE,SZSE.ETF.159901,2.695,2.696,2.698,2.689,0.0,2.979,2.437,4957600.0,600.0,13353734.0,1617.0,0.0,0.0,20230825,20230825,93905463,2.708,0.0,0.0,2.694,2.693,2.692,2.691,2.69,0.0,0.0,0.0,0.0,0.0,2.695,2.696,2.697,2.698,2.699,0.0,0.0,0.0,0.0,0.0,103700.0,213000.0,350600.0,508200.0,414900.0,0.0,0.0,0.0,0.0,0.0,63100.0,483000.0,570600.0,585600.0,465100.0,0.0,0.0,0.0,0.0,0.0
2.02308e+16,SZSE,SZSE.ETF.159901,2.695,2.696,2.698,2.689,0.0,2.979,2.437,4957600.0,600.0,13353734.0,1617.0,0.0,0.0,20230825,20230825,93906421,2.708,0.0,0.0,2.694,2.693,2.692,2.691,2.69,0.0,0.0,0.0,0.0,0.0,2.695,2.696,2.697,2.698,2.699,0.0,0.0,0.0,0.0,0.0,103700.0,213000.0,350600.0,508200.0,414900.0,0.0,0.0,0.0,0.0,0.0,63100.0,483000.0,570600.0,585600.0,465100.0,0.0,0.0,0.0,0.0,0.0
2.02308e+16,SZSE,SZSE.ETF.159901,2.695,2.696,2.698,2.689,0.0,2.979,2.437,4957600.0,0.0,13353734.0,0.0,0.0,0.0,20230825,20230825,93908629,2.708,0.0,0.0,2.694,2.693,2.692,2.691,2.69,0.0,0.0,0.0,0.0,0.0,2.695,2.696,2.697,2.698,2.699,0.0,0.0,0.0,0.0,0.0,193700.0,293000.0,274600.0,510400.0,372600.0,0.0,0.0,0.0,0.0,0.0,63100.0,403000.0,453000.0,658700.0,589600.0,0.0,0.0,0.0,0.0,0.0
2.02308e+16,SZSE,SZSE.ETF.159901,2.695,2.696,2.698,2.689,0.0,2.979,2.437,4957600.0,0.0,13353734.0,0.0,0.0,0.0,20230825,20230825,93909391,2.708,0.0,0.0,2.694,2.693,2.692,2.691,2.69,0.0,0.0,0.0,0.0,0.0,2.695,2.696,2.697,2.698,2.699,0.0,0.0,0.0,0.0,0.0,193700.0,293000.0,274600.0,510400.0,372600.0,0.0,0.0,0.0,0.0,0.0,63100.0,403000.0,453000.0,658700.0,589600.0,0.0,0.0,0.0,0.0,0.0
2.02308e+16,SZSE,SZSE.ETF.159901,2.694,2.696,2.698,2.689,0.0,2.979,2.437,5056500.0,98900.0,13620170.6,266436.6,0.0,0.0,20230825,20230825,93911476,2.708,0.0,0.0,2.694,2.693,2.692,2.691,2.69,0.0,0.0,0.0,0.0,0.0,2.695,2.696,2.697,2.698,2.699,0.0,0.0,0.0,0.0,0.0,12700.0,353000.0,494600.0,610400.0,172600.0,0.0,0.0,0.0,0.0,0.0,103100.0,503000.0,493000.0,558700.0,309600.0,0.0,0.0,0.0,0.0,0.0
2.02308e+16,SZSE,SZSE.ETF.159901,2.694,2.696,2.698,2.689,0.0,2.979,2.437,5056500.0,98900.0,13620170.6,266436.6,0.0,0.0,20230825,20230825,93912428,2.708,0.0,0.0,2.694,2.693,2.692,2.691,2.69,0.0,0.0,0.0,0.0,0.0,2.695,2.696,2.697,2.698,2.699,0.0,0.0,0.0,0.0,0.0,12700.0,353000.0,494600.0,610400.0,172600.0,0.0,0.0,0.0,0.0,0.0,103100.0,503000.0,493000.0,558700.0,309600.0,0.0,0.0,0.0,0.0,0.0
2.02308e+16,SZSE,SZSE.ETF.159901,2.694,2.696,2.698,2.689,0.0,2.979,2.437,5056500.0,0.0,13620170.6,0.0,0.0,0.0,20230825,20230825,93914462,2.708,0.0,0.0,2.694,2.693,2.692,2.691,2.69,0.0,0.0,0.0,0.0,0.0,2.695,2.696,2.697,2.698,2.699,0.0,0.0,0.0,0.0,0.0,69000.0,216700.0,414600.0,608600.0,294500.0,0.0,0.0,0.0,0.0,0.0,103100.0,403000.0,593000.0,640300.0,428000.0,0.0,0.0,0.0,0.0,0.0
2.02308e+16,SZSE,SZSE.ETF.159901,2.694,2.696,2.698,2.689,0.0,2.979,2.437,5056500.0,0.0,13620170.6,0.0,0.0,0.0,20230825,20230825,93915423,2.708,0.0,0.0,2.694,2.693,2.692,2.691,2.69,0.0,0.0,0.0,0.0,0.0,2.695,2.696,2.697,2.698,2.699,0.0,0.0,0.0,0.0,0.0,69000.0,216700.0,414600.0,608600.0,294500.0,0.0,0.0,0.0,0.0,0.0,103100.0,403000.0,593000.0,640300.0,428000.0,0.0,0.0,0.0,0.0,0.0
2.02308e+16,SZSE,SZSE.ETF.159901,2.695,2.696,2.698,2.689,0.0,2.979,2.437,5098500.0,42000.0,13733360.6,113190.0,0.0,0.0,20230825,20230825,93918387,2.708,0.0,0.0,2.694,2.693,2.692,2.691,2.69,0.0,0.0,0.0,0.0,0.0,2.695,2.696,2.697,2.698,2.699,0.0,0.0,0.0,0.0,0.0,205700.0,293000.0,414600.0,228600.0,254500.0,0.0,0.0,0.0,0.0,0.0,3700.0,390000.0,453000.0,740300.0,308000.0,0.0,0.0,0.0,0.0,0.0
2.02308e+16,SZSE,SZSE.ETF.159901,2.695,2.696,2.698,2.689,0.0,2.979,2.437,4188400.0,0.0,11281394.7,0.0,0.0,0.0,20230825,20230825,93633446,2.708,0.0,0.0,2.695,2.694,2.693,2.692,2.691,0.0,0.0,0.0,0.0,0.0,2.696,2.697,2.698,2.699,2.7,0.0,0.0,0.0,0.0,0.0,121500.0,120000.0,366000.0,328100.0,472400.0,0.0,0.0,0.0,0.0,0.0,68700.0,215000.0,192200.0,654200.0,357300.0,0.0,0.0,0.0,0.0,0.0
2.02308e+16,SZSE,SZSE.ETF.159901,2.699,2.696,2.7,2.685,0.0,2.979,2.437,14471000.0,0.0,38975755.9,0.0,0.0,0.0,20230825,20230825,101750189,2.708,0.0,0.0,2.698,2.697,2.696,2.695,2.694,0.0,0.0,0.0,0.0,0.0,2.699,2.7,2.701,2.702,2.703,0.0,0.0,0.0,0.0,0.0,3400.0,172900.0,240200.0,318000.0,708100.0,0.0,0.0,0.0,0.0,0.0,67200.0,233200.0,222000.0,772900.0,424500.0,0.0,0.0,0.0,0.0,0.0
2.02308e+16,SZSE,SZSE.ETF.159901,2.698,2.696,2.698,2.694,0.0,2.979,2.437,545600.0,0.0,1470614.5,0.0,0.0,0.0,20230825,20230825,93030503,2.708,0.0,0.0,2.695,2.694,2.693,2.692,2.691,0.0,0.0,0.0,0.0,0.0,2.696,2.697,2.698,2.7,2.701,0.0,0.0,0.0,0.0,0.0,500.0,160200.0,111600.0,115000.0,125400.0,0.0,0.0,0.0,0.0,0.0,100000.0,160000.0,100200.0,218400.0,200000.0,0.0,0.0,0.0,0.0,0.0
2.02308e+16,SZSE,SZSE.ETF.159901,2.696,2.696,2.698,2.689,0.0,2.979,2.437,6332200.0,700.0,17057634.6,1887.2,0.0,0.0,20230825,20230825,94108470,2.708,0.0,0.0,2.696,2.695,2.694,2.693,2.692,0.0,0.0,0.0,0.0,0.0,2.697,2.698,2.699,2.7,2.701,0.0,0.0,0.0,0.0,0.0,394000.0,344000.0,545600.0,368200.0,137400.0,0.0,0.0,0.0,0.0,0.0,175100.0,375200.0,330000.0,515800.0,441600.0,0.0,0.0,0.0,0.0,0.0
2.02308e+16,SZSE,SZSE.ETF.159901,2.698,2.696,2.698,2.694,0.0,2.979,2.437,545600.0,0.0,1470614.5,0.0,0.0,0.0,20230825,20230825,93024475,2.708,0.0,0.0,2.695,2.694,2.693,2.692,2.691,0.0,0.0,0.0,0.0,0.0,2.696,2.697,2.698,2.7,2.702,0.0,0.0,0.0,0.0,0.0,60500.0,100200.0,111600.0,15000.0,125400.0,0.0,0.0,0.0,0.0,0.0,100000.0,100000.0,160000.0,218200.0,50000.0,0.0,0.0,0.0,0.0,0.0
2.02308e+16,SZSE,SZSE.ETF.159901,2.694,2.696,2.698,2.689,0.0,2.979,2.437,5206800.0,14400.0,14025215.7,38793.6,0.0,0.0,20230825,20230825,94009435,2.708,0.0,0.0,2.694,2.693,2.692,2.691,2.69,0.0,0.0,0.0,0.0,0.0,2.696,2.697,2.698,2.699,2.7,0.0,0.0,0.0,0.0,0.0,275300.0,250800.0,336600.0,372800.0,410200.0,0.0,0.0,0.0,0.0,0.0,401600.0,410600.0,741100.0,289600.0,210400.0,0.0,0.0,0.0,0.0,0.0
2.02308e+16,SZSE,SZSE.ETF.159901,2.694,2.696,2.698,2.689,0.0,2.979,2.437,5345500.0,138700.0,14398873.5,373657.8,0.0,0.0,20230825,20230825,94012468,2.708,0.0,0.0,2.694,2.693,2.692,2.691,2.69,0.0,0.0,0.0,0.0,0.0,2.696,2.697,2.698,2.699,2.7,0.0,0.0,0.0,0.0,0.0,148300.0,310800.0,416600.0,410400.0,372600.0,0.0,0.0,0.0,0.0,0.0,408600.0,433000.0,1173700.0,456600.0,168400.0,0.0,0.0,0.0,0.0,0.0
2.02308e+16,SZSE,SZSE.ETF.159901,2.694,2.696,2.698,2.689,0.0,2.979,2.437,5435000.0,89500.0,14639986.5,241113.0,0.0,0.0,20230825,20230825,94014593,2.708,0.0,0.0,2.694,2.693,2.692,2.691,2.69,0.0,0.0,0.0,0.0,0.0,2.695,2.696,2.697,2.698,2.699,0.0,0.0,0.0,0.0,0.0,149500.0,310800.0,416600.0,365800.0,417300.0,0.0,0.0,0.0,0.0,0.0,3700.0,457900.0,393000.0,673700.0,456600.0,0.0,0.0,0.0,0.0,0.0
2.02308e+16,SZSE,SZSE.ETF.159901,2.694,2.696,2.698,2.689,0.0,2.979,2.437,5609800.0,102800.0,15110897.7,276943.2,0.0,0.0,20230825,20230825,94021421,2.708,0.0,0.0,2.694,2.693,2.692,2.691,2.69,0.0,0.0,0.0,0.0,0.0,2.695,2.696,2.697,2.698,2.699,0.0,0.0,0.0,0.0,0.0,100000.0,310800.0,316600.0,410400.0,372600.0,0.0,0.0,0.0,0.0,0.0,13700.0,467900.0,433000.0,958700.0,409600.0,0.0,0.0,0.0,0.0,0.0
2.02308e+16,SZSE,SZSE.ETF.159901,2.695,2.696,2.698,2.689,0.0,2.979,2.437,5614400.0,4600.0,15123294.3,12396.6,0.0,0.0,20230825,20230825,94024407,2.708,0.0,0.0,2.694,2.693,2.692,2.691,2.69,0.0,0.0,0.0,0.0,0.0,2.695,2.696,2.697,2.698,2.699,0.0,0.0,0.0,0.0,0.0,118300.0,310800.0,416600.0,410400.0,272600.0,0.0,0.0,0.0,0.0,0.0,5800.0,471600.0,353000.0,678700.0,489600.0,0.0,0.0,0.0,0.0,0.0
2.02308e+16,SZSE,SZSE.ETF.159901,2.694,2.696,2.698,2.689,0.0,2.979,2.437,5176000.0,0.0,13942240.5,0.0,0.0,0.0,20230825,20230825,93942407,2.708,0.0,0.0,2.694,2.693,2.692,2.691,2.69,0.0,0.0,0.0,0.0,0.0,2.695,2.696,2.697,2.698,2.699,0.0,0.0,0.0,0.0,0.0,104200.0,227800.0,455100.0,310400.0,134100.0,0.0,0.0,0.0,0.0,0.0,173000.0,401600.0,513000.0,1258700.0,289600.0,0.0,0.0,0.0,0.0,0.0
