TradeDate,OrigTime,BidPx1,BidPx2,BidPx3,BidPx4,BidPx5,BidSize1,BidSize2,BidSize3,BidSize4,BidSize5,DownLimitPx,HighPx,LastPx,LowPx,OFI1,OFI2,OFI3,OFI4,OFI5,OfferPx1,OfferPx2,OfferPx3,OfferPx4,OfferPx5,OfferSize1,OfferSize2,OfferSize3,OfferSize4,OfferSize5,OpenPx,PreClosePx,PxChange1,PxChange2,TotalValueTrade,TotalVolumeTrade,UpLimitPx,aOF1,aOF2,aOF3,aOF4,aOF5,abs_diff,abs_diff_v,amount,ask_spread,bOF1,bOF2,bOF3,bOF4,bOF5,bid_ask_spread,bid_spread,close,df_max,df_min,energy,energy_v,f_max,f_min,high,iqr_p,iqr_p_v,log_return,low,mid,minute,open,price_spread,price_spread2,tendency,ticker,total_ask_qty,total_bid_qty,total_qty_diff,total_volume,volatility,volatility_QMLE,volume,volume_imbalance,vwap,wap1,weighted_ask_prc,weighted_bid_prc
0.0,0.0,0.0,0.0,0.0,0.0,0.0,0.0,0.0,0.0,0.0,0.0,0.0,0.0,0.0,0.0,0.0,0.0,0.0,0.0,0.0,0.0,0.0,0.0,0.0,0.0,0.0,0.0,0.0,0.0,0.0,0.0,0.0,0.0,0.0,0.0,0.0,0.0,0.0,0.0,0.0,0.0,0.0,0.0,0.0,0.0,0.0,0.0,0.0,0.0,0.0,0.0,0.0,0.0,0.0,0.0,0.0,0.0,0.0,0.0,0.0,0.0,0.0,0.0,0.0,0.0,0.0,0.0,0.0,0.0,0.0,0.0,0.0,0.0,0.0,0.0,0.0,0.0,0.0,0.0,0.0,0.0,0.0,0.0,0.0
0.0,0.0,0.0,0.0,0.0,0.0,0.0,0.0,0.0,0.0,0.0,0.0,0.0,0.0,0.0,0.0,0.0,0.0,0.0,0.0,0.0,0.0,0.0,0.0,0.0,0.0,0.0,0.0,0.0,0.0,0.0,0.0,0.0,0.0,0.0,0.0,0.0,0.0,0.0,0.0,0.0,0.0,0.0,0.0,0.0,0.0,0.0,0.0,0.0,0.0,0.0,0.0,0.0,0.0,0.0,0.0,0.0,0.0,0.0,0.0,0.0,0.0,0.0,0.0,0.0,0.0,0.0,0.0,0.0,0.0,0.0,0.0,0.0,0.0,0.0,0.0,0.0,0.0,0.0,0.0,0.0,0.0,0.0,0.0,0.0
0.0,0.0,0.0,0.0,0.0,0.0,0.0,0.0,0.0,0.0,0.0,0.0,0.0,0.0,0.0,0.0,0.0,0.0,0.0,0.0,0.0,0.0,0.0,0.0,0.0,0.0,0.0,0.0,0.0,0.0,0.0,0.0,0.0,0.0,0.0,0.0,0.0,0.0,0.0,0.0,0.0,0.0,0.0,0.0,0.0,0.0,0.0,0.0,0.0,0.0,0.0,0.0,0.0,0.0,0.0,0.0,0.0,0.0,0.0,0.0,0.0,0.0,0.0,0.0,0.0,0.0,0.0,0.0,0.0,0.0,0.0,0.0,0.0,0.0,0.0,0.0,0.0,0.0,0.0,0.0,0.0,0.0,0.0,0.0,0.0
0.0,0.0,0.0,0.0,0.0,0.0,0.0,0.0,0.0,0.0,0.0,0.0,0.0,0.0,0.0,0.0,0.0,0.0,0.0,0.0,0.0,0.0,0.0,0.0,0.0,0.0,0.0,0.0,0.0,0.0,0.0,0.0,0.0,0.0,0.0,0.0,0.0,0.0,0.0,0.0,0.0,0.0,0.0,0.0,0.0,0.0,0.0,0.0,0.0,0.0,0.0,0.0,0.0,0.0,0.0,0.0,0.0,0.0,0.0,0.0,0.0,0.0,0.0,0.0,0.0,0.0,0.0,0.0,0.0,0.0,0.0,0.0,0.0,0.0,0.0,0.0,0.0,0.0,0.0,0.0,0.0,0.0,0.0,0.0,0.0
0.0,0.0,0.0,0.0,0.0,0.0,0.0,0.0,0.0,0.0,0.0,0.0,0.0,0.0,0.0,0.0,0.0,0.0,0.0,0.0,0.0,0.0,0.0,0.0,0.0,0.0,0.0,0.0,0.0,0.0,0.0,0.0,0.0,0.0,0.0,0.0,0.0,0.0,0.0,0.0,0.0,0.0,0.0,0.0,0.0,0.0,0.0,0.0,0.0,0.0,0.0,0.0,0.0,0.0,0.0,0.0,0.0,0.0,0.0,0.0,0.0,0.0,0.0,0.0,0.0,0.0,0.0,0.0,0.0,0.0,0.0,0.0,0.0,0.0,0.0,0.0,0.0,0.0,0.0,0.0,0.0,0.0,0.0,0.0,0.0
0.0,0.0,0.0,0.0,0.0,0.0,0.0,0.0,0.0,0.0,0.0,0.0,0.0,0.0,0.0,0.0,0.0,0.0,0.0,0.0,0.0,0.0,0.0,0.0,0.0,0.0,0.0,0.0,0.0,0.0,0.0,0.0,0.0,0.0,0.0,0.0,0.0,0.0,0.0,0.0,0.0,0.0,0.0,0.0,0.0,0.0,0.0,0.0,0.0,0.0,0.0,0.0,0.0,0.0,0.0,0.0,0.0,0.0,0.0,0.0,0.0,0.0,0.0,0.0,0.0,0.0,0.0,0.0,0.0,0.0,0.0,0.0,0.0,0.0,0.0,0.0,0.0,0.0,0.0,0.0,0.0,0.0,0.0,0.0,0.0
0.0,0.0,0.0,0.0,0.0,0.0,0.0,0.0,0.0,0.0,0.0,0.0,0.0,0.0,0.0,0.0,0.0,0.0,0.0,0.0,0.0,0.0,0.0,0.0,0.0,0.0,0.0,0.0,0.0,0.0,0.0,0.0,0.0,0.0,0.0,0.0,0.0,0.0,0.0,0.0,0.0,0.0,0.0,0.0,0.0,0.0,0.0,0.0,0.0,0.0,0.0,0.0,0.0,0.0,0.0,0.0,0.0,0.0,0.0,0.0,0.0,0.0,0.0,0.0,0.0,0.0,0.0,0.0,0.0,0.0,0.0,0.0,0.0,0.0,0.0,0.0,0.0,0.0,0.0,0.0,0.0,0.0,0.0,0.0,0.0
0.0,0.0,0.0,0.0,0.0,0.0,0.0,0.0,0.0,0.0,0.0,0.0,0.0,0.0,0.0,0.0,0.0,0.0,0.0,0.0,0.0,0.0,0.0,0.0,0.0,0.0,0.0,0.0,0.0,0.0,0.0,0.0,0.0,0.0,0.0,0.0,0.0,0.0,0.0,0.0,0.0,0.0,0.0,0.0,0.0,0.0,0.0,0.0,0.0,0.0,0.0,0.0,0.0,0.0,0.0,0.0,0.0,0.0,0.0,0.0,0.0,0.0,0.0,0.0,0.0,0.0,0.0,0.0,0.0,0.0,0.0,0.0,0.0,0.0,0.0,0.0,0.0,0.0,0.0,0.0,0.0,0.0,0.0,0.0,0.0
0.0,0.0,0.0,0.0,0.0,0.0,0.0,0.0,0.0,0.0,0.0,0.0,0.0,0.0,0.0,0.0,0.0,0.0,0.0,0.0,0.0,0.0,0.0,0.0,0.0,0.0,0.0,0.0,0.0,0.0,0.0,0.0,0.0,0.0,0.0,0.0,0.0,0.0,0.0,0.0,0.0,0.0,0.0,0.0,0.0,0.0,0.0,0.0,0.0,0.0,0.0,0.0,0.0,0.0,0.0,0.0,0.0,0.0,0.0,0.0,0.0,0.0,0.0,0.0,0.0,0.0,0.0,0.0,0.0,0.0,0.0,0.0,0.0,0.0,0.0,0.0,0.0,0.0,0.0,0.0,0.0,0.0,0.0,0.0,0.0
0.0,0.0,0.0,0.0,0.0,0.0,0.0,0.0,0.0,0.0,0.0,0.0,0.0,0.0,0.0,0.0,0.0,0.0,0.0,0.0,0.0,0.0,0.0,0.0,0.0,0.0,0.0,0.0,0.0,0.0,0.0,0.0,0.0,0.0,0.0,0.0,0.0,0.0,0.0,0.0,0.0,0.0,0.0,0.0,0.0,0.0,0.0,0.0,0.0,0.0,0.0,0.0,0.0,0.0,0.0,0.0,0.0,0.0,0.0,0.0,0.0,0.0,0.0,0.0,0.0,0.0,0.0,0.0,0.0,0.0,0.0,0.0,0.0,0.0,0.0,0.0,0.0,0.0,0.0,0.0,0.0,0.0,0.0,0.0,0.0
0.0,0.0,0.0,0.0,0.0,0.0,0.0,0.0,0.0,0.0,0.0,0.0,0.0,0.0,0.0,0.0,0.0,0.0,0.0,0.0,0.0,0.0,0.0,0.0,0.0,0.0,0.0,0.0,0.0,0.0,0.0,0.0,0.0,0.0,0.0,0.0,0.0,0.0,0.0,0.0,0.0,0.0,0.0,0.0,0.0,0.0,0.0,0.0,0.0,0.0,0.0,0.0,0.0,0.0,0.0,0.0,0.0,0.0,0.0,0.0,0.0,0.0,0.0,0.0,0.0,0.0,0.0,0.0,0.0,0.0,0.0,0.0,0.0,0.0,0.0,0.0,0.0,0.0,0.0,0.0,0.0,0.0,0.0,0.0,0.0
0.0,0.0,0.0,0.0,0.0,0.0,0.0,0.0,0.0,0.0,0.0,0.0,0.0,0.0,0.0,0.0,0.0,0.0,0.0,0.0,0.0,0.0,0.0,0.0,0.0,0.0,0.0,0.0,0.0,0.0,0.0,0.0,0.0,0.0,0.0,0.0,0.0,0.0,0.0,0.0,0.0,0.0,0.0,0.0,0.0,0.0,0.0,0.0,0.0,0.0,0.0,0.0,0.0,0.0,0.0,0.0,0.0,0.0,0.0,0.0,0.0,0.0,0.0,0.0,0.0,0.0,0.0,0.0,0.0,0.0,0.0,0.0,0.0,0.0,0.0,0.0,0.0,0.0,0.0,0.0,0.0,0.0,0.0,0.0,0.0
0.0,0.0,0.0,0.0,0.0,0.0,0.0,0.0,0.0,0.0,0.0,0.0,0.0,0.0,0.0,0.0,0.0,0.0,0.0,0.0,0.0,0.0,0.0,0.0,0.0,0.0,0.0,0.0,0.0,0.0,0.0,0.0,0.0,0.0,0.0,0.0,0.0,0.0,0.0,0.0,0.0,0.0,0.0,0.0,0.0,0.0,0.0,0.0,0.0,0.0,0.0,0.0,0.0,0.0,0.0,0.0,0.0,0.0,0.0,0.0,0.0,0.0,0.0,0.0,0.0,0.0,0.0,0.0,0.0,0.0,0.0,0.0,0.0,0.0,0.0,0.0,0.0,0.0,0.0,0.0,0.0,0.0,0.0,0.0,0.0
0.0,0.0,0.0,0.0,0.0,0.0,0.0,0.0,0.0,0.0,0.0,0.0,0.0,0.0,0.0,0.0,0.0,0.0,0.0,0.0,0.0,0.0,0.0,0.0,0.0,0.0,0.0,0.0,0.0,0.0,0.0,0.0,0.0,0.0,0.0,0.0,0.0,0.0,0.0,0.0,0.0,0.0,0.0,0.0,0.0,0.0,0.0,0.0,0.0,0.0,0.0,0.0,0.0,0.0,0.0,0.0,0.0,0.0,0.0,0.0,0.0,0.0,0.0,0.0,0.0,0.0,0.0,0.0,0.0,0.0,0.0,0.0,0.0,0.0,0.0,0.0,0.0,0.0,0.0,0.0,0.0,0.0,0.0,0.0,0.0
0.0,0.0,0.0,0.0,0.0,0.0,0.0,0.0,0.0,0.0,0.0,0.0,0.0,0.0,0.0,0.0,0.0,0.0,0.0,0.0,0.0,0.0,0.0,0.0,0.0,0.0,0.0,0.0,0.0,0.0,0.0,0.0,0.0,0.0,0.0,0.0,0.0,0.0,0.0,0.0,0.0,0.0,0.0,0.0,0.0,0.0,0.0,0.0,0.0,0.0,0.0,0.0,0.0,0.0,0.0,0.0,0.0,0.0,0.0,0.0,0.0,0.0,0.0,0.0,0.0,0.0,0.0,0.0,0.0,0.0,0.0,0.0,0.0,0.0,0.0,0.0,0.0,0.0,0.0,0.0,0.0,0.0,0.0,0.0,0.0
0.0,0.0,0.0,0.0,0.0,0.0,0.0,0.0,0.0,0.0,0.0,0.0,0.0,0.0,0.0,0.0,0.0,0.0,0.0,0.0,0.0,0.0,0.0,0.0,0.0,0.0,0.0,0.0,0.0,0.0,0.0,0.0,0.0,0.0,0.0,0.0,0.0,0.0,0.0,0.0,0.0,0.0,0.0,0.0,0.0,0.0,0.0,0.0,0.0,0.0,0.0,0.0,0.0,0.0,0.0,0.0,0.0,0.0,0.0,0.0,0.0,0.0,0.0,0.0,0.0,0.0,0.0,0.0,0.0,0.0,0.0,0.0,0.0,0.0,0.0,0.0,0.0,0.0,0.0,0.0,0.0,0.0,0.0,0.0,0.0
0.0,0.0,0.0,0.0,0.0,0.0,0.0,0.0,0.0,0.0,0.0,0.0,0.0,0.0,0.0,0.0,0.0,0.0,0.0,0.0,0.0,0.0,0.0,0.0,0.0,0.0,0.0,0.0,0.0,0.0,0.0,0.0,0.0,0.0,0.0,0.0,0.0,0.0,0.0,0.0,0.0,0.0,0.0,0.0,0.0,0.0,0.0,0.0,0.0,0.0,0.0,0.0,0.0,0.0,0.0,0.0,0.0,0.0,0.0,0.0,0.0,0.0,0.0,0.0,0.0,0.0,0.0,0.0,0.0,0.0,0.0,0.0,0.0,0.0,0.0,0.0,0.0,0.0,0.0,0.0,0.0,0.0,0.0,0.0,0.0
0.0,0.0,0.0,0.0,0.0,0.0,0.0,0.0,0.0,0.0,0.0,0.0,0.0,0.0,0.0,0.0,0.0,0.0,0.0,0.0,0.0,0.0,0.0,0.0,0.0,0.0,0.0,0.0,0.0,0.0,0.0,0.0,0.0,0.0,0.0,0.0,0.0,0.0,0.0,0.0,0.0,0.0,0.0,0.0,0.0,0.0,0.0,0.0,0.0,0.0,0.0,0.0,0.0,0.0,0.0,0.0,0.0,0.0,0.0,0.0,0.0,0.0,0.0,0.0,0.0,0.0,0.0,0.0,0.0,0.0,0.0,0.0,0.0,0.0,0.0,0.0,0.0,0.0,0.0,0.0,0.0,0.0,0.0,0.0,0.0
0.0,0.0,0.0,0.0,0.0,0.0,0.0,0.0,0.0,0.0,0.0,0.0,0.0,0.0,0.0,0.0,0.0,0.0,0.0,0.0,0.0,0.0,0.0,0.0,0.0,0.0,0.0,0.0,0.0,0.0,0.0,0.0,0.0,0.0,0.0,0.0,0.0,0.0,0.0,0.0,0.0,0.0,0.0,0.0,0.0,0.0,0.0,0.0,0.0,0.0,0.0,0.0,0.0,0.0,0.0,0.0,0.0,0.0,0.0,0.0,0.0,0.0,0.0,0.0,0.0,0.0,0.0,0.0,0.0,0.0,0.0,0.0,0.0,0.0,0.0,0.0,0.0,0.0,0.0,0.0,0.0,0.0,0.0,0.0,0.0
0.0,0.0,0.0,0.0,0.0,0.0,0.0,0.0,0.0,0.0,0.0,0.0,0.0,0.0,0.0,0.0,0.0,0.0,0.0,0.0,0.0,0.0,0.0,0.0,0.0,0.0,0.0,0.0,0.0,0.0,0.0,0.0,0.0,0.0,0.0,0.0,0.0,0.0,0.0,0.0,0.0,0.0,0.0,0.0,0.0,0.0,0.0,0.0,0.0,0.0,0.0,0.0,0.0,0.0,0.0,0.0,0.0,0.0,0.0,0.0,0.0,0.0,0.0,0.0,0.0,0.0,0.0,0.0,0.0,0.0,0.0,0.0,0.0,0.0,0.0,0.0,0.0,0.0,0.0,0.0,0.0,0.0,0.0,0.0,0.0
0.0,0.0,0.0,0.0,0.0,0.0,0.0,0.0,0.0,0.0,0.0,0.0,0.0,0.0,0.0,0.0,0.0,0.0,0.0,0.0,0.0,0.0,0.0,0.0,0.0,0.0,0.0,0.0,0.0,0.0,0.0,0.0,0.0,0.0,0.0,0.0,0.0,0.0,0.0,0.0,0.0,0.0,0.0,0.0,0.0,0.0,0.0,0.0,0.0,0.0,0.0,0.0,0.0,0.0,0.0,0.0,0.0,0.0,0.0,0.0,0.0,0.0,0.0,0.0,0.0,0.0,0.0,0.0,0.0,0.0,0.0,0.0,0.0,0.0,0.0,0.0,0.0,0.0,0.0,0.0,0.0,0.0,0.0,0.0,0.0
0.0,0.0,0.0,0.0,0.0,0.0,0.0,0.0,0.0,0.0,0.0,0.0,0.0,0.0,0.0,0.0,0.0,0.0,0.0,0.0,0.0,0.0,0.0,0.0,0.0,0.0,0.0,0.0,0.0,0.0,0.0,0.0,0.0,0.0,0.0,0.0,0.0,0.0,0.0,0.0,0.0,0.0,0.0,0.0,0.0,0.0,0.0,0.0,0.0,0.0,0.0,0.0,0.0,0.0,0.0,0.0,0.0,0.0,0.0,0.0,0.0,0.0,0.0,0.0,0.0,0.0,0.0,0.0,0.0,0.0,0.0,0.0,0.0,0.0,0.0,0.0,0.0,0.0,0.0,0.0,0.0,0.0,0.0,0.0,0.0
0.0,0.0,0.0,0.0,0.0,0.0,0.0,0.0,0.0,0.0,0.0,0.0,0.0,0.0,0.0,0.0,0.0,0.0,0.0,0.0,0.0,0.0,0.0,0.0,0.0,0.0,0.0,0.0,0.0,0.0,0.0,0.0,0.0,0.0,0.0,0.0,0.0,0.0,0.0,0.0,0.0,0.0,0.0,0.0,0.0,0.0,0.0,0.0,0.0,0.0,0.0,0.0,0.0,0.0,0.0,0.0,0.0,0.0,0.0,0.0,0.0,0.0,0.0,0.0,0.0,0.0,0.0,0.0,0.0,0.0,0.0,0.0,0.0,0.0,0.0,0.0,0.0,0.0,0.0,0.0,0.0,0.0,0.0,0.0,0.0
0.0,0.0,0.0,0.0,0.0,0.0,0.0,0.0,0.0,0.0,0.0,0.0,0.0,0.0,0.0,0.0,0.0,0.0,0.0,0.0,0.0,0.0,0.0,0.0,0.0,0.0,0.0,0.0,0.0,0.0,0.0,0.0,0.0,0.0,0.0,0.0,0.0,0.0,0.0,0.0,0.0,0.0,0.0,0.0,0.0,0.0,0.0,0.0,0.0,0.0,0.0,0.0,0.0,0.0,0.0,0.0,0.0,0.0,0.0,0.0,0.0,0.0,0.0,0.0,0.0,0.0,0.0,0.0,0.0,0.0,0.0,0.0,0.0,0.0,0.0,0.0,0.0,0.0,0.0,0.0,0.0,0.0,0.0,0.0,0.0
0.0,0.0,0.0,0.0,0.0,0.0,0.0,0.0,0.0,0.0,0.0,0.0,0.0,0.0,0.0,0.0,0.0,0.0,0.0,0.0,0.0,0.0,0.0,0.0,0.0,0.0,0.0,0.0,0.0,0.0,0.0,0.0,0.0,0.0,0.0,0.0,0.0,0.0,0.0,0.0,0.0,0.0,0.0,0.0,0.0,0.0,0.0,0.0,0.0,0.0,0.0,0.0,0.0,0.0,0.0,0.0,0.0,0.0,0.0,0.0,0.0,0.0,0.0,0.0,0.0,0.0,0.0,0.0,0.0,0.0,0.0,0.0,0.0,0.0,0.0,0.0,0.0,0.0,0.0,0.0,0.0,0.0,0.0,0.0,0.0
0.0,0.0,0.0,0.0,0.0,0.0,0.0,0.0,0.0,0.0,0.0,0.0,0.0,0.0,0.0,0.0,0.0,0.0,0.0,0.0,0.0,0.0,0.0,0.0,0.0,0.0,0.0,0.0,0.0,0.0,0.0,0.0,0.0,0.0,0.0,0.0,0.0,0.0,0.0,0.0,0.0,0.0,0.0,0.0,0.0,0.0,0.0,0.0,0.0,0.0,0.0,0.0,0.0,0.0,0.0,0.0,0.0,0.0,0.0,0.0,0.0,0.0,0.0,0.0,0.0,0.0,0.0,0.0,0.0,0.0,0.0,0.0,0.0,0.0,0.0,0.0,0.0,0.0,0.0,0.0,0.0,0.0,0.0,0.0,0.0
0.0,0.0,0.0,0.0,0.0,0.0,0.0,0.0,0.0,0.0,0.0,0.0,0.0,0.0,0.0,0.0,0.0,0.0,0.0,0.0,0.0,0.0,0.0,0.0,0.0,0.0,0.0,0.0,0.0,0.0,0.0,0.0,0.0,0.0,0.0,0.0,0.0,0.0,0.0,0.0,0.0,0.0,0.0,0.0,0.0,0.0,0.0,0.0,0.0,0.0,0.0,0.0,0.0,0.0,0.0,0.0,0.0,0.0,0.0,0.0,0.0,0.0,0.0,0.0,0.0,0.0,0.0,0.0,0.0,0.0,0.0,0.0,0.0,0.0,0.0,0.0,0.0,0.0,0.0,0.0,0.0,0.0,0.0,0.0,0.0
0.0,0.0,0.0,0.0,0.0,0.0,0.0,0.0,0.0,0.0,0.0,0.0,0.0,0.0,0.0,0.0,0.0,0.0,0.0,0.0,0.0,0.0,0.0,0.0,0.0,0.0,0.0,0.0,0.0,0.0,0.0,0.0,0.0,0.0,0.0,0.0,0.0,0.0,0.0,0.0,0.0,0.0,0.0,0.0,0.0,0.0,0.0,0.0,0.0,0.0,0.0,0.0,0.0,0.0,0.0,0.0,0.0,0.0,0.0,0.0,0.0,0.0,0.0,0.0,0.0,0.0,0.0,0.0,0.0,0.0,0.0,0.0,0.0,0.0,0.0,0.0,0.0,0.0,0.0,0.0,0.0,0.0,0.0,0.0,0.0
0.0,0.0,0.0,0.0,0.0,0.0,0.0,0.0,0.0,0.0,0.0,0.0,0.0,0.0,0.0,0.0,0.0,0.0,0.0,0.0,0.0,0.0,0.0,0.0,0.0,0.0,0.0,0.0,0.0,0.0,0.0,0.0,0.0,0.0,0.0,0.0,0.0,0.0,0.0,0.0,0.0,0.0,0.0,0.0,0.0,0.0,0.0,0.0,0.0,0.0,0.0,0.0,0.0,0.0,0.0,0.0,0.0,0.0,0.0,0.0,0.0,0.0,0.0,0.0,0.0,0.0,0.0,0.0,0.0,0.0,0.0,0.0,0.0,0.0,0.0,0.0,0.0,0.0,0.0,0.0,0.0,0.0,0.0,0.0,0.0
0.0,0.0,0.0,0.0,0.0,0.0,0.0,0.0,0.0,0.0,0.0,0.0,0.0,0.0,0.0,0.0,0.0,0.0,0.0,0.0,0.0,0.0,0.0,0.0,0.0,0.0,0.0,0.0,0.0,0.0,0.0,0.0,0.0,0.0,0.0,0.0,0.0,0.0,0.0,0.0,0.0,0.0,0.0,0.0,0.0,0.0,0.0,0.0,0.0,0.0,0.0,0.0,0.0,0.0,0.0,0.0,0.0,0.0,0.0,0.0,0.0,0.0,0.0,0.0,0.0,0.0,0.0,0.0,0.0,0.0,0.0,0.0,0.0,0.0,0.0,0.0,0.0,0.0,0.0,0.0,0.0,0.0,0.0,0.0,0.0
0.0,0.0,0.0,0.0,0.0,0.0,0.0,0.0,0.0,0.0,0.0,0.0,0.0,0.0,0.0,0.0,0.0,0.0,0.0,0.0,0.0,0.0,0.0,0.0,0.0,0.0,0.0,0.0,0.0,0.0,0.0,0.0,0.0,0.0,0.0,0.0,0.0,0.0,0.0,0.0,0.0,0.0,0.0,0.0,0.0,0.0,0.0,0.0,0.0,0.0,0.0,0.0,0.0,0.0,0.0,0.0,0.0,0.0,0.0,0.0,0.0,0.0,0.0,0.0,0.0,0.0,0.0,0.0,0.0,0.0,0.0,0.0,0.0,0.0,0.0,0.0,0.0,0.0,0.0,0.0,0.0,0.0,0.0,0.0,0.0
0.0,0.0,0.0,0.0,0.0,0.0,0.0,0.0,0.0,0.0,0.0,0.0,0.0,0.0,0.0,0.0,0.0,0.0,0.0,0.0,0.0,0.0,0.0,0.0,0.0,0.0,0.0,0.0,0.0,0.0,0.0,0.0,0.0,0.0,0.0,0.0,0.0,0.0,0.0,0.0,0.0,0.0,0.0,0.0,0.0,0.0,0.0,0.0,0.0,0.0,0.0,0.0,0.0,0.0,0.0,0.0,0.0,0.0,0.0,0.0,0.0,0.0,0.0,0.0,0.0,0.0,0.0,0.0,0.0,0.0,0.0,0.0,0.0,0.0,0.0,0.0,0.0,0.0,0.0,0.0,0.0,0.0,0.0,0.0,0.0
0.0,0.0,0.0,0.0,0.0,0.0,0.0,0.0,0.0,0.0,0.0,0.0,0.0,0.0,0.0,0.0,0.0,0.0,0.0,0.0,0.0,0.0,0.0,0.0,0.0,0.0,0.0,0.0,0.0,0.0,0.0,0.0,0.0,0.0,0.0,0.0,0.0,0.0,0.0,0.0,0.0,0.0,0.0,0.0,0.0,0.0,0.0,0.0,0.0,0.0,0.0,0.0,0.0,0.0,0.0,0.0,0.0,0.0,0.0,0.0,0.0,0.0,0.0,0.0,0.0,0.0,0.0,0.0,0.0,0.0,0.0,0.0,0.0,0.0,0.0,0.0,0.0,0.0,0.0,0.0,0.0,0.0,0.0,0.0,0.0
0.0,0.0,0.0,0.0,0.0,0.0,0.0,0.0,0.0,0.0,0.0,0.0,0.0,0.0,0.0,0.0,0.0,0.0,0.0,0.0,0.0,0.0,0.0,0.0,0.0,0.0,0.0,0.0,0.0,0.0,0.0,0.0,0.0,0.0,0.0,0.0,0.0,0.0,0.0,0.0,0.0,0.0,0.0,0.0,0.0,0.0,0.0,0.0,0.0,0.0,0.0,0.0,0.0,0.0,0.0,0.0,0.0,0.0,0.0,0.0,0.0,0.0,0.0,0.0,0.0,0.0,0.0,0.0,0.0,0.0,0.0,0.0,0.0,0.0,0.0,0.0,0.0,0.0,0.0,0.0,0.0,0.0,0.0,0.0,0.0
0.0,0.0,0.0,0.0,0.0,0.0,0.0,0.0,0.0,0.0,0.0,0.0,0.0,0.0,0.0,0.0,0.0,0.0,0.0,0.0,0.0,0.0,0.0,0.0,0.0,0.0,0.0,0.0,0.0,0.0,0.0,0.0,0.0,0.0,0.0,0.0,0.0,0.0,0.0,0.0,0.0,0.0,0.0,0.0,0.0,0.0,0.0,0.0,0.0,0.0,0.0,0.0,0.0,0.0,0.0,0.0,0.0,0.0,0.0,0.0,0.0,0.0,0.0,0.0,0.0,0.0,0.0,0.0,0.0,0.0,0.0,0.0,0.0,0.0,0.0,0.0,0.0,0.0,0.0,0.0,0.0,0.0,0.0,0.0,0.0
0.0,0.0,0.0,0.0,0.0,0.0,0.0,0.0,0.0,0.0,0.0,0.0,0.0,0.0,0.0,0.0,0.0,0.0,0.0,0.0,0.0,0.0,0.0,0.0,0.0,0.0,0.0,0.0,0.0,0.0,0.0,0.0,0.0,0.0,0.0,0.0,0.0,0.0,0.0,0.0,0.0,0.0,0.0,0.0,0.0,0.0,0.0,0.0,0.0,0.0,0.0,0.0,0.0,0.0,0.0,0.0,0.0,0.0,0.0,0.0,0.0,0.0,0.0,0.0,0.0,0.0,0.0,0.0,0.0,0.0,0.0,0.0,0.0,0.0,0.0,0.0,0.0,0.0,0.0,0.0,0.0,0.0,0.0,0.0,0.0
0.0,0.0,0.0,0.0,0.0,0.0,0.0,0.0,0.0,0.0,0.0,0.0,0.0,0.0,0.0,0.0,0.0,0.0,0.0,0.0,0.0,0.0,0.0,0.0,0.0,0.0,0.0,0.0,0.0,0.0,0.0,0.0,0.0,0.0,0.0,0.0,0.0,0.0,0.0,0.0,0.0,0.0,0.0,0.0,0.0,0.0,0.0,0.0,0.0,0.0,0.0,0.0,0.0,0.0,0.0,0.0,0.0,0.0,0.0,0.0,0.0,0.0,0.0,0.0,0.0,0.0,0.0,0.0,0.0,0.0,0.0,0.0,0.0,0.0,0.0,0.0,0.0,0.0,0.0,0.0,0.0,0.0,0.0,0.0,0.0
0.0,0.0,0.0,0.0,0.0,0.0,0.0,0.0,0.0,0.0,0.0,0.0,0.0,0.0,0.0,0.0,0.0,0.0,0.0,0.0,0.0,0.0,0.0,0.0,0.0,0.0,0.0,0.0,0.0,0.0,0.0,0.0,0.0,0.0,0.0,0.0,0.0,0.0,0.0,0.0,0.0,0.0,0.0,0.0,0.0,0.0,0.0,0.0,0.0,0.0,0.0,0.0,0.0,0.0,0.0,0.0,0.0,0.0,0.0,0.0,0.0,0.0,0.0,0.0,0.0,0.0,0.0,0.0,0.0,0.0,0.0,0.0,0.0,0.0,0.0,0.0,0.0,0.0,0.0,0.0,0.0,0.0,0.0,0.0,0.0
0.0,0.0,0.0,0.0,0.0,0.0,0.0,0.0,0.0,0.0,0.0,0.0,0.0,0.0,0.0,0.0,0.0,0.0,0.0,0.0,0.0,0.0,0.0,0.0,0.0,0.0,0.0,0.0,0.0,0.0,0.0,0.0,0.0,0.0,0.0,0.0,0.0,0.0,0.0,0.0,0.0,0.0,0.0,0.0,0.0,0.0,0.0,0.0,0.0,0.0,0.0,0.0,0.0,0.0,0.0,0.0,0.0,0.0,0.0,0.0,0.0,0.0,0.0,0.0,0.0,0.0,0.0,0.0,0.0,0.0,0.0,0.0,0.0,0.0,0.0,0.0,0.0,0.0,0.0,0.0,0.0,0.0,0.0,0.0,0.0
0.0,0.0,0.0,0.0,0.0,0.0,0.0,0.0,0.0,0.0,0.0,0.0,0.0,0.0,0.0,0.0,0.0,0.0,0.0,0.0,0.0,0.0,0.0,0.0,0.0,0.0,0.0,0.0,0.0,0.0,0.0,0.0,0.0,0.0,0.0,0.0,0.0,0.0,0.0,0.0,0.0,0.0,0.0,0.0,0.0,0.0,0.0,0.0,0.0,0.0,0.0,0.0,0.0,0.0,0.0,0.0,0.0,0.0,0.0,0.0,0.0,0.0,0.0,0.0,0.0,0.0,0.0,0.0,0.0,0.0,0.0,0.0,0.0,0.0,0.0,0.0,0.0,0.0,0.0,0.0,0.0,0.0,0.0,0.0,0.0
0.0,0.0,0.0,0.0,0.0,0.0,0.0,0.0,0.0,0.0,0.0,0.0,0.0,0.0,0.0,0.0,0.0,0.0,0.0,0.0,0.0,0.0,0.0,0.0,0.0,0.0,0.0,0.0,0.0,0.0,0.0,0.0,0.0,0.0,0.0,0.0,0.0,0.0,0.0,0.0,0.0,0.0,0.0,0.0,0.0,0.0,0.0,0.0,0.0,0.0,0.0,0.0,0.0,0.0,0.0,0.0,0.0,0.0,0.0,0.0,0.0,0.0,0.0,0.0,0.0,0.0,0.0,0.0,0.0,0.0,0.0,0.0,0.0,0.0,0.0,0.0,0.0,0.0,0.0,0.0,0.0,0.0,0.0,0.0,0.0
0.0,0.0,0.0,0.0,0.0,0.0,0.0,0.0,0.0,0.0,0.0,0.0,0.0,0.0,0.0,0.0,0.0,0.0,0.0,0.0,0.0,0.0,0.0,0.0,0.0,0.0,0.0,0.0,0.0,0.0,0.0,0.0,0.0,0.0,0.0,0.0,0.0,0.0,0.0,0.0,0.0,0.0,0.0,0.0,0.0,0.0,0.0,0.0,0.0,0.0,0.0,0.0,0.0,0.0,0.0,0.0,0.0,0.0,0.0,0.0,0.0,0.0,0.0,0.0,0.0,0.0,0.0,0.0,0.0,0.0,0.0,0.0,0.0,0.0,0.0,0.0,0.0,0.0,0.0,0.0,0.0,0.0,0.0,0.0,0.0
0.0,0.0,0.0,0.0,0.0,0.0,0.0,0.0,0.0,0.0,0.0,0.0,0.0,0.0,0.0,0.0,0.0,0.0,0.0,0.0,0.0,0.0,0.0,0.0,0.0,0.0,0.0,0.0,0.0,0.0,0.0,0.0,0.0,0.0,0.0,0.0,0.0,0.0,0.0,0.0,0.0,0.0,0.0,0.0,0.0,0.0,0.0,0.0,0.0,0.0,0.0,0.0,0.0,0.0,0.0,0.0,0.0,0.0,0.0,0.0,0.0,0.0,0.0,0.0,0.0,0.0,0.0,0.0,0.0,0.0,0.0,0.0,0.0,0.0,0.0,0.0,0.0,0.0,0.0,0.0,0.0,0.0,0.0,0.0,0.0
0.0,0.0,0.0,0.0,0.0,0.0,0.0,0.0,0.0,0.0,0.0,0.0,0.0,0.0,0.0,0.0,0.0,0.0,0.0,0.0,0.0,0.0,0.0,0.0,0.0,0.0,0.0,0.0,0.0,0.0,0.0,0.0,0.0,0.0,0.0,0.0,0.0,0.0,0.0,0.0,0.0,0.0,0.0,0.0,0.0,0.0,0.0,0.0,0.0,0.0,0.0,0.0,0.0,0.0,0.0,0.0,0.0,0.0,0.0,0.0,0.0,0.0,0.0,0.0,0.0,0.0,0.0,0.0,0.0,0.0,0.0,0.0,0.0,0.0,0.0,0.0,0.0,0.0,0.0,0.0,0.0,0.0,0.0,0.0,0.0
20230825.0,2.023082510145913e+16,5.863,5.862,5.861,5.86,5.859,150000.0,510000.0,688000.0,344200.0,285900.0,5.285,5.877,5.863,5.824,-180000.0,-900000.0,-1313800.0,-927900.0,-606000.0,5.864,5.865,5.866,5.867,5.868,30000.0,390000.0,625800.0,583700.0,320100.0,5.85,5.872,-0.0089999999999994,0.0,190400473.1,32546200.0,6.459,30000.0,390000.0,625800.0,583700.0,320100.0,0.0010000000000003,38233.33333333209,190400473.1,-0.0010000000000003,-150000.0,-510000.0,-688000.0,-344200.0,-285900.0,0.0020000000000006,0.0010000000000003,5.863,3.0,0.0,34.35913733333334,6334422972450000.0,3.0,3.0,5.863,0.0017500000000003,77500.0,0.0004852277257996,5.86,5.8635,1015.0,5.86,0.0001705466018588,0.0005116398055768,1663230.7495482494,159922.0,1949600.0,1978100.0,-28500.0,3927700.0,0.1306670361271763,0.139421625782343,32546200.0,28500.0,5.8501598681259255,5.863833333333333,5.866396953221174,5.860946413224812
20230825.0,2.023082510155913e+16,5.864,5.863,5.862,5.861,5.86,146500.0,267900.0,500000.0,260000.0,234700.0,5.285,5.877,5.864,5.824,396500.0,397900.0,1235600.0,915000.0,353500.0,5.865,5.866,5.867,5.868,5.869,250000.0,130000.0,735600.0,655000.0,118800.0,5.85,5.872,-0.008,0.0009999999999994,195026658.7,33335300.0,6.459,-250000.0,-130000.0,-735600.0,-655000.0,-118800.0,0.0019,106000.0,4626185.599999994,-0.0009999999999994,146500.0,267900.0,500000.0,260000.0,234700.0,0.0019999999999988,0.0009999999999994,5.864,5.0,4.0,34.361875100000006,2.178260861558e+16,10.0,10.0,5.865,0.0039999999999995,205600.0,9.142912200243992e-05,5.859,5.8645,1016.0,5.863,0.0001705175206753,0.0005115525620256,573152.5265747815,159922.0,1889400.0,1409100.0,480300.0,3298500.0,0.1645876323507954,0.1763960546013497,789100.0,480300.0,5.862610062096051,5.86436948297604,5.867138985921457,5.8618804201263215
20230825.0,2.02308251016592e+16,5.869,5.868,5.867,5.866,5.865,570000.0,539100.0,180000.0,375900.0,673800.0,5.285,5.877,5.87,5.824,2683900.0,579100.0,310000.0,932600.0,1292300.0,5.87,5.871,5.872,5.873,5.874,2113900.0,40000.0,130000.0,556700.0,618500.0,5.85,5.872,-0.0019999999999997,0.0060000000000002,200241241.1,34224000.0,6.459,-2113900.0,-40000.0,-130000.0,-556700.0,-618500.0,0.0017499999999994,310240.0,5214582.400000006,-0.0010000000000003,570000.0,539100.0,180000.0,375900.0,673800.0,0.0019999999999997,0.0009999999999994,5.87,7.0,2.0,34.42462725,2.286832344986e+16,13.0,7.0,5.87,0.0024999999999995,629125.0,0.0008254759487564,5.863,5.8695,1017.0,5.864,0.0001703722633955,0.0005111167901865,3450603.440221765,159922.0,3459100.0,2338800.0,1120300.0,5797900.0,0.1518380159314428,0.1697168335157355,888700.0,1120300.0,5.867652076066171,5.86921237751034,5.871284756150444,5.866981015905593
20230825.0,2.0230825101759096e+16,5.866,5.865,5.864,5.863,5.862,15000.0,90000.0,780000.0,110000.0,334700.0,5.285,5.877,5.866,5.824,-325000.0,-400000.0,-1555500.0,-2323900.0,-668400.0,5.867,5.868,5.869,5.87,5.871,310000.0,310000.0,775500.0,2213900.0,333700.0,5.85,5.872,-0.0060000000000002,-0.0040000000000004,203058474.3,34704200.0,6.459,310000.0,310000.0,775500.0,2213900.0,333700.0,0.0013999999999994,127645.0,2817233.200000018,-0.0010000000000003,-15000.0,-90000.0,-780000.0,-110000.0,-334700.0,0.0019999999999997,0.0009999999999994,5.866,3.0,5.0,34.4205196,2.376614011011e+16,10.0,10.0,5.87,0.0019999999999997,245200.0,-0.0005396086899243,5.864,5.8665,1018.0,5.87,0.0001704593880508,0.0005113781641524,-2340933.704916825,159922.0,3943100.0,1329700.0,2613400.0,5272800.0,0.1439800631265064,0.1601636535537162,480200.0,2613400.0,5.866791336942978,5.8660461538461535,5.869494864446755,5.863504098668873
20230825.0,2.023082510185909e+16,5.864,5.863,5.862,5.861,5.86,50000.0,674900.0,380000.0,405900.0,404800.0,5.285,5.877,5.866,5.824,-490000.0,-1519500.0,-990700.0,-515900.0,-2473500.0,5.866,5.867,5.868,5.869,5.87,440000.0,844600.0,610700.0,110000.0,2068700.0,5.85,5.872,-0.0060000000000002,0.0,205464221.0,35114300.0,6.459,440000.0,844600.0,610700.0,110000.0,2068700.0,0.0006499999999984,44275.0,2405746.699999988,-0.0010000000000003,-50000.0,-674900.0,-380000.0,-405900.0,-404800.0,0.0019999999999997,0.0009999999999994,5.866,2.0,3.0,34.40585065,2.445824685555e+16,12.0,8.0,5.867,0.0009999999999994,58775.0,-0.0003140721112786,5.864,5.865,1019.0,5.866,0.0003410059676043,0.0006820119352087,1892.511480303132,159922.0,4074000.0,1915600.0,2158400.0,5989600.0,0.1461780855809384,0.1530795321506988,410100.0,2158400.0,5.8662440868080665,5.8642040816326535,5.868619243986254,5.861769993735645
20230825.0,2.023082510195906e+16,5.861,5.86,5.859,5.858,5.857,100000.0,785000.0,350000.0,191500.0,58800.0,5.285,5.877,5.862,5.824,-410100.0,-894900.0,-749800.0,-827400.0,-592500.0,5.862,5.863,5.864,5.865,5.866,310100.0,109900.0,399800.0,635900.0,533700.0,5.85,5.872,-0.0099999999999997,-0.0039999999999995,210327211.2,35943900.0,6.459,310100.0,109900.0,399800.0,635900.0,533700.0,0.0005499999999978,178210.0,4862990.199999988,-0.0010000000000003,-100000.0,-785000.0,-350000.0,-191500.0,-58800.0,0.0019999999999997,0.0009999999999994,5.862,3.0,4.0,34.36949405,2.524313582304e+16,6.0,14.0,5.866,0.0010000000000003,482300.0,-0.0005049254833509,5.861,5.8615,1020.0,5.866,0.0001706047939947,0.0005118143819841,-2400891.0278093577,159922.0,1989400.0,1485300.0,504100.0,3474700.0,0.1427875542455911,0.153799299461464,829600.0,504100.0,5.861849324975878,5.86124384296513,5.864489192721423,5.859455059583922
20230825.0,2.0230825102059056e+16,5.861,5.86,5.859,5.858,5.857,635000.0,575900.0,108800.0,365600.0,710000.0,5.285,5.877,5.863,5.824,665000.0,155800.0,263600.0,539900.0,1190900.0,5.864,5.865,5.866,5.867,5.868,130000.0,364900.0,504800.0,365800.0,539700.0,5.85,5.872,-0.0089999999999994,0.0010000000000003,212731157.4,36354000.0,6.459,-130000.0,-364900.0,-504800.0,-365800.0,-539700.0,0.0003000000000001,69195.0,2403946.200000018,-0.0010000000000003,535000.0,-209100.0,-241200.0,174100.0,651200.0,0.0019999999999997,0.0009999999999994,5.863,2.0,0.0,34.37125160000001,2.633202741959e+16,15.0,5.0,5.863,0.0002500000000003,39625.0,0.0003831819354378,5.861,5.8625,1021.0,5.861,0.0005117270788912,0.0008528784648187,1234343.332604598,159922.0,1905200.0,2395300.0,-490100.0,4300500.0,0.1363917207197326,0.1401832995359324,410100.0,490100.0,5.861853694220965,5.863490196078431,5.866430558471552,5.859025174299671
20230825.0,2.0230825102159104e+16,5.869,5.868,5.867,5.866,5.865,765600.0,529800.0,200800.0,250000.0,698900.0,5.285,5.877,5.87,5.824,2609800.0,664800.0,331800.0,905700.0,1163500.0,5.87,5.871,5.872,5.873,5.874,1844200.0,135000.0,131000.0,655700.0,464600.0,5.85,5.872,-0.0019999999999997,0.0069999999999996,216163095.4,36938900.0,6.459,-1844200.0,-135000.0,-131000.0,-655700.0,-464600.0,0.0023499999999998,122240.0,3431938.0,-0.0010000000000003,765600.0,529800.0,200800.0,250000.0,698900.0,0.0019999999999997,0.0009999999999994,5.87,6.0,2.0,34.405856750000005,2.670578549942e+16,10.0,10.0,5.87,0.0049999999999998,213750.0,0.0009892213866959,5.862,5.8695,1022.0,5.863,0.0001703722633955,0.0005111167901865,4367245.467014004,159922.0,3230500.0,2445100.0,785400.0,5675600.0,0.1582664873269241,0.1725785660346978,584900.0,785400.0,5.867563686100188,5.869293355812705,5.871307073208482,5.867168991043311
20230825.0,2.023082510225906e+16,5.871,5.87,5.869,5.868,5.867,80000.0,690000.0,694900.0,275800.0,40000.0,5.285,5.877,5.872,5.824,146000.0,1000000.0,1344000.0,575800.0,385900.0,5.873,5.874,5.875,5.876,5.877,66000.0,310000.0,649100.0,300000.0,345900.0,5.85,5.872,0.0,0.0019999999999997,228664348.9,39068600.0,6.459,-66000.0,-310000.0,-649100.0,-300000.0,-345900.0,0.0008499999999989,403255.0,12501253.5,-0.0009999999999994,80000.0,690000.0,694900.0,275800.0,40000.0,0.0019999999999997,0.0010000000000003,5.872,3.0,1.0,34.44692265,2.847408741159e+16,6.0,14.0,5.872,0.0012499999999997,333200.0,0.000477377010966,5.868,5.872,1023.0,5.87,0.0003405994550408,0.0006811989100816,1341477.2043230357,159922.0,1671000.0,1780700.0,-109700.0,3451700.0,0.1587036866612002,0.1742734741902382,2129700.0,109700.0,5.869959853500493,5.872095890410959,5.875329024536207,5.869277531307913
20230825.0,2.023082510233505e+16,5.867,5.866,5.865,5.864,5.863,43800.0,160000.0,930100.0,110000.0,105900.0,5.285,5.877,5.867,5.824,-58800.0,-300000.0,-1560600.0,-470000.0,-679700.0,5.868,5.869,5.87,5.871,5.872,15000.0,140000.0,630500.0,360000.0,573800.0,5.85,5.872,-0.0049999999999998,-0.0049999999999998,229316854.3,39179800.0,6.459,15000.0,140000.0,630500.0,360000.0,573800.0,0.0006666666666665,5733.333333335817,652505.400000006,-0.0009999999999994,-43800.0,-160000.0,-930100.0,-110000.0,-105900.0,0.0019999999999997,0.0010000000000003,5.867,0.0,3.0,34.441250833333335,1.83624989496e+16,3.0,9.0,5.872,0.0002499999999994,3750.0,-0.0007412353760876,5.867,5.8675,1024.0,5.872,0.0001704303365999,0.0005112910097997,-3333604.0768665243,159922.0,1719300.0,1349800.0,369500.0,3069100.0,0.1600574965650913,0.1837082660279501,111200.0,369500.0,5.867854316546816,5.867744897959184,5.870777991042866,5.86494502889317
20230825.0,2.0230825102459064e+16,5.865,5.864,5.863,5.862,5.861,195100.0,905900.0,140000.0,418400.0,640000.0,5.285,5.877,5.869,5.824,-245100.0,-995900.0,-744900.0,-630400.0,-1270600.0,5.867,5.868,5.869,5.87,5.871,50000.0,90000.0,604900.0,212000.0,630600.0,5.85,5.872,-0.0030000000000001,0.0019999999999997,230167754.3,39324800.0,6.459,50000.0,90000.0,604900.0,212000.0,630600.0,0.0,12500.0,850900.0,-0.0010000000000003,-195100.0,-905900.0,-140000.0,-418400.0,-640000.0,0.0020000000000006,0.0010000000000003,5.869,0.0,0.0,34.44516099999999,1.854548880048e+16,0.0,0.0,5.869,0.0,12500.0,-0.0001964993350072,5.869,5.866,1025.0,5.869,0.0003409478349812,0.0006818956699625,0.0,159922.0,1587500.0,2299400.0,-711900.0,3886900.0,0.176020993364715,0.1981278369787959,145000.0,711900.0,5.868275862068965,5.866592003263974,5.869808314960629,5.862825041315125
20230825.0,2.023082510255903e+16,5.858,5.857,5.856,5.855,5.854,145600.0,140000.0,1086400.0,103400.0,374900.0,5.285,5.877,5.859,5.824,-335500.0,-230000.0,-1801400.0,-894100.0,-504900.0,5.859,5.86,5.861,5.862,5.863,189900.0,90000.0,715000.0,790700.0,130000.0,5.85,5.872,-0.0129999999999999,-0.0099999999999997,231623243.6,39573100.0,6.459,189900.0,90000.0,715000.0,790700.0,130000.0,0.0013500000000004,86350.0,1455489.299999982,-0.0010000000000003,-145600.0,-140000.0,-1086400.0,-103400.0,-374900.0,0.0019999999999997,0.0009999999999994,5.859,0.0,7.0,34.37067175,3.114371488774e+16,7.0,13.0,5.869,0.0030000000000001,135125.0,-0.0013915577597964,5.859,5.858499999999999,1026.0,5.869,0.0001706921566954,0.0005120764700862,-6723575.554583804,159922.0,1915600.0,1850300.0,65300.0,3765900.0,0.1580482515754844,0.1679382151735076,248300.0,65300.0,5.861817559403875,5.858433979135619,5.861303247024431,5.855771928876399
20230825.0,2.0230825102659016e+16,5.858,5.857,5.856,5.855,5.854,65800.0,495000.0,700500.0,179300.0,374900.0,5.285,5.877,5.859,5.824,59500.0,971700.0,26900.0,420800.0,415800.0,5.86,5.861,5.862,5.863,5.864,139300.0,616700.0,412800.0,344900.0,415800.0,5.85,5.872,-0.0129999999999999,0.0,232471045.2,39717800.0,6.459,-139300.0,-616700.0,-412800.0,-344900.0,-415800.0,0.0003499999999974,64835.0,847801.599999994,-0.0009999999999994,-79800.0,355000.0,-385900.0,75900.0,0.0,0.0019999999999988,0.0009999999999994,5.859,2.0,3.0,34.33198285,3.142340189589e+16,5.0,15.0,5.861,0.0002500000000003,141175.0,3.544554911827369e-05,5.859,5.859,1027.0,5.859,0.0003413551800649,0.0006827103601296,-1207.2305319760926,159922.0,1929500.0,1815500.0,114000.0,3745000.0,0.1458092584706871,0.1629394147767536,144700.0,114000.0,5.859029716655107,5.858641638225255,5.8621457372376256,5.855833379234371
20230825.0,2.0230825102759016e+16,5.854,5.853,5.852,5.851,5.85,55700.0,70100.0,537200.0,470700.0,330700.0,5.285,5.877,5.855,5.824,-105800.0,-811500.0,-1097200.0,-1086500.0,-370700.0,5.855,5.856,5.857,5.858,5.859,50100.0,741400.0,560000.0,615800.0,40000.0,5.85,5.872,-0.0169999999999994,-0.0039999999999995,234582112.2,40078300.0,6.459,50100.0,741400.0,560000.0,615800.0,40000.0,0.0003500000000027,29830.0,2111067.0,-0.0009999999999994,-55700.0,-70100.0,-537200.0,-470700.0,-330700.0,0.0019999999999997,0.0010000000000003,5.855,1.0,3.0,34.28512425,3.19976852032e+16,4.0,16.0,5.858,0.0,0.0,-0.000702657612345,5.855,5.8545,1028.0,5.858,0.0001708087795713,0.0005124263387138,-2046783.548353884,159922.0,2007300.0,1464400.0,542900.0,3471700.0,0.1253201126397841,0.1286573385450383,360500.0,542900.0,5.855941747572816,5.854526465028355,5.856927365117322,5.851350860420651
20230825.0,2.023082510285907e+16,5.85,5.849,5.848,5.847,5.846,240700.0,315000.0,750100.0,80000.0,542700.0,5.285,5.877,5.851,5.824,-404700.0,-435000.0,-1492400.0,-834900.0,-711600.0,5.851,5.852,5.853,5.854,5.855,164000.0,120000.0,742300.0,754900.0,168900.0,5.85,5.872,-0.0209999999999999,-0.0040000000000004,235252214.0,40192800.0,6.459,164000.0,120000.0,742300.0,754900.0,168900.0,0.0011500000000008,35795.0,670101.8000000119,-0.0010000000000003,-240700.0,-315000.0,-750100.0,-80000.0,-542700.0,0.0019999999999997,0.0009999999999994,5.851,0.0,4.0,34.25936715,3.219762239871e+16,8.0,12.0,5.855,0.0030000000000001,80800.0,-0.0006717920384333,5.851,5.8505,1029.0,5.855,0.0001709255619178,0.0005127766857533,-2743398.981486894,159922.0,1950100.0,1928500.0,21600.0,3878600.0,0.1166688715923274,0.1327405425939421,114500.0,21600.0,5.852417467249013,5.850594761551766,5.8533305984308495,5.847808659579984
20230825.0,2.023082510295904e+16,5.852,5.851,5.85,5.849,5.848,40000.0,270900.0,400000.0,586000.0,234900.0,5.285,5.877,5.853,5.824,90000.0,1179300.0,735000.0,971900.0,304900.0,5.853,5.854,5.855,5.856,5.857,50000.0,908400.0,335000.0,385900.0,70000.0,5.85,5.872,-0.0190000000000001,0.0019999999999997,236483378.7,40403200.0,6.459,-50000.0,-908400.0,-335000.0,-385900.0,-70000.0,0.0004999999999997,40100.0,1231164.699999988,-0.0010000000000003,40000.0,270900.0,400000.0,586000.0,234900.0,0.0020000000000006,0.0010000000000003,5.853,3.0,2.0,34.24785516666666,2.931435031908e+16,6.0,12.0,5.853,0.0009999999999994,70200.0,0.0003161030011986,5.851,5.8525,1030.0,5.851,0.0001708671507901,0.0005126014523708,1377871.0142822512,159922.0,1749300.0,1531800.0,217500.0,3281100.0,0.1139176996255505,0.1189701484103223,210400.0,217500.0,5.851543250950514,5.852444444444444,5.85472417538444,5.849539822431127
20230825.0,2.023082510305904e+16,5.848,5.847,5.846,5.845,5.844,95100.0,373400.0,901800.0,175900.0,220000.0,5.285,5.877,5.851,5.824,-213500.0,-1163400.0,-1471700.0,-511800.0,-430000.0,5.85,5.851,5.852,5.853,5.854,118400.0,790000.0,569900.0,335900.0,210000.0,5.85,5.872,-0.0209999999999999,-0.0019999999999997,238782391.7,40796200.0,6.459,118400.0,790000.0,569900.0,335900.0,210000.0,0.0001500000000005,91775.0,2299013.0,-0.0010000000000003,-95100.0,-373400.0,-901800.0,-175900.0,-220000.0,0.0019999999999997,0.0009999999999994,5.851,2.0,4.0,34.23244644999999,3.313740798269e+16,16.0,4.0,5.853,0.0,189800.0,-0.0006073799183967,5.849,5.849,1031.0,5.853,0.000341938792956,0.000683877585912,-1374921.030101833,159922.0,2024200.0,1766200.0,258000.0,3790400.0,0.1272156641419462,0.1379364267153341,393000.0,258000.0,5.849905852417303,5.848890866510539,5.851866169350855,5.845970388404484
20230825.0,2.0230825103159056e+16,5.854,5.853,5.852,5.851,5.85,500000.0,735000.0,475900.0,90000.0,194800.0,5.285,5.877,5.855,5.824,569900.0,1371300.0,845900.0,520800.0,509600.0,5.856,5.857,5.858,5.859,5.86,69900.0,636300.0,370000.0,430800.0,314800.0,5.85,5.872,-0.0169999999999994,0.0040000000000004,239762885.8,40963700.0,6.459,-69900.0,-636300.0,-370000.0,-430800.0,-314800.0,0.0014000000000002,37820.0,980494.1000000238,-0.0010000000000003,500000.0,735000.0,475900.0,90000.0,194800.0,0.0020000000000006,0.0010000000000003,5.855,3.0,1.0,34.2505882,3.33957151635e+16,8.0,12.0,5.855,0.0030000000000001,67100.0,0.0011728382626907,5.851,5.855,1032.0,5.851,0.0003415883859948,0.0006831767719898,2795482.0264848787,159922.0,1821800.0,1995700.0,-173900.0,3817500.0,0.1419099978466877,0.1411817633351473,167500.0,173900.0,5.853696119403128,5.855754693805931,5.858156054451641,5.852629052462795
20230825.0,2.023082510325896e+16,5.852,5.851,5.85,5.849,5.848,99900.0,485000.0,710000.0,196000.0,234900.0,5.285,5.877,5.853,5.824,-149400.0,-575600.0,-1516400.0,-936800.0,-439700.0,5.853,5.854,5.855,5.856,5.857,49500.0,90600.0,806400.0,740800.0,204800.0,5.85,5.872,-0.0190000000000001,-0.0020000000000006,240526742.1,41094200.0,6.459,49500.0,90600.0,806400.0,740800.0,204800.0,0.0007999999999999,28950.0,763856.2999999821,-0.0010000000000003,-99900.0,-485000.0,-710000.0,-196000.0,-234900.0,0.0020000000000006,0.0010000000000003,5.853,2.0,3.0,34.2552687,3.37261304048e+16,10.0,10.0,5.855,0.0012499999999997,37500.0,-0.0005271451298729,5.852,5.8525,1033.0,5.855,0.0001708671507901,0.0005126014523708,-1402370.5228986095,159922.0,1892100.0,1725800.0,166300.0,3617900.0,0.1464994563473085,0.1400840661121765,130500.0,166300.0,5.853304980842775,5.852668674698795,5.855507795571059,5.850011009386951
20230825.0,2.023082510335895e+16,5.859,5.858,5.857,5.856,5.855,156400.0,115400.0,247200.0,1110900.0,229800.0,5.285,5.877,5.859,5.824,426400.0,676800.0,682100.0,1236800.0,545600.0,5.86,5.861,5.862,5.863,5.864,270000.0,561400.0,434900.0,125900.0,315800.0,5.85,5.872,-0.0129999999999999,0.0060000000000002,245391281.7,41924800.0,6.459,-270000.0,-561400.0,-434900.0,-125900.0,-315800.0,0.0009999999999998,142940.0,4864539.599999994,-0.0009999999999994,156400.0,115400.0,247200.0,1110900.0,229800.0,0.0019999999999997,0.0010000000000003,5.859,5.0,1.0,34.31148089999999,3.489263569886e+16,15.0,5.0,5.859,0.0012500000000006,135900.0,0.0011438008014044,5.853,5.859500000000001,1034.0,5.853,0.0001706630258555,0.0005119890775663,4264102.510441053,159922.0,1708000.0,1859700.0,-151700.0,3567700.0,0.149878649772504,0.1578505715853942,830600.0,151700.0,5.856657356128093,5.859366791744841,5.861798653395784,5.85638576114427
0.0,0.0,0.0,0.0,0.0,0.0,0.0,0.0,0.0,0.0,0.0,0.0,0.0,0.0,0.0,0.0,0.0,0.0,0.0,0.0,0.0,0.0,0.0,0.0,0.0,0.0,0.0,0.0,0.0,0.0,0.0,0.0,0.0,0.0,0.0,0.0,0.0,0.0,0.0,0.0,0.0,0.0,0.0,0.0,0.0,0.0,0.0,0.0,0.0,0.0,0.0,0.0,0.0,0.0,0.0,0.0,0.0,0.0,0.0,0.0,0.0,0.0,0.0,0.0,0.0,0.0,0.0,0.0,0.0,0.0,0.0,0.0,0.0,0.0,0.0,0.0,0.0,0.0,0.0,0.0,0.0,0.0,0.0,0.0,0.0
20230825.0,2.023082510355897e+16,5.857,5.856,5.855,5.854,5.853,40000.0,263100.0,340400.0,500000.0,200700.0,5.285,5.877,5.858,5.824,-520000.0,-873000.0,-811300.0,-610000.0,-550700.0,5.858,5.859,5.86,5.861,5.862,480000.0,609900.0,470900.0,110000.0,350000.0,5.85,5.872,-0.0140000000000002,0.0,251018446.1,42885400.0,6.459,480000.0,609900.0,470900.0,110000.0,350000.0,0.0,67966.66666666418,3599122.699999988,-0.0010000000000003,-40000.0,-263100.0,-340400.0,-500000.0,-200700.0,0.0020000000000006,0.0010000000000003,5.858,0.0,0.0,34.31616399999999,5500025508570000.0,0.0,0.0,5.858,0.0,101950.0,-0.0003253128241582,5.858,5.8575,1036.0,5.858,0.0001707212974817,0.0005121638924456,0.0,159922.0,2020800.0,1344200.0,676600.0,3365000.0,0.1389346390180749,0.1532199567685386,614400.0,676600.0,5.857947102864564,5.857076923076924,5.859623960807601,5.85458466002083
20230825.0,2.023082510365894e+16,5.852,5.851,5.85,5.849,5.848,90000.0,490000.0,406100.0,130000.0,210100.0,5.285,5.877,5.853,5.824,-110100.0,-552700.0,-856000.0,-865000.0,-376000.0,5.853,5.854,5.855,5.856,5.857,20100.0,62700.0,449900.0,735000.0,165900.0,5.85,5.872,-0.0190000000000001,-0.0049999999999998,253601910.0,43326600.0,6.459,20100.0,62700.0,449900.0,735000.0,165900.0,0.0009999999999976,57440.0,2583463.900000006,-0.0010000000000003,-90000.0,-490000.0,-406100.0,-130000.0,-210100.0,0.0020000000000006,0.0010000000000003,5.853,0.0,3.0,34.2693187,3.73410638997e+16,6.0,14.0,5.857,0.0015,26575.0,-0.0007275017931154,5.853,5.8525,1037.0,5.857,0.0001708671507901,0.0005126014523708,-2954575.397388339,159922.0,1433600.0,1326200.0,107400.0,2759800.0,0.1405839585284384,0.1676546384339799,441200.0,107400.0,5.855539211242081,5.852817438692098,5.855672363281251,5.850090333283064
20230825.0,2.023082510375892e+16,5.851,5.85,5.849,5.848,5.847,614900.0,306000.0,160000.0,294900.0,130500.0,5.285,5.877,5.85,5.824,-644800.0,-550900.0,-265100.0,-249800.0,-40500.0,5.853,5.854,5.855,5.856,5.857,50000.0,307600.0,555000.0,689900.0,75900.0,5.85,5.872,-0.0220000000000002,-0.0030000000000001,253708966.2,43344900.0,6.459,29900.0,244900.0,105100.0,-45100.0,-90000.0,0.0017000000000022,6275.0,107056.19999998808,-0.0010000000000003,-614900.0,-306000.0,-160000.0,-294900.0,-130500.0,0.0020000000000006,0.0010000000000003,5.85,1.0,1.0,34.249418899999995,3.755528259229e+16,12.0,8.0,5.854,0.0040000000000004,18000.0,5.495244588260562e-06,5.85,5.852,1038.0,5.853,0.0003417634996581,0.0006835269993165,-2222405.213470894,159922.0,1678400.0,1506300.0,172100.0,3184700.0,0.1370077010262465,0.1592601164550923,18300.0,172100.0,5.85006557376984,5.852849601443825,5.855258639180173,5.849650534422095
20230825.0,2.023082510385896e+16,5.849,5.848,5.847,5.846,5.845,169600.0,330100.0,375500.0,445800.0,97800.0,5.285,5.877,5.852,5.824,-439600.0,-845000.0,-671300.0,-1095700.0,-340400.0,5.85,5.851,5.852,5.853,5.854,270000.0,514900.0,295800.0,649900.0,242600.0,5.85,5.872,-0.0199999999999995,0.0020000000000006,253734129.8,43349200.0,6.459,270000.0,514900.0,295800.0,649900.0,242600.0,0.0006000000000003,1290.0,25163.60000002384,-0.0010000000000003,-169600.0,-330100.0,-375500.0,-445800.0,-97800.0,0.0020000000000006,0.0010000000000003,5.852,1.0,0.0,34.2388828,3.758082610502e+16,14.0,6.0,5.852,0.0020000000000006,4300.0,-0.0005919888204382,5.85,5.8495,1039.0,5.85,0.0001709547824599,0.0005128643473801,1481517.4299389774,159922.0,1973200.0,1418800.0,554400.0,3392000.0,0.1450725408504564,0.1599286856334514,4300.0,554400.0,5.852000000005544,5.849385805277525,5.852040644638151,5.847019664505216
20230825.0,2.0230825103958924e+16,5.848,5.847,5.846,5.845,5.844,270000.0,615500.0,521800.0,131800.0,234900.0,5.285,5.877,5.85,5.824,-59900.0,-990500.0,-865900.0,137300.0,-70000.0,5.85,5.851,5.852,5.853,5.854,59900.0,889900.0,639900.0,380800.0,77700.0,5.85,5.872,-0.0220000000000002,-0.0020000000000006,254968480.0,43560200.0,6.459,-210100.0,375000.0,344100.0,-269100.0,-164900.0,0.0001499999999987,24550.0,1234350.199999988,-0.0010000000000003,-270000.0,-615500.0,-521800.0,-131800.0,-234900.0,0.0019999999999997,0.0009999999999994,5.85,2.0,2.0,34.22074614999999,3.790570684784e+16,16.0,4.0,5.852,0.0,40500.0,4.291886324936378e-05,5.848,5.849,1040.0,5.852,0.000341938792956,0.000683877585912,-1488698.0592848866,159922.0,2048200.0,1774000.0,274200.0,3822200.0,0.1274328649706912,0.1396898085743246,211000.0,274200.0,5.850000947867242,5.84963685965444,5.85176882140416,5.846312232243518
20230825.0,2.023082510405892e+16,5.847,5.846,5.845,5.844,5.843,330100.0,195900.0,136800.0,450000.0,196600.0,5.285,5.877,5.847,5.824,-800100.0,-310700.0,-607700.0,-760000.0,-716400.0,5.848,5.849,5.85,5.851,5.852,470000.0,114800.0,470900.0,310000.0,519800.0,5.85,5.872,-0.0249999999999994,-0.0029999999999992,254971988.5,43560800.0,6.459,470000.0,114800.0,470900.0,310000.0,519800.0,0.0006000000000021,75.0,3508.5,-0.0010000000000003,-330100.0,-195900.0,-136800.0,-450000.0,-196600.0,0.0020000000000006,0.0010000000000003,5.847,0.0,1.0,34.2154818,3.795012540375e+16,16.0,4.0,5.85,0.0,25.0,-0.0003803157823096,5.847,5.8475,1041.0,5.85,0.000171013253527,0.0005130397605814,-2235033.350435544,159922.0,1885500.0,1309400.0,576100.0,3194900.0,0.1147745057074401,0.117036873274594,600.0,576100.0,5.8475,5.847412573428321,5.850156351100504,5.845009851840538
20230825.0,2.0230825104158904e+16,5.846,5.845,5.844,5.843,5.842,245900.0,371800.0,556000.0,95500.0,215000.0,5.285,5.877,5.848,5.824,-245700.0,-861800.0,-464900.0,-146300.0,189900.0,5.848,5.849,5.85,5.851,5.852,469800.0,604800.0,379800.0,360800.0,114900.0,5.85,5.872,-0.024,0.0009999999999994,259441106.6,44324900.0,6.459,-200.0,490000.0,-91100.0,50800.0,-404900.0,0.0014500000000001,10340.0,4469118.099999994,-0.0010000000000003,-245900.0,-371800.0,-556000.0,-95500.0,-215000.0,0.0020000000000006,0.0010000000000003,5.848,3.0,2.0,34.21723715,3.871051318216e+16,12.0,8.0,5.851,0.0030000000000001,14600.0,-0.0001240649595068,5.847,5.847,1042.0,5.847,0.000342055755088,0.0006841115101762,736149.7095455587,159922.0,1930100.0,1484200.0,445900.0,3414300.0,0.112802939004169,0.1146274046827165,764100.0,445900.0,5.848865462635773,5.84668715942434,5.8495058287135375,5.84422779948794
20230825.0,2.0230825104258908e+16,5.846,5.845,5.844,5.843,5.842,155800.0,131900.0,590000.0,336600.0,269900.0,5.285,5.877,5.847,5.824,-379300.0,-1109700.0,-75800.0,-299700.0,-40000.0,5.847,5.848,5.849,5.85,5.851,289200.0,869800.0,109800.0,540800.0,94900.0,5.85,5.872,-0.0249999999999994,-0.0009999999999994,259446953.6,44325900.0,6.459,289200.0,869800.0,109800.0,540800.0,94900.0,9.99999999971024e-05,140.0,5847.0,-0.0009999999999994,-90100.0,-239900.0,34000.0,241100.0,54900.0,0.0019999999999997,0.0010000000000003,5.847,0.0,1.0,34.188578500000006,3.929489262596e+16,2.0,18.0,5.848,0.0,600.0,-5.7649190205788514e-05,5.847,5.846500000000001,1043.0,5.848,0.0001710425040623,0.0005131275121867,-758086.1980498619,159922.0,1904500.0,1484200.0,420300.0,3388700.0,0.098568231094361,0.0950180470042559,1000.0,420300.0,5.847,5.84635011235955,5.848623208191126,5.843708327718637
20230825.0,2.023082510435893e+16,5.847,5.846,5.845,5.844,5.843,42000.0,670800.0,372100.0,176000.0,195500.0,5.285,5.877,5.849,5.824,91900.0,1620800.0,722900.0,426000.0,350400.0,5.849,5.85,5.851,5.852,5.853,49900.0,950000.0,350800.0,250000.0,154900.0,5.85,5.872,-0.0229999999999996,0.0019999999999997,260686787.6,44537900.0,6.459,-49900.0,-950000.0,-350800.0,-250000.0,-154900.0,0.0003000000000001,33930.0,1239834.0,-0.0009999999999994,42000.0,670800.0,372100.0,176000.0,195500.0,0.0019999999999997,0.0010000000000003,5.849,2.0,0.0,34.1909177,3.935633554272e+16,4.0,16.0,5.849,0.0,11700.0,0.000267468671228,5.847,5.848000000000001,1044.0,5.847,0.0003419972640218,0.0006839945280437,1521087.3013356165,159922.0,1755600.0,1456400.0,299200.0,3212000.0,0.0991824305564536,0.0960434108656386,212000.0,299200.0,5.848273584905661,5.847914036996736,5.850720893141945,5.845128948091184
20230825.0,2.0230825104458896e+16,5.843,5.842,5.841,5.84,5.839,660600.0,456000.0,61000.0,186200.0,248900.0,5.285,5.877,5.845,5.824,-669600.0,-720900.0,-395900.0,-672200.0,-598700.0,5.845,5.846,5.847,5.848,5.849,9000.0,264900.0,334900.0,486000.0,349800.0,5.85,5.872,-0.0270000000000001,-0.0040000000000004,262501446.1,44848300.0,6.459,9000.0,264900.0,334900.0,486000.0,349800.0,0.0002631578947385,72868.42105263472,1814658.5,-0.0010000000000003,-660600.0,-456000.0,-61000.0,-186200.0,-248900.0,0.0020000000000006,0.0010000000000003,5.845,0.0,3.0,34.178794052631574,3.808825647993e+16,4.0,15.0,5.849,0.0,50000.0,-0.0005030269667576,5.845,5.843999999999999,1045.0,5.849,0.0003422313483914,0.0006844626967831,-3059122.7731078696,159922.0,1444600.0,1612700.0,-168100.0,3057300.0,0.1053068835032321,0.098634725615095,310400.0,168100.0,5.84619362113402,5.84497311827957,5.8476248788592,5.841677869411546
20230825.0,2.0230825104558904e+16,5.843,5.842,5.841,5.84,5.839,600.0,350000.0,601100.0,112200.0,98900.0,5.285,5.877,5.845,5.824,-989100.0,-521000.0,749100.0,-102900.0,84900.0,5.845,5.846,5.847,5.848,5.849,338100.0,679900.0,125900.0,514900.0,114900.0,5.85,5.872,-0.0270000000000001,0.0,262572170.6,44860400.0,6.459,329100.0,415000.0,-209000.0,28900.0,-234900.0,0.0,857.894736841321,70724.5,-0.0010000000000003,-660000.0,-106000.0,540100.0,-74000.0,-150000.0,0.0020000000000006,0.0010000000000003,5.845,0.0,0.0,34.164024999999995,3.823212373357e+16,0.0,0.0,5.845,0.0,750.0,-0.0003370258851345,5.845,5.843999999999999,1046.0,5.845,0.0003422313483914,0.0006844626967831,0.0,159922.0,1773700.0,1162800.0,610900.0,2936500.0,0.0764781358294379,0.0675071714942108,12100.0,610900.0,5.845,5.84300354295837,5.84665529683712,5.841035431716547
20230825.0,2.023082510465891e+16,5.842,5.841,5.84,5.839,5.838,44800.0,368900.0,346400.0,270000.0,290300.0,5.285,5.877,5.843,5.824,-234800.0,-528800.0,-826500.0,-626000.0,-655200.0,5.843,5.844,5.845,5.846,5.847,190000.0,159900.0,480100.0,356000.0,364900.0,5.85,5.872,-0.0289999999999999,-0.0019999999999997,263676469.3,45049400.0,6.459,190000.0,159900.0,480100.0,356000.0,364900.0,0.0008500000000006,46750.0,1104298.700000018,-0.0010000000000003,-44800.0,-368900.0,-346400.0,-270000.0,-290300.0,0.0019999999999997,0.0009999999999994,5.843,1.0,2.0,34.138896849999995,4.045085411064e+16,12.0,8.0,5.845,0.0010000000000003,107400.0,-0.0001391063347941,5.842,5.842499999999999,1047.0,5.845,0.0001711596063329,0.0005134788189987,-1536407.0924930857,159922.0,1550900.0,1320400.0,230500.0,2871300.0,0.0962182203851528,0.0983704382126177,189000.0,230500.0,5.842850264550359,5.842190800681431,5.845351989167581,5.83970304453196
20230825.0,2.023082510475907e+16,5.847,5.846,5.845,5.844,5.843,30000.0,165000.0,297700.0,439000.0,200000.0,5.285,5.877,5.848,5.824,70000.0,484900.0,717700.0,629000.0,719900.0,5.848,5.849,5.85,5.851,5.852,40000.0,319900.0,420000.0,190000.0,519900.0,5.85,5.872,-0.024,0.0049999999999998,264209147.9,45140500.0,6.459,-40000.0,-319900.0,-420000.0,-190000.0,-519900.0,0.0005000000000006,10415.0,532678.599999994,-0.0010000000000003,30000.0,165000.0,297700.0,439000.0,200000.0,0.0020000000000006,0.0010000000000003,5.848,4.0,0.0,34.1581823,4.061838581141e+16,5.0,15.0,5.848,0.0002500000000003,10050.0,0.0008961405724059,5.843,5.8475,1048.0,5.843,0.000171013253527,0.0005130397605814,3855876.990951529,159922.0,1489800.0,1131700.0,358100.0,2621500.0,0.1370079658905896,0.1372885032608523,91100.0,358100.0,5.847185510428036,5.847428571428572,5.850557054638207,5.844457453388707
20230825.0,2.0230825104858936e+16,5.844,5.843,5.842,5.841,5.84,45300.0,120000.0,305100.0,604600.0,186400.0,5.285,5.877,5.845,5.824,-614600.0,-624900.0,-725200.0,-694600.0,-331300.0,5.846,5.847,5.848,5.849,5.85,569300.0,504900.0,420100.0,90000.0,144900.0,5.85,5.872,-0.0270000000000001,-0.0030000000000001,264696187.8,45223800.0,6.459,569300.0,504900.0,420100.0,90000.0,144900.0,0.0009000000000005,15450.0,487039.900000006,-0.0010000000000003,-45300.0,-120000.0,-305100.0,-604600.0,-186400.0,0.0020000000000006,0.0010000000000003,5.845,1.0,4.0,34.188579399999995,4.081806679894e+16,10.0,10.0,5.848,0.0019999999999997,50800.0,-0.0005612859322958,5.845,5.845000000000001,1049.0,5.848,0.0003421727972625,0.0006843455945253,-2319420.7357254336,159922.0,1729200.0,1261400.0,467800.0,2990600.0,0.1311631456228073,0.1368069583622811,83300.0,467800.0,5.846817527010876,5.844147412951513,5.847269199629887,5.841392104011416
20230825.0,2.023082510495889e+16,5.845,5.844,5.843,5.842,5.841,50000.0,55300.0,702600.0,191100.0,96000.0,5.285,5.877,5.846,5.824,599242.0,-254700.0,858600.0,-99800.0,-14000.0,5.846,5.847,5.848,5.849,5.85,20058.0,814900.0,264100.0,380900.0,254900.0,5.85,5.872,-0.0259999999999998,0.0010000000000003,264825383.4,45245900.0,6.459,-549242.0,310000.0,-156000.0,290900.0,110000.0,0.0004444444444446,8227.777777776122,129195.59999999404,-0.0010000000000003,50000.0,55300.0,702600.0,191100.0,96000.0,0.0019999999999997,0.0009999999999994,5.846,1.0,0.0,34.17052,3.682848425127e+16,10.0,8.0,5.846,0.0010000000000003,20700.0,0.0002679726321817,5.845,5.8455,1050.0,5.845,0.0001710717646053,0.0005132152938157,773616.1477936213,159922.0,1734858.0,1095000.0,639858.0,2829858.0,0.1331980037393055,0.1338006119277302,22100.0,639858.0,5.845954751130952,5.845713694367524,5.848020568830417,5.84279196347032
20230825.0,2.023082510505887e+16,5.842,5.841,5.84,5.839,5.838,45100.0,508700.0,411400.0,250000.0,287200.0,5.285,5.877,5.844,5.824,-325100.0,-583600.0,-1092458.0,-634900.0,-601200.0,5.844,5.845,5.846,5.847,5.848,280000.0,74900.0,681058.0,384900.0,314000.0,5.85,5.872,-0.0279999999999995,-0.0019999999999997,265139256.2,45299600.0,6.459,280000.0,74900.0,681058.0,384900.0,314000.0,0.00035,6095.0,313872.7999999821,-0.0009999999999994,-45100.0,-508700.0,-411400.0,-250000.0,-287200.0,0.0019999999999988,0.0009999999999994,5.844,0.0,2.0,34.15642735,4.103003698073e+16,5.0,15.0,5.846,0.0002500000000003,3475.0,-0.0005879952049616,5.844,5.843,1051.0,5.846,0.0003422899195619,0.0006845798391236,-1550040.2205268012,159922.0,1734858.0,1502400.0,232458.0,3237258.0,0.1433623021493748,0.137328998900571,53700.0,232458.0,5.8449310986961285,5.842277453091357,5.846217885267843,5.839849906815761
20230825.0,2.023082510515882e+16,5.845,5.844,5.843,5.842,5.841,300000.0,701500.0,320000.0,215100.0,826000.0,5.285,5.877,5.846,5.824,414900.0,1386500.0,644000.0,545900.0,1077000.0,5.848,5.849,5.85,5.851,5.852,114900.0,685000.0,324000.0,330800.0,251000.0,5.85,5.872,-0.0259999999999998,0.0019999999999997,265336605.368,45333358.0,6.459,-114900.0,-685000.0,-324000.0,-330800.0,-251000.0,0.0007499999999982,1652.89999999851,197349.16800001264,-0.0010000000000003,300000.0,701500.0,320000.0,215100.0,826000.0,0.0019999999999997,0.0009999999999994,5.846,2.0,0.0,34.16694835,4.104439571698781e+16,11.0,9.0,5.846,0.0019999999999997,258.0,0.0008369505824215,5.844,5.8465,1052.0,5.844,0.0005131275121867,0.0008552125203112,1549902.637059906,159922.0,1705700.0,2362600.0,-656900.0,4068300.0,0.1176171717990952,0.113994787540896,33758.0,656900.0,5.8459970377395765,5.847169197396963,5.849951925895526,5.84276060272581
20230825.0,2.023082510525896e+16,5.849,5.848,5.847,5.846,5.845,80000.0,597600.0,560000.0,296000.0,194900.0,5.285,5.877,5.845,5.824,100000.0,637600.0,954100.0,721900.0,817400.0,5.85,5.851,5.852,5.853,5.854,20000.0,40000.0,394100.0,425900.0,622500.0,5.85,5.872,-0.0270000000000001,-0.0010000000000003,265427786.368,45348958.0,6.459,-20000.0,-40000.0,-394100.0,-425900.0,-622500.0,5.000000000077165e-05,2565.0,91181.0,-0.0010000000000003,80000.0,597600.0,560000.0,296000.0,194900.0,0.0020000000000006,0.0010000000000003,5.845,1.0,1.0,34.16344085000001,4.112590776595448e+16,16.0,4.0,5.846,0.0,1000.0,0.0004498263786114,5.844,5.8495,1053.0,5.846,0.0001709547824599,0.0005128643473801,-776073.1791567593,159922.0,1502500.0,1728500.0,-226000.0,3231000.0,0.138864332195283,0.1334952498944008,15600.0,226000.0,5.844935897435898,5.8498,5.853058835274542,5.847041538906566
20230825.0,2.0230825105358936e+16,5.844,5.843,5.842,5.841,5.84,35000.0,82000.0,437100.0,449700.0,246300.0,5.285,5.877,5.845,5.824,-66900.0,-1086900.0,-751900.0,-714800.0,-431200.0,5.845,5.846,5.847,5.848,5.849,31900.0,1004900.0,314800.0,265100.0,184900.0,5.85,5.872,-0.0270000000000001,0.0,265527156.368,45365958.0,6.459,31900.0,1004900.0,314800.0,265100.0,184900.0,4.999999999988347e-05,2800.0,99370.0,-0.0010000000000003,-35000.0,-82000.0,-437100.0,-449700.0,-246300.0,0.0020000000000006,0.0010000000000003,5.845,1.0,1.0,34.16460954999999,4.113563980901128e+16,1.0,19.0,5.846,0.0,0.0,-0.0009024603430398,5.845,5.8445,1054.0,5.845,0.0001711010351611,0.0005133031054838,-338.0345257387962,159922.0,1801600.0,1250100.0,551500.0,3051700.0,0.1471857207405141,0.1389099029021648,17000.0,551500.0,5.845294117647059,5.844523168908819,5.846759214031972,5.8413678105751545
20230825.0,2.023082510545881e+16,5.842,5.841,5.84,5.839,5.838,15400.0,109200.0,171400.0,484000.0,283200.0,5.285,5.877,5.842,5.824,-207200.0,-854200.0,-724300.0,-843100.0,-353200.0,5.843,5.844,5.845,5.846,5.847,191800.0,745000.0,552900.0,359100.0,70000.0,5.85,5.872,-0.0300000000000002,-0.0030000000000001,265706557.768,45396658.0,6.459,191800.0,745000.0,552900.0,359100.0,70000.0,0.0005000000000001,2050.0,179401.40000000596,-0.0010000000000003,-15400.0,-109200.0,-171400.0,-484000.0,-283200.0,0.0019999999999997,0.0009999999999994,5.842,0.0,2.0,34.14532389999998,4.120669106443928e+16,9.0,11.0,5.844,0.0010000000000003,2375.0,-0.0004190859866193,5.842,5.842499999999999,1055.0,5.844,0.0001711596063329,0.0005134788189987,-1553951.510168762,159922.0,1918800.0,1063200.0,855600.0,2982000.0,0.1365376248613382,0.1227299342599451,30700.0,855600.0,5.843693811075113,5.842074324324323,5.84467193037315,5.839143717080511
20230825.0,2.0230825105558828e+16,5.84,5.839,5.838,5.837,5.836,10700.0,64200.0,859900.0,125900.0,239900.0,5.285,5.877,5.84,5.824,-209900.0,-433400.0,-989900.0,-715900.0,-334800.0,5.841,5.842,5.843,5.844,5.845,199200.0,369200.0,130000.0,590000.0,94900.0,5.85,5.872,-0.032,-0.0019999999999997,266293579.368,45497158.0,6.459,199200.0,369200.0,130000.0,590000.0,94900.0,0.0009999999999998,20490.0,587021.599999994,-0.0009999999999994,-10700.0,-64200.0,-859900.0,-125900.0,-239900.0,0.0019999999999988,0.0009999999999994,5.84,1.0,3.0,34.12604424999999,4.128725044870808e+16,11.0,9.0,5.843,0.0019999999999997,31900.0,-0.0003464006140794,5.84,5.8405000000000005,1056.0,5.842,0.0001712182176184,0.0005136546528549,-1557073.6743269917,159922.0,1383300.0,1300600.0,82700.0,2683900.0,0.1359836498546105,0.1201408931656261,100500.0,82700.0,5.841010945273572,5.84005097665555,5.843008819489626,5.8376001076426265
20230825.0,2.0230825105658776e+16,5.839,5.838,5.837,5.836,5.835,11600.0,143300.0,672500.0,132000.0,201300.0,5.285,5.877,5.84,5.824,-11600.0,-524100.0,-933400.0,88900.0,-221300.0,5.841,5.842,5.843,5.844,5.845,199200.0,750000.0,390900.0,369100.0,114900.0,5.85,5.872,-0.032,0.0,266349637.168,45506758.0,6.459,0.0,380800.0,260900.0,-220900.0,20000.0,0.0003499999999991,3110.0,56057.80000001192,-0.0009999999999994,-11600.0,-143300.0,-672500.0,-132000.0,-201300.0,0.0019999999999997,0.0010000000000003,5.84,1.0,1.0,34.10151234999999,4.141163988227608e+16,13.0,7.0,5.84,0.0009999999999994,3400.0,-0.0001611279661068,5.839,5.84,1057.0,5.84,0.0003424657534246,0.0006849315068492,-75.22269364923704,159922.0,1824100.0,1160700.0,663400.0,2984800.0,0.1143751988738964,0.0920077569210406,9600.0,663400.0,5.839354166667908,5.839110056925997,5.842698755550683,5.836682863789092
20230825.0,2.0230825105758776e+16,5.838,5.837,5.836,5.835,5.834,19200.0,136900.0,760600.0,112400.0,335000.0,5.285,5.877,5.839,5.824,-38200.0,-910200.0,-1365600.0,-617300.0,-405000.0,5.839,5.84,5.841,5.842,5.843,19000.0,773300.0,605000.0,504900.0,70000.0,5.85,5.872,-0.0329999999999994,-0.0009999999999994,266419142.968,45518658.0,6.459,19000.0,773300.0,605000.0,504900.0,70000.0,0.0008499999999997,845.0,69505.79999998212,-0.0009999999999994,-19200.0,-136900.0,-760600.0,-112400.0,-335000.0,0.0019999999999997,0.0010000000000003,5.839,1.0,2.0,34.10384855,4.143578761474088e+16,13.0,7.0,5.841,0.0009999999999994,1200.0,-0.0001040348130081,5.839,5.8385,1058.0,5.84,0.0001712768690588,0.0005138306071765,-779701.1365838082,159922.0,1972200.0,1364100.0,608100.0,3336300.0,0.1076092324742885,0.0855487725039813,11900.0,608100.0,5.840823529410262,5.838502617801047,5.840915627218335,5.835554944652151
20230825.0,2.023082510585881e+16,5.835,5.834,5.833,5.832,5.831,64600.0,297700.0,320800.0,171800.0,234900.0,5.285,5.877,5.836,5.824,-265300.0,-1027700.0,-940800.0,-526100.0,-329800.0,5.837,5.838,5.839,5.84,5.841,200700.0,730000.0,620000.0,354300.0,94900.0,5.85,5.872,-0.0359999999999995,-0.0030000000000001,266903639.468,45601658.0,6.459,200700.0,730000.0,620000.0,354300.0,94900.0,0.0006999999999992,15805.0,484496.5,-0.0010000000000003,-64600.0,-297700.0,-320800.0,-171800.0,-234900.0,0.0020000000000006,0.0010000000000003,5.836,0.0,3.0,34.067067800000004,4.155594169090168e+16,9.0,11.0,5.839,0.0009999999999994,29700.0,-0.0005166394890134,5.836,5.836,1059.0,5.839,0.0003427004797806,0.0006854009595614,-2342173.8088755463,159922.0,1999900.0,1089800.0,910100.0,3089700.0,0.1072754519126671,0.1082309110020134,83000.0,910100.0,5.8373072289156624,5.83548699585375,5.838706335316767,5.832802991374565
20230825.0,2.023082510595884e+16,5.835,5.834,5.833,5.832,5.831,8700.0,64400.0,370800.0,403800.0,134900.0,5.285,5.877,5.837,5.824,-446600.0,-1014000.0,-519900.0,76900.0,-345300.0,5.836,5.837,5.838,5.839,5.84,390700.0,780700.0,569900.0,155100.0,245300.0,5.85,5.872,-0.0350000000000001,0.0009999999999994,266932824.468,45606658.0,6.459,390700.0,780700.0,569900.0,155100.0,245300.0,0.0004500000000007,2250.0,29185.0,-0.0009999999999994,-55900.0,-233300.0,50000.0,232000.0,-100000.0,0.0019999999999997,0.0010000000000003,5.837,1.0,0.0,34.064148849999995,4.159432862119928e+16,9.0,11.0,5.837,0.0009999999999994,5000.0,-7.972457564853208e-05,5.836,5.8355,1100.0,5.836,0.0001713649216006,0.0005140947648016,781337.2965560172,159922.0,2141700.0,982600.0,1159100.0,3124300.0,0.0967031463212421,0.0957493894138909,5000.0,1159100.0,5.837,5.835021782674011,5.837572115609095,5.832397720333808
20230825.0,2.0230825110058924e+16,5.832,5.831,5.83,5.829,5.828,76600.0,129200.0,692900.0,41700.0,352000.0,5.285,5.877,5.833,5.824,-76700.0,-699200.0,-1298900.0,-546600.0,-526000.0,5.833,5.834,5.835,5.836,5.837,100.0,570000.0,606000.0,504900.0,174000.0,5.85,5.872,-0.0389999999999997,-0.0039999999999995,267295693.968,45668858.0,6.459,100.0,570000.0,606000.0,504900.0,174000.0,0.0002500000000003,8250.0,362869.5,-0.0009999999999994,-76600.0,-129200.0,-692900.0,-41700.0,-352000.0,0.0019999999999988,0.0009999999999994,5.833,1.0,4.0,34.038473550000006,4.166028361756408e+16,6.0,14.0,5.836,0.0010000000000003,17900.0,-0.0003467745842422,5.833,5.8325,1101.0,5.835,0.0001714530647235,0.0005143591941704,-1565550.3854665305,159922.0,1855000.0,1292400.0,562600.0,3147400.0,0.104572895566639,0.1080198552809431,62200.0,562600.0,5.833914790996785,5.832998696219035,5.835152398921832,5.829641519653358
0.0,0.0,0.0,0.0,0.0,0.0,0.0,0.0,0.0,0.0,0.0,0.0,0.0,0.0,0.0,0.0,0.0,0.0,0.0,0.0,0.0,0.0,0.0,0.0,0.0,0.0,0.0,0.0,0.0,0.0,0.0,0.0,0.0,0.0,0.0,0.0,0.0,0.0,0.0,0.0,0.0,0.0,0.0,0.0,0.0,0.0,0.0,0.0,0.0,0.0,0.0,0.0,0.0,0.0,0.0,0.0,0.0,0.0,0.0,0.0,0.0,0.0,0.0,0.0,0.0,0.0,0.0,0.0,0.0,0.0,0.0,0.0,0.0,0.0,0.0,0.0,0.0,0.0,0.0,0.0,0.0,0.0,0.0,0.0,0.0
0.0,0.0,0.0,0.0,0.0,0.0,0.0,0.0,0.0,0.0,0.0,0.0,0.0,0.0,0.0,0.0,0.0,0.0,0.0,0.0,0.0,0.0,0.0,0.0,0.0,0.0,0.0,0.0,0.0,0.0,0.0,0.0,0.0,0.0,0.0,0.0,0.0,0.0,0.0,0.0,0.0,0.0,0.0,0.0,0.0,0.0,0.0,0.0,0.0,0.0,0.0,0.0,0.0,0.0,0.0,0.0,0.0,0.0,0.0,0.0,0.0,0.0,0.0,0.0,0.0,0.0,0.0,0.0,0.0,0.0,0.0,0.0,0.0,0.0,0.0,0.0,0.0,0.0,0.0,0.0,0.0,0.0,0.0,0.0,0.0
20230825.0,2.0230825110358804e+16,5.831,5.83,5.829,5.828,5.827,10300.0,112100.0,705600.0,130400.0,262100.0,5.285,5.877,5.831,5.824,-765300.0,531900.0,-619700.0,130500.0,-337900.0,5.833,5.834,5.835,5.836,5.837,955000.0,291000.0,119100.0,210000.0,214900.0,5.85,5.872,-0.0409999999999994,-0.0019999999999997,269208902.768,45996958.0,6.459,755000.0,-644000.0,-85900.0,-260900.0,75800.0,8.881784197001252e-16,8528.571428574622,1913208.800000012,-0.0009999999999994,-10300.0,-112100.0,-705600.0,-130400.0,-262100.0,0.0019999999999997,0.0010000000000003,5.831,0.0,0.0,34.000561000000005,1.4802719885102748e+16,0.0,7.0,5.831,0.0,19900.0,-0.0001749705228986,5.831,5.832000000000001,1104.0,5.831,0.0003429355281206,0.0006858710562413,0.0,159922.0,1790000.0,1220500.0,569500.0,3010500.0,0.0959292205837326,0.1002710421976996,328100.0,569500.0,5.831175861018019,5.831021340515902,5.834127821229051,5.828572388365424
20230825.0,2.023082511045884e+16,5.831,5.83,5.829,5.828,5.827,12300.0,615200.0,312000.0,146500.0,276000.0,5.285,5.877,5.832,5.824,954400.0,499100.0,-855500.0,-258800.0,84800.0,5.833,5.834,5.835,5.836,5.837,2600.0,295000.0,581000.0,484900.0,144000.0,5.85,5.872,-0.04,0.0009999999999994,269506354.668,46047958.0,6.459,-952400.0,4000.0,461900.0,274900.0,-70900.0,0.0004999999999997,9080.0,297451.89999997616,-0.0009999999999994,2000.0,503100.0,-393600.0,16100.0,13900.0,0.0019999999999997,0.0010000000000003,5.832,1.0,1.0,34.0063929,4.233111578626088e+16,6.0,14.0,5.833,0.0009999999999994,19900.0,0.0002794430703465,5.831,5.832000000000001,1105.0,5.831,0.0003429355281206,0.0006858710562413,788236.9665622609,159922.0,1507500.0,1362000.0,145500.0,2869500.0,0.0830635624317687,0.1139481959125273,51000.0,145500.0,5.832390196077964,5.83265100671141,5.835313565505805,5.828956901615271
20230825.0,2.02308251105588e+16,5.833,5.832,5.831,5.83,5.829,200.0,106000.0,261000.0,371900.0,183000.0,5.285,5.877,5.834,5.824,599200.0,596000.0,936900.0,491000.0,427900.0,5.834,5.835,5.836,5.837,5.838,599000.0,490000.0,675900.0,119100.0,244900.0,5.85,5.872,-0.0380000000000002,0.0019999999999997,269912980.368,46117658.0,6.459,-599000.0,-490000.0,-675900.0,-119100.0,-244900.0,0.0005999999999994,5990.0,406625.6999999881,-0.0010000000000003,200.0,106000.0,261000.0,371900.0,183000.0,0.0020000000000006,0.0010000000000003,5.834,2.0,1.0,34.04022439999999,4.248161507178808e+16,13.0,7.0,5.835,0.0010000000000003,11750.0,5.988985215976683e-05,5.831,5.8335,1106.0,5.831,0.0001714236736092,0.0005142710208279,2368624.8301754734,159922.0,2128900.0,922100.0,1206800.0,3051000.0,0.108973916216245,0.1267597641175044,69700.0,1206800.0,5.833941176470417,5.8330003337783705,5.835493118511908,5.8303151502006285
20230825.0,2.0230825110658816e+16,5.834,5.833,5.832,5.831,5.83,602600.0,410500.0,423100.0,71100.0,306200.0,5.285,5.877,5.835,5.824,648600.0,739600.0,813100.0,871900.0,586600.0,5.836,5.837,5.838,5.839,5.84,46000.0,329100.0,390000.0,800800.0,280400.0,5.85,5.872,-0.0369999999999999,0.0010000000000003,270109597.668,46151358.0,6.459,-46000.0,-329100.0,-390000.0,-800800.0,-280400.0,0.0008999999999996,4750.0,196617.30000001192,-0.0009999999999994,602600.0,410500.0,423100.0,71100.0,306200.0,0.0019999999999988,0.0009999999999994,5.835,2.0,2.0,34.0343898,4.255057757281446e+16,13.0,7.0,5.835,0.0012499999999997,9550.0,0.0004898203726839,5.833,5.835,1107.0,5.834,0.0003427592116539,0.0006855184233075,790869.5082113373,159922.0,1846300.0,1813500.0,32800.0,3659800.0,0.1057620610742194,0.1264820673557189,33700.0,32800.0,5.834341246291155,5.835858156028369,5.838509397172723,5.832514033636614
20230825.0,2.0230825110758744e+16,5.832,5.831,5.83,5.829,5.828,19900.0,653700.0,204600.0,118100.0,320300.0,5.285,5.877,5.832,5.824,-169900.0,-1053700.0,-1055500.0,-267200.0,-695200.0,5.834,5.835,5.836,5.837,5.838,150000.0,400000.0,850900.0,149100.0,374900.0,5.85,5.872,-0.04,-0.0030000000000001,272360164.068,46537058.0,6.459,150000.0,400000.0,850900.0,149100.0,374900.0,0.0015000000000009,119585.0,2250566.400000036,-0.0010000000000003,-19900.0,-653700.0,-204600.0,-118100.0,-320300.0,0.0019999999999997,0.0009999999999994,5.832,3.0,3.0,34.0530645,4.292488001970806e+16,11.0,9.0,5.838,0.0030000000000001,222075.0,-0.0006211642096609,5.832,5.833,1108.0,5.835,0.0003428767358134,0.0006857534716268,-2403642.8917569546,159922.0,1924900.0,1316600.0,608300.0,3241500.0,0.1170554781893799,0.1234212438691984,385700.0,608300.0,5.835017889551557,5.832234255444379,5.83610333004312,5.829950478505241
20230825.0,2.0230825110858748e+16,5.831,5.83,5.829,5.828,5.827,1200.0,104100.0,424600.0,421500.0,186000.0,5.285,5.877,5.833,5.824,-441200.0,-709100.0,-1065500.0,-565600.0,-360900.0,5.832,5.833,5.834,5.835,5.836,440000.0,605000.0,640900.0,144100.0,174900.0,5.85,5.872,-0.0389999999999997,0.0010000000000003,272368912.568,46538558.0,6.459,440000.0,605000.0,640900.0,144100.0,174900.0,0.0006499999999993,505.0,8748.5,-0.0010000000000003,-1200.0,-104100.0,-424600.0,-421500.0,-186000.0,0.0020000000000006,0.0010000000000003,5.833,1.0,1.0,34.01980645,4.331580754930566e+16,11.0,9.0,5.834,0.0010000000000003,1500.0,-0.0002111824696049,5.832,5.8315,1109.0,5.832,0.0001714824659177,0.0005144473977535,797572.4975246366,159922.0,2004900.0,1137400.0,867500.0,3142300.0,0.1202478482960271,0.1096547384192938,1500.0,867500.0,5.832333333333334,5.831002719854941,5.833505661130231,5.82839599085634
20230825.0,2.0230825110958744e+16,5.833,5.832,5.831,5.83,5.829,8200.0,16500.0,72700.0,696700.0,153000.0,5.285,5.877,5.833,5.824,503200.0,316500.0,978600.0,855800.0,437900.0,5.834,5.835,5.836,5.837,5.838,495000.0,300000.0,905900.0,159100.0,284900.0,5.85,5.872,-0.0389999999999997,0.0,272371245.768,46538958.0,6.459,-495000.0,-300000.0,-905900.0,-159100.0,-284900.0,8.881784197001252e-16,120.0,2333.199999988079,-0.0010000000000003,8200.0,16500.0,72700.0,696700.0,153000.0,0.0020000000000006,0.0010000000000003,5.833,0.0,0.0,34.023889000000004,4.331697100042566e+16,20.0,0.0,5.833,0.0,400.0,0.0003452627897548,5.833,5.8335,1110.0,5.833,0.0001714236736092,0.0005142710208279,0.0,159922.0,2144900.0,947100.0,1197800.0,3092000.0,0.1097640895592947,0.1009981443688583,400.0,1197800.0,5.832999999970197,5.833016295707472,5.835738402722738,5.829976032097983
20230825.0,2.0230825111058764e+16,5.833,5.832,5.831,5.83,5.829,46000.0,634000.0,168800.0,304100.0,196900.0,5.285,5.877,5.833,5.824,347800.0,1303500.0,591000.0,-273500.0,398800.0,5.836,5.837,5.838,5.839,5.84,310000.0,686000.0,494900.0,119100.0,354900.0,5.85,5.872,-0.0389999999999997,0.0,272419076.368,46547158.0,6.459,-310000.0,-686000.0,-494900.0,-119100.0,-354900.0,0.0,0.0,47830.59999996424,-0.0009999999999994,37800.0,617500.0,96100.0,-392600.0,43900.0,0.0019999999999997,0.0010000000000003,5.833,0.0,0.0,34.02388900000001,4.333275835753926e+16,0.0,0.0,5.833,0.0,0.0,6.366053226414259e-05,5.833,5.8345,1111.0,5.833,0.0005141828777101,0.0008569714628502,0.0,159922.0,1964900.0,1349800.0,615100.0,3314700.0,0.103292258695988,0.0871370344643156,8200.0,615100.0,5.832999999995638,5.833387640449439,5.8377571886610005,5.831020817898947
20230825.0,2.023082511115883e+16,5.84,5.839,5.838,5.837,5.836,332600.0,430300.0,461000.0,390100.0,210000.0,5.285,5.877,5.839,5.824,362600.0,515300.0,810100.0,895100.0,595800.0,5.841,5.842,5.843,5.844,5.845,30000.0,85000.0,349100.0,505000.0,385800.0,5.85,5.872,-0.0329999999999994,0.0060000000000002,273259602.768,46691158.0,6.459,-30000.0,-85000.0,-349100.0,-505000.0,-385800.0,0.0011999999999998,36070.0,840526.4000000358,-0.0009999999999994,332600.0,430300.0,461000.0,390100.0,210000.0,0.0019999999999988,0.0009999999999994,5.839,5.0,0.0,34.068238599999994,4.350769720508486e+16,14.0,6.0,5.839,0.00225,87500.0,0.0012899482854225,5.833,5.8405000000000005,1112.0,5.833,0.0001712182176184,0.0005136546528549,4792742.277661223,159922.0,1354900.0,1824000.0,-469100.0,3178900.0,0.1095729810866698,0.1174840231125941,144000.0,469100.0,5.836988888889137,5.840917264202979,5.843835190788988,5.838156469298244
0.0,0.0,0.0,0.0,0.0,0.0,0.0,0.0,0.0,0.0,0.0,0.0,0.0,0.0,0.0,0.0,0.0,0.0,0.0,0.0,0.0,0.0,0.0,0.0,0.0,0.0,0.0,0.0,0.0,0.0,0.0,0.0,0.0,0.0,0.0,0.0,0.0,0.0,0.0,0.0,0.0,0.0,0.0,0.0,0.0,0.0,0.0,0.0,0.0,0.0,0.0,0.0,0.0,0.0,0.0,0.0,0.0,0.0,0.0,0.0,0.0,0.0,0.0,0.0,0.0,0.0,0.0,0.0,0.0,0.0,0.0,0.0,0.0,0.0,0.0,0.0,0.0,0.0,0.0,0.0,0.0,0.0,0.0,0.0,0.0
20230825.0,2.023082511135871e+16,5.837,5.836,5.835,5.834,5.833,40100.0,280000.0,596000.0,70000.0,204000.0,5.285,5.877,5.839,5.824,-1050000.0,-890000.0,-826000.0,-130000.0,-335400.0,5.84,5.841,5.842,5.843,5.844,1009900.0,610000.0,230000.0,60000.0,131400.0,5.85,5.872,-0.0329999999999994,-0.0049999999999998,276559105.468,47255958.0,6.459,1009900.0,610000.0,230000.0,60000.0,131400.0,0.0010499999999993,10500.0,262770.0,-0.0010000000000003,-40100.0,-280000.0,-596000.0,-70000.0,-204000.0,0.0019999999999997,0.0009999999999994,5.839,0.0,2.0,34.10618795000001,4.464267282759528e+16,4.0,16.0,5.844,0.0002499999999994,7500.0,-0.0011238748058715,5.839,5.8385,1114.0,5.844,0.0005138306071765,0.0008563843452941,-4043970.6020452064,159922.0,2041300.0,1190100.0,851200.0,3231400.0,0.144036395499694,0.157065438626403,45000.0,851200.0,5.839333333333333,5.837114571428571,5.840869837848429,5.834901016721284
20230825.0,2.023082511145869e+16,5.833,5.832,5.831,5.83,5.829,9200.0,86500.0,331700.0,550200.0,96900.0,5.285,5.877,5.834,5.824,-114200.0,-556400.0,-1199100.0,-855300.0,-366900.0,5.834,5.835,5.836,5.837,5.838,105000.0,469900.0,867400.0,305100.0,270000.0,5.85,5.872,-0.0380000000000002,-0.0050000000000007,276840432.168,47304158.0,6.459,105000.0,469900.0,867400.0,305100.0,270000.0,0.0012500000000006,6515.0,281326.6999999881,-0.0010000000000003,-9200.0,-86500.0,-331700.0,-550200.0,-96900.0,0.0020000000000006,0.0010000000000003,5.834,0.0,3.0,34.05014545000001,4.474134472787448e+16,6.0,14.0,5.839,0.0030000000000001,8100.0,-0.0006913356843394,5.834,5.8335,1115.0,5.839,0.0001714236736092,0.0005142710208279,-4052772.701760549,159922.0,2017400.0,1074500.0,942900.0,3091900.0,0.1592249779239507,0.1783040291324971,48200.0,942900.0,5.836653526970707,5.833080560420315,5.836081887578072,5.830405211726385
20230825.0,2.0230825111558816e+16,5.829,5.828,5.827,5.826,5.825,2000.0,375400.0,581100.0,382100.0,190300.0,5.285,5.877,5.83,5.824,-198000.0,-830300.0,-1006000.0,-952100.0,-430300.0,5.83,5.831,5.832,5.833,5.834,196000.0,454900.0,424900.0,570000.0,240000.0,5.85,5.872,-0.0419999999999998,-0.0039999999999995,277315639.468,47385658.0,6.459,196000.0,454900.0,424900.0,570000.0,240000.0,0.0009499999999995,11300.0,475207.3000000119,-0.0010000000000003,-2000.0,-375400.0,-581100.0,-382100.0,-190300.0,0.0019999999999997,0.0009999999999994,5.83,0.0,4.0,34.02447424999999,4.477505915161526e+16,13.0,7.0,5.834,0.00225,26125.0,-0.0006980668721723,5.83,5.8295,1116.0,5.834,0.0001715412985676,0.0005146238957029,-3247199.823451805,159922.0,1885800.0,1530900.0,354900.0,3416700.0,0.1439631673172962,0.1583952005046775,81500.0,354900.0,5.83076441717806,5.829010101010101,5.832107699650016,5.826749624403945
20230825.0,2.023082511165868e+16,5.829,5.828,5.827,5.826,5.825,26200.0,135400.0,132300.0,931100.0,70300.0,5.285,5.877,5.829,5.824,-109800.0,-365200.0,-188800.0,964100.0,-180000.0,5.83,5.831,5.832,5.833,5.834,330000.0,580100.0,164900.0,154900.0,300000.0,5.85,5.872,-0.0430000000000001,-0.0010000000000003,277373930.568,47395658.0,6.459,134000.0,125200.0,-260000.0,-415100.0,60000.0,0.0005000000000001,1150.0,58291.10000002384,-0.0010000000000003,24200.0,-240000.0,-448800.0,549000.0,-120000.0,0.0019999999999997,0.0009999999999994,5.829,1.0,1.0,33.99006650000001,4.491189753791526e+16,6.0,14.0,5.831,0.0010000000000003,100.0,1.0885695251428018e-05,5.829,5.8295,1117.0,5.83,0.0001715412985676,0.0005146238957029,-813294.0702612706,159922.0,1529900.0,1295300.0,234600.0,2825200.0,0.1222729257402435,0.1211879661884615,10000.0,234600.0,5.829110000002384,5.829073554183044,5.831682855088568,5.826317609820118
20230825.0,2.023082511175869e+16,5.827,5.826,5.825,5.824,5.823,84600.0,196100.0,746400.0,234900.0,137000.0,5.285,5.877,5.828,5.824,-574900.0,-726000.0,-1140400.0,-401000.0,-291900.0,5.829,5.83,5.831,5.832,5.833,490300.0,529900.0,394000.0,166100.0,154900.0,5.85,5.872,-0.0439999999999995,-0.0009999999999994,277797653.068,47468358.0,6.459,490300.0,529900.0,394000.0,166100.0,154900.0,0.000250000000002,11790.0,423722.5,-0.0010000000000003,-84600.0,-196100.0,-746400.0,-234900.0,-137000.0,0.0020000000000006,0.0010000000000003,5.828,0.0,1.0,33.968498250000025,4.504252496157048e+16,5.0,15.0,5.829,0.0002500000000003,12450.0,-0.0003052824281128,5.828,5.827999999999999,1118.0,5.829,0.0003431708991077,0.0006863417982155,-814469.0803015389,159922.0,1735200.0,1399000.0,336200.0,3134200.0,0.0968532731742623,0.1022409379066077,72700.0,336200.0,5.828370013755158,5.827294312054271,5.830403757491932,5.824897355253753
20230825.0,2.0230825111858784e+16,5.825,5.824,5.823,5.822,5.821,30200.0,269900.0,752100.0,221100.0,142400.0,5.285,5.877,5.826,5.824,-409300.0,-1034800.0,-1028600.0,-321100.0,-287300.0,5.827,5.828,5.829,5.83,5.831,379100.0,764900.0,276500.0,100000.0,144900.0,5.85,5.872,-0.0460000000000002,-0.0020000000000006,279931444.068,47834558.0,6.459,379100.0,764900.0,276500.0,100000.0,144900.0,0.0005500000000004,113690.0,2133791.0,-0.0010000000000003,-30200.0,-269900.0,-752100.0,-221100.0,-142400.0,0.0020000000000006,0.0010000000000003,5.826,1.0,3.0,33.95917405,4.528582552784006e+16,12.0,8.0,5.828,0.0010000000000003,265275.0,-0.000368462349813,5.826,5.8260000000000005,1119.0,5.828,0.0003432887058015,0.0006865774116032,-1638425.0116020795,159922.0,1665400.0,1415700.0,249700.0,3081100.0,0.0807917519510186,0.069862272482695,366200.0,249700.0,5.82684598580011,5.825147569020278,5.828319502822145,5.822875962421417
20230825.0,2.023082511195874e+16,5.819,5.818,5.817,5.816,5.815,100900.0,830000.0,100500.0,276200.0,95500.0,5.285,5.877,5.82,5.82,-187100.0,-870000.0,-549400.0,-707200.0,-680300.0,5.82,5.821,5.822,5.823,5.824,86200.0,40000.0,448900.0,431000.0,584800.0,5.85,5.872,-0.0519999999999996,-0.0059999999999993,283091256.968,48377358.0,6.459,86200.0,40000.0,448900.0,431000.0,584800.0,0.0007500000000009,64135.0,3159812.899999976,-0.0009999999999994,-100900.0,-830000.0,-100500.0,-276200.0,-95500.0,0.0019999999999997,0.0010000000000003,5.82,1.0,5.0,33.90442115,4.618636826604808e+16,6.0,14.0,5.826,0.0015,214525.0,-0.0009632351164667,5.82,5.8195,1120.0,5.826,0.0001718360683908,0.0005155082051722,-4953798.269735952,159922.0,1590900.0,1403100.0,187800.0,2994000.0,0.1080483544112312,0.1019031442756729,542800.0,187800.0,5.821320744288829,5.819539283805452,5.822872587843359,5.817402394697456
20230825.0,2.023082511205872e+16,5.823,5.822,5.821,5.82,5.819,19900.0,61800.0,504900.0,262600.0,217000.0,5.285,5.877,5.822,5.82,279900.0,216800.0,1190900.0,401700.0,551900.0,5.824,5.825,5.826,5.827,5.828,260000.0,155000.0,686000.0,139100.0,334900.0,5.85,5.872,-0.0499999999999998,0.0019999999999997,284523888.768,48623458.0,6.459,-260000.0,-155000.0,-686000.0,-139100.0,-334900.0,0.0002999999999984,54375.0,1432631.800000012,-0.0010000000000003,19900.0,61800.0,504900.0,262600.0,217000.0,0.0020000000000006,0.0010000000000003,5.822,3.0,1.0,33.892191600000004,4.717927331445528e+16,15.0,5.0,5.823,0.0002500000000003,82400.0,0.0006067046835225,5.82,5.8235,1121.0,5.82,0.0001717180389798,0.00051515411694,1666733.1104198252,159922.0,1575000.0,1066200.0,508800.0,2641200.0,0.1254076139792499,0.1233374462632259,246100.0,508800.0,5.821340105648159,5.823071096820294,5.826085015873016,5.820441943350216
20230825.0,2.023082511215872e+16,5.82,5.819,5.818,5.817,5.816,466800.0,445900.0,187300.0,70500.0,434900.0,5.285,5.877,5.822,5.82,-508600.0,-1299400.0,-587400.0,-375400.0,-534900.0,5.823,5.824,5.825,5.826,5.827,41800.0,853500.0,400100.0,304900.0,100000.0,5.85,5.872,-0.0499999999999998,0.0,284730049.268,48658858.0,6.459,41800.0,853500.0,400100.0,304900.0,100000.0,0.0006499999999993,5550.0,206160.5,-0.0009999999999994,-466800.0,-445900.0,-187300.0,-70500.0,-434900.0,0.0019999999999997,0.0010000000000003,5.822,1.0,2.0,33.911405849999994,4.733607898260728e+16,11.0,9.0,5.824,0.0009999999999994,2200.0,-5.455277149568616e-05,5.822,5.8215,1122.0,5.824,0.0005153311002319,0.0008588851670531,-1671617.5149444323,159922.0,1700300.0,1605400.0,94900.0,3305700.0,0.1416713437065524,0.1339272084986146,35400.0,94900.0,5.823742937853107,5.822753440817932,5.8247458095630185,5.818273576678709
20230825.0,2.023082511225871e+16,5.82,5.819,5.818,5.817,5.816,63300.0,294300.0,349400.0,300500.0,80900.0,5.285,5.877,5.82,5.82,-633500.0,-429300.0,-282000.0,-329900.0,-424000.0,5.821,5.822,5.823,5.824,5.825,230000.0,277700.0,444100.0,559900.0,70000.0,5.85,5.872,-0.0519999999999996,-0.0019999999999997,285055993.768,48714858.0,6.459,230000.0,277700.0,444100.0,559900.0,70000.0,0.0002999999999984,6810.0,325944.5,-0.0010000000000003,-403500.0,-151600.0,162100.0,230000.0,-354000.0,0.0020000000000006,0.0010000000000003,5.82,0.0,2.0,33.89219130000001,4.737103803957448e+16,16.0,4.0,5.822,0.0,2700.0,-0.0004359061372969,5.82,5.8205,1123.0,5.822,0.0001718065458293,0.0005154196374882,-1673155.5789469974,159922.0,1581700.0,1088400.0,493300.0,2670100.0,0.1563219722519795,0.1352403189455996,56000.0,493300.0,5.8204375,5.820215819979543,5.822976101662769,5.817961962513782
20230825.0,2.02308251123587e+16,5.819,5.818,5.817,5.816,5.815,701000.0,412800.0,200500.0,310900.0,197900.0,5.285,5.877,5.821,5.82,-509200.0,-400000.0,-255400.0,-340900.0,-259000.0,5.821,5.822,5.823,5.824,5.825,38200.0,264900.0,499000.0,589900.0,131100.0,5.85,5.872,-0.0510000000000001,0.0009999999999994,285372058.568,48769158.0,6.459,-191800.0,-12800.0,54900.0,30000.0,61100.0,0.0004499999999998,19450.0,316064.8000000119,-0.0010000000000003,-701000.0,-412800.0,-200500.0,-310900.0,-197900.0,0.0020000000000006,0.0010000000000003,5.821,2.0,1.0,33.87880255,4.752057821961606e+16,11.0,9.0,5.821,0.0009999999999994,30625.0,0.0001169690688798,5.82,5.82,1124.0,5.82,0.0003436426116838,0.0006872852233677,837001.868462519,159922.0,1523100.0,1823100.0,-300000.0,3346200.0,0.1397453094187394,0.1033337406872767,54300.0,300000.0,5.820714548803166,5.820896645021644,5.82333536865603,5.817607810871593
20230825.0,2.0230825112458736e+16,5.82,5.819,5.818,5.817,5.816,200.0,60200.0,546500.0,330500.0,322100.0,5.285,5.877,5.821,5.819,-227400.0,-29900.0,490400.0,690400.0,338300.0,5.821,5.822,5.823,5.824,5.825,265800.0,355000.0,555100.0,230000.0,114900.0,5.85,5.872,-0.0510000000000001,0.0,285501827.068,48791458.0,6.459,227600.0,90100.0,56100.0,-359900.0,-16200.0,0.0007999999999999,7430.0,129768.5,-0.0010000000000003,200.0,60200.0,546500.0,330500.0,322100.0,0.0020000000000006,0.0010000000000003,5.821,1.0,1.0,33.874729000000016,4.759762959285768e+16,12.0,8.0,5.821,0.0019999999999997,20800.0,-0.0001539216631103,5.819,5.8205,1125.0,5.821,0.0001718065458293,0.0005154196374882,121.5348461146932,159922.0,1520800.0,1259500.0,261300.0,2780300.0,0.1268294105856112,0.0937136486940537,22300.0,261300.0,5.819215246636771,5.820000751879699,5.822719358232511,5.81727423580786
20230825.0,2.0230825112558696e+16,5.821,5.82,5.819,5.818,5.817,212600.0,570200.0,186400.0,111600.0,195400.0,5.285,5.877,5.821,5.819,232500.0,1260200.0,555500.0,602600.0,265400.0,5.823,5.824,5.825,5.826,5.827,19900.0,690000.0,369100.0,491000.0,70000.0,5.85,5.872,-0.0510000000000001,0.0,285623485.968,48812358.0,6.459,-19900.0,-690000.0,-369100.0,-491000.0,-70000.0,0.0,995.0,121658.89999997616,-0.0009999999999994,212600.0,570200.0,186400.0,111600.0,195400.0,0.0019999999999988,0.0009999999999994,5.821,0.0,0.0,33.88404100000001,4.765098353456486e+16,0.0,0.0,5.821,0.0,0.0,0.0004858037925301,5.821,5.822,1126.0,5.821,0.0003435245620062,0.0006870491240122,0.0,159922.0,1640000.0,1276200.0,363800.0,2916200.0,0.1167504473412572,0.1086712694258403,20900.0,363800.0,5.820999999998859,5.822828817204301,5.82493975609756,5.81938630308729
20230825.0,2.023082511265863e+16,5.823,5.822,5.821,5.82,5.819,50000.0,668900.0,452800.0,131400.0,95600.0,5.285,5.877,5.823,5.819,66000.0,1169900.0,776900.0,642400.0,350900.0,5.825,5.826,5.827,5.828,5.829,16000.0,501000.0,324100.0,511000.0,255300.0,5.85,5.872,-0.0489999999999994,0.0020000000000006,285646195.568,48816258.0,6.459,-16000.0,-501000.0,-324100.0,-511000.0,-255300.0,0.0003500000000009,710.0,22709.60000002384,-0.0009999999999994,50000.0,668900.0,452800.0,131400.0,95600.0,0.0019999999999997,0.0010000000000003,5.823,2.0,1.0,33.89975985000001,4.765470270155448e+16,8.0,12.0,5.823,0.0010000000000003,25.0,0.0002895654712631,5.821,5.824,1127.0,5.821,0.0003434065934065,0.0006868131868131,1676459.4168595038,159922.0,1607400.0,1398700.0,208700.0,3006100.0,0.1215839010741019,0.1345067624396095,3900.0,208700.0,5.822974358980472,5.824515151515151,5.827303969142715,5.821319082004719
20230825.0,2.0230825112758696e+16,5.826,5.825,5.824,5.823,5.822,454900.0,490000.0,426100.0,180200.0,284900.0,5.285,5.877,5.825,5.819,891300.0,1055000.0,856200.0,415100.0,364900.0,5.829,5.83,5.831,5.832,5.833,436400.0,565000.0,430100.0,234900.0,80000.0,5.85,5.872,-0.0469999999999997,0.0019999999999997,285714348.068,48827958.0,6.459,-436400.0,-565000.0,-430100.0,-234900.0,-80000.0,0.0006000000000012,3510.0,68152.5,-0.0010000000000003,454900.0,490000.0,426100.0,180200.0,284900.0,0.0019999999999997,0.0009999999999994,5.825,1.0,0.0,33.9143178,4.766739552641448e+16,6.0,14.0,5.825,0.0019999999999997,11700.0,0.0005176743683363,5.823,5.8275,1128.0,5.823,0.0005148005148005,0.0008580008580008,1676496.412016983,159922.0,1746400.0,1836100.0,-89700.0,3582500.0,0.1402196279806169,0.1354822631611152,11700.0,89700.0,5.825,5.827531134298216,5.830402828676133,5.824353902292904
20230825.0,2.023082511285865e+16,5.827,5.826,5.825,5.824,5.823,650800.0,371000.0,256100.0,220000.0,215100.0,5.285,5.877,5.828,5.819,650600.0,185600.0,-89900.0,-50000.0,-435800.0,5.828,5.829,5.83,5.831,5.832,200.0,185400.0,346000.0,270000.0,650900.0,5.85,5.872,-0.0439999999999995,0.0030000000000001,285742322.468,48832758.0,6.459,200.0,185400.0,346000.0,270000.0,650900.0,0.0013499999999977,1525.0,27974.39999997616,-0.0009999999999994,650800.0,371000.0,256100.0,220000.0,215100.0,0.0019999999999997,0.0010000000000003,5.828,1.0,0.0,33.949852449999995,4.768636828656328e+16,11.0,9.0,5.828,0.0030000000000001,4400.0,8.040105411355469e-05,5.825,5.827500000000001,1129.0,5.825,0.0001716001716002,0.0005148005148005,2513475.8750858875,159922.0,1452500.0,1713000.0,-260500.0,3165500.0,0.1346588374829794,0.1280907138310456,4800.0,260500.0,5.827999999995033,5.827999692780338,5.83095421686747,5.825596847635726
20230825.0,2.023082511295865e+16,5.828,5.827,5.826,5.824,5.823,190000.0,50800.0,36100.0,50000.0,170200.0,5.285,5.877,5.831,5.819,380000.0,86900.0,185200.0,-142400.0,-24900.0,5.832,5.833,5.835,5.836,5.837,190000.0,36100.0,149100.0,27600.0,20000.0,5.85,5.872,-0.0409999999999994,0.0030000000000001,286599187.468,48979758.0,6.459,-190000.0,-36100.0,-149100.0,-27600.0,-20000.0,0.0008499999999997,14300.0,856865.0,-0.0010000000000003,190000.0,50800.0,36100.0,-170000.0,-44900.0,0.0020000000000006,0.0010000000000003,5.831,3.0,0.0,33.98715205,4.795040143575526e+16,12.0,8.0,5.831,0.0020000000000006,1200.0,0.0003431647438678,5.828,5.83,1130.0,5.828,0.0006861063464836,0.0010291595197255,2520361.521033304,159922.0,422800.0,497100.0,-74300.0,919900.0,0.1295820299431735,0.1229475304480096,147000.0,74300.0,5.829013605442177,5.83,5.83364096499527,5.825638302152485
20230825.0,2.023082513005865e+16,5.835,5.834,5.833,5.832,5.831,40000.0,40000.0,190000.0,506100.0,130000.0,5.285,5.877,5.827,5.819,317600.0,460000.0,230000.0,876600.0,400000.0,5.836,5.837,5.838,5.839,5.84,277600.0,420000.0,40000.0,370500.0,270000.0,5.85,5.872,-0.0449999999999999,-0.0040000000000004,287011801.768,49050558.0,6.459,-277600.0,-420000.0,-40000.0,-370500.0,-270000.0,0.0010769230769227,21996.153846152127,412614.3000000119,-0.0009999999999994,40000.0,40000.0,190000.0,506100.0,130000.0,0.0019999999999997,0.0010000000000003,5.827,4.0,7.0,33.966482230769245,6.249881018130508e+16,9.0,17.0,5.831,0.0019999999999997,41000.0,0.0008788494764073,5.827,5.8355,1301.0,5.831,0.0001713649216006,0.0005140947648016,-3366056.903283145,159922.0,1378100.0,906100.0,472000.0,2284200.0,0.121547690825094,0.1115875407331697,70800.0,472000.0,5.827885593220508,5.835125944584383,5.8379530513025175,5.832286944045911
20230825.0,2.023082513015877e+16,5.852,5.851,5.85,5.849,5.848,830000.0,160000.0,280000.0,750000.0,150000.0,5.285,5.877,5.854,5.819,831400.0,230000.0,360000.0,1094900.0,635900.0,5.853,5.854,5.855,5.856,5.857,1400.0,70000.0,80000.0,344900.0,485900.0,5.85,5.872,-0.0179999999999997,0.0270000000000001,291712505.268,49854658.0,6.459,-1400.0,-70000.0,-80000.0,-344900.0,-485900.0,0.0036521739130446,201760.8695652187,4700703.5,-0.0010000000000003,830000.0,160000.0,280000.0,750000.0,150000.0,0.0020000000000006,0.0010000000000003,5.854,12.0,0.0,34.168122304347825,5.627435895059978e+16,13.0,10.0,5.854,0.0075000000000002,413550.0,0.0030582127704794,5.836,5.8525,1302.0,5.836,0.0001708671507901,0.0005126014523708,15231277.941925244,159922.0,982200.0,2170000.0,-1187800.0,3152200.0,0.1431342232810749,0.15216162093903,804100.0,1187800.0,5.845919039920408,5.852998316093336,5.856266442679699,5.850354838709677
20230825.0,2.023082513025872e+16,5.852,5.851,5.85,5.849,5.848,62300.0,128600.0,528600.0,120000.0,384800.0,5.285,5.877,5.852,5.819,-767600.0,-391400.0,-188900.0,-550100.0,407000.0,5.853,5.854,5.855,5.856,5.857,1300.0,430000.0,517500.0,265000.0,313700.0,5.85,5.872,-0.0199999999999995,-0.0019999999999997,300881069.968,51419758.0,6.459,-100.0,360000.0,437500.0,-79900.0,-172200.0,0.0016000000000007,433305.0,9168564.699999988,-0.0010000000000003,-767700.0,-31400.0,248600.0,-630000.0,234800.0,0.0020000000000006,0.0010000000000003,5.852,8.0,6.0,34.3208652,5.111031322463368e+16,8.0,12.0,5.865,0.0032500000000004,917150.0,-3.2045754927434444e-06,5.852,5.8525,1303.0,5.854,0.0001708671507901,0.0005126014523708,-1908037.1720527709,159922.0,1527500.0,1224300.0,303200.0,2751800.0,0.191064574262415,0.191064574262415,1565100.0,303200.0,5.858133473899423,5.852979559748427,5.855301014729951,5.849480192763212
0.0,0.0,0.0,0.0,0.0,0.0,0.0,0.0,0.0,0.0,0.0,0.0,0.0,0.0,0.0,0.0,0.0,0.0,0.0,0.0,0.0,0.0,0.0,0.0,0.0,0.0,0.0,0.0,0.0,0.0,0.0,0.0,0.0,0.0,0.0,0.0,0.0,0.0,0.0,0.0,0.0,0.0,0.0,0.0,0.0,0.0,0.0,0.0,0.0,0.0,0.0,0.0,0.0,0.0,0.0,0.0,0.0,0.0,0.0,0.0,0.0,0.0,0.0,0.0,0.0,0.0,0.0,0.0,0.0,0.0,0.0,0.0,0.0,0.0,0.0,0.0,0.0,0.0,0.0,0.0,0.0,0.0,0.0,0.0,0.0
20230825.0,2.0230825130458576e+16,5.826,5.825,5.824,5.823,5.822,2600.0,815100.0,116100.0,120700.0,208900.0,5.285,5.877,5.828,5.819,-22200.0,-1127500.0,-346000.0,-249200.0,-692700.0,5.828,5.829,5.83,5.831,5.832,19600.0,312400.0,229900.0,128500.0,483800.0,5.85,5.872,-0.0439999999999995,-0.0039999999999995,312547802.368,53418258.0,6.459,19600.0,312400.0,229900.0,128500.0,483800.0,0.0015,110455.0,4847584.299999952,-0.0009999999999994,-2600.0,-815100.0,-116100.0,-120700.0,-208900.0,0.0019999999999988,0.0009999999999994,5.828,4.0,6.0,34.001149250000005,5.672789996456968e+16,7.0,13.0,5.836,0.0025000000000003,164700.0,-0.0006690304924055,5.828,5.827,1305.0,5.83,0.000343229792346,0.0006864595846918,-1867451.1129198289,159922.0,1174200.0,1263400.0,-89200.0,2437600.0,0.2483482060291353,0.2888839453504478,831200.0,89200.0,5.832031159768952,5.826234234234234,5.8306340487140185,5.824223048915624
20230825.0,2.023082513055852e+16,5.824,5.823,5.822,5.821,5.82,51300.0,190400.0,558900.0,107700.0,183300.0,5.285,5.877,5.825,5.819,-66300.0,-235100.0,-1192000.0,-557700.0,-678200.0,5.825,5.826,5.827,5.828,5.829,15000.0,44700.0,633100.0,450000.0,494900.0,5.85,5.872,-0.0469999999999997,-0.0030000000000001,313791421.868,53631758.0,6.459,15000.0,44700.0,633100.0,450000.0,494900.0,0.0010499999999993,41985.0,1243619.5,-0.0009999999999994,-51300.0,-190400.0,-558900.0,-107700.0,-183300.0,0.0019999999999988,0.0009999999999994,5.825,5.0,6.0,33.93120915,5.736169379450005e+16,7.0,13.0,5.828,0.0019999999999997,65175.0,-0.0002507042458543,5.823,5.8245000000000005,1306.0,5.828,0.0001716885569577,0.0005150656708729,-2754479.117474798,159922.0,1637700.0,1091600.0,546100.0,2729300.0,0.2609782240316097,0.3099861797389794,213500.0,546100.0,5.824915690866511,5.824773755656109,5.827833547047689,5.821833913521437
20230825.0,2.023082513065851e+16,5.823,5.822,5.821,5.82,5.819,32000.0,147200.0,254300.0,469400.0,39700.0,5.285,5.877,5.823,5.819,-87700.0,-653800.0,-510400.0,-808500.0,-298600.0,5.824,5.825,5.826,5.827,5.828,55700.0,506600.0,256100.0,339100.0,258900.0,5.85,5.872,-0.0489999999999994,-0.0019999999999997,314931290.768,53827458.0,6.459,55700.0,506600.0,256100.0,339100.0,258900.0,0.0008000000000025,64110.0,1139868.9000000358,-0.0010000000000003,-32000.0,-147200.0,-254300.0,-469400.0,-39700.0,0.0020000000000006,0.0010000000000003,5.823,1.0,2.0,33.9166474,5.768285759530248e+16,8.0,12.0,5.825,0.0019999999999997,139300.0,-0.000241905669799,5.823,5.8235,1307.0,5.825,0.0001717180389798,0.00051515411694,-1847507.565697168,159922.0,1416400.0,942600.0,473800.0,2359000.0,0.2528007589662986,0.3026401079885275,195700.0,473800.0,5.824572815534164,5.823364880273661,5.826168667043208,5.820641841714407
20230825.0,2.023082513075851e+16,5.817,5.816,5.815,5.814,5.813,25000.0,71000.0,612000.0,36200.0,21200.0,5.285,5.877,5.818,5.817,-215000.0,-707900.0,-1182200.0,-196200.0,-40200.0,5.819,5.82,5.821,5.822,5.823,190000.0,636900.0,570200.0,160000.0,19000.0,5.85,5.872,-0.0540000000000002,-0.0050000000000007,315823051.368,53980658.0,6.459,190000.0,636900.0,570200.0,160000.0,19000.0,0.0010999999999992,23075.0,891760.5999999642,-0.0010000000000003,-25000.0,-71000.0,-612000.0,-36200.0,-21200.0,0.0020000000000006,0.0010000000000003,5.818,0.0,3.0,33.86192799999999,5.822845121235525e+16,4.0,16.0,5.823,0.0010000000000003,10325.0,-0.0010536096164921,5.818,5.818,1308.0,5.823,0.0003437607425231,0.0006875214850464,-4634686.710405637,159922.0,1576100.0,765400.0,810700.0,2341500.0,0.2188743440619208,0.2268356126499853,153200.0,810700.0,5.820891644908383,5.817232558139535,5.820480426368885,5.815055395871441
20230825.0,2.023082513085859e+16,5.811,5.81,5.809,5.808,5.807,45200.0,723600.0,20000.0,176200.0,19000.0,5.285,5.877,5.814,5.811,-479100.0,-1184500.0,-519100.0,-195200.0,-179000.0,5.814,5.815,5.816,5.817,5.818,433900.0,460900.0,499100.0,19000.0,160000.0,5.85,5.872,-0.0579999999999998,-0.0039999999999995,316444571.068,54087558.0,6.459,433900.0,460900.0,499100.0,19000.0,160000.0,0.0010500000000002,27550.0,621519.7000000477,-0.0010000000000003,-45200.0,-723600.0,-20000.0,-176200.0,-19000.0,0.0020000000000006,0.0010000000000003,5.814,2.0,4.0,33.80317985000001,5.842279195880728e+16,4.0,16.0,5.818,0.0010000000000003,55225.0,-0.0010232652535389,5.811,5.8125,1309.0,5.817,0.000516129032258,0.0008602150537635,-2787714.249988411,159922.0,1572900.0,984000.0,588900.0,2556900.0,0.1882983390974515,0.1763216986500422,106900.0,588900.0,5.814028999064992,5.811283030682529,5.815370780087736,5.809609552845529
20230825.0,2.023082513095851e+16,5.81,5.809,5.808,5.807,5.806,2500.0,208000.0,470000.0,56400.0,189000.0,5.285,5.877,5.811,5.809,-58700.0,-492700.0,-945000.0,-487500.0,-208000.0,5.811,5.812,5.813,5.814,5.815,56200.0,284700.0,475000.0,431100.0,19000.0,5.85,5.872,-0.0609999999999999,-0.0030000000000001,317228359.768,54222458.0,6.459,56200.0,284700.0,475000.0,431100.0,19000.0,0.0006999999999992,65800.0,783788.6999999881,-0.0010000000000003,-2500.0,-208000.0,-470000.0,-56400.0,-189000.0,0.0019999999999997,0.0009999999999994,5.811,3.0,3.0,33.77121,5.865223485286728e+16,9.0,11.0,5.814,0.0012500000000006,131750.0,-0.0002134767220138,5.809,5.810499999999999,1310.0,5.814,0.0001721022287239,0.0005163066861716,-2795093.4763712897,159922.0,1266000.0,925900.0,340100.0,2191900.0,0.1575208460397341,0.1520309081679163,134900.0,340100.0,5.810146034099245,5.81004258943782,5.813056872037914,5.807760881304676
0.0,0.0,0.0,0.0,0.0,0.0,0.0,0.0,0.0,0.0,0.0,0.0,0.0,0.0,0.0,0.0,0.0,0.0,0.0,0.0,0.0,0.0,0.0,0.0,0.0,0.0,0.0,0.0,0.0,0.0,0.0,0.0,0.0,0.0,0.0,0.0,0.0,0.0,0.0,0.0,0.0,0.0,0.0,0.0,0.0,0.0,0.0,0.0,0.0,0.0,0.0,0.0,0.0,0.0,0.0,0.0,0.0,0.0,0.0,0.0,0.0,0.0,0.0,0.0,0.0,0.0,0.0,0.0,0.0,0.0,0.0,0.0,0.0,0.0,0.0,0.0,0.0,0.0,0.0,0.0,0.0,0.0,0.0,0.0,0.0
20230825.0,2.023082513115848e+16,5.812,5.811,5.81,5.809,5.808,580400.0,595000.0,159900.0,638300.0,395000.0,5.285,5.877,5.814,5.809,786400.0,928000.0,419900.0,877500.0,616000.0,5.815,5.816,5.817,5.818,5.82,206000.0,333000.0,260000.0,239200.0,221000.0,5.85,5.872,-0.0579999999999998,0.0049999999999998,325975588.868,55727758.0,6.459,-206000.0,-333000.0,-260000.0,-239200.0,-221000.0,0.0001111111111127,17144.444444447756,364962.2999999523,-0.0009999999999994,580400.0,595000.0,159900.0,638300.0,395000.0,0.0019999999999997,0.0010000000000003,5.814,2.0,0.0,33.77805388888888,5.586510958395655e+16,16.0,2.0,5.814,0.0,31200.0,0.000896985003008,5.809,5.8135,1312.0,5.809,0.0005160402511396,0.0008600670852326,4791902.092381507,159922.0,1259200.0,2368600.0,-1109400.0,3627800.0,0.1784322082837761,0.1898462409269142,62800.0,1109400.0,5.811501592355929,5.814214140386572,5.817124841168996,5.810138267330913
20230825.0,2.0230825131258524e+16,5.813,5.812,5.811,5.81,5.809,196000.0,394600.0,414700.0,572700.0,600.0,5.285,5.877,5.812,5.809,181000.0,139800.0,-48200.0,487700.0,-438500.0,5.814,5.815,5.816,5.817,5.818,15000.0,254800.0,462900.0,85000.0,439100.0,5.85,5.872,-0.0599999999999996,-0.0019999999999997,326198222.968,55766058.0,6.459,15000.0,254800.0,462900.0,85000.0,439100.0,0.0006999999999983,5555.0,222634.10000002384,-0.0010000000000003,196000.0,394600.0,414700.0,572700.0,600.0,0.0019999999999997,0.0009999999999994,5.812,2.0,2.0,33.78748310000001,6.218445333033765e+16,6.0,14.0,5.815,0.0019999999999997,5300.0,-4.905863864723692e-05,5.811,5.8135,1313.0,5.814,0.0001720134170465,0.0005160402511396,-1919497.2463597727,159922.0,1256800.0,1578600.0,-321800.0,2835400.0,0.1783945281091178,0.1987147985810664,38300.0,321800.0,5.81290078329044,5.813928909952606,5.816539783577339,5.811134739642722
20230825.0,2.0230825131358508e+16,5.816,5.815,5.814,5.813,5.812,551000.0,398000.0,724900.0,97100.0,790200.0,5.285,5.877,5.816,5.809,636000.0,722200.0,1066000.0,317100.0,991200.0,5.818,5.819,5.82,5.821,5.822,85000.0,324200.0,341100.0,220000.0,201000.0,5.85,5.872,-0.056,0.0039999999999995,329660897.568,56361358.0,6.459,-85000.0,-324200.0,-341100.0,-220000.0,-201000.0,0.0010500000000002,274780.0,3462674.600000024,-0.0010000000000003,551000.0,398000.0,724900.0,97100.0,790200.0,0.0019999999999997,0.0009999999999994,5.816,4.0,2.0,33.81364595000001,6.288644431444568e+16,15.0,5.0,5.817,0.0014999999999991,500225.0,0.0006540414794755,5.812,5.817,1314.0,5.812,0.0003438198384046,0.0006876396768092,3840442.127883394,159922.0,1171300.0,2561200.0,-1389900.0,3732500.0,0.2029655649028162,0.2119432476833214,595300.0,1389900.0,5.8166883924072295,5.817732704402515,5.820109109536412,5.813930696548494
0.0,0.0,0.0,0.0,0.0,0.0,0.0,0.0,0.0,0.0,0.0,0.0,0.0,0.0,0.0,0.0,0.0,0.0,0.0,0.0,0.0,0.0,0.0,0.0,0.0,0.0,0.0,0.0,0.0,0.0,0.0,0.0,0.0,0.0,0.0,0.0,0.0,0.0,0.0,0.0,0.0,0.0,0.0,0.0,0.0,0.0,0.0,0.0,0.0,0.0,0.0,0.0,0.0,0.0,0.0,0.0,0.0,0.0,0.0,0.0,0.0,0.0,0.0,0.0,0.0,0.0,0.0,0.0,0.0,0.0,0.0,0.0,0.0,0.0,0.0,0.0,0.0,0.0,0.0,0.0,0.0,0.0,0.0,0.0,0.0
20230825.0,2.0230825131501464e+16,5.819,5.818,5.817,5.816,5.815,2400.0,50000.0,355000.0,326100.0,79500.0,5.285,5.877,5.82,5.809,1200.0,16100.0,84000.0,36200.0,0.0,5.82,5.821,5.822,5.823,5.824,188600.0,515000.0,316100.0,329100.0,195000.0,5.85,5.872,-0.0519999999999996,0.0010000000000003,331024357.868,56595658.0,6.459,-1200.0,-31100.0,-88900.0,0.0,0.0,0.0,0.0,6984.0,-0.0009999999999994,0.0,-15000.0,-4900.0,36200.0,0.0,0.0019999999999997,0.0010000000000003,5.82,0.0,0.0,33.872400000000006,3203068504452964.0,0.0,0.0,5.82,0.0,0.0,1.34820659081214e-08,5.82,5.8195,1316.0,5.82,0.0001718360683908,0.0005155082051722,0.0,159922.0,1543800.0,813000.0,730800.0,2356800.0,0.1854099307036538,0.2043813020925108,1200.0,730800.0,5.82,5.819012565445026,5.821887874076953,5.816470725707256
20230825.0,2.023082513165849e+16,5.819,5.818,5.817,5.816,5.815,85000.0,335600.0,351100.0,340000.0,136600.0,5.285,5.877,5.822,5.809,-45000.0,539400.0,295000.0,-900.0,98300.0,5.822,5.823,5.824,5.825,5.826,40000.0,875000.0,646100.0,339100.0,234900.0,5.85,5.872,-0.0499999999999998,0.0010000000000003,337026540.168,57626558.0,6.459,-40000.0,-875000.0,-646100.0,-339100.0,-234900.0,0.0009999999999998,85550.0,1219846.800000012,-0.0010000000000003,-85000.0,-335600.0,-351100.0,-340000.0,-136600.0,0.0020000000000006,0.0010000000000003,5.822,2.0,1.0,33.87414715,6.613089303701128e+16,9.0,11.0,5.822,0.0019999999999997,120400.0,0.0001356807937924,5.819,5.8205,1317.0,5.821,0.0005154196374882,0.0008590327291471,993323.089107139,159922.0,2135100.0,1248300.0,886800.0,3383400.0,0.1764106203538688,0.2051138600017176,209600.0,886800.0,5.819879770992423,5.82104,5.823931572291697,5.8169138027717695
20230825.0,2.0230825131758604e+16,5.826,5.825,5.824,5.823,5.822,196000.0,516700.0,524900.0,216000.0,1010000.0,5.285,5.877,5.825,5.809,211000.0,746700.0,1245900.0,300200.0,1625900.0,5.828,5.829,5.83,5.831,5.832,15000.0,230000.0,721000.0,84200.0,615900.0,5.85,5.872,-0.0469999999999997,0.0030000000000001,337105138.368,57640058.0,6.459,-15000.0,-230000.0,-721000.0,-84200.0,-615900.0,0.0008499999999997,380.0,78598.19999998808,-0.0009999999999994,196000.0,516700.0,524900.0,216000.0,1010000.0,0.0019999999999988,0.0009999999999994,5.825,2.0,2.0,33.893939050000014,6.644549682128565e+16,9.0,11.0,5.825,0.0010000000000003,500.0,0.0011705520623657,5.821,5.827,1318.0,5.822,0.000343229792346,0.0006864595846918,2967194.1272620982,159922.0,1666100.0,2463600.0,-797500.0,4129700.0,0.1905716903531623,0.2065798789204436,13500.0,797500.0,5.822088888888006,5.827857819905213,5.830633815497269,5.823461235590193
20230825.0,2.023082513185847e+16,5.82,5.819,5.818,5.817,5.816,51600.0,576500.0,396200.0,80000.0,924900.0,5.285,5.877,5.822,5.809,-88500.0,-1155600.0,-1026400.0,-228500.0,-1454700.0,5.822,5.823,5.824,5.825,5.826,36900.0,579100.0,630200.0,148500.0,529800.0,5.85,5.872,-0.0499999999999998,-0.0030000000000001,339569407.068,58063058.0,6.459,36900.0,579100.0,630200.0,148500.0,529800.0,0.0003999999999981,13905.0,2464268.700000048,-0.0010000000000003,-51600.0,-576500.0,-396200.0,-80000.0,-924900.0,0.0020000000000006,0.0010000000000003,5.822,0.0,2.0,33.92596639999999,6.727087796896885e+16,17.0,3.0,5.826,0.0,15700.0,-0.0011488892101849,5.822,5.821,1319.0,5.826,0.0003435835767049,0.0006871671534101,-3986016.316460875,159922.0,1924500.0,2029200.0,-104700.0,3953700.0,0.1793999204827534,0.1900224555631582,423000.0,104700.0,5.825694326241248,5.821166101694915,5.824288490517017,5.817383944411591
20230825.0,2.023082513195856e+16,5.828,5.827,5.826,5.825,5.824,40000.0,230000.0,105600.0,20000.0,240000.0,5.285,5.877,5.826,5.809,280000.0,561100.0,365600.0,290000.0,694000.0,5.829,5.83,5.831,5.832,5.833,240000.0,331100.0,260000.0,270000.0,454000.0,5.85,5.872,-0.0460000000000002,0.0039999999999995,341451276.168,58386058.0,6.459,-240000.0,-331100.0,-260000.0,-270000.0,-454000.0,0.0028000000000014,109330.0,1881869.099999964,-0.0010000000000003,40000.0,230000.0,105600.0,20000.0,240000.0,0.0020000000000006,0.0010000000000003,5.826,5.0,2.0,33.9096651,6.768453859322485e+16,11.0,9.0,5.828,0.0059999999999993,157100.0,0.0011977974499146,5.82,5.8285,1320.0,5.822,0.0001715707300333,0.0005147121901003,3996334.9281420754,159922.0,1555100.0,635600.0,919500.0,2190700.0,0.1924634722763653,0.2074662448501892,323000.0,919500.0,5.826220123838898,5.828142857142857,5.83123593338049,5.825701069855255
20230825.0,2.023082513205844e+16,5.825,5.824,5.823,5.822,5.821,75600.0,500000.0,375000.0,406100.0,690000.0,5.285,5.877,5.825,5.809,-130600.0,-820000.0,-866100.0,-671000.0,-1029100.0,5.827,5.828,5.829,5.83,5.831,55000.0,320000.0,491100.0,264900.0,339100.0,5.85,5.872,-0.0469999999999997,-0.0009999999999994,343146136.568,58676958.0,6.459,55000.0,320000.0,491100.0,264900.0,339100.0,0.0006500000000011,30700.0,1694860.4000000358,-0.0010000000000003,-75600.0,-500000.0,-375000.0,-406100.0,-690000.0,0.0020000000000006,0.0010000000000003,5.825,2.0,3.0,33.93819944999999,6.878754816521928e+16,8.0,12.0,5.829,0.0009999999999994,6500.0,-0.0003406679978932,5.824,5.8260000000000005,1321.0,5.829,0.0003432887058015,0.0006865774116032,-4026270.758680725,159922.0,1470100.0,2046700.0,-576600.0,3516800.0,0.1938258700589581,0.2029370191147758,290900.0,576600.0,5.826264695771866,5.826157733537519,5.829349023875927,5.822445497630332
20230825.0,2.023082513215842e+16,5.83,5.829,5.828,5.827,5.826,190300.0,486800.0,240000.0,790000.0,304900.0,5.285,5.877,5.832,5.809,230800.0,1006400.0,499600.0,896000.0,464000.0,5.833,5.834,5.835,5.836,5.837,40500.0,519600.0,259600.0,106000.0,159100.0,5.85,5.872,-0.04,0.0069999999999996,344564032.968,58920158.0,6.459,-40500.0,-519600.0,-259600.0,-106000.0,-159100.0,0.0016499999999997,60855.0,1417896.3999999762,-0.0009999999999994,190300.0,486800.0,240000.0,790000.0,304900.0,0.0019999999999997,0.0010000000000003,5.832,4.0,1.0,33.99298615,6.928825284187365e+16,11.0,9.0,5.832,0.00225,118100.0,0.0010834611896413,5.825,5.8315,1322.0,5.825,0.0005144473977535,0.0008574123295892,7057076.007393202,159922.0,1084800.0,2012000.0,-927200.0,3096800.0,0.2116362732681055,0.2147539748806282,243200.0,927200.0,5.830166118420955,5.832473570190642,5.834837389380531,5.827735387673956
20230825.0,2.02308251322584e+16,5.828,5.827,5.826,5.825,5.824,100.0,15000.0,56000.0,450300.0,274900.0,5.285,5.877,5.828,5.809,-50100.0,-655700.0,-380600.0,-885200.0,-415600.0,5.829,5.83,5.831,5.832,5.833,50000.0,640700.0,324600.0,434900.0,140700.0,5.85,5.872,-0.0439999999999995,-0.0039999999999995,344653216.368,58935458.0,6.459,50000.0,640700.0,324600.0,434900.0,140700.0,0.0,1420.0,89183.39999997616,-0.0010000000000003,-100.0,-15000.0,-56000.0,-450300.0,-274900.0,0.0020000000000006,0.0010000000000003,5.828,0.0,2.0,33.977242200000006,6.946370990316488e+16,2.0,6.0,5.832,0.0009999999999994,200.0,-0.0007669626125392,5.828,5.8285,1323.0,5.832,0.0001715707300333,0.0005147121901003,-4044449.209982348,159922.0,1590900.0,796300.0,794600.0,2387200.0,0.1884897657619283,0.1938335487119489,15300.0,794600.0,5.828980392155304,5.828001996007984,5.830984662769501,5.824763154589978
