time,exchg,code,price,open,high,low,settle_price,upper_limit,lower_limit,total_volume,volume,total_turnover,turnover,open_interest,diff_interest,trading_date,action_date,action_time,pre_close,pre_settle,pre_interest,bid_price_0,bid_price_1,bid_price_2,bid_price_3,bid_price_4,bid_price_5,bid_price_6,bid_price_7,bid_price_8,bid_price_9,ask_price_0,ask_price_1,ask_price_2,ask_price_3,ask_price_4,ask_price_5,ask_price_6,ask_price_7,ask_price_8,ask_price_9,bid_qty_0,bid_qty_1,bid_qty_2,bid_qty_3,bid_qty_4,bid_qty_5,bid_qty_6,bid_qty_7,bid_qty_8,bid_qty_9,ask_qty_0,ask_qty_1,ask_qty_2,ask_qty_3,ask_qty_4,ask_qty_5,ask_qty_6,ask_qty_7,ask_qty_8,ask_qty_9
2.02308e+16,SZSE,SZSE.ETF.159915,2.001,2.0,2.002,1.999,0.0,2.417,1.611,8230291.0,8230291.0,16461201.21,16461201.21,0.0,0.0,20230825,20230825,93001302,2.014,0.0,0.0,2.0,1.999,1.998,1.997,1.996,0.0,0.0,0.0,0.0,0.0,2.001,2.002,2.003,2.004,2.005,0.0,0.0,0.0,0.0,0.0,172300.0,1233909.0,694200.0,958000.0,608400.0,0.0,0.0,0.0,0.0,0.0,24700.0,460900.0,73000.0,105000.0,242700.0,0.0,0.0,0.0,0.0,0.0
2.02308e+16,SZSE,SZSE.ETF.159915,1.994,2.0,2.007,1.99,0.0,2.417,1.611,369003933.0,828200.0,737281704.1,1651451.7,0.0,0.0,20230825,20230825,132310527,2.014,0.0,0.0,1.993,1.992,1.991,1.99,1.989,0.0,0.0,0.0,0.0,0.0,1.994,1.996,1.997,1.998,1.999,0.0,0.0,0.0,0.0,0.0,2390200.0,1323000.0,4170400.0,8975500.0,1465400.0,0.0,0.0,0.0,0.0,0.0,82000.0,4021300.0,5688900.0,1180900.0,1345100.0,0.0,0.0,0.0,0.0,0.0
2.02308e+16,SZSE,SZSE.ETF.159915,1.993,2.0,2.007,1.99,0.0,2.417,1.611,370195233.0,32100.0,739656594.4,63975.3,0.0,0.0,20230825,20230825,132601462,2.014,0.0,0.0,1.993,1.992,1.991,1.99,1.989,0.0,0.0,0.0,0.0,0.0,1.994,1.995,1.996,1.997,1.998,0.0,0.0,0.0,0.0,0.0,598200.0,1798400.0,3909700.0,9671300.0,2074100.0,0.0,0.0,0.0,0.0,0.0,2290000.0,6044700.0,3343600.0,3711500.0,363700.0,0.0,0.0,0.0,0.0,0.0
2.02308e+16,SZSE,SZSE.ETF.159915,1.996,2.0,2.007,1.99,0.0,2.417,1.611,369112433.0,0.0,737498083.6,0.0,0.0,0.0,20230825,20230825,132325496,2.014,0.0,0.0,1.994,1.993,1.992,1.991,1.99,0.0,0.0,0.0,0.0,0.0,1.995,1.996,1.997,1.998,1.999,0.0,0.0,0.0,0.0,0.0,5600.0,634500.0,3193800.0,3258800.0,10040200.0,0.0,0.0,0.0,0.0,0.0,800000.0,7015100.0,5634700.0,730200.0,1275100.0,0.0,0.0,0.0,0.0,0.0
2.02308e+16,SZSE,SZSE.ETF.159915,1.993,2.0,2.007,1.99,0.0,2.417,1.611,370163133.0,67500.0,739592619.1,134567.5,0.0,0.0,20230825,20230825,132558417,2.014,0.0,0.0,1.993,1.992,1.991,1.99,1.989,0.0,0.0,0.0,0.0,0.0,1.994,1.995,1.996,1.997,1.998,0.0,0.0,0.0,0.0,0.0,630200.0,1775800.0,3834700.0,9700600.0,2014100.0,0.0,0.0,0.0,0.0,0.0,2350000.0,5993700.0,3403600.0,3711500.0,363700.0,0.0,0.0,0.0,0.0,0.0
2.02308e+16,SZSE,SZSE.ETF.159915,1.994,2.0,2.007,1.99,0.0,2.417,1.611,369225033.0,79200.0,737722608.0,157924.8,0.0,0.0,20230825,20230825,132343417,2.014,0.0,0.0,1.993,1.992,1.991,1.99,1.989,0.0,0.0,0.0,0.0,0.0,1.995,1.996,1.997,1.998,1.999,0.0,0.0,0.0,0.0,0.0,1440200.0,2968000.0,3146600.0,10189100.0,1455900.0,0.0,0.0,0.0,0.0,0.0,478300.0,7774000.0,5547600.0,743800.0,1223100.0,0.0,0.0,0.0,0.0,0.0
2.02308e+16,SZSE,SZSE.ETF.159915,1.993,2.0,2.007,1.99,0.0,2.417,1.611,370095633.0,0.0,739458051.6,0.0,0.0,0.0,20230825,20230825,132555450,2.014,0.0,0.0,1.993,1.992,1.991,1.99,1.989,0.0,0.0,0.0,0.0,0.0,1.994,1.995,1.996,1.997,1.998,0.0,0.0,0.0,0.0,0.0,624100.0,2375800.0,3831700.0,9580600.0,3074100.0,0.0,0.0,0.0,0.0,0.0,2330000.0,6044700.0,3417600.0,3711500.0,363700.0,0.0,0.0,0.0,0.0,0.0
2.02308e+16,SZSE,SZSE.ETF.159915,1.995,2.0,2.007,1.99,0.0,2.417,1.611,368175733.0,102000.0,735630252.4,203490.0,0.0,0.0,20230825,20230825,132304550,2.014,0.0,0.0,1.994,1.993,1.992,1.991,1.99,0.0,0.0,0.0,0.0,0.0,1.996,1.997,1.998,1.999,2.0,0.0,0.0,0.0,0.0,0.0,872500.0,2682500.0,1036000.0,4010400.0,8924900.0,0.0,0.0,0.0,0.0,0.0,1876100.0,6514400.0,1309900.0,1344100.0,388000.0,0.0,0.0,0.0,0.0,0.0
2.02308e+16,SZSE,SZSE.ETF.159915,1.993,2.0,2.007,1.99,0.0,2.417,1.611,370095633.0,14400.0,739458051.6,28699.2,0.0,0.0,20230825,20230825,132552461,2.014,0.0,0.0,1.993,1.992,1.991,1.99,1.989,0.0,0.0,0.0,0.0,0.0,1.994,1.995,1.996,1.997,1.998,0.0,0.0,0.0,0.0,0.0,555500.0,2425800.0,3731700.0,9577300.0,3074100.0,0.0,0.0,0.0,0.0,0.0,2330000.0,6034900.0,3417600.0,3786500.0,363700.0,0.0,0.0,0.0,0.0,0.0
2.02308e+16,SZSE,SZSE.ETF.159915,1.995,2.0,2.007,1.99,0.0,2.417,1.611,368051233.0,1000.0,735381878.7,1995.0,0.0,0.0,20230825,20230825,132252431,2.014,0.0,0.0,1.994,1.993,1.992,1.991,1.99,0.0,0.0,0.0,0.0,0.0,1.995,1.996,1.997,1.998,1.999,0.0,0.0,0.0,0.0,0.0,850100.0,2233800.0,1273600.0,4444800.0,8606200.0,0.0,0.0,0.0,0.0,0.0,8000.0,123000.0,7511000.0,1289700.0,1057100.0,0.0,0.0,0.0,0.0,0.0
2.02308e+16,SZSE,SZSE.ETF.159915,1.993,2.0,2.007,1.99,0.0,2.417,1.611,370081233.0,11300.0,739429352.4,22520.9,0.0,0.0,20230825,20230825,132549449,2.014,0.0,0.0,1.993,1.992,1.991,1.99,1.989,0.0,0.0,0.0,0.0,0.0,1.994,1.995,1.996,1.997,1.998,0.0,0.0,0.0,0.0,0.0,569900.0,2425800.0,3806900.0,9576800.0,3074100.0,0.0,0.0,0.0,0.0,0.0,2330000.0,6034900.0,3417600.0,3711500.0,363700.0,0.0,0.0,0.0,0.0,0.0
2.02308e+16,SZSE,SZSE.ETF.159915,1.995,2.0,2.007,1.99,0.0,2.417,1.611,368050233.0,1000.0,735379883.7,1995.0,0.0,0.0,20230825,20230825,132249414,2.014,0.0,0.0,1.994,1.993,1.992,1.991,1.99,0.0,0.0,0.0,0.0,0.0,1.995,1.996,1.997,1.998,1.999,0.0,0.0,0.0,0.0,0.0,1645500.0,2227700.0,1218600.0,4504800.0,8600500.0,0.0,0.0,0.0,0.0,0.0,9000.0,117000.0,7519000.0,1150700.0,1057100.0,0.0,0.0,0.0,0.0,0.0
2.02308e+16,SZSE,SZSE.ETF.159915,1.993,2.0,2.007,1.99,0.0,2.417,1.611,370081233.0,11300.0,739429352.4,22520.9,0.0,0.0,20230825,20230825,132546493,2.014,0.0,0.0,1.993,1.992,1.991,1.99,1.989,0.0,0.0,0.0,0.0,0.0,1.994,1.995,1.996,1.997,1.998,0.0,0.0,0.0,0.0,0.0,569900.0,2425800.0,3806900.0,9576800.0,3074100.0,0.0,0.0,0.0,0.0,0.0,2330000.0,6034900.0,3417600.0,3711500.0,363700.0,0.0,0.0,0.0,0.0,0.0
2.02308e+16,SZSE,SZSE.ETF.159915,1.995,2.0,2.007,1.99,0.0,2.417,1.611,368049233.0,0.0,735377888.7,0.0,0.0,0.0,20230825,20230825,132243471,2.014,0.0,0.0,1.994,1.993,1.992,1.991,1.99,0.0,0.0,0.0,0.0,0.0,1.995,1.996,1.997,1.998,1.999,0.0,0.0,0.0,0.0,0.0,2545500.0,2225200.0,2338900.0,3504800.0,8480500.0,0.0,0.0,0.0,0.0,0.0,10000.0,137000.0,7187000.0,1247700.0,1342100.0,0.0,0.0,0.0,0.0,0.0
2.02308e+16,SZSE,SZSE.ETF.159915,1.994,2.0,2.007,1.99,0.0,2.417,1.611,370069933.0,400.0,739406831.5,797.6,0.0,0.0,20230825,20230825,132546434,2.014,0.0,0.0,1.993,1.992,1.991,1.99,1.989,0.0,0.0,0.0,0.0,0.0,1.994,1.995,1.996,1.997,1.998,0.0,0.0,0.0,0.0,0.0,549200.0,2425800.0,3731900.0,9576800.0,3074100.0,0.0,0.0,0.0,0.0,0.0,2330000.0,6034900.0,3417600.0,3711500.0,363700.0,0.0,0.0,0.0,0.0,0.0
2.02308e+16,SZSE,SZSE.ETF.159915,1.994,2.0,2.007,1.99,0.0,2.417,1.611,368047133.0,196500.0,735373699.2,392013.8,0.0,0.0,20230825,20230825,132240442,2.014,0.0,0.0,1.994,1.993,1.992,1.991,1.99,0.0,0.0,0.0,0.0,0.0,1.996,1.997,1.998,1.999,2.0,0.0,0.0,0.0,0.0,0.0,2475500.0,2250100.0,1688400.0,4444800.0,8545200.0,0.0,0.0,0.0,0.0,0.0,117000.0,7492700.0,1145700.0,1135100.0,388000.0,0.0,0.0,0.0,0.0,0.0
2.02308e+16,SZSE,SZSE.ETF.159915,1.993,2.0,2.007,1.99,0.0,2.417,1.611,370069533.0,250000.0,739406033.9,498300.0,0.0,0.0,20230825,20230825,132543478,2.014,0.0,0.0,1.993,1.992,1.991,1.99,1.989,0.0,0.0,0.0,0.0,0.0,1.994,1.995,1.996,1.997,1.998,0.0,0.0,0.0,0.0,0.0,528700.0,2425800.0,3730100.0,9574800.0,3074100.0,0.0,0.0,0.0,0.0,0.0,2337000.0,6034900.0,3417600.0,3711500.0,363700.0,0.0,0.0,0.0,0.0,0.0
2.02308e+16,SZSE,SZSE.ETF.159915,1.995,2.0,2.007,1.99,0.0,2.417,1.611,367850633.0,2500.0,734981685.4,4987.5,0.0,0.0,20230825,20230825,132234545,2.014,0.0,0.0,1.994,1.993,1.992,1.991,1.99,0.0,0.0,0.0,0.0,0.0,1.995,1.996,1.997,1.998,1.999,0.0,0.0,0.0,0.0,0.0,2066200.0,2250100.0,1728400.0,4444800.0,8485200.0,0.0,0.0,0.0,0.0,0.0,192800.0,117000.0,7892700.0,1195700.0,1135100.0,0.0,0.0,0.0,0.0,0.0
2.02308e+16,SZSE,SZSE.ETF.159915,1.993,2.0,2.007,1.99,0.0,2.417,1.611,370949633.0,12600.0,741160129.5,25116.8,0.0,0.0,20230825,20230825,132613548,2.014,0.0,0.0,1.993,1.992,1.991,1.99,1.989,0.0,0.0,0.0,0.0,0.0,1.994,1.995,1.996,1.997,1.998,0.0,0.0,0.0,0.0,0.0,1079000.0,2844700.0,5775600.0,10073700.0,3014100.0,0.0,0.0,0.0,0.0,0.0,2635500.0,2581300.0,4432600.0,2186500.0,365700.0,0.0,0.0,0.0,0.0,0.0
2.02308e+16,SZSE,SZSE.ETF.159915,1.994,2.0,2.007,1.99,0.0,2.417,1.611,369090933.0,0.0,737455182.1,0.0,0.0,0.0,20230825,20230825,132316449,2.014,0.0,0.0,1.994,1.993,1.992,1.991,1.99,0.0,0.0,0.0,0.0,0.0,1.996,1.997,1.998,1.999,2.0,0.0,0.0,0.0,0.0,0.0,12000.0,1424300.0,2911800.0,4743400.0,10111000.0,0.0,0.0,0.0,0.0,0.0,5038100.0,5800700.0,1204200.0,1210100.0,389500.0,0.0,0.0,0.0,0.0,0.0
2.02308e+16,SZSE,SZSE.ETF.159915,1.995,2.0,2.007,1.99,0.0,2.417,1.611,372621033.0,26100.0,744492929.9,52069.5,0.0,0.0,20230825,20230825,132655463,2.014,0.0,0.0,1.994,1.993,1.992,1.991,1.99,0.0,0.0,0.0,0.0,0.0,1.995,1.996,1.997,1.998,1.999,0.0,0.0,0.0,0.0,0.0,1941400.0,2302400.0,2986600.0,3790300.0,10035700.0,0.0,0.0,0.0,0.0,0.0,47100.0,3900400.0,2260700.0,836300.0,121200.0,0.0,0.0,0.0,0.0,0.0
2.02308e+16,SZSE,SZSE.ETF.159915,1.996,2.0,2.007,1.99,0.0,2.417,1.611,369112433.0,21000.0,737498083.6,41904.0,0.0,0.0,20230825,20230825,132319484,2.014,0.0,0.0,1.994,1.993,1.992,1.991,1.99,0.0,0.0,0.0,0.0,0.0,1.996,1.997,1.998,1.999,2.0,0.0,0.0,0.0,0.0,0.0,1500.0,1439300.0,3130800.0,4241400.0,10016800.0,0.0,0.0,0.0,0.0,0.0,7173100.0,5794700.0,729200.0,1285100.0,359500.0,0.0,0.0,0.0,0.0,0.0
2.02308e+16,SZSE,SZSE.ETF.159915,1.994,2.0,2.007,1.99,0.0,2.417,1.611,369357633.0,0.0,737986972.4,0.0,0.0,0.0,20230825,20230825,132422403,2.014,0.0,0.0,1.993,1.992,1.991,1.99,1.989,0.0,0.0,0.0,0.0,0.0,1.995,1.996,1.997,1.998,1.999,0.0,0.0,0.0,0.0,0.0,652500.0,2739200.0,3542100.0,9367500.0,2860800.0,0.0,0.0,0.0,0.0,0.0,3162100.0,5216100.0,4470900.0,723700.0,993100.0,0.0,0.0,0.0,0.0,0.0
2.02308e+16,SZSE,SZSE.ETF.159915,1.993,2.0,2.007,1.99,0.0,2.417,1.611,370069533.0,250000.0,739406033.9,498300.0,0.0,0.0,20230825,20230825,132540522,2.014,0.0,0.0,1.993,1.992,1.991,1.99,1.989,0.0,0.0,0.0,0.0,0.0,1.994,1.995,1.996,1.997,1.998,0.0,0.0,0.0,0.0,0.0,528700.0,2425800.0,3730100.0,9574800.0,3074100.0,0.0,0.0,0.0,0.0,0.0,2337000.0,6034900.0,3417600.0,3711500.0,363700.0,0.0,0.0,0.0,0.0,0.0
2.02308e+16,SZSE,SZSE.ETF.159915,1.994,2.0,2.007,1.99,0.0,2.417,1.611,369357633.0,10800.0,737986972.4,21535.2,0.0,0.0,20230825,20230825,132416448,2.014,0.0,0.0,1.993,1.992,1.991,1.99,1.989,0.0,0.0,0.0,0.0,0.0,1.995,1.996,1.997,1.998,1.999,0.0,0.0,0.0,0.0,0.0,632400.0,2534200.0,3512000.0,8977700.0,2860800.0,0.0,0.0,0.0,0.0,0.0,4362100.0,5151800.0,4470900.0,648700.0,993100.0,0.0,0.0,0.0,0.0,0.0
2.02308e+16,SZSE,SZSE.ETF.159915,1.993,2.0,2.007,1.99,0.0,2.417,1.611,369819533.0,7500.0,738907733.9,14947.5,0.0,0.0,20230825,20230825,132540455,2.014,0.0,0.0,1.993,1.992,1.991,1.99,1.989,0.0,0.0,0.0,0.0,0.0,1.994,1.995,1.996,1.997,1.998,0.0,0.0,0.0,0.0,0.0,623400.0,2424700.0,3755900.0,9665900.0,3014100.0,0.0,0.0,0.0,0.0,0.0,2387000.0,4814900.0,4537600.0,3786500.0,363700.0,0.0,0.0,0.0,0.0,0.0
2.02308e+16,SZSE,SZSE.ETF.159915,1.994,2.0,2.007,1.99,0.0,2.417,1.611,369343633.0,32200.0,737959056.2,64209.3,0.0,0.0,20230825,20230825,132410513,2.014,0.0,0.0,1.993,1.992,1.991,1.99,1.989,0.0,0.0,0.0,0.0,0.0,1.995,1.996,1.997,1.998,1.999,0.0,0.0,0.0,0.0,0.0,617500.0,2685000.0,3453200.0,8972800.0,2855900.0,0.0,0.0,0.0,0.0,0.0,4262300.0,5101000.0,4521700.0,648700.0,993100.0,0.0,0.0,0.0,0.0,0.0
2.02308e+16,SZSE,SZSE.ETF.159915,1.994,2.0,2.007,1.99,0.0,2.417,1.611,369812033.0,19700.0,738892786.4,39275.1,0.0,0.0,20230825,20230825,132537467,2.014,0.0,0.0,1.993,1.992,1.991,1.99,1.989,0.0,0.0,0.0,0.0,0.0,1.994,1.995,1.996,1.997,1.998,0.0,0.0,0.0,0.0,0.0,579900.0,2424700.0,3760900.0,9602000.0,3074100.0,0.0,0.0,0.0,0.0,0.0,1374600.0,5934900.0,4423100.0,3708500.0,363700.0,0.0,0.0,0.0,0.0,0.0
2.02308e+16,SZSE,SZSE.ETF.159915,1.994,2.0,2.007,1.99,0.0,2.417,1.611,369310433.0,0.0,737892852.9,0.0,0.0,0.0,20230825,20230825,132404476,2.014,0.0,0.0,1.993,1.992,1.991,1.99,1.989,0.0,0.0,0.0,0.0,0.0,1.994,1.995,1.996,1.997,1.998,0.0,0.0,0.0,0.0,0.0,577200.0,2624200.0,3561500.0,8925600.0,2915900.0,0.0,0.0,0.0,0.0,0.0,400.0,1950100.0,6363800.0,4833900.0,473700.0,0.0,0.0,0.0,0.0,0.0
2.02308e+16,SZSE,SZSE.ETF.159915,1.994,2.0,2.007,1.99,0.0,2.417,1.611,369792333.0,5000.0,738853511.3,9970.0,0.0,0.0,20230825,20230825,132534456,2.014,0.0,0.0,1.993,1.992,1.991,1.99,1.989,0.0,0.0,0.0,0.0,0.0,1.994,1.995,1.996,1.997,1.998,0.0,0.0,0.0,0.0,0.0,576500.0,2423700.0,3680700.0,9742000.0,3014100.0,0.0,0.0,0.0,0.0,0.0,1398000.0,5774900.0,4414100.0,3708500.0,363700.0,0.0,0.0,0.0,0.0,0.0
2.02308e+16,SZSE,SZSE.ETF.159915,1.994,2.0,2.007,1.99,0.0,2.417,1.611,370069933.0,400.0,739406831.5,797.6,0.0,0.0,20230825,20230825,132543477,2.014,0.0,0.0,1.993,1.992,1.991,1.99,1.989,0.0,0.0,0.0,0.0,0.0,1.994,1.995,1.996,1.997,1.998,0.0,0.0,0.0,0.0,0.0,549200.0,2425800.0,3731900.0,9576800.0,3074100.0,0.0,0.0,0.0,0.0,0.0,2330000.0,6034900.0,3417600.0,3711500.0,363700.0,0.0,0.0,0.0,0.0,0.0
2.02308e+16,SZSE,SZSE.ETF.159915,1.994,2.0,2.007,1.99,0.0,2.417,1.611,369310433.0,18700.0,737892852.9,37287.8,0.0,0.0,20230825,20230825,132401409,2.014,0.0,0.0,1.993,1.992,1.991,1.99,1.989,0.0,0.0,0.0,0.0,0.0,1.994,1.995,1.996,1.997,1.998,0.0,0.0,0.0,0.0,0.0,632400.0,2964800.0,3263700.0,8885600.0,2855900.0,0.0,0.0,0.0,0.0,0.0,400.0,1754900.0,7056200.0,4672600.0,707800.0,0.0,0.0,0.0,0.0,0.0
2.02308e+16,SZSE,SZSE.ETF.159915,1.994,2.0,2.007,1.99,0.0,2.417,1.611,369291733.0,13800.0,737855565.1,27517.2,0.0,0.0,20230825,20230825,132358385,2.014,0.0,0.0,1.994,1.993,1.992,1.991,1.99,0.0,0.0,0.0,0.0,0.0,1.995,1.996,1.997,1.998,1.999,0.0,0.0,0.0,0.0,0.0,6500.0,577200.0,2622200.0,3561500.0,10330600.0,0.0,0.0,0.0,0.0,0.0,1785100.0,7254800.0,4653800.0,419800.0,988100.0,0.0,0.0,0.0,0.0,0.0
2.02308e+16,SZSE,SZSE.ETF.159915,1.993,2.0,2.007,1.99,0.0,2.417,1.611,374062933.0,102000.0,747368498.1,203336.0,0.0,0.0,20230825,20230825,132746396,2.014,0.0,0.0,1.993,1.992,1.991,1.99,1.989,0.0,0.0,0.0,0.0,0.0,1.994,1.995,1.996,1.997,1.998,0.0,0.0,0.0,0.0,0.0,881000.0,2546600.0,4003600.0,9534300.0,3084400.0,0.0,0.0,0.0,0.0,0.0,1266400.0,4603500.0,5421500.0,1715900.0,431100.0,0.0,0.0,0.0,0.0,0.0
2.02308e+16,SZSE,SZSE.ETF.159915,1.993,2.0,2.007,1.99,0.0,2.417,1.611,369372033.0,0.0,738015671.6,0.0,0.0,0.0,20230825,20230825,132434390,2.014,0.0,0.0,1.993,1.992,1.991,1.99,1.989,0.0,0.0,0.0,0.0,0.0,1.995,1.996,1.997,1.998,1.999,0.0,0.0,0.0,0.0,0.0,595700.0,2543500.0,3665900.0,10425200.0,1879300.0,0.0,0.0,0.0,0.0,0.0,3302100.0,5147100.0,4470900.0,723700.0,138800.0,0.0,0.0,0.0,0.0,0.0
2.02308e+16,SZSE,SZSE.ETF.159915,1.995,2.0,2.007,1.99,0.0,2.417,1.611,373128033.0,507000.0,745504394.9,1011465.0,0.0,0.0,20230825,20230825,132658416,2.014,0.0,0.0,1.995,1.994,1.993,1.992,1.991,0.0,0.0,0.0,0.0,0.0,1.996,1.997,1.998,1.999,2.0,0.0,0.0,0.0,0.0,0.0,196000.0,1960500.0,2303400.0,3046600.0,3654800.0,0.0,0.0,0.0,0.0,0.0,5283700.0,2261700.0,776300.0,121200.0,388500.0,0.0,0.0,0.0,0.0,0.0
2.02308e+16,SZSE,SZSE.ETF.159915,1.994,2.0,2.007,1.99,0.0,2.417,1.611,369239033.0,5600.0,737750520.2,11162.5,0.0,0.0,20230825,20230825,132352375,2.014,0.0,0.0,1.993,1.992,1.991,1.99,1.989,0.0,0.0,0.0,0.0,0.0,1.995,1.996,1.997,1.998,1.999,0.0,0.0,0.0,0.0,0.0,596100.0,2673000.0,3479600.0,10351900.0,1455900.0,0.0,0.0,0.0,0.0,0.0,1300100.0,7060000.0,5871600.0,646800.0,988100.0,0.0,0.0,0.0,0.0,0.0
2.02308e+16,SZSE,SZSE.ETF.159915,1.994,2.0,2.007,1.99,0.0,2.417,1.611,370756233.0,561000.0,740774667.7,1118073.3,0.0,0.0,20230825,20230825,132604587,2.014,0.0,0.0,1.993,1.992,1.991,1.99,1.989,0.0,0.0,0.0,0.0,0.0,1.994,1.995,1.996,1.997,1.998,0.0,0.0,0.0,0.0,0.0,38300.0,2848400.0,3848000.0,10072700.0,3074100.0,0.0,0.0,0.0,0.0,0.0,2674800.0,4299600.0,3243600.0,3651500.0,365700.0,0.0,0.0,0.0,0.0,0.0
2.02308e+16,SZSE,SZSE.ETF.159915,1.996,2.0,2.007,1.99,0.0,2.417,1.611,369112433.0,21000.0,737498083.6,41904.0,0.0,0.0,20230825,20230825,132322443,2.014,0.0,0.0,1.994,1.993,1.992,1.991,1.99,0.0,0.0,0.0,0.0,0.0,1.996,1.997,1.998,1.999,2.0,0.0,0.0,0.0,0.0,0.0,1500.0,1439300.0,3130800.0,4241400.0,10016800.0,0.0,0.0,0.0,0.0,0.0,7173100.0,5794700.0,729200.0,1285100.0,359500.0,0.0,0.0,0.0,0.0,0.0
2.02308e+16,SZSE,SZSE.ETF.159915,1.996,2.0,2.007,1.99,0.0,2.417,1.611,367417233.0,1000.0,734117040.7,1996.0,0.0,0.0,20230825,20230825,132213546,2.014,0.0,0.0,1.995,1.994,1.993,1.992,1.991,0.0,0.0,0.0,0.0,0.0,1.996,1.997,1.998,1.999,2.0,0.0,0.0,0.0,0.0,0.0,273700.0,2441700.0,775100.0,1328100.0,3952900.0,0.0,0.0,0.0,0.0,0.0,20000.0,5524900.0,4287600.0,1862100.0,1436600.0,0.0,0.0,0.0,0.0,0.0
2.02308e+16,SZSE,SZSE.ETF.159915,1.994,2.0,2.007,1.99,0.0,2.417,1.611,369787333.0,2800.0,738843541.3,5583.2,0.0,0.0,20230825,20230825,132531447,2.014,0.0,0.0,1.993,1.992,1.991,1.99,1.989,0.0,0.0,0.0,0.0,0.0,1.994,1.995,1.996,1.997,1.998,0.0,0.0,0.0,0.0,0.0,570500.0,2413700.0,3673800.0,9756200.0,2004100.0,0.0,0.0,0.0,0.0,0.0,1403000.0,5774900.0,4482100.0,3708500.0,363700.0,0.0,0.0,0.0,0.0,0.0
2.02308e+16,SZSE,SZSE.ETF.159915,1.993,2.0,2.007,1.99,0.0,2.417,1.611,376009833.0,30300.0,751248444.0,60387.9,0.0,0.0,20230825,20230825,132834440,2.014,0.0,0.0,1.993,1.992,1.991,1.99,1.989,0.0,0.0,0.0,0.0,0.0,1.994,1.995,1.996,1.997,1.998,0.0,0.0,0.0,0.0,0.0,57500.0,769900.0,4186100.0,9546300.0,1733900.0,0.0,0.0,0.0,0.0,0.0,4090800.0,3986700.0,4262500.0,1715900.0,369100.0,0.0,0.0,0.0,0.0,0.0
2.02308e+16,SZSE,SZSE.ETF.159915,1.995,2.0,2.007,1.99,0.0,2.417,1.611,367845033.0,1000.0,734970513.4,1995.0,0.0,0.0,20230825,20230825,132231501,2.014,0.0,0.0,1.994,1.993,1.992,1.991,1.99,0.0,0.0,0.0,0.0,0.0,1.995,1.996,1.997,1.998,1.999,0.0,0.0,0.0,0.0,0.0,766200.0,1984000.0,1719300.0,4504800.0,8482200.0,0.0,0.0,0.0,0.0,0.0,205000.0,2260000.0,7400200.0,2194700.0,1125100.0,0.0,0.0,0.0,0.0,0.0
2.02308e+16,SZSE,SZSE.ETF.159915,1.996,2.0,2.007,1.99,0.0,2.417,1.611,367557433.0,131600.0,734396751.4,262547.1,0.0,0.0,20230825,20230825,132225577,2.014,0.0,0.0,1.995,1.994,1.993,1.992,1.991,0.0,0.0,0.0,0.0,0.0,1.996,1.997,1.998,1.999,2.0,0.0,0.0,0.0,0.0,0.0,271600.0,811400.0,605500.0,960400.0,3392800.0,0.0,0.0,0.0,0.0,0.0,1593300.0,6501200.0,4420400.0,1407100.0,1436600.0,0.0,0.0,0.0,0.0,0.0
2.02308e+16,SZSE,SZSE.ETF.159915,1.993,2.0,2.007,1.99,0.0,2.417,1.611,369277933.0,38900.0,737828047.9,77527.7,0.0,0.0,20230825,20230825,132355405,2.014,0.0,0.0,1.993,1.992,1.991,1.99,1.989,0.0,0.0,0.0,0.0,0.0,1.994,1.995,1.996,1.997,1.998,0.0,0.0,0.0,0.0,0.0,558200.0,2673000.0,3480700.0,10381600.0,1525900.0,0.0,0.0,0.0,0.0,0.0,10000.0,1305100.0,6932000.0,5940600.0,706800.0,0.0,0.0,0.0,0.0,0.0
2.02308e+16,SZSE,SZSE.ETF.159915,1.993,2.0,2.007,1.99,0.0,2.417,1.611,369585033.0,39900.0,738440339.1,79520.7,0.0,0.0,20230825,20230825,132501478,2.014,0.0,0.0,1.993,1.992,1.991,1.99,1.989,0.0,0.0,0.0,0.0,0.0,1.994,1.995,1.996,1.997,1.998,0.0,0.0,0.0,0.0,0.0,623200.0,2828300.0,4115700.0,10062800.0,2547100.0,0.0,0.0,0.0,0.0,0.0,37600.0,2585300.0,5147100.0,4106500.0,362700.0,0.0,0.0,0.0,0.0,0.0
2.02308e+16,SZSE,SZSE.ETF.159915,1.994,2.0,2.007,1.99,0.0,2.417,1.611,369784533.0,1000.0,738837958.1,1994.0,0.0,0.0,20230825,20230825,132528457,2.014,0.0,0.0,1.993,1.992,1.991,1.99,1.989,0.0,0.0,0.0,0.0,0.0,1.994,1.995,1.996,1.997,1.998,0.0,0.0,0.0,0.0,0.0,547300.0,2565500.0,3613800.0,9756200.0,2004100.0,0.0,0.0,0.0,0.0,0.0,1395400.0,5714900.0,4547100.0,3708500.0,363700.0,0.0,0.0,0.0,0.0,0.0
2.02308e+16,SZSE,SZSE.ETF.159915,1.995,2.0,2.007,1.99,0.0,2.417,1.611,369229433.0,4400.0,737731381.7,8773.7,0.0,0.0,20230825,20230825,132346398,2.014,0.0,0.0,1.993,1.992,1.991,1.99,1.989,0.0,0.0,0.0,0.0,0.0,1.995,1.996,1.997,1.998,1.999,0.0,0.0,0.0,0.0,0.0,645000.0,2565400.0,3504400.0,10350100.0,1455900.0,0.0,0.0,0.0,0.0,0.0,1248300.0,6985700.0,5880800.0,646800.0,988100.0,0.0,0.0,0.0,0.0,0.0
2.02308e+16,SZSE,SZSE.ETF.159915,1.994,2.0,2.007,1.99,0.0,2.417,1.611,369610033.0,25000.0,738490174.1,49835.0,0.0,0.0,20230825,20230825,132513446,2.014,0.0,0.0,1.993,1.992,1.991,1.99,1.989,0.0,0.0,0.0,0.0,0.0,1.994,1.995,1.996,1.997,1.998,0.0,0.0,0.0,0.0,0.0,630900.0,2569900.0,3714300.0,10088800.0,2547100.0,0.0,0.0,0.0,0.0,0.0,796700.0,3268700.0,5547100.0,4183500.0,363700.0,0.0,0.0,0.0,0.0,0.0
2.02308e+16,SZSE,SZSE.ETF.159915,1.994,2.0,2.007,1.99,0.0,2.417,1.611,369453333.0,100.0,738177846.9,199.4,0.0,0.0,20230825,20230825,132449377,2.014,0.0,0.0,1.993,1.992,1.991,1.99,1.989,0.0,0.0,0.0,0.0,0.0,1.994,1.995,1.996,1.997,1.998,0.0,0.0,0.0,0.0,0.0,1595900.0,2823500.0,3701200.0,11004000.0,1544300.0,0.0,0.0,0.0,0.0,0.0,47800.0,1848300.0,5548100.0,4833900.0,361700.0,0.0,0.0,0.0,0.0,0.0
2.02308e+16,SZSE,SZSE.ETF.159915,1.994,2.0,2.007,1.99,0.0,2.417,1.611,369610033.0,25000.0,738490174.1,49835.0,0.0,0.0,20230825,20230825,132510490,2.014,0.0,0.0,1.993,1.992,1.991,1.99,1.989,0.0,0.0,0.0,0.0,0.0,1.994,1.995,1.996,1.997,1.998,0.0,0.0,0.0,0.0,0.0,630900.0,2569900.0,3714300.0,10088800.0,2547100.0,0.0,0.0,0.0,0.0,0.0,796700.0,3268700.0,5547100.0,4183500.0,363700.0,0.0,0.0,0.0,0.0,0.0
2.02308e+16,SZSE,SZSE.ETF.159915,1.994,2.0,2.007,1.99,0.0,2.417,1.611,369453233.0,2100.0,738177647.5,4187.4,0.0,0.0,20230825,20230825,132446381,2.014,0.0,0.0,1.993,1.992,1.991,1.99,1.989,0.0,0.0,0.0,0.0,0.0,1.994,1.995,1.996,1.997,1.998,0.0,0.0,0.0,0.0,0.0,776300.0,2874300.0,3630400.0,11065800.0,1554300.0,0.0,0.0,0.0,0.0,0.0,47900.0,2194700.0,5156300.0,4990700.0,648700.0,0.0,0.0,0.0,0.0,0.0
2.02308e+16,SZSE,SZSE.ETF.159915,1.993,2.0,2.007,1.99,0.0,2.417,1.611,369585033.0,0.0,738440339.1,0.0,0.0,0.0,20230825,20230825,132504500,2.014,0.0,0.0,1.993,1.992,1.991,1.99,1.989,0.0,0.0,0.0,0.0,0.0,1.994,1.995,1.996,1.997,1.998,0.0,0.0,0.0,0.0,0.0,623200.0,2828300.0,4115700.0,10082800.0,2547100.0,0.0,0.0,0.0,0.0,0.0,37600.0,2585300.0,5547100.0,4106500.0,362700.0,0.0,0.0,0.0,0.0,0.0
2.02308e+16,SZSE,SZSE.ETF.159915,1.993,2.0,2.007,1.99,0.0,2.417,1.611,369451133.0,800.0,738173460.1,1594.4,0.0,0.0,20230825,20230825,132440429,2.014,0.0,0.0,1.993,1.992,1.991,1.99,1.989,0.0,0.0,0.0,0.0,0.0,1.995,1.996,1.997,1.998,1.999,0.0,0.0,0.0,0.0,0.0,760400.0,2809300.0,3705200.0,11065800.0,1554300.0,0.0,0.0,0.0,0.0,0.0,2194700.0,5156300.0,4990700.0,648700.0,138800.0,0.0,0.0,0.0,0.0,0.0
2.02308e+16,SZSE,SZSE.ETF.159915,1.993,2.0,2.007,1.99,0.0,2.417,1.611,369277933.0,38900.0,737828047.9,77527.7,0.0,0.0,20230825,20230825,132352450,2.014,0.0,0.0,1.993,1.992,1.991,1.99,1.989,0.0,0.0,0.0,0.0,0.0,1.994,1.995,1.996,1.997,1.998,0.0,0.0,0.0,0.0,0.0,558200.0,2673000.0,3480700.0,10381600.0,1525900.0,0.0,0.0,0.0,0.0,0.0,10000.0,1305100.0,6932000.0,5940600.0,706800.0,0.0,0.0,0.0,0.0,0.0
2.02308e+16,SZSE,SZSE.ETF.159915,1.993,2.0,2.007,1.99,0.0,2.417,1.611,369681933.0,71900.0,738633471.5,143297.4,0.0,0.0,20230825,20230825,132519486,2.014,0.0,0.0,1.993,1.992,1.991,1.99,1.989,0.0,0.0,0.0,0.0,0.0,1.994,1.995,1.996,1.997,1.998,0.0,0.0,0.0,0.0,0.0,599800.0,2794600.0,3656800.0,10152800.0,2547100.0,0.0,0.0,0.0,0.0,0.0,1395200.0,4274700.0,4547100.0,4108500.0,363700.0,0.0,0.0,0.0,0.0,0.0
2.02308e+16,SZSE,SZSE.ETF.159915,1.995,2.0,2.007,1.99,0.0,2.417,1.611,369437533.0,65500.0,738146344.1,130672.5,0.0,0.0,20230825,20230825,132434413,2.014,0.0,0.0,1.993,1.992,1.991,1.99,1.989,0.0,0.0,0.0,0.0,0.0,1.995,1.996,1.997,1.998,1.999,0.0,0.0,0.0,0.0,0.0,602700.0,2543500.0,4065900.0,10432100.0,1549300.0,0.0,0.0,0.0,0.0,0.0,3144700.0,4807100.0,4939900.0,648700.0,138800.0,0.0,0.0,0.0,0.0,0.0
2.02308e+16,SZSE,SZSE.ETF.159915,1.994,2.0,2.007,1.99,0.0,2.417,1.611,369610033.0,0.0,738490174.1,0.0,0.0,0.0,20230825,20230825,132516479,2.014,0.0,0.0,1.993,1.992,1.991,1.99,1.989,0.0,0.0,0.0,0.0,0.0,1.994,1.995,1.996,1.997,1.998,0.0,0.0,0.0,0.0,0.0,646000.0,2591700.0,3656800.0,10149800.0,2547100.0,0.0,0.0,0.0,0.0,0.0,1391900.0,3274700.0,5547100.0,4108500.0,363700.0,0.0,0.0,0.0,0.0,0.0
2.02308e+16,SZSE,SZSE.ETF.159915,1.994,2.0,2.007,1.99,0.0,2.417,1.611,369781233.0,99300.0,738831377.9,197906.4,0.0,0.0,20230825,20230825,132522457,2.014,0.0,0.0,1.993,1.992,1.991,1.99,1.989,0.0,0.0,0.0,0.0,0.0,1.994,1.995,1.996,1.997,1.998,0.0,0.0,0.0,0.0,0.0,508500.0,2795600.0,3679800.0,9754200.0,2995100.0,0.0,0.0,0.0,0.0,0.0,1398700.0,5314900.0,4547100.0,4108500.0,363700.0,0.0,0.0,0.0,0.0,0.0
2.02308e+16,SZSE,SZSE.ETF.159915,1.995,2.0,2.007,1.99,0.0,2.417,1.611,369437533.0,65500.0,738146344.1,130672.5,0.0,0.0,20230825,20230825,132437374,2.014,0.0,0.0,1.993,1.992,1.991,1.99,1.989,0.0,0.0,0.0,0.0,0.0,1.995,1.996,1.997,1.998,1.999,0.0,0.0,0.0,0.0,0.0,602700.0,2543500.0,4065900.0,10432100.0,1549300.0,0.0,0.0,0.0,0.0,0.0,3144700.0,4807100.0,4939900.0,648700.0,138800.0,0.0,0.0,0.0,0.0,0.0
2.02308e+16,SZSE,SZSE.ETF.159915,1.994,2.0,2.007,1.99,0.0,2.417,1.611,369145833.0,0.0,737564683.2,0.0,0.0,0.0,20230825,20230825,132340439,2.014,0.0,0.0,1.994,1.993,1.992,1.991,1.99,0.0,0.0,0.0,0.0,0.0,1.996,1.997,1.998,1.999,2.0,0.0,0.0,0.0,0.0,0.0,72100.0,1790200.0,2968000.0,3145400.0,10187100.0,0.0,0.0,0.0,0.0,0.0,7308300.0,2800600.0,706800.0,988100.0,358500.0,0.0,0.0,0.0,0.0,0.0
2.02308e+16,SZSE,SZSE.ETF.159915,1.993,2.0,2.007,1.99,0.0,2.417,1.611,369585033.0,39900.0,738440339.1,79520.7,0.0,0.0,20230825,20230825,132504433,2.014,0.0,0.0,1.993,1.992,1.991,1.99,1.989,0.0,0.0,0.0,0.0,0.0,1.994,1.995,1.996,1.997,1.998,0.0,0.0,0.0,0.0,0.0,623200.0,2828300.0,4115700.0,10062800.0,2547100.0,0.0,0.0,0.0,0.0,0.0,37600.0,2585300.0,5147100.0,4106500.0,362700.0,0.0,0.0,0.0,0.0,0.0
2.02308e+16,SZSE,SZSE.ETF.159915,1.994,2.0,2.007,1.99,0.0,2.417,1.611,369310433.0,18700.0,737892852.9,37287.8,0.0,0.0,20230825,20230825,132358453,2.014,0.0,0.0,1.993,1.992,1.991,1.99,1.989,0.0,0.0,0.0,0.0,0.0,1.994,1.995,1.996,1.997,1.998,0.0,0.0,0.0,0.0,0.0,632400.0,2964800.0,3263700.0,8885600.0,2855900.0,0.0,0.0,0.0,0.0,0.0,400.0,1754900.0,7056200.0,4672600.0,707800.0,0.0,0.0,0.0,0.0,0.0
2.02308e+16,SZSE,SZSE.ETF.159915,1.993,2.0,2.007,1.99,0.0,2.417,1.611,369585033.0,0.0,738440339.1,0.0,0.0,0.0,20230825,20230825,132507456,2.014,0.0,0.0,1.993,1.992,1.991,1.99,1.989,0.0,0.0,0.0,0.0,0.0,1.994,1.995,1.996,1.997,1.998,0.0,0.0,0.0,0.0,0.0,623200.0,2828300.0,4115700.0,10082800.0,2547100.0,0.0,0.0,0.0,0.0,0.0,37600.0,2585300.0,5547100.0,4106500.0,362700.0,0.0,0.0,0.0,0.0,0.0
2.02308e+16,SZSE,SZSE.ETF.159915,1.994,2.0,2.007,1.99,0.0,2.417,1.611,369310433.0,0.0,737892852.9,0.0,0.0,0.0,20230825,20230825,132401520,2.014,0.0,0.0,1.993,1.992,1.991,1.99,1.989,0.0,0.0,0.0,0.0,0.0,1.994,1.995,1.996,1.997,1.998,0.0,0.0,0.0,0.0,0.0,577200.0,2624200.0,3561500.0,8925600.0,2915900.0,0.0,0.0,0.0,0.0,0.0,400.0,1950100.0,6363800.0,4833900.0,473700.0,0.0,0.0,0.0,0.0,0.0
2.02308e+16,SZSE,SZSE.ETF.159915,1.993,2.0,2.007,1.99,0.0,2.417,1.611,369451133.0,800.0,738173460.1,1594.4,0.0,0.0,20230825,20230825,132443385,2.014,0.0,0.0,1.993,1.992,1.991,1.99,1.989,0.0,0.0,0.0,0.0,0.0,1.995,1.996,1.997,1.998,1.999,0.0,0.0,0.0,0.0,0.0,760400.0,2809300.0,3705200.0,11065800.0,1554300.0,0.0,0.0,0.0,0.0,0.0,2194700.0,5156300.0,4990700.0,648700.0,138800.0,0.0,0.0,0.0,0.0,0.0
2.02308e+16,SZSE,SZSE.ETF.159915,1.992,2.0,2.007,1.99,0.0,2.417,1.611,370887233.0,131000.0,741035789.0,261121.3,0.0,0.0,20230825,20230825,132610568,2.014,0.0,0.0,1.992,1.991,1.99,1.989,1.988,0.0,0.0,0.0,0.0,0.0,1.994,1.995,1.996,1.997,1.998,0.0,0.0,0.0,0.0,0.0,2821200.0,3863000.0,10072700.0,3074100.0,2384300.0,0.0,0.0,0.0,0.0,0.0,2609300.0,3999600.0,3312600.0,4051500.0,365700.0,0.0,0.0,0.0,0.0,0.0
2.02308e+16,SZSE,SZSE.ETF.159915,1.994,2.0,2.007,1.99,0.0,2.417,1.611,369545133.0,42100.0,738360818.4,83917.4,0.0,0.0,20230825,20230825,132501354,2.014,0.0,0.0,1.993,1.992,1.991,1.99,1.989,0.0,0.0,0.0,0.0,0.0,1.994,1.995,1.996,1.997,1.998,0.0,0.0,0.0,0.0,0.0,655600.0,2826900.0,4117200.0,10062800.0,2546100.0,0.0,0.0,0.0,0.0,0.0,765000.0,2703600.0,5207100.0,4181500.0,362700.0,0.0,0.0,0.0,0.0,0.0
2.02308e+16,SZSE,SZSE.ETF.159915,1.994,2.0,2.007,1.99,0.0,2.417,1.611,373864933.0,0.0,746973824.3,0.0,0.0,0.0,20230825,20230825,132740400,2.014,0.0,0.0,1.993,1.992,1.991,1.99,1.989,0.0,0.0,0.0,0.0,0.0,1.994,1.995,1.996,1.997,1.998,0.0,0.0,0.0,0.0,0.0,986600.0,2551000.0,4072300.0,9653000.0,3024400.0,0.0,0.0,0.0,0.0,0.0,952600.0,4847100.0,5481500.0,1790900.0,431100.0,0.0,0.0,0.0,0.0,0.0
2.02308e+16,SZSE,SZSE.ETF.159915,1.994,2.0,2.007,1.99,0.0,2.417,1.611,369610033.0,0.0,738490174.1,0.0,0.0,0.0,20230825,20230825,132513523,2.014,0.0,0.0,1.993,1.992,1.991,1.99,1.989,0.0,0.0,0.0,0.0,0.0,1.994,1.995,1.996,1.997,1.998,0.0,0.0,0.0,0.0,0.0,646000.0,2591700.0,3656800.0,10149800.0,2547100.0,0.0,0.0,0.0,0.0,0.0,1391900.0,3274700.0,5547100.0,4108500.0,363700.0,0.0,0.0,0.0,0.0,0.0
2.02308e+16,SZSE,SZSE.ETF.159915,1.994,2.0,2.007,1.99,0.0,2.417,1.611,369503033.0,49700.0,738276901.0,99054.1,0.0,0.0,20230825,20230825,132455385,2.014,0.0,0.0,1.993,1.992,1.991,1.99,1.989,0.0,0.0,0.0,0.0,0.0,1.994,1.995,1.996,1.997,1.998,0.0,0.0,0.0,0.0,0.0,1560700.0,2826900.0,3706200.0,10080800.0,2545100.0,0.0,0.0,0.0,0.0,0.0,49700.0,2702600.0,5605100.0,4833900.0,361700.0,0.0,0.0,0.0,0.0,0.0
2.02308e+16,SZSE,SZSE.ETF.159915,1.993,2.0,2.007,1.99,0.0,2.417,1.611,369450333.0,12800.0,738171865.7,25521.6,0.0,0.0,20230825,20230825,132440418,2.014,0.0,0.0,1.993,1.992,1.991,1.99,1.989,0.0,0.0,0.0,0.0,0.0,1.995,1.996,1.997,1.998,1.999,0.0,0.0,0.0,0.0,0.0,628600.0,2794300.0,3629200.0,10432100.0,1549300.0,0.0,0.0,0.0,0.0,0.0,2194700.0,5096300.0,4990700.0,708700.0,138800.0,0.0,0.0,0.0,0.0,0.0
2.02308e+16,SZSE,SZSE.ETF.159915,1.994,2.0,2.007,1.99,0.0,2.417,1.611,369453333.0,0.0,738177846.9,0.0,0.0,0.0,20230825,20230825,132452361,2.014,0.0,0.0,1.993,1.992,1.991,1.99,1.989,0.0,0.0,0.0,0.0,0.0,1.994,1.995,1.996,1.997,1.998,0.0,0.0,0.0,0.0,0.0,1595900.0,2823500.0,3701200.0,11010500.0,1544300.0,0.0,0.0,0.0,0.0,0.0,51700.0,1848300.0,5545100.0,4833900.0,361700.0,0.0,0.0,0.0,0.0,0.0
2.02308e+16,SZSE,SZSE.ETF.159915,1.994,2.0,2.007,1.99,0.0,2.417,1.611,370756233.0,561000.0,740774667.7,1118073.3,0.0,0.0,20230825,20230825,132607543,2.014,0.0,0.0,1.993,1.992,1.991,1.99,1.989,0.0,0.0,0.0,0.0,0.0,1.994,1.995,1.996,1.997,1.998,0.0,0.0,0.0,0.0,0.0,38300.0,2848400.0,3848000.0,10072700.0,3074100.0,0.0,0.0,0.0,0.0,0.0,2674800.0,4299600.0,3243600.0,3651500.0,365700.0,0.0,0.0,0.0,0.0,0.0
2.02308e+16,SZSE,SZSE.ETF.159915,1.993,2.0,2.007,1.99,0.0,2.417,1.611,369372033.0,0.0,738015671.6,0.0,0.0,0.0,20230825,20230825,132428441,2.014,0.0,0.0,1.993,1.992,1.991,1.99,1.989,0.0,0.0,0.0,0.0,0.0,1.995,1.996,1.997,1.998,1.999,0.0,0.0,0.0,0.0,0.0,571900.0,2543500.0,3688900.0,10425200.0,1879300.0,0.0,0.0,0.0,0.0,0.0,3362100.0,5047100.0,4470900.0,648700.0,138800.0,0.0,0.0,0.0,0.0,0.0
2.02308e+16,SZSE,SZSE.ETF.159915,1.993,2.0,2.007,1.99,0.0,2.417,1.611,369372033.0,14400.0,738015671.6,28699.2,0.0,0.0,20230825,20230825,132425438,2.014,0.0,0.0,1.993,1.992,1.991,1.99,1.989,0.0,0.0,0.0,0.0,0.0,1.995,1.996,1.997,1.998,1.999,0.0,0.0,0.0,0.0,0.0,638300.0,2794300.0,3555000.0,9392600.0,2860800.0,0.0,0.0,0.0,0.0,0.0,3262100.0,5065300.0,4521700.0,648700.0,993100.0,0.0,0.0,0.0,0.0,0.0
2.02308e+16,SZSE,SZSE.ETF.159915,1.996,2.0,2.007,1.99,0.0,2.417,1.611,367425833.0,3200.0,734134204.3,6387.2,0.0,0.0,20230825,20230825,132219620,2.014,0.0,0.0,1.995,1.994,1.993,1.992,1.991,0.0,0.0,0.0,0.0,0.0,1.996,1.997,1.998,1.999,2.0,0.0,0.0,0.0,0.0,0.0,274700.0,1611700.0,790100.0,1020100.0,3352800.0,0.0,0.0,0.0,0.0,0.0,1148200.0,6476700.0,4401400.0,1401100.0,1436600.0,0.0,0.0,0.0,0.0,0.0
2.02308e+16,SZSE,SZSE.ETF.159915,1.994,2.0,2.007,1.99,0.0,2.417,1.611,369357633.0,0.0,737986972.4,0.0,0.0,0.0,20230825,20230825,132419439,2.014,0.0,0.0,1.993,1.992,1.991,1.99,1.989,0.0,0.0,0.0,0.0,0.0,1.995,1.996,1.997,1.998,1.999,0.0,0.0,0.0,0.0,0.0,652500.0,2739200.0,3512000.0,9371500.0,2912800.0,0.0,0.0,0.0,0.0,0.0,3762100.0,5151800.0,4470900.0,648700.0,993100.0,0.0,0.0,0.0,0.0,0.0
2.02308e+16,SZSE,SZSE.ETF.159915,1.993,2.0,2.007,1.99,0.0,2.417,1.611,373960933.0,96000.0,747165162.1,191337.8,0.0,0.0,20230825,20230825,132740444,2.014,0.0,0.0,1.993,1.992,1.991,1.99,1.989,0.0,0.0,0.0,0.0,0.0,1.994,1.995,1.996,1.997,1.998,0.0,0.0,0.0,0.0,0.0,910000.0,2552100.0,4003300.0,9533000.0,3084400.0,0.0,0.0,0.0,0.0,0.0,1062800.0,4907100.0,5421500.0,1715900.0,431100.0,0.0,0.0,0.0,0.0,0.0
2.02308e+16,SZSE,SZSE.ETF.159915,1.994,2.0,2.007,1.99,0.0,2.417,1.611,369346833.0,3200.0,737965437.2,6381.0,0.0,0.0,20230825,20230825,132413442,2.014,0.0,0.0,1.993,1.992,1.991,1.99,1.989,0.0,0.0,0.0,0.0,0.0,1.995,1.996,1.997,1.998,1.999,0.0,0.0,0.0,0.0,0.0,627500.0,2534200.0,3564000.0,8937700.0,2860800.0,0.0,0.0,0.0,0.0,0.0,4362100.0,5151800.0,4470900.0,648700.0,993100.0,0.0,0.0,0.0,0.0,0.0
2.02308e+16,SZSE,SZSE.ETF.159915,1.994,2.0,2.007,1.99,0.0,2.417,1.611,369503033.0,0.0,738276901.0,0.0,0.0,0.0,20230825,20230825,132458352,2.014,0.0,0.0,1.993,1.992,1.991,1.99,1.989,0.0,0.0,0.0,0.0,0.0,1.994,1.995,1.996,1.997,1.998,0.0,0.0,0.0,0.0,0.0,714700.0,2826900.0,3716200.0,10060800.0,2545100.0,0.0,0.0,0.0,0.0,0.0,777100.0,2762600.0,5545100.0,4106500.0,361700.0,0.0,0.0,0.0,0.0,0.0
2.02308e+16,SZSE,SZSE.ETF.159915,1.994,2.0,2.007,1.99,0.0,2.417,1.611,369311433.0,1000.0,737894846.9,1994.0,0.0,0.0,20230825,20230825,132407516,2.014,0.0,0.0,1.993,1.992,1.991,1.99,1.989,0.0,0.0,0.0,0.0,0.0,1.995,1.996,1.997,1.998,1.999,0.0,0.0,0.0,0.0,0.0,617500.0,2624200.0,3564000.0,8900600.0,2915900.0,0.0,0.0,0.0,0.0,0.0,1950100.0,6423800.0,4433900.0,413700.0,993100.0,0.0,0.0,0.0,0.0,0.0
2.02308e+16,SZSE,SZSE.ETF.159915,1.993,2.0,2.007,1.99,0.0,2.417,1.611,369585033.0,0.0,738440339.1,0.0,0.0,0.0,20230825,20230825,132510513,2.014,0.0,0.0,1.993,1.992,1.991,1.99,1.989,0.0,0.0,0.0,0.0,0.0,1.994,1.995,1.996,1.997,1.998,0.0,0.0,0.0,0.0,0.0,637900.0,2833300.0,3789700.0,10081800.0,2547100.0,0.0,0.0,0.0,0.0,0.0,806700.0,2863600.0,5547100.0,4106500.0,362700.0,0.0,0.0,0.0,0.0,0.0
2.02308e+16,SZSE,SZSE.ETF.159915,1.994,2.0,2.007,1.99,0.0,2.417,1.611,369453333.0,100.0,738177846.9,199.4,0.0,0.0,20230825,20230825,132446421,2.014,0.0,0.0,1.993,1.992,1.991,1.99,1.989,0.0,0.0,0.0,0.0,0.0,1.994,1.995,1.996,1.997,1.998,0.0,0.0,0.0,0.0,0.0,1595900.0,2823500.0,3701200.0,11004000.0,1544300.0,0.0,0.0,0.0,0.0,0.0,47800.0,1848300.0,5548100.0,4833900.0,361700.0,0.0,0.0,0.0,0.0,0.0
2.02308e+16,SZSE,SZSE.ETF.159915,1.993,2.0,2.007,1.99,0.0,2.417,1.611,369372033.0,0.0,738015671.6,0.0,0.0,0.0,20230825,20230825,132428393,2.014,0.0,0.0,1.993,1.992,1.991,1.99,1.989,0.0,0.0,0.0,0.0,0.0,1.995,1.996,1.997,1.998,1.999,0.0,0.0,0.0,0.0,0.0,628700.0,2594300.0,3565000.0,9424600.0,2879300.0,0.0,0.0,0.0,0.0,0.0,3462100.0,5065300.0,4521700.0,648700.0,138800.0,0.0,0.0,0.0,0.0,0.0
2.02308e+16,SZSE,SZSE.ETF.159915,1.995,2.0,2.007,1.99,0.0,2.417,1.611,368063033.0,0.0,735405415.9,0.0,0.0,0.0,20230825,20230825,132301422,2.014,0.0,0.0,1.995,1.994,1.993,1.992,1.991,0.0,0.0,0.0,0.0,0.0,1.996,1.997,1.998,1.999,2.0,0.0,0.0,0.0,0.0,0.0,112200.0,865500.0,2661700.0,1042000.0,4409900.0,0.0,0.0,0.0,0.0,0.0,521200.0,7169300.0,1309900.0,1292100.0,388000.0,0.0,0.0,0.0,0.0,0.0
2.02308e+16,SZSE,SZSE.ETF.159915,1.995,2.0,2.007,1.99,0.0,2.417,1.611,368063033.0,11800.0,735405415.9,23537.2,0.0,0.0,20230825,20230825,132258402,2.014,0.0,0.0,1.995,1.994,1.993,1.992,1.991,0.0,0.0,0.0,0.0,0.0,1.996,1.997,1.998,1.999,2.0,0.0,0.0,0.0,0.0,0.0,112200.0,800300.0,2309200.0,1349600.0,4447900.0,0.0,0.0,0.0,0.0,0.0,233000.0,7567200.0,1222200.0,1057100.0,388000.0,0.0,0.0,0.0,0.0,0.0
2.02308e+16,SZSE,SZSE.ETF.159915,1.994,2.0,2.007,1.99,0.0,2.417,1.611,373851933.0,84300.0,746947902.3,168028.8,0.0,0.0,20230825,20230825,132734392,2.014,0.0,0.0,1.993,1.992,1.991,1.99,1.989,0.0,0.0,0.0,0.0,0.0,1.994,1.995,1.996,1.997,1.998,0.0,0.0,0.0,0.0,0.0,977600.0,2551000.0,3995300.0,9653000.0,3025400.0,0.0,0.0,0.0,0.0,0.0,901800.0,4047100.0,5421500.0,1775900.0,431100.0,0.0,0.0,0.0,0.0,0.0
2.02308e+16,SZSE,SZSE.ETF.159915,1.994,2.0,2.007,1.99,0.0,2.417,1.611,373767633.0,6000.0,746779873.5,11964.0,0.0,0.0,20230825,20230825,132731390,2.014,0.0,0.0,1.993,1.992,1.991,1.99,1.989,0.0,0.0,0.0,0.0,0.0,1.994,1.995,1.996,1.997,1.998,0.0,0.0,0.0,0.0,0.0,1042200.0,2551000.0,3986900.0,9653000.0,3025400.0,0.0,0.0,0.0,0.0,0.0,204900.0,4447100.0,5421500.0,1775900.0,431100.0,0.0,0.0,0.0,0.0,0.0
2.02308e+16,SZSE,SZSE.ETF.159915,1.994,2.0,2.007,1.99,0.0,2.417,1.611,373761633.0,25200.0,746767909.5,50224.1,0.0,0.0,20230825,20230825,132728408,2.014,0.0,0.0,1.993,1.992,1.991,1.99,1.989,0.0,0.0,0.0,0.0,0.0,1.994,1.995,1.996,1.997,1.998,0.0,0.0,0.0,0.0,0.0,960200.0,2551000.0,4061900.0,10053400.0,3025400.0,0.0,0.0,0.0,0.0,0.0,494500.0,3638500.0,5416500.0,1850900.0,431100.0,0.0,0.0,0.0,0.0,0.0
2.02308e+16,SZSE,SZSE.ETF.159915,1.994,2.0,2.007,1.99,0.0,2.417,1.611,373736433.0,70300.0,746717685.4,140178.2,0.0,0.0,20230825,20230825,132725404,2.014,0.0,0.0,1.993,1.992,1.991,1.99,1.989,0.0,0.0,0.0,0.0,0.0,1.994,1.995,1.996,1.997,1.998,0.0,0.0,0.0,0.0,0.0,948200.0,2551000.0,3982900.0,9653400.0,3025400.0,0.0,0.0,0.0,0.0,0.0,495000.0,3738500.0,5416500.0,1775900.0,431100.0,0.0,0.0,0.0,0.0,0.0
2.02308e+16,SZSE,SZSE.ETF.159915,1.993,2.0,2.007,1.99,0.0,2.417,1.611,373666133.0,12200.0,746577507.2,24321.6,0.0,0.0,20230825,20230825,132722397,2.014,0.0,0.0,1.993,1.992,1.991,1.99,1.989,0.0,0.0,0.0,0.0,0.0,1.994,1.995,1.996,1.997,1.998,0.0,0.0,0.0,0.0,0.0,946500.0,2745000.0,3972900.0,9782200.0,3025400.0,0.0,0.0,0.0,0.0,0.0,585300.0,4138500.0,5416500.0,1775900.0,431100.0,0.0,0.0,0.0,0.0,0.0
2.02308e+16,SZSE,SZSE.ETF.159915,1.995,2.0,2.007,1.99,0.0,2.417,1.611,359795933.0,149300.0,718912396.4,297853.5,0.0,0.0,20230825,20230825,131758605,2.014,0.0,0.0,1.995,1.994,1.993,1.992,1.991,0.0,0.0,0.0,0.0,0.0,1.996,1.997,1.998,1.999,2.0,0.0,0.0,0.0,0.0,0.0,2240700.0,2317900.0,1856600.0,2577500.0,4636900.0,0.0,0.0,0.0,0.0,0.0,1914800.0,2501500.0,483300.0,252200.0,704600.0,0.0,0.0,0.0,0.0,0.0
2.02308e+16,SZSE,SZSE.ETF.159915,1.994,2.0,2.007,1.99,0.0,2.417,1.611,373653933.0,55100.0,746553185.6,109819.3,0.0,0.0,20230825,20230825,132716473,2.014,0.0,0.0,1.993,1.992,1.991,1.99,1.989,0.0,0.0,0.0,0.0,0.0,1.994,1.995,1.996,1.997,1.998,0.0,0.0,0.0,0.0,0.0,353700.0,2744000.0,3971900.0,9781200.0,3025400.0,0.0,0.0,0.0,0.0,0.0,572300.0,2638500.0,6416500.0,1775900.0,429800.0,0.0,0.0,0.0,0.0,0.0
2.02308e+16,SZSE,SZSE.ETF.159915,1.994,2.0,2.007,1.99,0.0,2.417,1.611,373864933.0,13000.0,746973824.3,25922.0,0.0,0.0,20230825,20230825,132737395,2.014,0.0,0.0,1.993,1.992,1.991,1.99,1.989,0.0,0.0,0.0,0.0,0.0,1.994,1.995,1.996,1.997,1.998,0.0,0.0,0.0,0.0,0.0,971000.0,2491000.0,4057300.0,9653000.0,3024400.0,0.0,0.0,0.0,0.0,0.0,892600.0,4847100.0,5481500.0,1715900.0,431100.0,0.0,0.0,0.0,0.0,0.0
2.02308e+16,SZSE,SZSE.ETF.159915,1.994,2.0,2.007,1.99,0.0,2.417,1.611,373864933.0,13000.0,746973824.3,25922.0,0.0,0.0,20230825,20230825,132734438,2.014,0.0,0.0,1.993,1.992,1.991,1.99,1.989,0.0,0.0,0.0,0.0,0.0,1.994,1.995,1.996,1.997,1.998,0.0,0.0,0.0,0.0,0.0,971000.0,2491000.0,4057300.0,9653000.0,3024400.0,0.0,0.0,0.0,0.0,0.0,892600.0,4847100.0,5481500.0,1715900.0,431100.0,0.0,0.0,0.0,0.0,0.0
2.02308e+16,SZSE,SZSE.ETF.159915,1.994,2.0,2.007,1.99,0.0,2.417,1.611,373653933.0,55100.0,746553185.6,109819.3,0.0,0.0,20230825,20230825,132719430,2.014,0.0,0.0,1.993,1.992,1.991,1.99,1.989,0.0,0.0,0.0,0.0,0.0,1.994,1.995,1.996,1.997,1.998,0.0,0.0,0.0,0.0,0.0,353700.0,2744000.0,3971900.0,9781200.0,3025400.0,0.0,0.0,0.0,0.0,0.0,572300.0,2638500.0,6416500.0,1775900.0,429800.0,0.0,0.0,0.0,0.0,0.0
2.02308e+16,SZSE,SZSE.ETF.159915,1.994,2.0,2.007,1.99,0.0,2.417,1.611,374073033.0,10100.0,747388637.5,20139.4,0.0,0.0,20230825,20230825,132752385,2.014,0.0,0.0,1.993,1.992,1.991,1.99,1.989,0.0,0.0,0.0,0.0,0.0,1.994,1.995,1.996,1.997,1.998,0.0,0.0,0.0,0.0,0.0,886000.0,2554000.0,3998200.0,9539300.0,3078900.0,0.0,0.0,0.0,0.0,0.0,1768000.0,4303500.0,5421500.0,1715900.0,431100.0,0.0,0.0,0.0,0.0,0.0
2.02308e+16,SZSE,SZSE.ETF.159915,1.994,2.0,2.007,1.99,0.0,2.417,1.611,373587533.0,211600.0,746420834.1,421930.4,0.0,0.0,20230825,20230825,132713514,2.014,0.0,0.0,1.993,1.992,1.991,1.99,1.989,0.0,0.0,0.0,0.0,0.0,1.994,1.995,1.996,1.997,1.998,0.0,0.0,0.0,0.0,0.0,461900.0,1196600.0,3669100.0,9720200.0,1907100.0,0.0,0.0,0.0,0.0,0.0,588600.0,1798300.0,7922400.0,3063700.0,716800.0,0.0,0.0,0.0,0.0,0.0
2.02308e+16,SZSE,SZSE.ETF.159915,1.994,2.0,2.007,1.99,0.0,2.417,1.611,373598833.0,11300.0,746443366.3,22532.2,0.0,0.0,20230825,20230825,132713510,2.014,0.0,0.0,1.993,1.992,1.991,1.99,1.989,0.0,0.0,0.0,0.0,0.0,1.994,1.995,1.996,1.997,1.998,0.0,0.0,0.0,0.0,0.0,406700.0,2259000.0,3971900.0,9781200.0,2020100.0,0.0,0.0,0.0,0.0,0.0,597300.0,2733500.0,7304500.0,1775900.0,489800.0,0.0,0.0,0.0,0.0,0.0
2.02308e+16,SZSE,SZSE.ETF.159915,1.994,2.0,2.007,1.99,0.0,2.417,1.611,373375933.0,37200.0,745998903.7,74176.8,0.0,0.0,20230825,20230825,132710511,2.014,0.0,0.0,1.994,1.993,1.992,1.991,1.99,0.0,0.0,0.0,0.0,0.0,1.995,1.996,1.997,1.998,1.999,0.0,0.0,0.0,0.0,0.0,211600.0,2010400.0,1196600.0,3711100.0,9720200.0,0.0,0.0,0.0,0.0,0.0,1108600.0,7996700.0,3163700.0,716800.0,121200.0,0.0,0.0,0.0,0.0,0.0
2.02308e+16,SZSE,SZSE.ETF.159915,1.994,2.0,2.007,1.99,0.0,2.417,1.611,373338733.0,0.0,745924726.9,0.0,0.0,0.0,20230825,20230825,132707515,2.014,0.0,0.0,1.994,1.993,1.992,1.991,1.99,0.0,0.0,0.0,0.0,0.0,1.995,1.996,1.997,1.998,1.999,0.0,0.0,0.0,0.0,0.0,242600.0,2170400.0,1136600.0,3694400.0,9720200.0,0.0,0.0,0.0,0.0,0.0,1145800.0,7605700.0,3569700.0,716800.0,121200.0,0.0,0.0,0.0,0.0,0.0
2.02308e+16,SZSE,SZSE.ETF.159915,1.994,2.0,2.007,1.99,0.0,2.417,1.611,373338733.0,0.0,745924726.9,0.0,0.0,0.0,20230825,20230825,132704558,2.014,0.0,0.0,1.994,1.993,1.992,1.991,1.99,0.0,0.0,0.0,0.0,0.0,1.995,1.996,1.997,1.998,1.999,0.0,0.0,0.0,0.0,0.0,242600.0,2170400.0,1136600.0,3694400.0,9720200.0,0.0,0.0,0.0,0.0,0.0,1145800.0,7605700.0,3569700.0,716800.0,121200.0,0.0,0.0,0.0,0.0,0.0
2.02308e+16,SZSE,SZSE.ETF.159915,1.993,2.0,2.007,1.99,0.0,2.417,1.611,373960933.0,96000.0,747165162.1,191337.8,0.0,0.0,20230825,20230825,132743402,2.014,0.0,0.0,1.993,1.992,1.991,1.99,1.989,0.0,0.0,0.0,0.0,0.0,1.994,1.995,1.996,1.997,1.998,0.0,0.0,0.0,0.0,0.0,910000.0,2552100.0,4003300.0,9533000.0,3084400.0,0.0,0.0,0.0,0.0,0.0,1062800.0,4907100.0,5421500.0,1715900.0,431100.0,0.0,0.0,0.0,0.0,0.0
2.02308e+16,SZSE,SZSE.ETF.159915,1.994,2.0,2.007,1.99,0.0,2.417,1.611,369233433.0,4000.0,737739357.7,7976.0,0.0,0.0,20230825,20230825,132349379,2.014,0.0,0.0,1.993,1.992,1.991,1.99,1.989,0.0,0.0,0.0,0.0,0.0,1.995,1.996,1.997,1.998,1.999,0.0,0.0,0.0,0.0,0.0,587400.0,2676200.0,3452600.0,10350400.0,1455900.0,0.0,0.0,0.0,0.0,0.0,1249300.0,7063900.0,5871600.0,646800.0,988100.0,0.0,0.0,0.0,0.0,0.0
2.02308e+16,SZSE,SZSE.ETF.159915,1.994,2.0,2.007,1.99,0.0,2.417,1.611,373598833.0,11300.0,746443366.3,22532.2,0.0,0.0,20230825,20230825,132716466,2.014,0.0,0.0,1.993,1.992,1.991,1.99,1.989,0.0,0.0,0.0,0.0,0.0,1.994,1.995,1.996,1.997,1.998,0.0,0.0,0.0,0.0,0.0,406700.0,2259000.0,3971900.0,9781200.0,2020100.0,0.0,0.0,0.0,0.0,0.0,597300.0,2733500.0,7304500.0,1775900.0,489800.0,0.0,0.0,0.0,0.0,0.0
2.02308e+16,SZSE,SZSE.ETF.159915,1.994,2.0,2.007,1.99,0.0,2.417,1.611,375979533.0,384500.0,751188056.1,765984.7,0.0,0.0,20230825,20230825,132831356,2.014,0.0,0.0,1.993,1.992,1.991,1.99,1.989,0.0,0.0,0.0,0.0,0.0,1.994,1.995,1.996,1.997,1.998,0.0,0.0,0.0,0.0,0.0,77800.0,765600.0,4255000.0,9546300.0,1733900.0,0.0,0.0,0.0,0.0,0.0,4103300.0,4055700.0,4193500.0,1790900.0,449100.0,0.0,0.0,0.0,0.0,0.0
2.02308e+16,SZSE,SZSE.ETF.159915,1.993,2.0,2.007,1.99,0.0,2.417,1.611,374581533.0,175500.0,748402148.5,349837.0,0.0,0.0,20230825,20230825,132807548,2.014,0.0,0.0,1.993,1.992,1.991,1.99,1.989,0.0,0.0,0.0,0.0,0.0,1.994,1.995,1.996,1.997,1.998,0.0,0.0,0.0,0.0,0.0,505800.0,1957200.0,4144500.0,9639800.0,2018900.0,0.0,0.0,0.0,0.0,0.0,1816300.0,4935700.0,4312500.0,1789900.0,431100.0,0.0,0.0,0.0,0.0,0.0
2.02308e+16,SZSE,SZSE.ETF.159915,1.994,2.0,2.007,1.99,0.0,2.417,1.611,373338733.0,210700.0,745924726.9,420332.0,0.0,0.0,20230825,20230825,132701523,2.014,0.0,0.0,1.994,1.993,1.992,1.991,1.99,0.0,0.0,0.0,0.0,0.0,1.995,1.996,1.997,1.998,1.999,0.0,0.0,0.0,0.0,0.0,297800.0,2712900.0,848800.0,3623400.0,10050200.0,0.0,0.0,0.0,0.0,0.0,625800.0,7091500.0,3371100.0,864000.0,408200.0,0.0,0.0,0.0,0.0,0.0
2.02308e+16,SZSE,SZSE.ETF.159915,1.994,2.0,2.007,1.99,0.0,2.417,1.611,374582933.0,1400.0,748404940.1,2791.6,0.0,0.0,20230825,20230825,132810509,2.014,0.0,0.0,1.993,1.992,1.991,1.99,1.989,0.0,0.0,0.0,0.0,0.0,1.994,1.995,1.996,1.997,1.998,0.0,0.0,0.0,0.0,0.0,505800.0,2302300.0,4012200.0,9519800.0,3078900.0,0.0,0.0,0.0,0.0,0.0,2332500.0,3968600.0,4192500.0,1714900.0,431100.0,0.0,0.0,0.0,0.0,0.0
2.02308e+16,SZSE,SZSE.ETF.159915,1.993,2.0,2.007,1.99,0.0,2.417,1.611,375595033.0,418000.0,750422071.4,833085.0,0.0,0.0,20230825,20230825,132828390,2.014,0.0,0.0,1.993,1.992,1.991,1.99,1.989,0.0,0.0,0.0,0.0,0.0,1.994,1.995,1.996,1.997,1.998,0.0,0.0,0.0,0.0,0.0,58300.0,1895600.0,4180000.0,9548300.0,1733900.0,0.0,0.0,0.0,0.0,0.0,4100600.0,4115700.0,4192500.0,1654900.0,449100.0,0.0,0.0,0.0,0.0,0.0
2.02308e+16,SZSE,SZSE.ETF.159915,1.993,2.0,2.007,1.99,0.0,2.417,1.611,375177033.0,0.0,749588986.4,0.0,0.0,0.0,20230825,20230825,132825388,2.014,0.0,0.0,1.993,1.992,1.991,1.99,1.989,0.0,0.0,0.0,0.0,0.0,1.994,1.995,1.996,1.997,1.998,0.0,0.0,0.0,0.0,0.0,464300.0,1895600.0,4162700.0,9545300.0,1728900.0,0.0,0.0,0.0,0.0,0.0,3915400.0,3986700.0,4261500.0,1714900.0,449100.0,0.0,0.0,0.0,0.0,0.0
2.02308e+16,SZSE,SZSE.ETF.159915,1.993,2.0,2.007,1.99,0.0,2.417,1.611,375177033.0,20000.0,749588986.4,39865.0,0.0,0.0,20230825,20230825,132822437,2.014,0.0,0.0,1.993,1.992,1.991,1.99,1.989,0.0,0.0,0.0,0.0,0.0,1.994,1.995,1.996,1.997,1.998,0.0,0.0,0.0,0.0,0.0,464300.0,1895600.0,4162200.0,9545300.0,1728900.0,0.0,0.0,0.0,0.0,0.0,3915400.0,4055700.0,4192500.0,1714900.0,449100.0,0.0,0.0,0.0,0.0,0.0
2.02308e+16,SZSE,SZSE.ETF.159915,1.993,2.0,2.007,1.99,0.0,2.417,1.611,375177033.0,20000.0,749588986.4,39865.0,0.0,0.0,20230825,20230825,132819480,2.014,0.0,0.0,1.993,1.992,1.991,1.99,1.989,0.0,0.0,0.0,0.0,0.0,1.994,1.995,1.996,1.997,1.998,0.0,0.0,0.0,0.0,0.0,464300.0,1895600.0,4162200.0,9545300.0,1728900.0,0.0,0.0,0.0,0.0,0.0,3915400.0,4055700.0,4192500.0,1714900.0,449100.0,0.0,0.0,0.0,0.0,0.0
2.02308e+16,SZSE,SZSE.ETF.159915,1.993,2.0,2.007,1.99,0.0,2.417,1.611,375157033.0,205100.0,749549121.4,408764.3,0.0,0.0,20230825,20230825,132819480,2.014,0.0,0.0,1.993,1.992,1.991,1.99,1.989,0.0,0.0,0.0,0.0,0.0,1.994,1.995,1.996,1.997,1.998,0.0,0.0,0.0,0.0,0.0,474300.0,1895600.0,4237200.0,9531700.0,1728900.0,0.0,0.0,0.0,0.0,0.0,3920400.0,4046700.0,4192500.0,1729900.0,449100.0,0.0,0.0,0.0,0.0,0.0
2.02308e+16,SZSE,SZSE.ETF.159915,1.994,2.0,2.007,1.99,0.0,2.417,1.611,373338733.0,210700.0,745924726.9,420332.0,0.0,0.0,20230825,20230825,132704480,2.014,0.0,0.0,1.994,1.993,1.992,1.991,1.99,0.0,0.0,0.0,0.0,0.0,1.995,1.996,1.997,1.998,1.999,0.0,0.0,0.0,0.0,0.0,297800.0,2712900.0,848800.0,3623400.0,10050200.0,0.0,0.0,0.0,0.0,0.0,625800.0,7091500.0,3371100.0,864000.0,408200.0,0.0,0.0,0.0,0.0,0.0
2.02308e+16,SZSE,SZSE.ETF.159915,1.993,2.0,2.007,1.99,0.0,2.417,1.611,374951933.0,369000.0,749140357.1,735417.0,0.0,0.0,20230825,20230825,132816484,2.014,0.0,0.0,1.993,1.992,1.991,1.99,1.989,0.0,0.0,0.0,0.0,0.0,1.994,1.995,1.996,1.997,1.998,0.0,0.0,0.0,0.0,0.0,677300.0,1955600.0,4072200.0,9532200.0,1728900.0,0.0,0.0,0.0,0.0,0.0,3914400.0,3986700.0,4321500.0,1654900.0,431100.0,0.0,0.0,0.0,0.0,0.0
2.02308e+16,SZSE,SZSE.ETF.159915,1.996,2.0,2.007,1.992,0.0,2.417,1.611,275005033.0,108500.0,549760911.0,216509.1,0.0,0.0,20230825,20230825,111934788,2.014,0.0,0.0,1.995,1.994,1.993,1.992,1.991,0.0,0.0,0.0,0.0,0.0,1.996,1.997,1.998,1.999,2.0,0.0,0.0,0.0,0.0,0.0,2836400.0,3282900.0,3472000.0,3279000.0,3919600.0,0.0,0.0,0.0,0.0,0.0,355700.0,6658800.0,6492200.0,801000.0,132500.0,0.0,0.0,0.0,0.0,0.0
2.02308e+16,SZSE,SZSE.ETF.159915,1.994,2.0,2.007,1.99,0.0,2.417,1.611,374582933.0,0.0,748404940.1,0.0,0.0,0.0,20230825,20230825,132810528,2.014,0.0,0.0,1.993,1.992,1.991,1.99,1.989,0.0,0.0,0.0,0.0,0.0,1.994,1.995,1.996,1.997,1.998,0.0,0.0,0.0,0.0,0.0,1011200.0,1947300.0,4072200.0,9522200.0,2078900.0,0.0,0.0,0.0,0.0,0.0,3914400.0,4055700.0,4252500.0,1654900.0,431100.0,0.0,0.0,0.0,0.0,0.0
2.02308e+16,SZSE,SZSE.ETF.159915,1.993,2.0,2.007,1.99,0.0,2.417,1.611,376009833.0,30300.0,751248444.0,60387.9,0.0,0.0,20230825,20230825,132831483,2.014,0.0,0.0,1.993,1.992,1.991,1.99,1.989,0.0,0.0,0.0,0.0,0.0,1.994,1.995,1.996,1.997,1.998,0.0,0.0,0.0,0.0,0.0,57500.0,769900.0,4186100.0,9546300.0,1733900.0,0.0,0.0,0.0,0.0,0.0,4090800.0,3986700.0,4262500.0,1715900.0,369100.0,0.0,0.0,0.0,0.0,0.0
2.02308e+16,SZSE,SZSE.ETF.159915,1.993,2.0,2.007,1.99,0.0,2.417,1.611,374581533.0,175500.0,748402148.5,349837.0,0.0,0.0,20230825,20230825,132804591,2.014,0.0,0.0,1.993,1.992,1.991,1.99,1.989,0.0,0.0,0.0,0.0,0.0,1.994,1.995,1.996,1.997,1.998,0.0,0.0,0.0,0.0,0.0,505800.0,1957200.0,4144500.0,9639800.0,2018900.0,0.0,0.0,0.0,0.0,0.0,1816300.0,4935700.0,4312500.0,1789900.0,431100.0,0.0,0.0,0.0,0.0,0.0
2.02308e+16,SZSE,SZSE.ETF.159915,1.993,2.0,2.007,1.99,0.0,2.417,1.611,374406033.0,111700.0,748052311.5,222618.1,0.0,0.0,20230825,20230825,132804477,2.014,0.0,0.0,1.993,1.992,1.991,1.99,1.989,0.0,0.0,0.0,0.0,0.0,1.994,1.995,1.996,1.997,1.998,0.0,0.0,0.0,0.0,0.0,591400.0,1956000.0,4069500.0,9639800.0,2018900.0,0.0,0.0,0.0,0.0,0.0,1981800.0,4866700.0,4381500.0,1714900.0,431100.0,0.0,0.0,0.0,0.0,0.0
2.02308e+16,SZSE,SZSE.ETF.159915,1.993,2.0,2.007,1.99,0.0,2.417,1.611,374294333.0,0.0,747829693.4,0.0,0.0,0.0,20230825,20230825,132801379,2.014,0.0,0.0,1.993,1.992,1.991,1.99,1.989,0.0,0.0,0.0,0.0,0.0,1.994,1.995,1.996,1.997,1.998,0.0,0.0,0.0,0.0,0.0,710000.0,2555500.0,4009300.0,9539700.0,3078900.0,0.0,0.0,0.0,0.0,0.0,1791000.0,4705000.0,5361500.0,1714900.0,431100.0,0.0,0.0,0.0,0.0,0.0
2.02308e+16,SZSE,SZSE.ETF.159915,1.993,2.0,2.007,1.99,0.0,2.417,1.611,374294333.0,106400.0,747829693.4,212055.2,0.0,0.0,20230825,20230825,132758432,2.014,0.0,0.0,1.993,1.992,1.991,1.99,1.989,0.0,0.0,0.0,0.0,0.0,1.994,1.995,1.996,1.997,1.998,0.0,0.0,0.0,0.0,0.0,694800.0,2558500.0,3999300.0,9539300.0,3078900.0,0.0,0.0,0.0,0.0,0.0,1791000.0,3305000.0,5361500.0,1774900.0,431100.0,0.0,0.0,0.0,0.0,0.0
2.02308e+16,SZSE,SZSE.ETF.159915,1.994,2.0,2.007,1.99,0.0,2.417,1.611,374187933.0,114900.0,747617638.2,229000.7,0.0,0.0,20230825,20230825,132755412,2.014,0.0,0.0,1.993,1.992,1.991,1.99,1.989,0.0,0.0,0.0,0.0,0.0,1.994,1.995,1.996,1.997,1.998,0.0,0.0,0.0,0.0,0.0,791100.0,2494000.0,4059200.0,9539300.0,3078900.0,0.0,0.0,0.0,0.0,0.0,1791000.0,4304500.0,5421500.0,1714900.0,431100.0,0.0,0.0,0.0,0.0,0.0
2.02308e+16,SZSE,SZSE.ETF.159915,1.994,2.0,2.007,1.99,0.0,2.417,1.611,374582933.0,0.0,748404940.1,0.0,0.0,0.0,20230825,20230825,132813484,2.014,0.0,0.0,1.993,1.992,1.991,1.99,1.989,0.0,0.0,0.0,0.0,0.0,1.994,1.995,1.996,1.997,1.998,0.0,0.0,0.0,0.0,0.0,1011200.0,1947300.0,4072200.0,9522200.0,2078900.0,0.0,0.0,0.0,0.0,0.0,3914400.0,4055700.0,4252500.0,1654900.0,431100.0,0.0,0.0,0.0,0.0,0.0
2.02308e+16,SZSE,SZSE.ETF.159915,1.994,2.0,2.007,1.99,0.0,2.417,1.611,369783533.0,2300.0,738835964.1,4586.2,0.0,0.0,20230825,20230825,132525516,2.014,0.0,0.0,1.993,1.992,1.991,1.99,1.989,0.0,0.0,0.0,0.0,0.0,1.994,1.995,1.996,1.997,1.998,0.0,0.0,0.0,0.0,0.0,514300.0,2795600.0,3604800.0,9754200.0,1943100.0,0.0,0.0,0.0,0.0,0.0,1396400.0,5714900.0,4547100.0,3783500.0,363700.0,0.0,0.0,0.0,0.0,0.0
2.02308e+16,SZSE,SZSE.ETF.159915,1.994,2.0,2.007,1.99,0.0,2.417,1.611,370996233.0,100.0,741253049.9,199.4,0.0,0.0,20230825,20230825,132622541,2.014,0.0,0.0,1.993,1.992,1.991,1.99,1.989,0.0,0.0,0.0,0.0,0.0,1.994,1.995,1.996,1.997,1.998,0.0,0.0,0.0,0.0,0.0,1813000.0,2854200.0,4674600.0,11019700.0,2074100.0,0.0,0.0,0.0,0.0,0.0,1589900.0,3046400.0,4222500.0,2112500.0,365700.0,0.0,0.0,0.0,0.0,0.0
2.02308e+16,SZSE,SZSE.ETF.159915,1.995,2.0,2.007,1.99,0.0,2.417,1.611,368063033.0,11800.0,735405415.9,23537.2,0.0,0.0,20230825,20230825,132255461,2.014,0.0,0.0,1.995,1.994,1.993,1.992,1.991,0.0,0.0,0.0,0.0,0.0,1.996,1.997,1.998,1.999,2.0,0.0,0.0,0.0,0.0,0.0,112200.0,800300.0,2309200.0,1349600.0,4447900.0,0.0,0.0,0.0,0.0,0.0,233000.0,7567200.0,1222200.0,1057100.0,388000.0,0.0,0.0,0.0,0.0,0.0
2.02308e+16,SZSE,SZSE.ETF.159915,1.996,2.0,2.007,1.99,0.0,2.417,1.611,369112433.0,0.0,737498083.6,0.0,0.0,0.0,20230825,20230825,132322540,2.014,0.0,0.0,1.994,1.993,1.992,1.991,1.99,0.0,0.0,0.0,0.0,0.0,1.995,1.996,1.997,1.998,1.999,0.0,0.0,0.0,0.0,0.0,5600.0,634500.0,3193800.0,3258800.0,10040200.0,0.0,0.0,0.0,0.0,0.0,800000.0,7015100.0,5634700.0,730200.0,1275100.0,0.0,0.0,0.0,0.0,0.0
2.02308e+16,SZSE,SZSE.ETF.159915,1.993,2.0,2.007,1.99,0.0,2.417,1.611,370949633.0,12600.0,741160129.5,25116.8,0.0,0.0,20230825,20230825,132616504,2.014,0.0,0.0,1.993,1.992,1.991,1.99,1.989,0.0,0.0,0.0,0.0,0.0,1.994,1.995,1.996,1.997,1.998,0.0,0.0,0.0,0.0,0.0,1079000.0,2844700.0,5775600.0,10073700.0,3014100.0,0.0,0.0,0.0,0.0,0.0,2635500.0,2581300.0,4432600.0,2186500.0,365700.0,0.0,0.0,0.0,0.0,0.0
2.02308e+16,SZSE,SZSE.ETF.159915,1.994,2.0,2.007,1.99,0.0,2.417,1.611,369127233.0,1200.0,737527594.8,2392.8,0.0,0.0,20230825,20230825,132331415,2.014,0.0,0.0,1.993,1.992,1.991,1.99,1.989,0.0,0.0,0.0,0.0,0.0,1.994,1.995,1.996,1.997,1.998,0.0,0.0,0.0,0.0,0.0,579300.0,2654000.0,3376600.0,10202900.0,1585400.0,0.0,0.0,0.0,0.0,0.0,18600.0,1328400.0,7314700.0,4604800.0,458200.0,0.0,0.0,0.0,0.0,0.0
2.02308e+16,SZSE,SZSE.ETF.159915,1.994,2.0,2.007,1.99,0.0,2.417,1.611,369126033.0,13600.0,737525202.0,27118.4,0.0,0.0,20230825,20230825,132328427,2.014,0.0,0.0,1.993,1.992,1.991,1.99,1.989,0.0,0.0,0.0,0.0,0.0,1.994,1.995,1.996,1.997,1.998,0.0,0.0,0.0,0.0,0.0,634500.0,3272300.0,3198800.0,10100200.0,1465400.0,0.0,0.0,0.0,0.0,0.0,19800.0,1693200.0,6925100.0,5906700.0,693200.0,0.0,0.0,0.0,0.0,0.0
2.02308e+16,SZSE,SZSE.ETF.159915,1.995,2.0,2.007,1.99,0.0,2.417,1.611,368051233.0,0.0,735381878.7,0.0,0.0,0.0,20230825,20230825,132255391,2.014,0.0,0.0,1.994,1.993,1.992,1.991,1.99,0.0,0.0,0.0,0.0,0.0,1.995,1.996,1.997,1.998,1.999,0.0,0.0,0.0,0.0,0.0,850100.0,2233800.0,1273600.0,4447900.0,8606200.0,0.0,0.0,0.0,0.0,0.0,8000.0,228000.0,7511000.0,1282200.0,1057100.0,0.0,0.0,0.0,0.0,0.0
2.02308e+16,SZSE,SZSE.ETF.159915,1.995,2.0,2.007,1.99,0.0,2.417,1.611,369091433.0,500.0,737456179.6,997.5,0.0,0.0,20230825,20230825,132319456,2.014,0.0,0.0,1.994,1.993,1.992,1.991,1.99,0.0,0.0,0.0,0.0,0.0,1.996,1.997,1.998,1.999,2.0,0.0,0.0,0.0,0.0,0.0,12500.0,1424300.0,3183800.0,4171400.0,9962800.0,0.0,0.0,0.0,0.0,0.0,6288100.0,6671700.0,1129200.0,1345100.0,389500.0,0.0,0.0,0.0,0.0,0.0
2.02308e+16,SZSE,SZSE.ETF.159915,1.994,2.0,2.007,1.99,0.0,2.417,1.611,369090933.0,87000.0,737455182.1,173478.0,0.0,0.0,20230825,20230825,132313465,2.014,0.0,0.0,1.993,1.992,1.991,1.99,1.989,0.0,0.0,0.0,0.0,0.0,1.996,1.997,1.998,1.999,2.0,0.0,0.0,0.0,0.0,0.0,1674300.0,2786000.0,4409200.0,10146500.0,1525400.0,0.0,0.0,0.0,0.0,0.0,4150900.0,4675900.0,926200.0,1058100.0,389500.0,0.0,0.0,0.0,0.0,0.0
2.02308e+16,SZSE,SZSE.ETF.159915,1.995,2.0,2.007,1.99,0.0,2.417,1.611,368175733.0,102000.0,735630252.4,203490.0,0.0,0.0,20230825,20230825,132307507,2.014,0.0,0.0,1.994,1.993,1.992,1.991,1.99,0.0,0.0,0.0,0.0,0.0,1.996,1.997,1.998,1.999,2.0,0.0,0.0,0.0,0.0,0.0,872500.0,2682500.0,1036000.0,4010400.0,8924900.0,0.0,0.0,0.0,0.0,0.0,1876100.0,6514400.0,1309900.0,1344100.0,388000.0,0.0,0.0,0.0,0.0,0.0
2.02308e+16,SZSE,SZSE.ETF.159915,1.995,2.0,2.007,1.99,0.0,2.417,1.611,367422633.0,3000.0,734127817.1,5987.0,0.0,0.0,20230825,20230825,132219577,2.014,0.0,0.0,1.995,1.994,1.993,1.992,1.991,0.0,0.0,0.0,0.0,0.0,1.996,1.997,1.998,1.999,2.0,0.0,0.0,0.0,0.0,0.0,258200.0,2141700.0,715100.0,1420100.0,3947800.0,0.0,0.0,0.0,0.0,0.0,76600.0,6545900.0,4400700.0,1801100.0,1436600.0,0.0,0.0,0.0,0.0,0.0
2.02308e+16,SZSE,SZSE.ETF.159915,1.995,2.0,2.007,1.99,0.0,2.417,1.611,369229433.0,4400.0,737731381.7,8773.7,0.0,0.0,20230825,20230825,132343442,2.014,0.0,0.0,1.993,1.992,1.991,1.99,1.989,0.0,0.0,0.0,0.0,0.0,1.995,1.996,1.997,1.998,1.999,0.0,0.0,0.0,0.0,0.0,645000.0,2565400.0,3504400.0,10350100.0,1455900.0,0.0,0.0,0.0,0.0,0.0,1248300.0,6985700.0,5880800.0,646800.0,988100.0,0.0,0.0,0.0,0.0,0.0
2.02308e+16,SZSE,SZSE.ETF.159915,1.995,2.0,2.007,1.99,0.0,2.417,1.611,368073733.0,10700.0,735426762.4,21346.5,0.0,0.0,20230825,20230825,132304476,2.014,0.0,0.0,1.995,1.994,1.993,1.992,1.991,0.0,0.0,0.0,0.0,0.0,1.996,1.997,1.998,1.999,2.0,0.0,0.0,0.0,0.0,0.0,102000.0,870500.0,2882000.0,1102000.0,4421400.0,0.0,0.0,0.0,0.0,0.0,781200.0,7109300.0,1309900.0,1344100.0,388000.0,0.0,0.0,0.0,0.0,0.0
2.02308e+16,SZSE,SZSE.ETF.159915,1.995,2.0,2.007,1.99,0.0,2.417,1.611,368051233.0,0.0,735381878.7,0.0,0.0,0.0,20230825,20230825,132252433,2.014,0.0,0.0,1.994,1.993,1.992,1.991,1.99,0.0,0.0,0.0,0.0,0.0,1.995,1.996,1.997,1.998,1.999,0.0,0.0,0.0,0.0,0.0,850100.0,2233800.0,1273600.0,4447900.0,8606200.0,0.0,0.0,0.0,0.0,0.0,8000.0,228000.0,7511000.0,1282200.0,1057100.0,0.0,0.0,0.0,0.0,0.0
2.02308e+16,SZSE,SZSE.ETF.159915,1.995,2.0,2.007,1.99,0.0,2.417,1.611,368049233.0,0.0,735377888.7,0.0,0.0,0.0,20230825,20230825,132246427,2.014,0.0,0.0,1.994,1.993,1.992,1.991,1.99,0.0,0.0,0.0,0.0,0.0,1.995,1.996,1.997,1.998,1.999,0.0,0.0,0.0,0.0,0.0,2545500.0,2225200.0,2338900.0,3504800.0,8480500.0,0.0,0.0,0.0,0.0,0.0,10000.0,137000.0,7187000.0,1247700.0,1342100.0,0.0,0.0,0.0,0.0,0.0
2.02308e+16,SZSE,SZSE.ETF.159915,1.995,2.0,2.007,1.99,0.0,2.417,1.611,368049233.0,2100.0,735377888.7,4189.5,0.0,0.0,20230825,20230825,132243392,2.014,0.0,0.0,1.994,1.993,1.992,1.991,1.99,0.0,0.0,0.0,0.0,0.0,1.996,1.997,1.998,1.999,2.0,0.0,0.0,0.0,0.0,0.0,2545500.0,2190100.0,2228900.0,3564800.0,8540500.0,0.0,0.0,0.0,0.0,0.0,117000.0,6247000.0,1187700.0,1290100.0,388000.0,0.0,0.0,0.0,0.0,0.0
2.02308e+16,SZSE,SZSE.ETF.159915,1.995,2.0,2.007,1.99,0.0,2.417,1.611,367850633.0,2500.0,734981685.4,4987.5,0.0,0.0,20230825,20230825,132237500,2.014,0.0,0.0,1.994,1.993,1.992,1.991,1.99,0.0,0.0,0.0,0.0,0.0,1.995,1.996,1.997,1.998,1.999,0.0,0.0,0.0,0.0,0.0,2066200.0,2250100.0,1728400.0,4444800.0,8485200.0,0.0,0.0,0.0,0.0,0.0,192800.0,117000.0,7892700.0,1195700.0,1135100.0,0.0,0.0,0.0,0.0,0.0
2.02308e+16,SZSE,SZSE.ETF.159915,1.995,2.0,2.007,1.99,0.0,2.417,1.611,367848133.0,3100.0,734976697.9,6184.5,0.0,0.0,20230825,20230825,132234507,2.014,0.0,0.0,1.994,1.993,1.992,1.991,1.99,0.0,0.0,0.0,0.0,0.0,1.995,1.996,1.997,1.998,1.999,0.0,0.0,0.0,0.0,0.0,766200.0,2189000.0,1599800.0,4504800.0,8542200.0,0.0,0.0,0.0,0.0,0.0,183300.0,360000.0,7852200.0,1135700.0,1135100.0,0.0,0.0,0.0,0.0,0.0
2.02308e+16,SZSE,SZSE.ETF.159915,1.995,2.0,2.007,1.99,0.0,2.417,1.611,367844033.0,286600.0,734968518.4,571767.0,0.0,0.0,20230825,20230825,132228510,2.014,0.0,0.0,1.994,1.993,1.992,1.991,1.99,0.0,0.0,0.0,0.0,0.0,1.995,1.996,1.997,1.998,1.999,0.0,0.0,0.0,0.0,0.0,811400.0,605500.0,1080400.0,4404800.0,8422200.0,0.0,0.0,0.0,0.0,0.0,187400.0,1103400.0,7256100.0,3421400.0,1333100.0,0.0,0.0,0.0,0.0,0.0
2.02308e+16,SZSE,SZSE.ETF.159915,1.996,2.0,2.007,1.99,0.0,2.417,1.611,367425833.0,3200.0,734134204.3,6387.2,0.0,0.0,20230825,20230825,132222576,2.014,0.0,0.0,1.995,1.994,1.993,1.992,1.991,0.0,0.0,0.0,0.0,0.0,1.996,1.997,1.998,1.999,2.0,0.0,0.0,0.0,0.0,0.0,274700.0,1611700.0,790100.0,1020100.0,3352800.0,0.0,0.0,0.0,0.0,0.0,1148200.0,6476700.0,4401400.0,1401100.0,1436600.0,0.0,0.0,0.0,0.0,0.0
2.02308e+16,SZSE,SZSE.ETF.159915,1.995,2.0,2.007,1.99,0.0,2.417,1.611,372594933.0,3600.0,744440860.4,7182.0,0.0,0.0,20230825,20230825,132652442,2.014,0.0,0.0,1.994,1.993,1.992,1.991,1.99,0.0,0.0,0.0,0.0,0.0,1.995,1.996,1.997,1.998,1.999,0.0,0.0,0.0,0.0,0.0,1782600.0,2291800.0,3049100.0,3728300.0,10037900.0,0.0,0.0,0.0,0.0,0.0,73200.0,4315400.0,2329700.0,911300.0,121200.0,0.0,0.0,0.0,0.0,0.0
2.02308e+16,SZSE,SZSE.ETF.159915,1.994,2.0,2.007,1.99,0.0,2.417,1.611,369145833.0,0.0,737564683.2,0.0,0.0,0.0,20230825,20230825,132334452,2.014,0.0,0.0,1.994,1.993,1.992,1.991,1.99,0.0,0.0,0.0,0.0,0.0,1.995,1.996,1.997,1.998,1.999,0.0,0.0,0.0,0.0,0.0,72100.0,639200.0,2988000.0,3145400.0,10172600.0,0.0,0.0,0.0,0.0,0.0,20000.0,7308300.0,4748600.0,693300.0,988100.0,0.0,0.0,0.0,0.0,0.0
2.02308e+16,SZSE,SZSE.ETF.159915,1.994,2.0,2.007,1.99,0.0,2.417,1.611,370981733.0,32100.0,741224136.9,64007.4,0.0,0.0,20230825,20230825,132619457,2.014,0.0,0.0,1.993,1.992,1.991,1.99,1.989,0.0,0.0,0.0,0.0,0.0,1.994,1.995,1.996,1.997,1.998,0.0,0.0,0.0,0.0,0.0,1698800.0,2844700.0,5715600.0,10083700.0,3014100.0,0.0,0.0,0.0,0.0,0.0,1604400.0,4641300.0,3067600.0,2111500.0,365700.0,0.0,0.0,0.0,0.0,0.0
2.02308e+16,SZSE,SZSE.ETF.159915,1.996,2.0,2.007,1.99,0.0,2.417,1.611,367419633.0,2400.0,734121830.1,4789.4,0.0,0.0,20230825,20230825,132216551,2.014,0.0,0.0,1.995,1.994,1.993,1.992,1.991,0.0,0.0,0.0,0.0,0.0,1.996,1.997,1.998,1.999,2.0,0.0,0.0,0.0,0.0,0.0,272700.0,2441700.0,835100.0,1354100.0,3892800.0,0.0,0.0,0.0,0.0,0.0,79600.0,5484900.0,4339700.0,1861100.0,1436600.0,0.0,0.0,0.0,0.0,0.0
2.02308e+16,SZSE,SZSE.ETF.159915,1.994,2.0,2.007,1.99,0.0,2.417,1.611,369145833.0,0.0,737564683.2,0.0,0.0,0.0,20230825,20230825,132337483,2.014,0.0,0.0,1.994,1.993,1.992,1.991,1.99,0.0,0.0,0.0,0.0,0.0,1.996,1.997,1.998,1.999,2.0,0.0,0.0,0.0,0.0,0.0,72100.0,1790200.0,2968000.0,3145400.0,10187100.0,0.0,0.0,0.0,0.0,0.0,7308300.0,2800600.0,706800.0,988100.0,358500.0,0.0,0.0,0.0,0.0,0.0
2.02308e+16,SZSE,SZSE.ETF.159915,1.994,2.0,2.007,1.99,0.0,2.417,1.611,370996233.0,100.0,741253049.9,199.4,0.0,0.0,20230825,20230825,132625496,2.014,0.0,0.0,1.993,1.992,1.991,1.99,1.989,0.0,0.0,0.0,0.0,0.0,1.994,1.995,1.996,1.997,1.998,0.0,0.0,0.0,0.0,0.0,1813000.0,2854200.0,4674600.0,11019700.0,2074100.0,0.0,0.0,0.0,0.0,0.0,1589900.0,3046400.0,4222500.0,2112500.0,365700.0,0.0,0.0,0.0,0.0,0.0
2.02308e+16,SZSE,SZSE.ETF.159915,1.994,2.0,2.007,1.99,0.0,2.417,1.611,372591333.0,0.0,744433678.4,0.0,0.0,0.0,20230825,20230825,132646428,2.014,0.0,0.0,1.994,1.993,1.992,1.991,1.99,0.0,0.0,0.0,0.0,0.0,1.995,1.996,1.997,1.998,1.999,0.0,0.0,0.0,0.0,0.0,1887100.0,2293300.0,2974100.0,3663300.0,11073200.0,0.0,0.0,0.0,0.0,0.0,40600.0,4792200.0,2269700.0,836300.0,121200.0,0.0,0.0,0.0,0.0,0.0
2.02308e+16,SZSE,SZSE.ETF.159915,1.994,2.0,2.007,1.99,0.0,2.417,1.611,372591333.0,0.0,744433678.4,0.0,0.0,0.0,20230825,20230825,132643436,2.014,0.0,0.0,1.994,1.993,1.992,1.991,1.99,0.0,0.0,0.0,0.0,0.0,1.995,1.996,1.997,1.998,1.999,0.0,0.0,0.0,0.0,0.0,1826100.0,2353300.0,2974100.0,3643300.0,11189200.0,0.0,0.0,0.0,0.0,0.0,100600.0,3973900.0,2260700.0,716300.0,121200.0,0.0,0.0,0.0,0.0,0.0
2.02308e+16,SZSE,SZSE.ETF.159915,1.994,2.0,2.007,1.99,0.0,2.417,1.611,372591333.0,46500.0,744433678.4,92721.0,0.0,0.0,20230825,20230825,132640501,2.014,0.0,0.0,1.994,1.993,1.992,1.991,1.99,0.0,0.0,0.0,0.0,0.0,1.995,1.996,1.997,1.998,1.999,0.0,0.0,0.0,0.0,0.0,1616100.0,2197300.0,2974100.0,3703300.0,11129200.0,0.0,0.0,0.0,0.0,0.0,1931200.0,2913900.0,2329700.0,690700.0,121200.0,0.0,0.0,0.0,0.0,0.0
2.02308e+16,SZSE,SZSE.ETF.159915,1.994,2.0,2.007,1.99,0.0,2.417,1.611,372544833.0,143400.0,744340957.4,285939.6,0.0,0.0,20230825,20230825,132637508,2.014,0.0,0.0,1.994,1.993,1.992,1.991,1.99,0.0,0.0,0.0,0.0,0.0,1.995,1.996,1.997,1.998,1.999,0.0,0.0,0.0,0.0,0.0,1006600.0,2142100.0,2829400.0,4201100.0,11168700.0,0.0,0.0,0.0,0.0,0.0,2986400.0,3293500.0,2241500.0,455700.0,121200.0,0.0,0.0,0.0,0.0,0.0
2.02308e+16,SZSE,SZSE.ETF.159915,1.994,2.0,2.007,1.99,0.0,2.417,1.611,372401433.0,1403500.0,744055017.8,2798578.6,0.0,0.0,20230825,20230825,132634463,2.014,0.0,0.0,1.993,1.992,1.991,1.99,1.989,0.0,0.0,0.0,0.0,0.0,1.994,1.995,1.996,1.997,1.998,0.0,0.0,0.0,0.0,0.0,2131500.0,2819400.0,4581100.0,11043700.0,1744100.0,0.0,0.0,0.0,0.0,0.0,143400.0,3046400.0,3293500.0,2241500.0,365700.0,0.0,0.0,0.0,0.0,0.0
2.02308e+16,SZSE,SZSE.ETF.159915,1.995,2.0,2.007,1.99,0.0,2.417,1.611,373128033.0,0.0,745504394.9,0.0,0.0,0.0,20230825,20230825,132701439,2.014,0.0,0.0,1.995,1.994,1.993,1.992,1.991,0.0,0.0,0.0,0.0,0.0,1.996,1.997,1.998,1.999,2.0,0.0,0.0,0.0,0.0,0.0,196000.0,2057800.0,2650900.0,848800.0,3614800.0,0.0,0.0,0.0,0.0,0.0,4653600.0,3320400.0,864000.0,356200.0,388500.0,0.0,0.0,0.0,0.0,0.0
2.02308e+16,SZSE,SZSE.ETF.159915,1.993,2.0,2.007,1.99,0.0,2.417,1.611,370195233.0,0.0,739656594.4,0.0,0.0,0.0,20230825,20230825,132601698,2.014,0.0,0.0,1.993,1.992,1.991,1.99,1.989,0.0,0.0,0.0,0.0,0.0,1.994,1.995,1.996,1.997,1.998,0.0,0.0,0.0,0.0,0.0,599000.0,2648400.0,3835800.0,9672200.0,2074100.0,0.0,0.0,0.0,0.0,0.0,2330000.0,6113700.0,3243600.0,3726500.0,363700.0,0.0,0.0,0.0,0.0,0.0
2.02308e+16,SZSE,SZSE.ETF.159915,1.993,2.0,2.007,1.99,0.0,2.417,1.611,370195233.0,0.0,739656594.4,0.0,0.0,0.0,20230825,20230825,132604512,2.014,0.0,0.0,1.993,1.992,1.991,1.99,1.989,0.0,0.0,0.0,0.0,0.0,1.994,1.995,1.996,1.997,1.998,0.0,0.0,0.0,0.0,0.0,599000.0,2648400.0,3835800.0,9672200.0,2074100.0,0.0,0.0,0.0,0.0,0.0,2330000.0,6113700.0,3243600.0,3726500.0,363700.0,0.0,0.0,0.0,0.0,0.0
2.02308e+16,SZSE,SZSE.ETF.159915,1.994,2.0,2.007,1.99,0.0,2.417,1.611,370997933.0,1700.0,741256439.2,3389.3,0.0,0.0,20230825,20230825,132625513,2.014,0.0,0.0,1.993,1.992,1.991,1.99,1.989,0.0,0.0,0.0,0.0,0.0,1.994,1.995,1.996,1.997,1.998,0.0,0.0,0.0,0.0,0.0,1903500.0,2816800.0,4785400.0,11204200.0,2014100.0,0.0,0.0,0.0,0.0,0.0,1588700.0,4046400.0,2762500.0,2247500.0,365700.0,0.0,0.0,0.0,0.0,0.0
2.02308e+16,SZSE,SZSE.ETF.159915,1.994,2.0,2.007,1.99,0.0,2.417,1.611,370981733.0,32100.0,741224136.9,64007.4,0.0,0.0,20230825,20230825,132616501,2.014,0.0,0.0,1.993,1.992,1.991,1.99,1.989,0.0,0.0,0.0,0.0,0.0,1.994,1.995,1.996,1.997,1.998,0.0,0.0,0.0,0.0,0.0,1698800.0,2844700.0,5715600.0,10083700.0,3014100.0,0.0,0.0,0.0,0.0,0.0,1604400.0,4641300.0,3067600.0,2111500.0,365700.0,0.0,0.0,0.0,0.0,0.0
2.02308e+16,SZSE,SZSE.ETF.159915,1.994,2.0,2.007,1.99,0.0,2.417,1.611,370937033.0,49800.0,741135012.7,99223.7,0.0,0.0,20230825,20230825,132613570,2.014,0.0,0.0,1.993,1.992,1.991,1.99,1.989,0.0,0.0,0.0,0.0,0.0,1.994,1.995,1.996,1.997,1.998,0.0,0.0,0.0,0.0,0.0,810000.0,2844700.0,5428600.0,11260700.0,4244100.0,0.0,0.0,0.0,0.0,0.0,2640500.0,2819600.0,4363600.0,4180500.0,365700.0,0.0,0.0,0.0,0.0,0.0
2.02308e+16,SZSE,SZSE.ETF.159915,1.994,2.0,2.007,1.99,0.0,2.417,1.611,370997933.0,1700.0,741256439.2,3389.3,0.0,0.0,20230825,20230825,132628459,2.014,0.0,0.0,1.993,1.992,1.991,1.99,1.989,0.0,0.0,0.0,0.0,0.0,1.994,1.995,1.996,1.997,1.998,0.0,0.0,0.0,0.0,0.0,1903500.0,2816800.0,4785400.0,11204200.0,2014100.0,0.0,0.0,0.0,0.0,0.0,1588700.0,4046400.0,2762500.0,2247500.0,365700.0,0.0,0.0,0.0,0.0,0.0
2.02308e+16,SZSE,SZSE.ETF.159915,1.994,2.0,2.007,1.99,0.0,2.417,1.611,372591333.0,0.0,744433678.4,0.0,0.0,0.0,20230825,20230825,132649427,2.014,0.0,0.0,1.994,1.993,1.992,1.991,1.99,0.0,0.0,0.0,0.0,0.0,1.995,1.996,1.997,1.998,1.999,0.0,0.0,0.0,0.0,0.0,1892100.0,2298800.0,2974100.0,3655300.0,10133200.0,0.0,0.0,0.0,0.0,0.0,141800.0,3849500.0,2200700.0,776300.0,121200.0,0.0,0.0,0.0,0.0,0.0
2.02308e+16,SZSE,SZSE.ETF.159915,1.992,2.0,2.007,1.99,0.0,2.417,1.611,370887233.0,131000.0,741035789.0,261121.3,0.0,0.0,20230825,20230825,132607612,2.014,0.0,0.0,1.992,1.991,1.99,1.989,1.988,0.0,0.0,0.0,0.0,0.0,1.994,1.995,1.996,1.997,1.998,0.0,0.0,0.0,0.0,0.0,2821200.0,3863000.0,10072700.0,3074100.0,2384300.0,0.0,0.0,0.0,0.0,0.0,2609300.0,3999600.0,3312600.0,4051500.0,365700.0,0.0,0.0,0.0,0.0,0.0
2.02308e+16,SZSE,SZSE.ETF.159915,1.993,2.0,2.007,1.99,0.0,2.417,1.611,374062933.0,0.0,747368498.1,0.0,0.0,0.0,20230825,20230825,132749421,2.014,0.0,0.0,1.993,1.992,1.991,1.99,1.989,0.0,0.0,0.0,0.0,0.0,1.994,1.995,1.996,1.997,1.998,0.0,0.0,0.0,0.0,0.0,881000.0,2546600.0,3998200.0,9539300.0,3078900.0,0.0,0.0,0.0,0.0,0.0,1778100.0,4603500.0,5421500.0,1715900.0,431100.0,0.0,0.0,0.0,0.0,0.0
2.02308e+16,SZSE,SZSE.ETF.159915,1.994,2.0,2.007,1.99,0.0,2.417,1.611,370997933.0,0.0,741256439.2,0.0,0.0,0.0,20230825,20230825,132631415,2.014,0.0,0.0,1.993,1.992,1.991,1.99,1.989,0.0,0.0,0.0,0.0,0.0,1.994,1.995,1.996,1.997,1.998,0.0,0.0,0.0,0.0,0.0,2116900.0,2819400.0,4221100.0,10019500.0,3074100.0,0.0,0.0,0.0,0.0,0.0,1588700.0,3641300.0,2707600.0,2172500.0,365700.0,0.0,0.0,0.0,0.0,0.0
2.02308e+16,SZSE,SZSE.ETF.159915,1.994,2.0,2.007,1.99,0.0,2.417,1.611,370996133.0,14400.0,741252850.5,28713.6,0.0,0.0,20230825,20230825,132622462,2.014,0.0,0.0,1.993,1.992,1.991,1.99,1.989,0.0,0.0,0.0,0.0,0.0,1.994,1.995,1.996,1.997,1.998,0.0,0.0,0.0,0.0,0.0,1805300.0,2844200.0,5775600.0,10141800.0,2014100.0,0.0,0.0,0.0,0.0,0.0,1590000.0,3581300.0,3718600.0,2112500.0,365700.0,0.0,0.0,0.0,0.0,0.0
2.02308e+16,SZSE,SZSE.ETF.159915,1.994,2.0,2.007,1.99,0.0,2.417,1.611,369145833.0,0.0,737564683.2,0.0,0.0,0.0,20230825,20230825,132337408,2.014,0.0,0.0,1.994,1.993,1.992,1.991,1.99,0.0,0.0,0.0,0.0,0.0,1.995,1.996,1.997,1.998,1.999,0.0,0.0,0.0,0.0,0.0,72100.0,639200.0,2988000.0,3145400.0,10172600.0,0.0,0.0,0.0,0.0,0.0,20000.0,7308300.0,4748600.0,693300.0,988100.0,0.0,0.0,0.0,0.0,0.0
2.02308e+16,SZSE,SZSE.ETF.159915,1.994,2.0,2.007,1.99,0.0,2.417,1.611,369145833.0,18600.0,737564683.2,37088.4,0.0,0.0,20230825,20230825,132334425,2.014,0.0,0.0,1.994,1.993,1.992,1.991,1.99,0.0,0.0,0.0,0.0,0.0,1.995,1.996,1.997,1.998,1.999,0.0,0.0,0.0,0.0,0.0,57100.0,583300.0,2645400.0,3383200.0,10272700.0,0.0,0.0,0.0,0.0,0.0,750100.0,7314700.0,4604800.0,458300.0,988100.0,0.0,0.0,0.0,0.0,0.0
2.02308e+16,SZSE,SZSE.ETF.159915,1.996,2.0,2.007,1.99,0.0,2.417,1.611,367416233.0,48000.0,734115044.7,95823.0,0.0,0.0,20230825,20230825,132210537,2.014,0.0,0.0,1.995,1.994,1.993,1.992,1.991,0.0,0.0,0.0,0.0,0.0,1.996,1.997,1.998,1.999,2.0,0.0,0.0,0.0,0.0,0.0,273700.0,1891700.0,895100.0,1328100.0,3836500.0,0.0,0.0,0.0,0.0,0.0,167000.0,4695600.0,6914900.0,2899100.0,1723600.0,0.0,0.0,0.0,0.0,0.0
2.02308e+16,SZSE,SZSE.ETF.159915,1.993,2.0,2.007,1.99,0.0,2.417,1.611,361721333.0,599000.0,722752632.9,1193931.9,0.0,0.0,20230825,20230825,131919473,2.014,0.0,0.0,1.992,1.991,1.99,1.989,1.988,0.0,0.0,0.0,0.0,0.0,1.993,1.994,1.995,1.996,1.997,0.0,0.0,0.0,0.0,0.0,994000.0,2693100.0,9895900.0,1519100.0,2039700.0,0.0,0.0,0.0,0.0,0.0,1402100.0,57400.0,5601300.0,6210100.0,2753100.0,0.0,0.0,0.0,0.0,0.0
2.02308e+16,SZSE,SZSE.ETF.159915,1.992,2.0,2.007,1.99,0.0,2.417,1.611,396475633.0,39700.0,792008238.8,79075.3,0.0,0.0,20230825,20230825,133922460,2.014,0.0,0.0,1.991,1.99,1.989,1.988,1.987,0.0,0.0,0.0,0.0,0.0,1.992,1.993,1.994,1.995,1.996,0.0,0.0,0.0,0.0,0.0,1931200.0,12660800.0,1837000.0,2991800.0,2595100.0,0.0,0.0,0.0,0.0,0.0,820800.0,7299800.0,2086400.0,1565500.0,2771500.0,0.0,0.0,0.0,0.0,0.0
2.02308e+16,SZSE,SZSE.ETF.159915,1.991,2.0,2.007,1.99,0.0,2.417,1.611,399739433.0,36700.0,798506448.3,73069.7,0.0,0.0,20230825,20230825,134113448,2.014,0.0,0.0,1.99,1.989,1.988,1.987,1.986,0.0,0.0,0.0,0.0,0.0,1.991,1.992,1.993,1.994,1.995,0.0,0.0,0.0,0.0,0.0,10612800.0,3034300.0,2911800.0,1308000.0,3001000.0,0.0,0.0,0.0,0.0,0.0,2970600.0,6082600.0,3383600.0,767500.0,1126700.0,0.0,0.0,0.0,0.0,0.0
2.02308e+16,SZSE,SZSE.ETF.159915,1.992,2.0,2.007,1.99,0.0,2.417,1.611,395260733.0,500.0,789587670.4,996.0,0.0,0.0,20230825,20230825,133749470,2.014,0.0,0.0,1.992,1.991,1.99,1.989,1.988,0.0,0.0,0.0,0.0,0.0,1.993,1.994,1.995,1.996,1.997,0.0,0.0,0.0,0.0,0.0,514500.0,3575000.0,12236100.0,5292300.0,3495400.0,0.0,0.0,0.0,0.0,0.0,128300.0,4490700.0,3223000.0,3283500.0,435400.0,0.0,0.0,0.0,0.0,0.0
2.02308e+16,SZSE,SZSE.ETF.159915,1.993,2.0,2.007,1.99,0.0,2.417,1.611,395470333.0,8600.0,790005403.2,17139.8,0.0,0.0,20230825,20230825,133758473,2.014,0.0,0.0,1.992,1.991,1.99,1.989,1.988,0.0,0.0,0.0,0.0,0.0,1.993,1.994,1.995,1.996,1.997,0.0,0.0,0.0,0.0,0.0,533000.0,3614900.0,12240500.0,5292300.0,3562900.0,0.0,0.0,0.0,0.0,0.0,7200.0,5390700.0,2154000.0,3352500.0,436400.0,0.0,0.0,0.0,0.0,0.0
2.02308e+16,SZSE,SZSE.ETF.159915,1.993,2.0,2.007,1.99,0.0,2.417,1.611,395470333.0,0.0,790005403.2,0.0,0.0,0.0,20230825,20230825,133804466,2.014,0.0,0.0,1.992,1.991,1.99,1.989,1.988,0.0,0.0,0.0,0.0,0.0,1.993,1.994,1.995,1.996,1.997,0.0,0.0,0.0,0.0,0.0,528600.0,3620900.0,12550400.0,5289300.0,3562900.0,0.0,0.0,0.0,0.0,0.0,7200.0,4189400.0,2855300.0,3352500.0,436400.0,0.0,0.0,0.0,0.0,0.0
2.02308e+16,SZSE,SZSE.ETF.159915,1.993,2.0,2.007,1.99,0.0,2.417,1.611,395756233.0,38600.0,790575201.3,76929.8,0.0,0.0,20230825,20230825,133831406,2.014,0.0,0.0,1.992,1.991,1.99,1.989,1.988,0.0,0.0,0.0,0.0,0.0,1.993,1.994,1.995,1.996,1.997,0.0,0.0,0.0,0.0,0.0,688900.0,3962000.0,10666000.0,3248300.0,3440700.0,0.0,0.0,0.0,0.0,0.0,199900.0,5517400.0,4264900.0,3371300.0,723400.0,0.0,0.0,0.0,0.0,0.0
2.02308e+16,SZSE,SZSE.ETF.159915,1.994,2.0,2.007,1.99,0.0,2.417,1.611,395580133.0,1000.0,790224234.0,1994.0,0.0,0.0,20230825,20230825,133822428,2.014,0.0,0.0,1.993,1.992,1.991,1.99,1.989,0.0,0.0,0.0,0.0,0.0,1.994,1.995,1.996,1.997,1.998,0.0,0.0,0.0,0.0,0.0,125000.0,714000.0,4108300.0,10593400.0,4248300.0,0.0,0.0,0.0,0.0,0.0,5157400.0,3924400.0,3371300.0,671400.0,423200.0,0.0,0.0,0.0,0.0,0.0
2.02308e+16,SZSE,SZSE.ETF.159915,1.993,2.0,2.007,1.99,0.0,2.417,1.611,395717633.0,137500.0,790498271.5,274037.5,0.0,0.0,20230825,20230825,133828401,2.014,0.0,0.0,1.993,1.992,1.991,1.99,1.989,0.0,0.0,0.0,0.0,0.0,1.994,1.995,1.996,1.997,1.998,0.0,0.0,0.0,0.0,0.0,1000.0,714000.0,4110800.0,10604800.0,4248300.0,0.0,0.0,0.0,0.0,0.0,5157400.0,4324900.0,3371300.0,723400.0,423200.0,0.0,0.0,0.0,0.0,0.0
2.02308e+16,SZSE,SZSE.ETF.159915,1.991,2.0,2.007,1.99,0.0,2.417,1.611,378588433.0,0.0,756383152.8,0.0,0.0,0.0,20230825,20230825,132934497,2.014,0.0,0.0,1.992,1.991,1.99,1.989,1.988,0.0,0.0,0.0,0.0,0.0,1.993,1.994,1.995,1.996,1.997,0.0,0.0,0.0,0.0,0.0,677200.0,4703700.0,11605100.0,2174700.0,2878200.0,0.0,0.0,0.0,0.0,0.0,166400.0,3564200.0,2034200.0,2670700.0,1368900.0,0.0,0.0,0.0,0.0,0.0
2.02308e+16,SZSE,SZSE.ETF.159915,1.993,2.0,2.007,1.99,0.0,2.417,1.611,395193733.0,500.0,789454184.9,996.5,0.0,0.0,20230825,20230825,133734437,2.014,0.0,0.0,1.992,1.991,1.99,1.989,1.988,0.0,0.0,0.0,0.0,0.0,1.993,1.994,1.995,1.996,1.997,0.0,0.0,0.0,0.0,0.0,382400.0,3572700.0,12236900.0,5263600.0,3486900.0,0.0,0.0,0.0,0.0,0.0,47400.0,4991900.0,1823000.0,3283500.0,424400.0,0.0,0.0,0.0,0.0,0.0
2.02308e+16,SZSE,SZSE.ETF.159915,1.994,2.0,2.007,1.99,0.0,2.417,1.611,359646633.0,798900.0,718614542.9,1592992.7,0.0,0.0,20230825,20230825,131755565,2.014,0.0,0.0,1.994,1.993,1.992,1.991,1.99,0.0,0.0,0.0,0.0,0.0,1.995,1.996,1.997,1.998,1.999,0.0,0.0,0.0,0.0,0.0,2215000.0,2739600.0,3239900.0,3263200.0,9434000.0,0.0,0.0,0.0,0.0,0.0,1093800.0,2335100.0,1472700.0,257300.0,583200.0,0.0,0.0,0.0,0.0,0.0
2.02308e+16,SZSE,SZSE.ETF.159915,1.997,2.0,2.007,1.99,0.0,2.417,1.611,366351533.0,28600.0,731988689.5,57126.8,0.0,0.0,20230825,20230825,132134521,2.014,0.0,0.0,1.997,1.996,1.995,1.994,1.993,0.0,0.0,0.0,0.0,0.0,1.998,1.999,2.0,2.001,2.002,0.0,0.0,0.0,0.0,0.0,160400.0,1892300.0,2590900.0,1400000.0,1831400.0,0.0,0.0,0.0,0.0,0.0,2373400.0,2908100.0,1184300.0,481400.0,1577300.0,0.0,0.0,0.0,0.0,0.0
2.02308e+16,SZSE,SZSE.ETF.159915,1.998,2.0,2.007,1.99,0.0,2.417,1.611,366430833.0,79300.0,732147130.8,158441.3,0.0,0.0,20230825,20230825,132137528,2.014,0.0,0.0,1.997,1.996,1.995,1.994,1.993,0.0,0.0,0.0,0.0,0.0,1.998,1.999,2.0,2.001,2.002,0.0,0.0,0.0,0.0,0.0,160300.0,1892300.0,2590900.0,1000000.0,1831400.0,0.0,0.0,0.0,0.0,0.0,2889100.0,2313200.0,1191300.0,556400.0,1577300.0,0.0,0.0,0.0,0.0,0.0
2.02308e+16,SZSE,SZSE.ETF.159915,1.992,2.0,2.007,1.99,0.0,2.417,1.611,376755233.0,13100.0,752733155.6,26094.2,0.0,0.0,20230825,20230825,132843460,2.014,0.0,0.0,1.991,1.99,1.989,1.988,1.987,0.0,0.0,0.0,0.0,0.0,1.992,1.993,1.994,1.995,1.996,0.0,0.0,0.0,0.0,0.0,5332600.0,11296900.0,3072700.0,3857400.0,1180900.0,0.0,0.0,0.0,0.0,0.0,43000.0,4900.0,7295900.0,1891500.0,2268700.0,0.0,0.0,0.0,0.0,0.0
2.02308e+16,SZSE,SZSE.ETF.159915,1.995,2.0,2.007,1.99,0.0,2.417,1.611,364345433.0,67000.0,727984849.0,133665.0,0.0,0.0,20230825,20230825,132028412,2.014,0.0,0.0,1.994,1.993,1.992,1.991,1.99,0.0,0.0,0.0,0.0,0.0,1.995,1.996,1.997,1.998,1.999,0.0,0.0,0.0,0.0,0.0,632600.0,2257000.0,1835800.0,4770800.0,8606500.0,0.0,0.0,0.0,0.0,0.0,100000.0,4070600.0,5384500.0,2641300.0,477100.0,0.0,0.0,0.0,0.0,0.0
2.02308e+16,SZSE,SZSE.ETF.159915,1.996,2.0,2.007,1.99,0.0,2.417,1.611,366199333.0,0.0,731684733.5,0.0,0.0,0.0,20230825,20230825,132119599,2.014,0.0,0.0,1.996,1.995,1.994,1.993,1.992,0.0,0.0,0.0,0.0,0.0,1.997,1.998,1.999,2.0,2.001,0.0,0.0,0.0,0.0,0.0,1167700.0,2187300.0,3291700.0,1692900.0,1215100.0,0.0,0.0,0.0,0.0,0.0,965900.0,2415700.0,2130700.0,1096600.0,133400.0,0.0,0.0,0.0,0.0,0.0
2.02308e+16,SZSE,SZSE.ETF.159915,1.996,2.0,2.007,1.99,0.0,2.417,1.611,359860333.0,19000.0,719040922.0,37914.0,0.0,0.0,20230825,20230825,131810505,2.014,0.0,0.0,1.995,1.994,1.993,1.992,1.991,0.0,0.0,0.0,0.0,0.0,1.996,1.997,1.998,1.999,2.0,0.0,0.0,0.0,0.0,0.0,598300.0,1688300.0,1071600.0,987700.0,4876900.0,0.0,0.0,0.0,0.0,0.0,228400.0,2880400.0,3215100.0,872200.0,364600.0,0.0,0.0,0.0,0.0,0.0
2.02308e+16,SZSE,SZSE.ETF.159915,1.992,2.0,2.007,1.99,0.0,2.417,1.611,383587433.0,100.0,766338003.6,199.2,0.0,0.0,20230825,20230825,133104657,2.014,0.0,0.0,1.991,1.99,1.989,1.988,1.987,0.0,0.0,0.0,0.0,0.0,1.992,1.993,1.994,1.995,1.996,0.0,0.0,0.0,0.0,0.0,3136100.0,11505500.0,2249000.0,5111600.0,1207100.0,0.0,0.0,0.0,0.0,0.0,794500.0,1136300.0,4241800.0,1969400.0,2304800.0,0.0,0.0,0.0,0.0,0.0
2.02308e+16,SZSE,SZSE.ETF.159915,1.992,2.0,2.007,1.99,0.0,2.417,1.611,376755233.0,13100.0,752733155.6,26094.2,0.0,0.0,20230825,20230825,132840503,2.014,0.0,0.0,1.991,1.99,1.989,1.988,1.987,0.0,0.0,0.0,0.0,0.0,1.992,1.993,1.994,1.995,1.996,0.0,0.0,0.0,0.0,0.0,5332600.0,11296900.0,3072700.0,3857400.0,1180900.0,0.0,0.0,0.0,0.0,0.0,43000.0,4900.0,7295900.0,1891500.0,2268700.0,0.0,0.0,0.0,0.0,0.0
2.02308e+16,SZSE,SZSE.ETF.159915,1.996,2.0,2.007,1.99,0.0,2.417,1.611,359863333.0,3000.0,719046910.0,5988.0,0.0,0.0,20230825,20230825,131813480,2.014,0.0,0.0,1.995,1.994,1.993,1.992,1.991,0.0,0.0,0.0,0.0,0.0,1.996,1.997,1.998,1.999,2.0,0.0,0.0,0.0,0.0,0.0,602300.0,938300.0,1146700.0,987700.0,4930500.0,0.0,0.0,0.0,0.0,0.0,225400.0,4390400.0,2335100.0,536500.0,304600.0,0.0,0.0,0.0,0.0,0.0
2.02308e+16,SZSE,SZSE.ETF.159915,1.991,2.0,2.007,1.99,0.0,2.417,1.611,399190333.0,3800.0,797413261.2,7565.8,0.0,0.0,20230825,20230825,134046484,2.014,0.0,0.0,1.99,1.989,1.988,1.987,1.986,0.0,0.0,0.0,0.0,0.0,1.991,1.992,1.993,1.994,1.995,0.0,0.0,0.0,0.0,0.0,10623400.0,3475100.0,2918800.0,1707500.0,3964900.0,0.0,0.0,0.0,0.0,0.0,478200.0,6469500.0,3525100.0,749100.0,1104700.0,0.0,0.0,0.0,0.0,0.0
2.02308e+16,SZSE,SZSE.ETF.159915,1.995,2.0,2.007,1.99,0.0,2.417,1.611,360814033.0,1200.0,720943654.8,2393.0,0.0,0.0,20230825,20230825,131825468,2.014,0.0,0.0,1.994,1.993,1.992,1.991,1.99,0.0,0.0,0.0,0.0,0.0,1.995,1.996,1.997,1.998,1.999,0.0,0.0,0.0,0.0,0.0,22900.0,2106600.0,1238500.0,4088500.0,9356000.0,0.0,0.0,0.0,0.0,0.0,49100.0,5266700.0,4475100.0,1495400.0,175500.0,0.0,0.0,0.0,0.0,0.0
2.02308e+16,SZSE,SZSE.ETF.159915,1.995,2.0,2.007,1.99,0.0,2.417,1.611,361067233.0,100.0,721448779.3,199.5,0.0,0.0,20230825,20230825,131840430,2.014,0.0,0.0,1.995,1.994,1.993,1.992,1.991,0.0,0.0,0.0,0.0,0.0,1.996,1.997,1.998,1.999,2.0,0.0,0.0,0.0,0.0,0.0,600.0,124900.0,2761100.0,941700.0,4992500.0,0.0,0.0,0.0,0.0,0.0,1881500.0,5664700.0,2583100.0,1465500.0,304600.0,0.0,0.0,0.0,0.0,0.0
2.02308e+16,SZSE,SZSE.ETF.159915,1.995,2.0,2.007,1.99,0.0,2.417,1.611,361067233.0,100.0,721448779.3,199.5,0.0,0.0,20230825,20230825,131837505,2.014,0.0,0.0,1.995,1.994,1.993,1.992,1.991,0.0,0.0,0.0,0.0,0.0,1.996,1.997,1.998,1.999,2.0,0.0,0.0,0.0,0.0,0.0,600.0,124900.0,2761100.0,941700.0,4992500.0,0.0,0.0,0.0,0.0,0.0,1881500.0,5664700.0,2583100.0,1465500.0,304600.0,0.0,0.0,0.0,0.0,0.0
2.02308e+16,SZSE,SZSE.ETF.159915,1.996,2.0,2.007,1.99,0.0,2.417,1.611,361067133.0,1000.0,721448579.8,1996.0,0.0,0.0,20230825,20230825,131837465,2.014,0.0,0.0,1.995,1.994,1.993,1.992,1.991,0.0,0.0,0.0,0.0,0.0,1.996,1.997,1.998,1.999,2.0,0.0,0.0,0.0,0.0,0.0,700.0,1743100.0,2468300.0,1588700.0,5090500.0,0.0,0.0,0.0,0.0,0.0,1537400.0,4433500.0,2514100.0,413500.0,304600.0,0.0,0.0,0.0,0.0,0.0
2.02308e+16,SZSE,SZSE.ETF.159915,1.994,2.0,2.007,1.99,0.0,2.417,1.611,361066133.0,220500.0,721446583.8,439887.0,0.0,0.0,20230825,20230825,131834471,2.014,0.0,0.0,1.994,1.993,1.992,1.991,1.99,0.0,0.0,0.0,0.0,0.0,1.996,1.997,1.998,1.999,2.0,0.0,0.0,0.0,0.0,0.0,1937600.0,2417600.0,1639500.0,5031500.0,8356500.0,0.0,0.0,0.0,0.0,0.0,1538400.0,4230000.0,1495400.0,178500.0,304600.0,0.0,0.0,0.0,0.0,0.0
2.02308e+16,SZSE,SZSE.ETF.159915,1.994,2.0,2.007,1.99,0.0,2.417,1.611,361066133.0,220500.0,721446583.8,439887.0,0.0,0.0,20230825,20230825,131831484,2.014,0.0,0.0,1.994,1.993,1.992,1.991,1.99,0.0,0.0,0.0,0.0,0.0,1.996,1.997,1.998,1.999,2.0,0.0,0.0,0.0,0.0,0.0,1937600.0,2417600.0,1639500.0,5031500.0,8356500.0,0.0,0.0,0.0,0.0,0.0,1538400.0,4230000.0,1495400.0,178500.0,304600.0,0.0,0.0,0.0,0.0,0.0
2.02308e+16,SZSE,SZSE.ETF.159915,1.995,2.0,2.007,1.99,0.0,2.417,1.611,358563233.0,100000.0,716454307.2,199500.0,0.0,0.0,20230825,20230825,131716443,2.014,0.0,0.0,1.994,1.993,1.992,1.991,1.99,0.0,0.0,0.0,0.0,0.0,1.995,1.996,1.997,1.998,1.999,0.0,0.0,0.0,0.0,0.0,3800.0,1062000.0,2663000.0,2939200.0,10834600.0,0.0,0.0,0.0,0.0,0.0,2335100.0,5231100.0,1868700.0,524800.0,123200.0,0.0,0.0,0.0,0.0,0.0
2.02308e+16,SZSE,SZSE.ETF.159915,1.997,2.0,2.007,1.99,0.0,2.417,1.611,366310933.0,111600.0,731907598.7,222865.2,0.0,0.0,20230825,20230825,132122611,2.014,0.0,0.0,1.996,1.995,1.994,1.993,1.992,0.0,0.0,0.0,0.0,0.0,1.998,1.999,2.0,2.001,2.002,0.0,0.0,0.0,0.0,0.0,1518000.0,2247300.0,3233600.0,1874900.0,1155100.0,0.0,0.0,0.0,0.0,0.0,2795700.0,2250700.0,1097600.0,134400.0,1576300.0,0.0,0.0,0.0,0.0,0.0
2.02308e+16,SZSE,SZSE.ETF.159915,1.996,2.0,2.007,1.99,0.0,2.417,1.611,366193833.0,1438300.0,731673755.5,2870844.8,0.0,0.0,20230825,20230825,132113700,2.014,0.0,0.0,1.996,1.995,1.994,1.993,1.992,0.0,0.0,0.0,0.0,0.0,1.997,1.998,1.999,2.0,2.001,0.0,0.0,0.0,0.0,0.0,718900.0,2317200.0,2869000.0,2055600.0,1125600.0,0.0,0.0,0.0,0.0,0.0,4047200.0,2115300.0,1474700.0,749600.0,133400.0,0.0,0.0,0.0,0.0,0.0
2.02308e+16,SZSE,SZSE.ETF.159915,1.995,2.0,2.007,1.99,0.0,2.417,1.611,360814033.0,0.0,720943654.8,0.0,0.0,0.0,20230825,20230825,131828429,2.014,0.0,0.0,1.994,1.993,1.992,1.991,1.99,0.0,0.0,0.0,0.0,0.0,1.995,1.996,1.997,1.998,1.999,0.0,0.0,0.0,0.0,0.0,38400.0,2107100.0,1639500.0,4088500.0,8356000.0,0.0,0.0,0.0,0.0,0.0,255900.0,5316700.0,5070000.0,1495400.0,175500.0,0.0,0.0,0.0,0.0,0.0
2.02308e+16,SZSE,SZSE.ETF.159915,1.995,2.0,2.007,1.99,0.0,2.417,1.611,360845633.0,31600.0,721006696.8,63042.0,0.0,0.0,20230825,20230825,131828486,2.014,0.0,0.0,1.994,1.993,1.992,1.991,1.99,0.0,0.0,0.0,0.0,0.0,1.995,1.996,1.997,1.998,1.999,0.0,0.0,0.0,0.0,0.0,1739400.0,2317300.0,1774500.0,5029500.0,8356500.0,0.0,0.0,0.0,0.0,0.0,185200.0,1598400.0,4970000.0,1570400.0,178500.0,0.0,0.0,0.0,0.0,0.0
2.02308e+16,SZSE,SZSE.ETF.159915,1.995,2.0,2.007,1.99,0.0,2.417,1.611,361075133.0,7900.0,721464539.8,15760.5,0.0,0.0,20230825,20230825,131843447,2.014,0.0,0.0,1.994,1.993,1.992,1.991,1.99,0.0,0.0,0.0,0.0,0.0,1.995,1.996,1.997,1.998,1.999,0.0,0.0,0.0,0.0,0.0,127100.0,2501100.0,721200.0,4942500.0,8296500.0,0.0,0.0,0.0,0.0,0.0,2100.0,1944500.0,6304700.0,2583100.0,1465500.0,0.0,0.0,0.0,0.0,0.0
2.02308e+16,SZSE,SZSE.ETF.159915,1.995,2.0,2.007,1.99,0.0,2.417,1.611,359803733.0,0.0,718927958.4,0.0,0.0,0.0,20230825,20230825,131804574,2.014,0.0,0.0,1.995,1.994,1.993,1.992,1.991,0.0,0.0,0.0,0.0,0.0,1.996,1.997,1.998,1.999,2.0,0.0,0.0,0.0,0.0,0.0,2049100.0,2038100.0,1109600.0,2391700.0,3596400.0,0.0,0.0,0.0,0.0,0.0,45000.0,1025500.0,3528000.0,939200.0,764600.0,0.0,0.0,0.0,0.0,0.0
2.02308e+16,SZSE,SZSE.ETF.159915,1.995,2.0,2.007,1.99,0.0,2.417,1.611,360812833.0,33100.0,720941261.8,66034.5,0.0,0.0,20230825,20230825,131822461,2.014,0.0,0.0,1.994,1.993,1.992,1.991,1.99,0.0,0.0,0.0,0.0,0.0,1.995,1.996,1.997,1.998,1.999,0.0,0.0,0.0,0.0,0.0,23900.0,2116600.0,1236500.0,4093500.0,9286100.0,0.0,0.0,0.0,0.0,0.0,49300.0,5141600.0,4875100.0,1426400.0,174500.0,0.0,0.0,0.0,0.0,0.0
2.02308e+16,SZSE,SZSE.ETF.159915,1.994,2.0,2.007,1.99,0.0,2.417,1.611,357998433.0,114400.0,715328325.4,228026.1,0.0,0.0,20230825,20230825,131622605,2.014,0.0,0.0,1.993,1.992,1.991,1.99,1.989,0.0,0.0,0.0,0.0,0.0,1.994,1.995,1.996,1.997,1.998,0.0,0.0,0.0,0.0,0.0,205900.0,2156100.0,2866000.0,8338100.0,2946000.0,0.0,0.0,0.0,0.0,0.0,375100.0,2340100.0,5239600.0,1779700.0,346800.0,0.0,0.0,0.0,0.0,0.0
2.02308e+16,SZSE,SZSE.ETF.159915,1.995,2.0,2.007,1.99,0.0,2.417,1.611,360779733.0,12800.0,720875227.3,25534.0,0.0,0.0,20230825,20230825,131819493,2.014,0.0,0.0,1.994,1.993,1.992,1.991,1.99,0.0,0.0,0.0,0.0,0.0,1.995,1.996,1.997,1.998,1.999,0.0,0.0,0.0,0.0,0.0,21100.0,430200.0,1296500.0,3972500.0,9276700.0,0.0,0.0,0.0,0.0,0.0,310700.0,5221300.0,3823100.0,2495400.0,174500.0,0.0,0.0,0.0,0.0,0.0
2.02308e+16,SZSE,SZSE.ETF.159915,1.996,2.0,2.007,1.99,0.0,2.417,1.611,360766933.0,903600.0,720849693.3,1802783.3,0.0,0.0,20230825,20230825,131816513,2.014,0.0,0.0,1.994,1.993,1.992,1.991,1.99,0.0,0.0,0.0,0.0,0.0,1.995,1.996,1.997,1.998,1.999,0.0,0.0,0.0,0.0,0.0,78300.0,771700.0,1048700.0,3930500.0,9216700.0,0.0,0.0,0.0,0.0,0.0,400000.0,5236100.0,3564500.0,2275100.0,461500.0,0.0,0.0,0.0,0.0,0.0
2.02308e+16,SZSE,SZSE.ETF.159915,1.995,2.0,2.007,1.99,0.0,2.417,1.611,363220033.0,2300.0,725739573.7,4588.5,0.0,0.0,20230825,20230825,131937462,2.014,0.0,0.0,1.994,1.993,1.992,1.991,1.99,0.0,0.0,0.0,0.0,0.0,1.995,1.996,1.997,1.998,1.999,0.0,0.0,0.0,0.0,0.0,1976800.0,2053900.0,1698600.0,5165600.0,8504800.0,0.0,0.0,0.0,0.0,0.0,497900.0,2401500.0,3168000.0,2424400.0,176500.0,0.0,0.0,0.0,0.0,0.0
2.02308e+16,SZSE,SZSE.ETF.159915,1.993,2.0,2.007,1.99,0.0,2.417,1.611,358353533.0,40000.0,716036043.0,79720.0,0.0,0.0,20230825,20230825,131634538,2.014,0.0,0.0,1.993,1.992,1.991,1.99,1.989,0.0,0.0,0.0,0.0,0.0,1.994,1.995,1.996,1.997,1.998,0.0,0.0,0.0,0.0,0.0,4700.0,2478500.0,4272600.0,10040200.0,2995000.0,0.0,0.0,0.0,0.0,0.0,55300.0,2610700.0,4731800.0,1475700.0,234800.0,0.0,0.0,0.0,0.0,0.0
2.02308e+16,SZSE,SZSE.ETF.159915,1.996,2.0,2.007,1.99,0.0,2.417,1.611,359860333.0,19000.0,719040922.0,37914.0,0.0,0.0,20230825,20230825,131807551,2.014,0.0,0.0,1.995,1.994,1.993,1.992,1.991,0.0,0.0,0.0,0.0,0.0,1.996,1.997,1.998,1.999,2.0,0.0,0.0,0.0,0.0,0.0,598300.0,1688300.0,1071600.0,987700.0,4876900.0,0.0,0.0,0.0,0.0,0.0,228400.0,2880400.0,3215100.0,872200.0,364600.0,0.0,0.0,0.0,0.0,0.0
2.02308e+16,SZSE,SZSE.ETF.159915,1.995,2.0,2.007,1.99,0.0,2.417,1.611,358453233.0,3500.0,716234867.2,6982.5,0.0,0.0,20230825,20230825,131707548,2.014,0.0,0.0,1.994,1.993,1.992,1.991,1.99,0.0,0.0,0.0,0.0,0.0,1.995,1.996,1.997,1.998,1.999,0.0,0.0,0.0,0.0,0.0,1649600.0,2067200.0,3005600.0,3023900.0,10737100.0,0.0,0.0,0.0,0.0,0.0,1455000.0,4722300.0,1919500.0,524300.0,123200.0,0.0,0.0,0.0,0.0,0.0
2.02308e+16,SZSE,SZSE.ETF.159915,1.993,2.0,2.007,1.99,0.0,2.417,1.611,358269633.0,8000.0,715868830.3,15944.0,0.0,0.0,20230825,20230825,131628598,2.014,0.0,0.0,1.992,1.991,1.99,1.989,1.988,0.0,0.0,0.0,0.0,0.0,1.993,1.994,1.995,1.996,1.997,0.0,0.0,0.0,0.0,0.0,2111400.0,4322500.0,10065900.0,2917000.0,2042800.0,0.0,0.0,0.0,0.0,0.0,83900.0,55300.0,2708700.0,4740800.0,1475700.0,0.0,0.0,0.0,0.0,0.0
2.02308e+16,SZSE,SZSE.ETF.159915,1.996,2.0,2.007,1.99,0.0,2.417,1.611,359841333.0,37600.0,719003008.0,75049.6,0.0,0.0,20230825,20230825,131807544,2.014,0.0,0.0,1.995,1.994,1.993,1.992,1.991,0.0,0.0,0.0,0.0,0.0,1.996,1.997,1.998,1.999,2.0,0.0,0.0,0.0,0.0,0.0,1999200.0,1977300.0,1191600.0,1990700.0,3926400.0,0.0,0.0,0.0,0.0,0.0,207400.0,1085500.0,3870000.0,872200.0,364600.0,0.0,0.0,0.0,0.0,0.0
2.02308e+16,SZSE,SZSE.ETF.159915,1.994,2.0,2.007,1.99,0.0,2.417,1.611,358736133.0,10000.0,716799019.8,19940.0,0.0,0.0,20230825,20230825,131749459,2.014,0.0,0.0,1.993,1.992,1.991,1.99,1.989,0.0,0.0,0.0,0.0,0.0,1.994,1.995,1.996,1.997,1.998,0.0,0.0,0.0,0.0,0.0,2240200.0,2728400.0,4521700.0,9749400.0,1579500.0,0.0,0.0,0.0,0.0,0.0,896600.0,1476400.0,5095100.0,2536600.0,188300.0,0.0,0.0,0.0,0.0,0.0
2.02308e+16,SZSE,SZSE.ETF.159915,1.994,2.0,2.007,1.99,0.0,2.417,1.611,358726133.0,12900.0,716779079.8,25722.6,0.0,0.0,20230825,20230825,131746395,2.014,0.0,0.0,1.993,1.992,1.991,1.99,1.989,0.0,0.0,0.0,0.0,0.0,1.994,1.995,1.996,1.997,1.998,0.0,0.0,0.0,0.0,0.0,1590200.0,2678300.0,4536700.0,9808400.0,1569500.0,0.0,0.0,0.0,0.0,0.0,906600.0,1476400.0,6050000.0,1956700.0,188300.0,0.0,0.0,0.0,0.0,0.0
2.02308e+16,SZSE,SZSE.ETF.159915,1.994,2.0,2.007,1.99,0.0,2.417,1.611,358726133.0,12900.0,716779079.8,25722.6,0.0,0.0,20230825,20230825,131743440,2.014,0.0,0.0,1.993,1.992,1.991,1.99,1.989,0.0,0.0,0.0,0.0,0.0,1.994,1.995,1.996,1.997,1.998,0.0,0.0,0.0,0.0,0.0,1590200.0,2678300.0,4536700.0,9808400.0,1569500.0,0.0,0.0,0.0,0.0,0.0,906600.0,1476400.0,6050000.0,1956700.0,188300.0,0.0,0.0,0.0,0.0,0.0
2.02308e+16,SZSE,SZSE.ETF.159915,1.993,2.0,2.007,1.99,0.0,2.417,1.611,358713233.0,22000.0,716753357.2,43848.0,0.0,0.0,20230825,20230825,131743386,2.014,0.0,0.0,1.993,1.992,1.991,1.99,1.989,0.0,0.0,0.0,0.0,0.0,1.994,1.995,1.996,1.997,1.998,0.0,0.0,0.0,0.0,0.0,1556800.0,2678600.0,3456700.0,10812400.0,1569500.0,0.0,0.0,0.0,0.0,0.0,969400.0,1476400.0,6050000.0,1881700.0,188300.0,0.0,0.0,0.0,0.0,0.0
2.02308e+16,SZSE,SZSE.ETF.159915,1.994,2.0,2.007,1.99,0.0,2.417,1.611,358691233.0,1000.0,716709509.2,1994.0,0.0,0.0,20230825,20230825,131740425,2.014,0.0,0.0,1.993,1.992,1.991,1.99,1.989,0.0,0.0,0.0,0.0,0.0,1.994,1.995,1.996,1.997,1.998,0.0,0.0,0.0,0.0,0.0,1366800.0,2617100.0,3516700.0,10812400.0,1499500.0,0.0,0.0,0.0,0.0,0.0,971400.0,1546400.0,5990000.0,1812700.0,188300.0,0.0,0.0,0.0,0.0,0.0
2.02308e+16,SZSE,SZSE.ETF.159915,1.994,2.0,2.007,1.99,0.0,2.417,1.611,358690233.0,10000.0,716707515.2,19940.0,0.0,0.0,20230825,20230825,131737435,2.014,0.0,0.0,1.993,1.992,1.991,1.99,1.989,0.0,0.0,0.0,0.0,0.0,1.994,1.995,1.996,1.997,1.998,0.0,0.0,0.0,0.0,0.0,1355800.0,2617100.0,3416700.0,10766300.0,1569500.0,0.0,0.0,0.0,0.0,0.0,972400.0,1546400.0,5990000.0,1881700.0,188300.0,0.0,0.0,0.0,0.0,0.0
2.02308e+16,SZSE,SZSE.ETF.159915,1.994,2.0,2.007,1.99,0.0,2.417,1.611,358690233.0,10000.0,716707515.2,19940.0,0.0,0.0,20230825,20230825,131734480,2.014,0.0,0.0,1.993,1.992,1.991,1.99,1.989,0.0,0.0,0.0,0.0,0.0,1.994,1.995,1.996,1.997,1.998,0.0,0.0,0.0,0.0,0.0,1355800.0,2617100.0,3416700.0,10766300.0,1569500.0,0.0,0.0,0.0,0.0,0.0,972400.0,1546400.0,5990000.0,1881700.0,188300.0,0.0,0.0,0.0,0.0,0.0
2.02308e+16,SZSE,SZSE.ETF.159915,1.994,2.0,2.007,1.99,0.0,2.417,1.611,358680233.0,50000.0,716687575.2,99700.0,0.0,0.0,20230825,20230825,131734435,2.014,0.0,0.0,1.993,1.992,1.991,1.99,1.989,0.0,0.0,0.0,0.0,0.0,1.994,1.995,1.996,1.997,1.998,0.0,0.0,0.0,0.0,0.0,315800.0,2714100.0,3086700.0,9766700.0,1569500.0,0.0,0.0,0.0,0.0,0.0,982400.0,3541300.0,5395100.0,1956700.0,188300.0,0.0,0.0,0.0,0.0,0.0
2.02308e+16,SZSE,SZSE.ETF.159915,1.993,2.0,2.007,1.99,0.0,2.417,1.611,358630233.0,30000.0,716587875.2,59790.0,0.0,0.0,20230825,20230825,131731395,2.014,0.0,0.0,1.993,1.992,1.991,1.99,1.989,0.0,0.0,0.0,0.0,0.0,1.994,1.995,1.996,1.997,1.998,0.0,0.0,0.0,0.0,0.0,287300.0,2504100.0,3011700.0,9786700.0,2499500.0,0.0,0.0,0.0,0.0,0.0,1032400.0,3741300.0,5864100.0,1762700.0,188300.0,0.0,0.0,0.0,0.0,0.0
2.02308e+16,SZSE,SZSE.ETF.159915,1.994,2.0,2.007,1.99,0.0,2.417,1.611,358600233.0,30300.0,716528085.2,60418.2,0.0,0.0,20230825,20230825,131728397,2.014,0.0,0.0,1.993,1.992,1.991,1.99,1.989,0.0,0.0,0.0,0.0,0.0,1.994,1.995,1.996,1.997,1.998,0.0,0.0,0.0,0.0,0.0,320600.0,2504100.0,3008200.0,9786200.0,2569500.0,0.0,0.0,0.0,0.0,0.0,1028500.0,3741300.0,5795100.0,1831700.0,188300.0,0.0,0.0,0.0,0.0,0.0
2.02308e+16,SZSE,SZSE.ETF.159915,1.994,2.0,2.007,1.99,0.0,2.417,1.611,358569933.0,0.0,716467667.0,0.0,0.0,0.0,20230825,20230825,131725405,2.014,0.0,0.0,1.993,1.992,1.991,1.99,1.989,0.0,0.0,0.0,0.0,0.0,1.994,1.995,1.996,1.997,1.998,0.0,0.0,0.0,0.0,0.0,310600.0,2503000.0,3008200.0,9778600.0,2569500.0,0.0,0.0,0.0,0.0,0.0,1053800.0,3675100.0,5795100.0,1831700.0,188300.0,0.0,0.0,0.0,0.0,0.0
2.02308e+16,SZSE,SZSE.ETF.159915,1.994,2.0,2.007,1.99,0.0,2.417,1.611,358569933.0,500.0,716467667.0,997.0,0.0,0.0,20230825,20230825,131722469,2.014,0.0,0.0,1.993,1.992,1.991,1.99,1.989,0.0,0.0,0.0,0.0,0.0,1.994,1.995,1.996,1.997,1.998,0.0,0.0,0.0,0.0,0.0,189000.0,2503000.0,2999200.0,9778600.0,2499500.0,0.0,0.0,0.0,0.0,0.0,1050800.0,3475100.0,5743100.0,1762700.0,188300.0,0.0,0.0,0.0,0.0,0.0
2.02308e+16,SZSE,SZSE.ETF.159915,1.994,2.0,2.007,1.99,0.0,2.417,1.611,358569933.0,0.0,716467667.0,0.0,0.0,0.0,20230825,20230825,131722450,2.014,0.0,0.0,1.993,1.992,1.991,1.99,1.989,0.0,0.0,0.0,0.0,0.0,1.994,1.995,1.996,1.997,1.998,0.0,0.0,0.0,0.0,0.0,310600.0,2503000.0,3008200.0,9778600.0,2569500.0,0.0,0.0,0.0,0.0,0.0,1053800.0,3675100.0,5795100.0,1831700.0,188300.0,0.0,0.0,0.0,0.0,0.0
2.02308e+16,SZSE,SZSE.ETF.159915,1.994,2.0,2.007,1.99,0.0,2.417,1.611,358569433.0,6200.0,716466670.0,12362.8,0.0,0.0,20230825,20230825,131719473,2.014,0.0,0.0,1.993,1.992,1.991,1.99,1.989,0.0,0.0,0.0,0.0,0.0,1.994,1.995,1.996,1.997,1.998,0.0,0.0,0.0,0.0,0.0,1112200.0,3005600.0,2641400.0,9738600.0,2435500.0,0.0,0.0,0.0,0.0,0.0,1000000.0,2279900.0,5704500.0,1850500.0,525300.0,0.0,0.0,0.0,0.0,0.0
2.02308e+16,SZSE,SZSE.ETF.159915,1.995,2.0,2.007,1.99,0.0,2.417,1.611,359803733.0,7800.0,718927958.4,15562.0,0.0,0.0,20230825,20230825,131801603,2.014,0.0,0.0,1.995,1.994,1.993,1.992,1.991,0.0,0.0,0.0,0.0,0.0,1.996,1.997,1.998,1.999,2.0,0.0,0.0,0.0,0.0,0.0,2145900.0,2120100.0,1501200.0,1271700.0,3586400.0,0.0,0.0,0.0,0.0,0.0,899300.0,3081200.0,1002100.0,818200.0,704600.0,0.0,0.0,0.0,0.0,0.0
2.02308e+16,SZSE,SZSE.ETF.159915,1.995,2.0,2.007,1.99,0.0,2.417,1.611,363719933.0,499900.0,726736872.2,997298.5,0.0,0.0,20230825,20230825,131937572,2.014,0.0,0.0,1.995,1.994,1.993,1.992,1.991,0.0,0.0,0.0,0.0,0.0,1.996,1.997,1.998,1.999,2.0,0.0,0.0,0.0,0.0,0.0,802100.0,1984800.0,2054900.0,2636600.0,4164600.0,0.0,0.0,0.0,0.0,0.0,2401500.0,4100000.0,2093600.0,576500.0,347600.0,0.0,0.0,0.0,0.0,0.0
2.02308e+16,SZSE,SZSE.ETF.159915,1.995,2.0,2.007,1.99,0.0,2.417,1.611,361089433.0,3700.0,721493076.1,7381.4,0.0,0.0,20230825,20230825,131846518,2.014,0.0,0.0,1.994,1.993,1.992,1.991,1.99,0.0,0.0,0.0,0.0,0.0,1.995,1.996,1.997,1.998,1.999,0.0,0.0,0.0,0.0,0.0,85900.0,2286000.0,1019000.0,4047500.0,9356500.0,0.0,0.0,0.0,0.0,0.0,23400.0,3003700.0,5977400.0,2495400.0,1178500.0,0.0,0.0,0.0,0.0,0.0
2.02308e+16,SZSE,SZSE.ETF.159915,1.995,2.0,2.007,1.99,0.0,2.417,1.611,358424233.0,6400.0,716177012.2,12762.6,0.0,0.0,20230825,20230825,131701604,2.014,0.0,0.0,1.994,1.993,1.992,1.991,1.99,0.0,0.0,0.0,0.0,0.0,1.995,1.996,1.997,1.998,1.999,0.0,0.0,0.0,0.0,0.0,1644700.0,2056700.0,2932700.0,3092600.0,10681600.0,0.0,0.0,0.0,0.0,0.0,1533000.0,4662300.0,1859500.0,522300.0,183200.0,0.0,0.0,0.0,0.0,0.0
2.02308e+16,SZSE,SZSE.ETF.159915,1.993,2.0,2.007,1.99,0.0,2.417,1.611,361733633.0,12300.0,722777146.8,24513.9,0.0,0.0,20230825,20230825,131922491,2.014,0.0,0.0,1.992,1.991,1.99,1.989,1.988,0.0,0.0,0.0,0.0,0.0,1.993,1.994,1.995,1.996,1.997,0.0,0.0,0.0,0.0,0.0,2744400.0,4941100.0,11293700.0,1619100.0,2099700.0,0.0,0.0,0.0,0.0,0.0,1393700.0,62500.0,4965100.0,4396000.0,1530300.0,0.0,0.0,0.0,0.0,0.0
2.02308e+16,SZSE,SZSE.ETF.159915,1.994,2.0,2.007,1.99,0.0,2.417,1.611,358463233.0,10000.0,716254807.2,19940.0,0.0,0.0,20230825,20230825,131713455,2.014,0.0,0.0,1.993,1.992,1.991,1.99,1.989,0.0,0.0,0.0,0.0,0.0,1.995,1.996,1.997,1.998,1.999,0.0,0.0,0.0,0.0,0.0,1667200.0,3005600.0,2638900.0,10737100.0,1505500.0,0.0,0.0,0.0,0.0,0.0,1785000.0,5235500.0,1919500.0,524800.0,123200.0,0.0,0.0,0.0,0.0,0.0
2.02308e+16,SZSE,SZSE.ETF.159915,1.994,2.0,2.007,1.99,0.0,2.417,1.611,358367133.0,8600.0,716063163.1,17150.1,0.0,0.0,20230825,20230825,131643519,2.014,0.0,0.0,1.993,1.992,1.991,1.99,1.989,0.0,0.0,0.0,0.0,0.0,1.995,1.996,1.997,1.998,1.999,0.0,0.0,0.0,0.0,0.0,1841900.0,2643100.0,4712900.0,10812300.0,1903000.0,0.0,0.0,0.0,0.0,0.0,596300.0,6493500.0,1762700.0,234800.0,123200.0,0.0,0.0,0.0,0.0,0.0
2.02308e+16,SZSE,SZSE.ETF.159915,1.995,2.0,2.007,1.99,0.0,2.417,1.611,358417833.0,0.0,716164249.6,0.0,0.0,0.0,20230825,20230825,131701522,2.014,0.0,0.0,1.994,1.993,1.992,1.991,1.99,0.0,0.0,0.0,0.0,0.0,1.995,1.996,1.997,1.998,1.999,0.0,0.0,0.0,0.0,0.0,1050100.0,1996100.0,2665100.0,3589900.0,10808800.0,0.0,0.0,0.0,0.0,0.0,689900.0,5817200.0,1868700.0,596800.0,123200.0,0.0,0.0,0.0,0.0,0.0
2.02308e+16,SZSE,SZSE.ETF.159915,1.995,2.0,2.007,1.99,0.0,2.417,1.611,358417833.0,23600.0,716164249.6,47062.0,0.0,0.0,20230825,20230825,131658472,2.014,0.0,0.0,1.993,1.992,1.991,1.99,1.989,0.0,0.0,0.0,0.0,0.0,1.995,1.996,1.997,1.998,1.999,0.0,0.0,0.0,0.0,0.0,1884200.0,2664100.0,3609900.0,10868300.0,1453000.0,0.0,0.0,0.0,0.0,0.0,639900.0,6217200.0,1799700.0,521800.0,123200.0,0.0,0.0,0.0,0.0,0.0
2.02308e+16,SZSE,SZSE.ETF.159915,1.995,2.0,2.007,1.99,0.0,2.417,1.611,358417833.0,23600.0,716164249.6,47062.0,0.0,0.0,20230825,20230825,131655526,2.014,0.0,0.0,1.993,1.992,1.991,1.99,1.989,0.0,0.0,0.0,0.0,0.0,1.995,1.996,1.997,1.998,1.999,0.0,0.0,0.0,0.0,0.0,1884200.0,2664100.0,3609900.0,10868300.0,1453000.0,0.0,0.0,0.0,0.0,0.0,639900.0,6217200.0,1799700.0,521800.0,123200.0,0.0,0.0,0.0,0.0,0.0
2.02308e+16,SZSE,SZSE.ETF.159915,1.994,2.0,2.007,1.99,0.0,2.417,1.611,358394233.0,10100.0,716117187.6,20139.5,0.0,0.0,20230825,20230825,131655485,2.014,0.0,0.0,1.993,1.992,1.991,1.99,1.989,0.0,0.0,0.0,0.0,0.0,1.995,1.996,1.997,1.998,1.999,0.0,0.0,0.0,0.0,0.0,2079200.0,2644100.0,3614300.0,10859300.0,1453000.0,0.0,0.0,0.0,0.0,0.0,602400.0,6117200.0,1799700.0,521800.0,123200.0,0.0,0.0,0.0,0.0,0.0
2.02308e+16,SZSE,SZSE.ETF.159915,1.995,2.0,2.007,1.99,0.0,2.417,1.611,358384133.0,2000.0,716097048.1,3990.0,0.0,0.0,20230825,20230825,131652492,2.014,0.0,0.0,1.993,1.992,1.991,1.99,1.989,0.0,0.0,0.0,0.0,0.0,1.995,1.996,1.997,1.998,1.999,0.0,0.0,0.0,0.0,0.0,1876200.0,2642100.0,4201300.0,10799300.0,1523000.0,0.0,0.0,0.0,0.0,0.0,602500.0,5522300.0,2463600.0,521800.0,123200.0,0.0,0.0,0.0,0.0,0.0
2.02308e+16,SZSE,SZSE.ETF.159915,1.995,2.0,2.007,1.99,0.0,2.417,1.611,358453233.0,3500.0,716234867.2,6982.5,0.0,0.0,20230825,20230825,131710503,2.014,0.0,0.0,1.994,1.993,1.992,1.991,1.99,0.0,0.0,0.0,0.0,0.0,1.995,1.996,1.997,1.998,1.999,0.0,0.0,0.0,0.0,0.0,1649600.0,2067200.0,3005600.0,3023900.0,10737100.0,0.0,0.0,0.0,0.0,0.0,1455000.0,4722300.0,1919500.0,524300.0,123200.0,0.0,0.0,0.0,0.0,0.0
2.02308e+16,SZSE,SZSE.ETF.159915,1.993,2.0,2.007,1.99,0.0,2.417,1.611,358353533.0,40000.0,716036043.0,79720.0,0.0,0.0,20230825,20230825,131631583,2.014,0.0,0.0,1.993,1.992,1.991,1.99,1.989,0.0,0.0,0.0,0.0,0.0,1.994,1.995,1.996,1.997,1.998,0.0,0.0,0.0,0.0,0.0,4700.0,2478500.0,4272600.0,10040200.0,2995000.0,0.0,0.0,0.0,0.0,0.0,55300.0,2610700.0,4731800.0,1475700.0,234800.0,0.0,0.0,0.0,0.0,0.0
2.02308e+16,SZSE,SZSE.ETF.159915,1.995,2.0,2.007,1.99,0.0,2.417,1.611,361089733.0,0.0,721493674.6,0.0,0.0,0.0,20230825,20230825,131855535,2.014,0.0,0.0,1.994,1.993,1.992,1.991,1.99,0.0,0.0,0.0,0.0,0.0,1.995,1.996,1.997,1.998,1.999,0.0,0.0,0.0,0.0,0.0,88800.0,2160700.0,1059000.0,4106100.0,9358000.0,0.0,0.0,0.0,0.0,0.0,237700.0,3369700.0,6103400.0,2501400.0,1178500.0,0.0,0.0,0.0,0.0,0.0
2.02308e+16,SZSE,SZSE.ETF.159915,1.994,2.0,2.007,1.99,0.0,2.417,1.611,358367133.0,8600.0,716063163.1,17150.1,0.0,0.0,20230825,20230825,131646473,2.014,0.0,0.0,1.993,1.992,1.991,1.99,1.989,0.0,0.0,0.0,0.0,0.0,1.995,1.996,1.997,1.998,1.999,0.0,0.0,0.0,0.0,0.0,1841900.0,2643100.0,4712900.0,10812300.0,1903000.0,0.0,0.0,0.0,0.0,0.0,596300.0,6493500.0,1762700.0,234800.0,123200.0,0.0,0.0,0.0,0.0,0.0
2.02308e+16,SZSE,SZSE.ETF.159915,1.993,2.0,2.007,1.99,0.0,2.417,1.611,358313533.0,43900.0,715956323.0,87492.7,0.0,0.0,20230825,20230825,131628610,2.014,0.0,0.0,1.992,1.991,1.99,1.989,1.988,0.0,0.0,0.0,0.0,0.0,1.993,1.994,1.995,1.996,1.997,0.0,0.0,0.0,0.0,0.0,2121400.0,4322500.0,10074900.0,2994000.0,2052800.0,0.0,0.0,0.0,0.0,0.0,40000.0,155300.0,2730700.0,4680800.0,1475700.0,0.0,0.0,0.0,0.0,0.0
2.02308e+16,SZSE,SZSE.ETF.159915,1.993,2.0,2.007,1.99,0.0,2.417,1.611,395207633.0,9900.0,789481883.6,19730.7,0.0,0.0,20230825,20230825,133740373,2.014,0.0,0.0,1.992,1.991,1.99,1.989,1.988,0.0,0.0,0.0,0.0,0.0,1.993,1.994,1.995,1.996,1.997,0.0,0.0,0.0,0.0,0.0,435400.0,3574700.0,12236900.0,5287300.0,3490400.0,0.0,0.0,0.0,0.0,0.0,33600.0,5093200.0,3154000.0,3283500.0,434400.0,0.0,0.0,0.0,0.0,0.0
2.02308e+16,SZSE,SZSE.ETF.159915,1.995,2.0,2.007,1.99,0.0,2.417,1.611,364278433.0,0.0,727851184.0,0.0,0.0,0.0,20230825,20230825,132025414,2.014,0.0,0.0,1.995,1.994,1.993,1.992,1.991,0.0,0.0,0.0,0.0,0.0,1.996,1.997,1.998,1.999,2.0,0.0,0.0,0.0,0.0,0.0,60500.0,573400.0,2517000.0,1830800.0,4710800.0,0.0,0.0,0.0,0.0,0.0,1412300.0,5122800.0,2641300.0,477100.0,347600.0,0.0,0.0,0.0,0.0,0.0
