time,exchg,code,price,open,high,low,settle_price,upper_limit,lower_limit,total_volume,volume,total_turnover,turnover,open_interest,diff_interest,trading_date,action_date,action_time,pre_close,pre_settle,pre_interest,bid_price_0,bid_price_1,bid_price_2,bid_price_3,bid_price_4,bid_price_5,bid_price_6,bid_price_7,bid_price_8,bid_price_9,ask_price_0,ask_price_1,ask_price_2,ask_price_3,ask_price_4,ask_price_5,ask_price_6,ask_price_7,ask_price_8,ask_price_9,bid_qty_0,bid_qty_1,bid_qty_2,bid_qty_3,bid_qty_4,bid_qty_5,bid_qty_6,bid_qty_7,bid_qty_8,bid_qty_9,ask_qty_0,ask_qty_1,ask_qty_2,ask_qty_3,ask_qty_4,ask_qty_5,ask_qty_6,ask_qty_7,ask_qty_8,ask_qty_9
2.02308e+16,SZSE,SZSE.ETF.159922,5.865,5.85,5.868,5.824,0.0,6.459,5.285,23649100.0,4000.0,138278357.7,23460.0,0.0,0.0,20230825,20230825,95735268,5.872,0.0,0.0,5.865,5.864,5.863,5.862,5.861,0.0,0.0,0.0,0.0,0.0,5.866,5.867,5.868,5.869,5.87,0.0,0.0,0.0,0.0,0.0,46000.0,133900.0,309900.0,745000.0,155900.0,0.0,0.0,0.0,0.0,0.0,36700.0,623300.0,1100700.0,294800.0,197400.0,0.0,0.0,0.0,0.0,0.0
2.02308e+16,SZSE,SZSE.ETF.159922,5.813,5.85,5.877,5.809,0.0,6.459,5.285,61402858.0,100.0,359006186.1,581.3,0.0,0.0,20230825,20230825,133758461,5.872,0.0,0.0,5.812,5.811,5.81,5.809,5.808,0.0,0.0,0.0,0.0,0.0,5.813,5.814,5.815,5.816,5.817,0.0,0.0,0.0,0.0,0.0,240000.0,474900.0,200300.0,118200.0,930200.0,0.0,0.0,0.0,0.0,0.0,64400.0,15000.0,339900.0,160400.0,461400.0,0.0,0.0,0.0,0.0,0.0
2.02308e+16,SZSE,SZSE.ETF.159922,5.815,5.85,5.877,5.809,0.0,6.459,5.285,61262058.0,80300.0,358187715.7,466944.5,0.0,0.0,20230825,20230825,133740373,5.872,0.0,0.0,5.813,5.812,5.811,5.81,5.809,0.0,0.0,0.0,0.0,0.0,5.815,5.816,5.817,5.818,5.819,0.0,0.0,0.0,0.0,0.0,35100.0,286100.0,519900.0,205300.0,92000.0,0.0,0.0,0.0,0.0,0.0,41600.0,380000.0,595000.0,300300.0,514900.0,0.0,0.0,0.0,0.0,0.0
2.02308e+16,SZSE,SZSE.ETF.159922,5.811,5.85,5.877,5.809,0.0,6.459,5.285,61620658.0,100.0,360272368.8,581.1,0.0,0.0,20230825,20230825,133907546,5.872,0.0,0.0,5.81,5.809,5.808,5.807,5.806,0.0,0.0,0.0,0.0,0.0,5.811,5.812,5.813,5.814,5.815,0.0,0.0,0.0,0.0,0.0,5300.0,207000.0,40200.0,527100.0,170500.0,0.0,0.0,0.0,0.0,0.0,19800.0,359100.0,491100.0,414200.0,294900.0,0.0,0.0,0.0,0.0,0.0
2.02308e+16,SZSE,SZSE.ETF.159922,5.807,5.85,5.877,5.807,0.0,6.459,5.285,61709758.0,52600.0,360789806.5,305448.2,0.0,0.0,20230825,20230825,134019538,5.872,0.0,0.0,5.807,5.806,5.805,5.804,5.803,0.0,0.0,0.0,0.0,0.0,5.809,5.81,5.811,5.812,5.813,0.0,0.0,0.0,0.0,0.0,62200.0,281100.0,430700.0,80000.0,42000.0,0.0,0.0,0.0,0.0,0.0,88400.0,314000.0,344800.0,491100.0,91000.0,0.0,0.0,0.0,0.0,0.0
2.02308e+16,SZSE,SZSE.ETF.159922,5.813,5.85,5.877,5.809,0.0,6.459,5.285,61570858.0,3500.0,359982970.2,20345.5,0.0,0.0,20230825,20230825,133846404,5.872,0.0,0.0,5.812,5.811,5.81,5.809,5.808,0.0,0.0,0.0,0.0,0.0,5.813,5.814,5.815,5.816,5.817,0.0,0.0,0.0,0.0,0.0,15000.0,4900.0,255300.0,528800.0,280200.0,0.0,0.0,0.0,0.0,0.0,82800.0,59900.0,609900.0,505400.0,314900.0,0.0,0.0,0.0,0.0,0.0
2.02308e+16,SZSE,SZSE.ETF.159922,5.813,5.85,5.877,5.809,0.0,6.459,5.285,61402158.0,19900.0,359002117.0,115678.7,0.0,0.0,20230825,20230825,133752420,5.872,0.0,0.0,5.812,5.811,5.81,5.809,5.808,0.0,0.0,0.0,0.0,0.0,5.813,5.814,5.815,5.816,5.817,0.0,0.0,0.0,0.0,0.0,280000.0,494900.0,136500.0,42000.0,1005200.0,0.0,0.0,0.0,0.0,0.0,65100.0,15000.0,339900.0,410600.0,371200.0,0.0,0.0,0.0,0.0,0.0
2.02308e+16,SZSE,SZSE.ETF.159922,5.81,5.85,5.877,5.807,0.0,6.459,5.285,61709958.0,0.0,360790968.5,0.0,0.0,0.0,20230825,20230825,134034476,5.872,0.0,0.0,5.807,5.806,5.805,5.804,5.803,0.0,0.0,0.0,0.0,0.0,5.808,5.809,5.81,5.811,5.812,0.0,0.0,0.0,0.0,0.0,60000.0,66000.0,81100.0,624700.0,137000.0,0.0,0.0,0.0,0.0,0.0,173200.0,579800.0,475200.0,544900.0,220000.0,0.0,0.0,0.0,0.0,0.0
2.02308e+16,SZSE,SZSE.ETF.159922,5.807,5.85,5.877,5.807,0.0,6.459,5.285,61657058.0,0.0,360483777.6,0.0,0.0,0.0,20230825,20230825,134010596,5.872,0.0,0.0,5.806,5.805,5.804,5.803,5.802,0.0,0.0,0.0,0.0,0.0,5.807,5.808,5.809,5.81,5.811,0.0,0.0,0.0,0.0,0.0,10500.0,172100.0,250100.0,298200.0,278100.0,0.0,0.0,0.0,0.0,0.0,52700.0,374000.0,463200.0,296200.0,369900.0,0.0,0.0,0.0,0.0,0.0
2.02308e+16,SZSE,SZSE.ETF.159922,5.813,5.85,5.877,5.809,0.0,6.459,5.285,61570858.0,0.0,359982970.2,0.0,0.0,0.0,20230825,20230825,133849476,5.872,0.0,0.0,5.811,5.81,5.809,5.808,5.807,0.0,0.0,0.0,0.0,0.0,5.814,5.815,5.816,5.817,5.818,0.0,0.0,0.0,0.0,0.0,4900.0,545900.0,102000.0,291400.0,640300.0,0.0,0.0,0.0,0.0,0.0,197700.0,456100.0,484200.0,349900.0,180000.0,0.0,0.0,0.0,0.0,0.0
2.02308e+16,SZSE,SZSE.ETF.159922,5.815,5.85,5.877,5.809,0.0,6.459,5.285,60666958.0,0.0,354728172.0,0.0,0.0,0.0,20230825,20230825,133722458,5.872,0.0,0.0,5.813,5.812,5.811,5.81,5.809,0.0,0.0,0.0,0.0,0.0,5.816,5.817,5.818,5.819,5.82,0.0,0.0,0.0,0.0,0.0,25200.0,479900.0,284900.0,280300.0,62000.0,0.0,0.0,0.0,0.0,0.0,329900.0,470000.0,304200.0,371000.0,215000.0,0.0,0.0,0.0,0.0,0.0
2.02308e+16,SZSE,SZSE.ETF.159922,5.81,5.85,5.877,5.807,0.0,6.459,5.285,61709958.0,0.0,360790968.5,0.0,0.0,0.0,20230825,20230825,134043475,5.872,0.0,0.0,5.807,5.806,5.805,5.804,5.803,0.0,0.0,0.0,0.0,0.0,5.809,5.81,5.811,5.812,5.813,0.0,0.0,0.0,0.0,0.0,70000.0,66000.0,41100.0,528500.0,193200.0,0.0,0.0,0.0,0.0,0.0,443200.0,675200.0,80000.0,454900.0,95000.0,0.0,0.0,0.0,0.0,0.0
2.02308e+16,SZSE,SZSE.ETF.159922,5.807,5.85,5.877,5.807,0.0,6.459,5.285,61709758.0,0.0,360789806.5,0.0,0.0,0.0,20230825,20230825,134025466,5.872,0.0,0.0,5.809,5.808,5.807,5.806,5.805,0.0,0.0,0.0,0.0,0.0,5.81,5.811,5.812,5.813,5.814,0.0,0.0,0.0,0.0,0.0,200.0,40000.0,60000.0,256100.0,339500.0,0.0,0.0,0.0,0.0,0.0,502400.0,466000.0,230000.0,314900.0,335000.0,0.0,0.0,0.0,0.0,0.0
2.02308e+16,SZSE,SZSE.ETF.159922,5.813,5.85,5.877,5.809,0.0,6.459,5.285,61467258.0,0.0,359380543.3,0.0,0.0,0.0,20230825,20230825,133807499,5.872,0.0,0.0,5.813,5.812,5.811,5.81,5.809,0.0,0.0,0.0,0.0,0.0,5.815,5.816,5.817,5.818,5.819,0.0,0.0,0.0,0.0,0.0,376000.0,640600.0,421100.0,185300.0,767000.0,0.0,0.0,0.0,0.0,0.0,50000.0,381400.0,90000.0,535300.0,294900.0,0.0,0.0,0.0,0.0,0.0
2.02308e+16,SZSE,SZSE.ETF.159922,5.813,5.85,5.877,5.809,0.0,6.459,5.285,61148358.0,182500.0,357526550.2,1060872.5,0.0,0.0,20230825,20230825,133731407,5.872,0.0,0.0,5.813,5.812,5.811,5.81,5.809,0.0,0.0,0.0,0.0,0.0,5.815,5.816,5.817,5.818,5.819,0.0,0.0,0.0,0.0,0.0,115200.0,270000.0,519900.0,225300.0,678200.0,0.0,0.0,0.0,0.0,0.0,70100.0,286100.0,344900.0,284200.0,585900.0,0.0,0.0,0.0,0.0,0.0
2.02308e+16,SZSE,SZSE.ETF.159922,5.807,5.85,5.877,5.807,0.0,6.459,5.285,61657058.0,0.0,360483777.6,0.0,0.0,0.0,20230825,20230825,134013519,5.872,0.0,0.0,5.806,5.805,5.804,5.803,5.802,0.0,0.0,0.0,0.0,0.0,5.807,5.808,5.809,5.81,5.811,0.0,0.0,0.0,0.0,0.0,141600.0,1100.0,430000.0,62000.0,344400.0,0.0,0.0,0.0,0.0,0.0,52700.0,230000.0,176000.0,587600.0,175000.0,0.0,0.0,0.0,0.0,0.0
2.02308e+16,SZSE,SZSE.ETF.159922,5.808,5.85,5.877,5.808,0.0,6.459,5.285,61637558.0,0.0,360370537.0,0.0,0.0,0.0,20230825,20230825,133919532,5.872,0.0,0.0,5.808,5.807,5.806,5.805,5.804,0.0,0.0,0.0,0.0,0.0,5.811,5.812,5.813,5.814,5.815,0.0,0.0,0.0,0.0,0.0,230100.0,355300.0,286700.0,690900.0,389000.0,0.0,0.0,0.0,0.0,0.0,15000.0,367400.0,366200.0,244200.0,333900.0,0.0,0.0,0.0,0.0,0.0
2.02308e+16,SZSE,SZSE.ETF.159922,5.815,5.85,5.877,5.809,0.0,6.459,5.285,61567258.0,50000.0,359962043.3,290750.0,0.0,0.0,20230825,20230825,133816366,5.872,0.0,0.0,5.814,5.813,5.812,5.811,5.81,0.0,0.0,0.0,0.0,0.0,5.816,5.817,5.818,5.819,5.82,0.0,0.0,0.0,0.0,0.0,15000.0,190000.0,40000.0,491700.0,225300.0,0.0,0.0,0.0,0.0,0.0,456400.0,600000.0,315300.0,294900.0,335000.0,0.0,0.0,0.0,0.0,0.0
2.02308e+16,SZSE,SZSE.ETF.159922,5.815,5.85,5.877,5.809,0.0,6.459,5.285,61162058.0,13700.0,357606215.7,79665.5,0.0,0.0,20230825,20230825,133734440,5.872,0.0,0.0,5.813,5.812,5.811,5.81,5.809,0.0,0.0,0.0,0.0,0.0,5.815,5.816,5.817,5.818,5.819,0.0,0.0,0.0,0.0,0.0,100000.0,285000.0,484900.0,281500.0,97000.0,0.0,0.0,0.0,0.0,0.0,19700.0,684900.0,126100.0,519100.0,376600.0,0.0,0.0,0.0,0.0,0.0
2.02308e+16,SZSE,SZSE.ETF.159922,5.815,5.85,5.877,5.809,0.0,6.459,5.285,60666958.0,19900.0,354728172.0,115718.5,0.0,0.0,20230825,20230825,133719447,5.872,0.0,0.0,5.814,5.813,5.812,5.811,5.81,0.0,0.0,0.0,0.0,0.0,5.816,5.817,5.818,5.819,5.82,0.0,0.0,0.0,0.0,0.0,173700.0,440200.0,471200.0,134900.0,910300.0,0.0,0.0,0.0,0.0,0.0,55000.0,389900.0,359200.0,181100.0,434900.0,0.0,0.0,0.0,0.0,0.0
2.02308e+16,SZSE,SZSE.ETF.159922,5.811,5.85,5.877,5.809,0.0,6.459,5.285,61609758.0,38900.0,360209018.1,226047.9,0.0,0.0,20230825,20230825,133852444,5.872,0.0,0.0,5.81,5.809,5.808,5.807,5.806,0.0,0.0,0.0,0.0,0.0,5.814,5.815,5.816,5.817,5.818,0.0,0.0,0.0,0.0,0.0,685900.0,118200.0,830200.0,145300.0,380500.0,0.0,0.0,0.0,0.0,0.0,177800.0,399900.0,550400.0,60000.0,489900.0,0.0,0.0,0.0,0.0,0.0
2.02308e+16,SZSE,SZSE.ETF.159922,5.815,5.85,5.877,5.809,0.0,6.459,5.285,60234758.0,15000.0,352213741.3,87225.0,0.0,0.0,20230825,20230825,133507633,5.872,0.0,0.0,5.815,5.814,5.813,5.812,5.811,0.0,0.0,0.0,0.0,0.0,5.818,5.819,5.82,5.821,5.822,0.0,0.0,0.0,0.0,0.0,251100.0,1000800.0,420000.0,976200.0,114900.0,0.0,0.0,0.0,0.0,0.0,20000.0,503700.0,400000.0,121000.0,472300.0,0.0,0.0,0.0,0.0,0.0
2.02308e+16,SZSE,SZSE.ETF.159922,5.815,5.85,5.877,5.809,0.0,6.459,5.285,60666958.0,0.0,354728172.0,0.0,0.0,0.0,20230825,20230825,133725398,5.872,0.0,0.0,5.813,5.812,5.811,5.81,5.809,0.0,0.0,0.0,0.0,0.0,5.816,5.817,5.818,5.819,5.82,0.0,0.0,0.0,0.0,0.0,198900.0,450000.0,64900.0,261500.0,747000.0,0.0,0.0,0.0,0.0,0.0,369900.0,326200.0,464200.0,294900.0,355000.0,0.0,0.0,0.0,0.0,0.0
2.02308e+16,SZSE,SZSE.ETF.159922,5.813,5.85,5.877,5.809,0.0,6.459,5.285,60965858.0,298900.0,356465677.7,1737505.7,0.0,0.0,20230825,20230825,133728401,5.872,0.0,0.0,5.812,5.811,5.81,5.809,5.808,0.0,0.0,0.0,0.0,0.0,5.813,5.814,5.815,5.816,5.817,0.0,0.0,0.0,0.0,0.0,650000.0,101100.0,265300.0,787000.0,330200.0,0.0,0.0,0.0,0.0,0.0,182500.0,40000.0,40000.0,425000.0,239900.0,0.0,0.0,0.0,0.0,0.0
2.02308e+16,SZSE,SZSE.ETF.159922,5.811,5.85,5.877,5.809,0.0,6.459,5.285,61609758.0,0.0,360209018.1,0.0,0.0,0.0,20230825,20230825,133901506,5.872,0.0,0.0,5.811,5.81,5.809,5.808,5.807,0.0,0.0,0.0,0.0,0.0,5.812,5.813,5.814,5.815,5.816,0.0,0.0,0.0,0.0,0.0,100.0,60300.0,232000.0,195800.0,371500.0,0.0,0.0,0.0,0.0,0.0,332700.0,549900.0,461100.0,484900.0,224200.0,0.0,0.0,0.0,0.0,0.0
2.02308e+16,SZSE,SZSE.ETF.159922,5.813,5.85,5.877,5.809,0.0,6.459,5.285,61382258.0,15000.0,358886438.3,87195.0,0.0,0.0,20230825,20230825,133749497,5.872,0.0,0.0,5.812,5.811,5.81,5.809,5.808,0.0,0.0,0.0,0.0,0.0,5.813,5.814,5.815,5.816,5.817,0.0,0.0,0.0,0.0,0.0,259900.0,454900.0,100300.0,42000.0,1021400.0,0.0,0.0,0.0,0.0,0.0,85000.0,15000.0,396200.0,630600.0,115000.0,0.0,0.0,0.0,0.0,0.0
2.02308e+16,SZSE,SZSE.ETF.159922,5.813,5.85,5.877,5.809,0.0,6.459,5.285,61402158.0,19900.0,359002117.0,115678.7,0.0,0.0,20230825,20230825,133749461,5.872,0.0,0.0,5.812,5.811,5.81,5.809,5.808,0.0,0.0,0.0,0.0,0.0,5.813,5.814,5.815,5.816,5.817,0.0,0.0,0.0,0.0,0.0,280000.0,494900.0,136500.0,42000.0,1005200.0,0.0,0.0,0.0,0.0,0.0,65100.0,15000.0,339900.0,410600.0,371200.0,0.0,0.0,0.0,0.0,0.0
2.02308e+16,SZSE,SZSE.ETF.159922,5.815,5.85,5.877,5.809,0.0,6.459,5.285,61181758.0,19700.0,357720771.2,114555.5,0.0,0.0,20230825,20230825,133737416,5.872,0.0,0.0,5.815,5.814,5.813,5.812,5.811,0.0,0.0,0.0,0.0,0.0,5.816,5.817,5.818,5.819,5.82,0.0,0.0,0.0,0.0,0.0,80300.0,40000.0,40200.0,304900.0,504900.0,0.0,0.0,0.0,0.0,0.0,325000.0,326100.0,244200.0,611500.0,280000.0,0.0,0.0,0.0,0.0,0.0
2.02308e+16,SZSE,SZSE.ETF.159922,5.815,5.85,5.877,5.809,0.0,6.459,5.285,61567258.0,0.0,359962043.3,0.0,0.0,0.0,20230825,20230825,133825369,5.872,0.0,0.0,5.813,5.812,5.811,5.81,5.809,0.0,0.0,0.0,0.0,0.0,5.815,5.816,5.817,5.818,5.819,0.0,0.0,0.0,0.0,0.0,500.0,95000.0,686700.0,85300.0,42000.0,0.0,0.0,0.0,0.0,0.0,336300.0,325000.0,460000.0,555200.0,135000.0,0.0,0.0,0.0,0.0,0.0
2.02308e+16,SZSE,SZSE.ETF.159922,5.815,5.85,5.877,5.809,0.0,6.459,5.285,61262058.0,80300.0,358187715.7,466944.5,0.0,0.0,20230825,20230825,133737415,5.872,0.0,0.0,5.813,5.812,5.811,5.81,5.809,0.0,0.0,0.0,0.0,0.0,5.815,5.816,5.817,5.818,5.819,0.0,0.0,0.0,0.0,0.0,35100.0,286100.0,519900.0,205300.0,92000.0,0.0,0.0,0.0,0.0,0.0,41600.0,380000.0,595000.0,300300.0,514900.0,0.0,0.0,0.0,0.0,0.0
2.02308e+16,SZSE,SZSE.ETF.159922,5.808,5.85,5.877,5.808,0.0,6.459,5.285,61637558.0,0.0,360370537.0,0.0,0.0,0.0,20230825,20230825,133928434,5.872,0.0,0.0,5.808,5.807,5.806,5.805,5.804,0.0,0.0,0.0,0.0,0.0,5.812,5.813,5.814,5.815,5.816,0.0,0.0,0.0,0.0,0.0,416200.0,656500.0,230500.0,690900.0,405000.0,0.0,0.0,0.0,0.0,0.0,382400.0,456200.0,264200.0,294900.0,355000.0,0.0,0.0,0.0,0.0,0.0
2.02308e+16,SZSE,SZSE.ETF.159922,5.815,5.85,5.877,5.809,0.0,6.459,5.285,60666958.0,0.0,354728172.0,0.0,0.0,0.0,20230825,20230825,133719506,5.872,0.0,0.0,5.813,5.812,5.811,5.81,5.809,0.0,0.0,0.0,0.0,0.0,5.816,5.817,5.818,5.819,5.82,0.0,0.0,0.0,0.0,0.0,25200.0,479900.0,284900.0,280300.0,62000.0,0.0,0.0,0.0,0.0,0.0,329900.0,470000.0,304200.0,371000.0,215000.0,0.0,0.0,0.0,0.0,0.0
2.02308e+16,SZSE,SZSE.ETF.159922,5.808,5.85,5.877,5.808,0.0,6.459,5.285,61637558.0,0.0,360370537.0,0.0,0.0,0.0,20230825,20230825,133955420,5.872,0.0,0.0,5.808,5.807,5.806,5.805,5.804,0.0,0.0,0.0,0.0,0.0,5.809,5.81,5.811,5.812,5.813,0.0,0.0,0.0,0.0,0.0,3100.0,55300.0,260600.0,392000.0,411200.0,0.0,0.0,0.0,0.0,0.0,307500.0,399800.0,471000.0,374100.0,294900.0,0.0,0.0,0.0,0.0,0.0
2.02308e+16,SZSE,SZSE.ETF.159922,5.815,5.85,5.877,5.809,0.0,6.459,5.285,60646958.0,0.0,354611872.0,0.0,0.0,0.0,20230825,20230825,133622545,5.872,0.0,0.0,5.813,5.812,5.811,5.81,5.809,0.0,0.0,0.0,0.0,0.0,5.816,5.817,5.818,5.819,5.82,0.0,0.0,0.0,0.0,0.0,19000.0,423700.0,304900.0,80500.0,97000.0,0.0,0.0,0.0,0.0,0.0,270000.0,436300.0,474900.0,184200.0,405000.0,0.0,0.0,0.0,0.0,0.0
2.02308e+16,SZSE,SZSE.ETF.159922,5.814,5.85,5.877,5.809,0.0,6.459,5.285,61567358.0,100.0,359962624.7,581.4,0.0,0.0,20230825,20230825,133837427,5.872,0.0,0.0,5.813,5.812,5.811,5.81,5.809,0.0,0.0,0.0,0.0,0.0,5.814,5.815,5.816,5.817,5.818,0.0,0.0,0.0,0.0,0.0,3500.0,15000.0,234900.0,615900.0,118200.0,0.0,0.0,0.0,0.0,0.0,106200.0,369900.0,791200.0,190000.0,479100.0,0.0,0.0,0.0,0.0,0.0
2.02308e+16,SZSE,SZSE.ETF.159922,5.813,5.85,5.877,5.809,0.0,6.459,5.285,61402858.0,100.0,359006186.1,581.3,0.0,0.0,20230825,20230825,133801421,5.872,0.0,0.0,5.812,5.811,5.81,5.809,5.808,0.0,0.0,0.0,0.0,0.0,5.813,5.814,5.815,5.816,5.817,0.0,0.0,0.0,0.0,0.0,240000.0,474900.0,200300.0,118200.0,930200.0,0.0,0.0,0.0,0.0,0.0,64400.0,15000.0,339900.0,160400.0,461400.0,0.0,0.0,0.0,0.0,0.0
2.02308e+16,SZSE,SZSE.ETF.159922,5.808,5.85,5.877,5.808,0.0,6.459,5.285,61637558.0,0.0,360370537.0,0.0,0.0,0.0,20230825,20230825,133919491,5.872,0.0,0.0,5.808,5.807,5.806,5.805,5.804,0.0,0.0,0.0,0.0,0.0,5.812,5.813,5.814,5.815,5.816,0.0,0.0,0.0,0.0,0.0,285100.0,456500.0,90500.0,690900.0,385000.0,0.0,0.0,0.0,0.0,0.0,342400.0,290000.0,280400.0,369900.0,280000.0,0.0,0.0,0.0,0.0,0.0
2.02308e+16,SZSE,SZSE.ETF.159922,5.819,5.85,5.877,5.809,0.0,6.459,5.285,60269858.0,33500.0,352417966.7,194916.6,0.0,0.0,20230825,20230825,133513595,5.872,0.0,0.0,5.817,5.816,5.815,5.814,5.813,0.0,0.0,0.0,0.0,0.0,5.819,5.82,5.821,5.822,5.823,0.0,0.0,0.0,0.0,0.0,41600.0,60000.0,264900.0,689900.0,200000.0,0.0,0.0,0.0,0.0,0.0,296400.0,290000.0,96100.0,672500.0,80000.0,0.0,0.0,0.0,0.0,0.0
2.02308e+16,SZSE,SZSE.ETF.159922,5.818,5.85,5.877,5.809,0.0,6.459,5.285,60589258.0,0.0,354276261.1,0.0,0.0,0.0,20230825,20230825,133555541,5.872,0.0,0.0,5.817,5.816,5.815,5.814,5.813,0.0,0.0,0.0,0.0,0.0,5.819,5.82,5.821,5.822,5.823,0.0,0.0,0.0,0.0,0.0,40400.0,19900.0,398700.0,260000.0,151200.0,0.0,0.0,0.0,0.0,0.0,314200.0,671200.0,230000.0,564900.0,95000.0,0.0,0.0,0.0,0.0,0.0
2.02308e+16,SZSE,SZSE.ETF.159922,5.815,5.85,5.877,5.809,0.0,6.459,5.285,61517258.0,0.0,359671293.3,0.0,0.0,0.0,20230825,20230825,133810433,5.872,0.0,0.0,5.815,5.813,5.812,5.811,5.81,0.0,0.0,0.0,0.0,0.0,5.816,5.817,5.818,5.819,5.82,0.0,0.0,0.0,0.0,0.0,50000.0,205000.0,395600.0,156100.0,145300.0,0.0,0.0,0.0,0.0,0.0,506400.0,275000.0,500300.0,294900.0,335000.0,0.0,0.0,0.0,0.0,0.0
2.02308e+16,SZSE,SZSE.ETF.159922,5.808,5.85,5.877,5.808,0.0,6.459,5.285,61637558.0,0.0,360370537.0,0.0,0.0,0.0,20230825,20230825,133922449,5.872,0.0,0.0,5.808,5.807,5.806,5.805,5.804,0.0,0.0,0.0,0.0,0.0,5.812,5.813,5.814,5.815,5.816,0.0,0.0,0.0,0.0,0.0,285100.0,456500.0,90500.0,690900.0,385000.0,0.0,0.0,0.0,0.0,0.0,342400.0,290000.0,280400.0,369900.0,280000.0,0.0,0.0,0.0,0.0,0.0
2.02308e+16,SZSE,SZSE.ETF.159922,5.815,5.85,5.877,5.809,0.0,6.459,5.285,60646958.0,0.0,354611872.0,0.0,0.0,0.0,20230825,20230825,133634490,5.872,0.0,0.0,5.813,5.812,5.811,5.81,5.809,0.0,0.0,0.0,0.0,0.0,5.816,5.817,5.818,5.819,5.82,0.0,0.0,0.0,0.0,0.0,42100.0,423700.0,284900.0,220500.0,117000.0,0.0,0.0,0.0,0.0,0.0,465100.0,381200.0,519100.0,140000.0,265000.0,0.0,0.0,0.0,0.0,0.0
2.02308e+16,SZSE,SZSE.ETF.159922,5.818,5.85,5.877,5.809,0.0,6.459,5.285,60589258.0,0.0,354276261.1,0.0,0.0,0.0,20230825,20230825,133601546,5.872,0.0,0.0,5.817,5.815,5.814,5.813,5.812,0.0,0.0,0.0,0.0,0.0,5.818,5.819,5.82,5.821,5.822,0.0,0.0,0.0,0.0,0.0,40400.0,35000.0,423700.0,351200.0,190000.0,0.0,0.0,0.0,0.0,0.0,40000.0,729300.0,396100.0,484900.0,310000.0,0.0,0.0,0.0,0.0,0.0
2.02308e+16,SZSE,SZSE.ETF.159922,5.815,5.85,5.877,5.809,0.0,6.459,5.285,61567258.0,0.0,359962043.3,0.0,0.0,0.0,20230825,20230825,133819445,5.872,0.0,0.0,5.813,5.812,5.811,5.81,5.809,0.0,0.0,0.0,0.0,0.0,5.816,5.817,5.818,5.819,5.82,0.0,0.0,0.0,0.0,0.0,15000.0,190000.0,456700.0,280300.0,692000.0,0.0,0.0,0.0,0.0,0.0,456400.0,491200.0,264200.0,294900.0,355000.0,0.0,0.0,0.0,0.0,0.0
2.02308e+16,SZSE,SZSE.ETF.159922,5.808,5.85,5.877,5.808,0.0,6.459,5.285,61637558.0,0.0,360370537.0,0.0,0.0,0.0,20230825,20230825,133931452,5.872,0.0,0.0,5.809,5.808,5.807,5.806,5.805,0.0,0.0,0.0,0.0,0.0,5.812,5.813,5.814,5.815,5.816,0.0,0.0,0.0,0.0,0.0,100.0,305100.0,616500.0,210500.0,690900.0,0.0,0.0,0.0,0.0,0.0,342400.0,420000.0,340400.0,294900.0,355000.0,0.0,0.0,0.0,0.0,0.0
2.02308e+16,SZSE,SZSE.ETF.159922,5.815,5.85,5.877,5.809,0.0,6.459,5.285,60646958.0,0.0,354611872.0,0.0,0.0,0.0,20230825,20230825,133646425,5.872,0.0,0.0,5.814,5.813,5.812,5.811,5.81,0.0,0.0,0.0,0.0,0.0,5.816,5.817,5.818,5.819,5.82,0.0,0.0,0.0,0.0,0.0,19900.0,243800.0,541200.0,84900.0,205300.0,0.0,0.0,0.0,0.0,0.0,285000.0,190000.0,565400.0,434900.0,235000.0,0.0,0.0,0.0,0.0,0.0
2.02308e+16,SZSE,SZSE.ETF.159922,5.818,5.85,5.877,5.809,0.0,6.459,5.285,60589258.0,0.0,354276261.1,0.0,0.0,0.0,20230825,20230825,133558495,5.872,0.0,0.0,5.817,5.816,5.815,5.814,5.813,0.0,0.0,0.0,0.0,0.0,5.819,5.82,5.821,5.822,5.823,0.0,0.0,0.0,0.0,0.0,40400.0,19900.0,398700.0,260000.0,151200.0,0.0,0.0,0.0,0.0,0.0,314200.0,671200.0,230000.0,564900.0,95000.0,0.0,0.0,0.0,0.0,0.0
2.02308e+16,SZSE,SZSE.ETF.159922,5.815,5.85,5.877,5.809,0.0,6.459,5.285,61567258.0,0.0,359962043.3,0.0,0.0,0.0,20230825,20230825,133828384,5.872,0.0,0.0,5.813,5.812,5.811,5.81,5.809,0.0,0.0,0.0,0.0,0.0,5.815,5.816,5.817,5.818,5.819,0.0,0.0,0.0,0.0,0.0,500.0,55000.0,610500.0,85300.0,133200.0,0.0,0.0,0.0,0.0,0.0,416300.0,401200.0,460000.0,479100.0,95000.0,0.0,0.0,0.0,0.0,0.0
2.02308e+16,SZSE,SZSE.ETF.159922,5.808,5.85,5.877,5.808,0.0,6.459,5.285,61637558.0,0.0,360370537.0,0.0,0.0,0.0,20230825,20230825,133937454,5.872,0.0,0.0,5.808,5.807,5.806,5.805,5.804,0.0,0.0,0.0,0.0,0.0,5.811,5.812,5.813,5.814,5.815,0.0,0.0,0.0,0.0,0.0,245100.0,116600.0,601600.0,40900.0,985000.0,0.0,0.0,0.0,0.0,0.0,137300.0,594900.0,210000.0,535300.0,40000.0,0.0,0.0,0.0,0.0,0.0
2.02308e+16,SZSE,SZSE.ETF.159922,5.815,5.85,5.877,5.809,0.0,6.459,5.285,60646958.0,0.0,354611872.0,0.0,0.0,0.0,20230825,20230825,133658393,5.872,0.0,0.0,5.815,5.814,5.813,5.812,5.811,0.0,0.0,0.0,0.0,0.0,5.816,5.817,5.818,5.819,5.82,0.0,0.0,0.0,0.0,0.0,100.0,40000.0,275100.0,269900.0,283900.0,0.0,0.0,0.0,0.0,0.0,270000.0,630100.0,300300.0,294900.0,255000.0,0.0,0.0,0.0,0.0,0.0
2.02308e+16,SZSE,SZSE.ETF.159922,5.811,5.85,5.877,5.809,0.0,6.459,5.285,61609758.0,0.0,360209018.1,0.0,0.0,0.0,20230825,20230825,133858426,5.872,0.0,0.0,5.811,5.81,5.809,5.808,5.807,0.0,0.0,0.0,0.0,0.0,5.813,5.814,5.815,5.816,5.817,0.0,0.0,0.0,0.0,0.0,100.0,250300.0,333800.0,280200.0,95300.0,0.0,0.0,0.0,0.0,0.0,102700.0,444900.0,469900.0,535300.0,40000.0,0.0,0.0,0.0,0.0,0.0
2.02308e+16,SZSE,SZSE.ETF.159922,5.818,5.85,5.877,5.809,0.0,6.459,5.285,60409858.0,140000.0,353232486.7,814520.0,0.0,0.0,20230825,20230825,133513657,5.872,0.0,0.0,5.817,5.815,5.814,5.813,5.812,0.0,0.0,0.0,0.0,0.0,5.818,5.819,5.82,5.821,5.822,0.0,0.0,0.0,0.0,0.0,1600.0,224900.0,96200.0,512700.0,180000.0,0.0,0.0,0.0,0.0,0.0,118400.0,370600.0,560000.0,116100.0,494900.0,0.0,0.0,0.0,0.0,0.0
2.02308e+16,SZSE,SZSE.ETF.159922,5.808,5.85,5.877,5.808,0.0,6.459,5.285,61637558.0,0.0,360370537.0,0.0,0.0,0.0,20230825,20230825,133946461,5.872,0.0,0.0,5.808,5.807,5.806,5.805,5.804,0.0,0.0,0.0,0.0,0.0,5.81,5.811,5.812,5.813,5.814,0.0,0.0,0.0,0.0,0.0,100.0,285400.0,497800.0,60900.0,955000.0,0.0,0.0,0.0,0.0,0.0,77500.0,264800.0,519900.0,286200.0,519100.0,0.0,0.0,0.0,0.0,0.0
2.02308e+16,SZSE,SZSE.ETF.159922,5.815,5.85,5.877,5.809,0.0,6.459,5.285,60647058.0,0.0,354612453.5,0.0,0.0,0.0,20230825,20230825,133707444,5.872,0.0,0.0,5.813,5.812,5.811,5.81,5.809,0.0,0.0,0.0,0.0,0.0,5.815,5.816,5.817,5.818,5.819,0.0,0.0,0.0,0.0,0.0,10200.0,438700.0,301100.0,205300.0,97000.0,0.0,0.0,0.0,0.0,0.0,249900.0,600100.0,240000.0,535200.0,95000.0,0.0,0.0,0.0,0.0,0.0
2.02308e+16,SZSE,SZSE.ETF.159922,5.813,5.85,5.877,5.809,0.0,6.459,5.285,61570858.0,0.0,359982970.2,0.0,0.0,0.0,20230825,20230825,133846517,5.872,0.0,0.0,5.811,5.81,5.809,5.808,5.807,0.0,0.0,0.0,0.0,0.0,5.814,5.815,5.816,5.817,5.818,0.0,0.0,0.0,0.0,0.0,4900.0,545900.0,102000.0,291400.0,640300.0,0.0,0.0,0.0,0.0,0.0,197700.0,456100.0,484200.0,349900.0,180000.0,0.0,0.0,0.0,0.0,0.0
2.02308e+16,SZSE,SZSE.ETF.159922,5.813,5.85,5.877,5.809,0.0,6.459,5.285,61367258.0,105200.0,358799243.3,611527.6,0.0,0.0,20230825,20230825,133746459,5.872,0.0,0.0,5.812,5.811,5.81,5.809,5.808,0.0,0.0,0.0,0.0,0.0,5.813,5.814,5.815,5.816,5.817,0.0,0.0,0.0,0.0,0.0,15000.0,454900.0,301500.0,117000.0,280200.0,0.0,0.0,0.0,0.0,0.0,100000.0,40000.0,350000.0,711400.0,501100.0,0.0,0.0,0.0,0.0,0.0
2.02308e+16,SZSE,SZSE.ETF.159922,5.817,5.85,5.877,5.809,0.0,6.459,5.285,60629658.0,40400.0,354511267.9,235006.8,0.0,0.0,20230825,20230825,133604568,5.872,0.0,0.0,5.815,5.814,5.813,5.812,5.811,0.0,0.0,0.0,0.0,0.0,5.818,5.819,5.82,5.821,5.822,0.0,0.0,0.0,0.0,0.0,74900.0,463700.0,352200.0,219000.0,124900.0,0.0,0.0,0.0,0.0,0.0,40000.0,739300.0,406100.0,444900.0,465000.0,0.0,0.0,0.0,0.0,0.0
2.02308e+16,SZSE,SZSE.ETF.159922,5.818,5.85,5.877,5.809,0.0,6.459,5.285,60589258.0,0.0,354276261.1,0.0,0.0,0.0,20230825,20230825,133558587,5.872,0.0,0.0,5.817,5.815,5.814,5.813,5.812,0.0,0.0,0.0,0.0,0.0,5.818,5.819,5.82,5.821,5.822,0.0,0.0,0.0,0.0,0.0,40400.0,35000.0,423700.0,351200.0,190000.0,0.0,0.0,0.0,0.0,0.0,40000.0,729300.0,396100.0,484900.0,310000.0,0.0,0.0,0.0,0.0,0.0
2.02308e+16,SZSE,SZSE.ETF.159922,5.816,5.85,5.877,5.809,0.0,6.459,5.285,60074358.0,0.0,351281272.4,0.0,0.0,0.0,20230825,20230825,133307486,5.872,0.0,0.0,5.815,5.814,5.813,5.812,5.811,0.0,0.0,0.0,0.0,0.0,5.817,5.818,5.819,5.82,5.821,0.0,0.0,0.0,0.0,0.0,6500.0,55000.0,604100.0,100400.0,155600.0,0.0,0.0,0.0,0.0,0.0,407900.0,600600.0,220000.0,434900.0,159200.0,0.0,0.0,0.0,0.0,0.0
2.02308e+16,SZSE,SZSE.ETF.159922,5.817,5.85,5.877,5.809,0.0,6.459,5.285,60074658.0,300.0,351283017.5,1745.1,0.0,0.0,20230825,20230825,133307505,5.872,0.0,0.0,5.815,5.814,5.813,5.812,5.811,0.0,0.0,0.0,0.0,0.0,5.817,5.818,5.819,5.82,5.821,0.0,0.0,0.0,0.0,0.0,6500.0,55700.0,623700.0,64200.0,201800.0,0.0,0.0,0.0,0.0,0.0,289200.0,460600.0,220000.0,180000.0,612500.0,0.0,0.0,0.0,0.0,0.0
2.02308e+16,SZSE,SZSE.ETF.159922,5.818,5.85,5.877,5.809,0.0,6.459,5.285,60589258.0,83200.0,354276261.1,484057.6,0.0,0.0,20230825,20230825,133555513,5.872,0.0,0.0,5.817,5.816,5.815,5.814,5.813,0.0,0.0,0.0,0.0,0.0,5.819,5.82,5.821,5.822,5.823,0.0,0.0,0.0,0.0,0.0,40400.0,59900.0,281200.0,588700.0,300000.0,0.0,0.0,0.0,0.0,0.0,610000.0,455000.0,414200.0,386100.0,40000.0,0.0,0.0,0.0,0.0,0.0
2.02308e+16,SZSE,SZSE.ETF.159922,5.818,5.85,5.877,5.809,0.0,6.459,5.285,60506058.0,0.0,353792203.5,0.0,0.0,0.0,20230825,20230825,133552585,5.872,0.0,0.0,5.818,5.817,5.816,5.815,5.814,0.0,0.0,0.0,0.0,0.0,5.82,5.821,5.822,5.823,5.824,0.0,0.0,0.0,0.0,0.0,313200.0,116600.0,693700.0,95000.0,425000.0,0.0,0.0,0.0,0.0,0.0,118400.0,139900.0,480000.0,104200.0,216100.0,0.0,0.0,0.0,0.0,0.0
2.02308e+16,SZSE,SZSE.ETF.159922,5.813,5.85,5.877,5.809,0.0,6.459,5.285,61402758.0,600.0,359005604.8,3487.8,0.0,0.0,20230825,20230825,133758443,5.872,0.0,0.0,5.811,5.81,5.809,5.808,5.807,0.0,0.0,0.0,0.0,0.0,5.813,5.814,5.815,5.816,5.817,0.0,0.0,0.0,0.0,0.0,474900.0,376500.0,62000.0,1005200.0,90300.0,0.0,0.0,0.0,0.0,0.0,64500.0,15000.0,339900.0,610600.0,171200.0,0.0,0.0,0.0,0.0,0.0
2.02308e+16,SZSE,SZSE.ETF.159922,5.815,5.85,5.877,5.809,0.0,6.459,5.285,60105358.0,30700.0,351461538.0,178520.5,0.0,0.0,20230825,20230825,133313447,5.872,0.0,0.0,5.815,5.814,5.813,5.812,5.811,0.0,0.0,0.0,0.0,0.0,5.817,5.818,5.819,5.82,5.821,0.0,0.0,0.0,0.0,0.0,165800.0,55700.0,433700.0,220400.0,785600.0,0.0,0.0,0.0,0.0,0.0,177600.0,384500.0,456100.0,180000.0,514100.0,0.0,0.0,0.0,0.0,0.0
2.02308e+16,SZSE,SZSE.ETF.159922,5.818,5.85,5.877,5.809,0.0,6.459,5.285,60236358.0,1600.0,352223050.1,9308.8,0.0,0.0,20230825,20230825,133510625,5.872,0.0,0.0,5.815,5.814,5.813,5.812,5.811,0.0,0.0,0.0,0.0,0.0,5.818,5.819,5.82,5.821,5.822,0.0,0.0,0.0,0.0,0.0,385000.0,649900.0,180000.0,250000.0,713900.0,0.0,0.0,0.0,0.0,0.0,19900.0,360000.0,326100.0,40000.0,572300.0,0.0,0.0,0.0,0.0,0.0
2.02308e+16,SZSE,SZSE.ETF.159922,5.817,5.85,5.877,5.809,0.0,6.459,5.285,60631958.0,2300.0,354524647.0,13379.1,0.0,0.0,20230825,20230825,133613532,5.872,0.0,0.0,5.815,5.814,5.813,5.812,5.811,0.0,0.0,0.0,0.0,0.0,5.816,5.817,5.818,5.819,5.82,0.0,0.0,0.0,0.0,0.0,15000.0,40000.0,60000.0,423700.0,176100.0,0.0,0.0,0.0,0.0,0.0,190000.0,295100.0,326100.0,419100.0,310000.0,0.0,0.0,0.0,0.0,0.0
2.02308e+16,SZSE,SZSE.ETF.159922,5.814,5.85,5.877,5.809,0.0,6.459,5.285,61567358.0,0.0,359962624.7,0.0,0.0,0.0,20230825,20230825,133843391,5.872,0.0,0.0,5.813,5.812,5.811,5.81,5.809,0.0,0.0,0.0,0.0,0.0,5.815,5.816,5.817,5.818,5.819,0.0,0.0,0.0,0.0,0.0,3500.0,15000.0,194900.0,400900.0,173200.0,0.0,0.0,0.0,0.0,0.0,456200.0,651200.0,60000.0,534100.0,40000.0,0.0,0.0,0.0,0.0,0.0
2.02308e+16,SZSE,SZSE.ETF.159922,5.818,5.85,5.877,5.809,0.0,6.459,5.285,60506058.0,0.0,353792203.5,0.0,0.0,0.0,20230825,20230825,133549560,5.872,0.0,0.0,5.818,5.817,5.816,5.815,5.814,0.0,0.0,0.0,0.0,0.0,5.821,5.822,5.823,5.824,5.825,0.0,0.0,0.0,0.0,0.0,604300.0,456600.0,450000.0,705000.0,369000.0,0.0,0.0,0.0,0.0,0.0,20000.0,368400.0,334200.0,216100.0,389900.0,0.0,0.0,0.0,0.0,0.0
2.02308e+16,SZSE,SZSE.ETF.159922,5.808,5.85,5.877,5.808,0.0,6.459,5.285,61637558.0,0.0,360370537.0,0.0,0.0,0.0,20230825,20230825,133937403,5.872,0.0,0.0,5.808,5.807,5.806,5.805,5.804,0.0,0.0,0.0,0.0,0.0,5.812,5.813,5.814,5.815,5.816,0.0,0.0,0.0,0.0,0.0,285200.0,667600.0,90500.0,690900.0,369000.0,0.0,0.0,0.0,0.0,0.0,382400.0,460000.0,300400.0,294900.0,355000.0,0.0,0.0,0.0,0.0,0.0
2.02308e+16,SZSE,SZSE.ETF.159922,5.815,5.85,5.877,5.809,0.0,6.459,5.285,60105358.0,0.0,351461538.0,0.0,0.0,0.0,20230825,20230825,133316457,5.872,0.0,0.0,5.815,5.814,5.813,5.812,5.811,0.0,0.0,0.0,0.0,0.0,5.817,5.818,5.819,5.82,5.821,0.0,0.0,0.0,0.0,0.0,166500.0,488700.0,136200.0,184200.0,785600.0,0.0,0.0,0.0,0.0,0.0,40000.0,502600.0,420000.0,236100.0,514100.0,0.0,0.0,0.0,0.0,0.0
2.02308e+16,SZSE,SZSE.ETF.159922,5.814,5.85,5.877,5.809,0.0,6.459,5.285,60063258.0,0.0,351216714.8,0.0,0.0,0.0,20230825,20230825,133219548,5.872,0.0,0.0,5.812,5.811,5.81,5.809,5.808,0.0,0.0,0.0,0.0,0.0,5.814,5.815,5.816,5.817,5.818,0.0,0.0,0.0,0.0,0.0,200.0,40600.0,233700.0,511800.0,355100.0,0.0,0.0,0.0,0.0,0.0,487900.0,439600.0,397300.0,294900.0,235000.0,0.0,0.0,0.0,0.0,0.0
2.02308e+16,SZSE,SZSE.ETF.159922,5.814,5.85,5.877,5.809,0.0,6.459,5.285,59817058.0,16900.0,349784585.6,98256.6,0.0,0.0,20230825,20230825,133031539,5.872,0.0,0.0,5.813,5.812,5.811,5.81,5.809,0.0,0.0,0.0,0.0,0.0,5.815,5.816,5.817,5.818,5.819,0.0,0.0,0.0,0.0,0.0,11000.0,273200.0,516800.0,82800.0,146800.0,0.0,0.0,0.0,0.0,0.0,153300.0,310000.0,326200.0,290000.0,379100.0,0.0,0.0,0.0,0.0,0.0
2.02308e+16,SZSE,SZSE.ETF.159922,5.808,5.85,5.877,5.808,0.0,6.459,5.285,61637558.0,0.0,360370537.0,0.0,0.0,0.0,20230825,20230825,133940414,5.872,0.0,0.0,5.808,5.807,5.806,5.805,5.804,0.0,0.0,0.0,0.0,0.0,5.811,5.812,5.813,5.814,5.815,0.0,0.0,0.0,0.0,0.0,245100.0,116600.0,601600.0,40900.0,985000.0,0.0,0.0,0.0,0.0,0.0,137300.0,594900.0,210000.0,535300.0,40000.0,0.0,0.0,0.0,0.0,0.0
2.02308e+16,SZSE,SZSE.ETF.159922,5.816,5.85,5.877,5.809,0.0,6.459,5.285,60025558.0,0.0,350997564.0,0.0,0.0,0.0,20230825,20230825,133125513,5.872,0.0,0.0,5.815,5.814,5.813,5.812,5.811,0.0,0.0,0.0,0.0,0.0,5.816,5.817,5.818,5.819,5.82,0.0,0.0,0.0,0.0,0.0,40000.0,240000.0,481000.0,376400.0,110600.0,0.0,0.0,0.0,0.0,0.0,11100.0,329900.0,308300.0,306100.0,489900.0,0.0,0.0,0.0,0.0,0.0
2.02308e+16,SZSE,SZSE.ETF.159922,5.814,5.85,5.877,5.809,0.0,6.459,5.285,59817058.0,0.0,349784585.6,0.0,0.0,0.0,20230825,20230825,133040549,5.872,0.0,0.0,5.813,5.812,5.811,5.81,5.809,0.0,0.0,0.0,0.0,0.0,5.816,5.817,5.818,5.819,5.82,0.0,0.0,0.0,0.0,0.0,11000.0,633200.0,60600.0,99000.0,716800.0,0.0,0.0,0.0,0.0,0.0,520200.0,156200.0,395000.0,159200.0,200000.0,0.0,0.0,0.0,0.0,0.0
2.02308e+16,SZSE,SZSE.ETF.159922,5.81,5.85,5.877,5.809,0.0,6.459,5.285,61625958.0,5300.0,360303161.8,30793.0,0.0,0.0,20230825,20230825,133913534,5.872,0.0,0.0,5.809,5.808,5.807,5.806,5.805,0.0,0.0,0.0,0.0,0.0,5.81,5.811,5.812,5.813,5.814,0.0,0.0,0.0,0.0,0.0,2400.0,15200.0,366000.0,485500.0,97100.0,0.0,0.0,0.0,0.0,0.0,4200.0,289800.0,888600.0,249900.0,479100.0,0.0,0.0,0.0,0.0,0.0
2.02308e+16,SZSE,SZSE.ETF.159922,5.813,5.85,5.877,5.809,0.0,6.459,5.285,60063158.0,0.0,351216133.4,0.0,0.0,0.0,20230825,20230825,133207562,5.872,0.0,0.0,5.812,5.811,5.81,5.809,5.808,0.0,0.0,0.0,0.0,0.0,5.816,5.817,5.818,5.819,5.82,0.0,0.0,0.0,0.0,0.0,240500.0,624300.0,219300.0,661900.0,249100.0,0.0,0.0,0.0,0.0,0.0,529100.0,476100.0,220000.0,359100.0,255000.0,0.0,0.0,0.0,0.0,0.0
2.02308e+16,SZSE,SZSE.ETF.159922,5.818,5.85,5.877,5.809,0.0,6.459,5.285,59754758.0,0.0,349422287.3,0.0,0.0,0.0,20230825,20230825,133016611,5.872,0.0,0.0,5.816,5.815,5.814,5.813,5.812,0.0,0.0,0.0,0.0,0.0,5.817,5.818,5.819,5.82,5.821,0.0,0.0,0.0,0.0,0.0,40800.0,234500.0,40100.0,507200.0,395200.0,0.0,0.0,0.0,0.0,0.0,198600.0,431900.0,456100.0,200000.0,359100.0,0.0,0.0,0.0,0.0,0.0
2.02308e+16,SZSE,SZSE.ETF.159922,5.808,5.85,5.877,5.808,0.0,6.459,5.285,61641658.0,4100.0,360394349.8,23812.8,0.0,0.0,20230825,20230825,133958441,5.872,0.0,0.0,5.807,5.806,5.805,5.804,5.803,0.0,0.0,0.0,0.0,0.0,5.808,5.809,5.81,5.811,5.812,0.0,0.0,0.0,0.0,0.0,15300.0,200500.0,192000.0,291200.0,242000.0,0.0,0.0,0.0,0.0,0.0,255800.0,743200.0,409800.0,416100.0,104200.0,0.0,0.0,0.0,0.0,0.0
2.02308e+16,SZSE,SZSE.ETF.159922,5.813,5.85,5.877,5.809,0.0,6.459,5.285,60063158.0,0.0,351216133.4,0.0,0.0,0.0,20230825,20230825,133213534,5.872,0.0,0.0,5.813,5.812,5.811,5.81,5.809,0.0,0.0,0.0,0.0,0.0,5.815,5.816,5.817,5.818,5.819,0.0,0.0,0.0,0.0,0.0,190000.0,76700.0,434300.0,323300.0,756900.0,0.0,0.0,0.0,0.0,0.0,198400.0,430700.0,459900.0,236100.0,339100.0,0.0,0.0,0.0,0.0,0.0
2.02308e+16,SZSE,SZSE.ETF.159922,5.818,5.85,5.877,5.809,0.0,6.459,5.285,59880058.0,30000.0,350150987.6,174540.0,0.0,0.0,20230825,20230825,133058677,5.872,0.0,0.0,5.818,5.817,5.816,5.815,5.814,0.0,0.0,0.0,0.0,0.0,5.819,5.82,5.821,5.822,5.823,0.0,0.0,0.0,0.0,0.0,126500.0,40000.0,276200.0,470000.0,180000.0,0.0,0.0,0.0,0.0,0.0,209900.0,193200.0,290000.0,235000.0,375200.0,0.0,0.0,0.0,0.0,0.0
2.02308e+16,SZSE,SZSE.ETF.159922,5.808,5.85,5.877,5.808,0.0,6.459,5.285,61637558.0,0.0,360370537.0,0.0,0.0,0.0,20230825,20230825,133925429,5.872,0.0,0.0,5.808,5.807,5.806,5.805,5.804,0.0,0.0,0.0,0.0,0.0,5.812,5.813,5.814,5.815,5.816,0.0,0.0,0.0,0.0,0.0,285100.0,547600.0,230500.0,690900.0,385000.0,0.0,0.0,0.0,0.0,0.0,382400.0,420000.0,300400.0,294900.0,335000.0,0.0,0.0,0.0,0.0,0.0
2.02308e+16,SZSE,SZSE.ETF.159922,5.813,5.85,5.877,5.809,0.0,6.459,5.285,60063158.0,37300.0,351216133.4,216824.9,0.0,0.0,20230825,20230825,133204518,5.872,0.0,0.0,5.812,5.811,5.81,5.809,5.808,0.0,0.0,0.0,0.0,0.0,5.816,5.817,5.818,5.819,5.82,0.0,0.0,0.0,0.0,0.0,40500.0,700500.0,323100.0,716900.0,230100.0,0.0,0.0,0.0,0.0,0.0,529100.0,439900.0,236100.0,359100.0,115000.0,0.0,0.0,0.0,0.0,0.0
2.02308e+16,SZSE,SZSE.ETF.159922,5.818,5.85,5.877,5.809,0.0,6.459,5.285,59754758.0,0.0,349422287.3,0.0,0.0,0.0,20230825,20230825,133013581,5.872,0.0,0.0,5.816,5.815,5.814,5.813,5.812,0.0,0.0,0.0,0.0,0.0,5.818,5.819,5.82,5.821,5.822,0.0,0.0,0.0,0.0,0.0,40800.0,234500.0,480100.0,167200.0,355200.0,0.0,0.0,0.0,0.0,0.0,460600.0,189900.0,486100.0,454100.0,180500.0,0.0,0.0,0.0,0.0,0.0
2.02308e+16,SZSE,SZSE.ETF.159922,5.808,5.85,5.877,5.808,0.0,6.459,5.285,61637558.0,0.0,360370537.0,0.0,0.0,0.0,20230825,20230825,133934499,5.872,0.0,0.0,5.808,5.807,5.806,5.805,5.804,0.0,0.0,0.0,0.0,0.0,5.812,5.813,5.814,5.815,5.816,0.0,0.0,0.0,0.0,0.0,376300.0,376500.0,230500.0,745900.0,390000.0,0.0,0.0,0.0,0.0,0.0,342400.0,460000.0,340400.0,294900.0,355000.0,0.0,0.0,0.0,0.0,0.0
2.02308e+16,SZSE,SZSE.ETF.159922,5.814,5.85,5.877,5.809,0.0,6.459,5.285,60063258.0,100.0,351216714.8,581.4,0.0,0.0,20230825,20230825,133216521,5.872,0.0,0.0,5.812,5.811,5.81,5.809,5.808,0.0,0.0,0.0,0.0,0.0,5.814,5.815,5.816,5.817,5.818,0.0,0.0,0.0,0.0,0.0,200.0,270900.0,613200.0,136900.0,780100.0,0.0,0.0,0.0,0.0,0.0,137900.0,399600.0,610700.0,266200.0,434900.0,0.0,0.0,0.0,0.0,0.0
2.02308e+16,SZSE,SZSE.ETF.159922,5.818,5.85,5.877,5.809,0.0,6.459,5.285,59754758.0,0.0,349422287.3,0.0,0.0,0.0,20230825,20230825,133010612,5.872,0.0,0.0,5.816,5.815,5.814,5.813,5.812,0.0,0.0,0.0,0.0,0.0,5.817,5.818,5.819,5.82,5.821,0.0,0.0,0.0,0.0,0.0,40800.0,234500.0,500100.0,131000.0,391400.0,0.0,0.0,0.0,0.0,0.0,19900.0,460600.0,206000.0,410000.0,418100.0,0.0,0.0,0.0,0.0,0.0
2.02308e+16,SZSE,SZSE.ETF.159922,5.807,5.85,5.877,5.807,0.0,6.459,5.285,61709758.0,0.0,360789806.5,0.0,0.0,0.0,20230825,20230825,134022460,5.872,0.0,0.0,5.807,5.806,5.805,5.804,5.803,0.0,0.0,0.0,0.0,0.0,5.81,5.811,5.812,5.813,5.814,0.0,0.0,0.0,0.0,0.0,20200.0,296000.0,359600.0,256200.0,111000.0,0.0,0.0,0.0,0.0,0.0,532400.0,366000.0,454900.0,59000.0,280000.0,0.0,0.0,0.0,0.0,0.0
2.02308e+16,SZSE,SZSE.ETF.159922,5.807,5.85,5.877,5.807,0.0,6.459,5.285,61657058.0,100.0,360483777.6,580.7,0.0,0.0,20230825,20230825,134004552,5.872,0.0,0.0,5.806,5.805,5.804,5.803,5.802,0.0,0.0,0.0,0.0,0.0,5.807,5.808,5.809,5.81,5.811,0.0,0.0,0.0,0.0,0.0,141600.0,201000.0,250000.0,42000.0,888400.0,0.0,0.0,0.0,0.0,0.0,52700.0,274200.0,176000.0,250000.0,392400.0,0.0,0.0,0.0,0.0,0.0
2.02308e+16,SZSE,SZSE.ETF.159922,5.807,5.85,5.877,5.807,0.0,6.459,5.285,61657058.0,0.0,360483777.6,0.0,0.0,0.0,20230825,20230825,134007604,5.872,0.0,0.0,5.806,5.805,5.804,5.803,5.802,0.0,0.0,0.0,0.0,0.0,5.807,5.808,5.809,5.81,5.811,0.0,0.0,0.0,0.0,0.0,10500.0,81000.0,477400.0,262000.0,238100.0,0.0,0.0,0.0,0.0,0.0,52700.0,249800.0,423200.0,224200.0,426100.0,0.0,0.0,0.0,0.0,0.0
2.02308e+16,SZSE,SZSE.ETF.159922,5.816,5.85,5.877,5.809,0.0,6.459,5.285,60025558.0,0.0,350997564.0,0.0,0.0,0.0,20230825,20230825,133152519,5.872,0.0,0.0,5.813,5.812,5.811,5.81,5.809,0.0,0.0,0.0,0.0,0.0,5.815,5.816,5.817,5.818,5.819,0.0,0.0,0.0,0.0,0.0,251000.0,280200.0,326800.0,323100.0,766900.0,0.0,0.0,0.0,0.0,0.0,19900.0,381000.0,558300.0,236100.0,339100.0,0.0,0.0,0.0,0.0,0.0
2.02308e+16,SZSE,SZSE.ETF.159922,5.816,5.85,5.877,5.809,0.0,6.459,5.285,60025558.0,0.0,350997564.0,0.0,0.0,0.0,20230825,20230825,133137504,5.872,0.0,0.0,5.814,5.813,5.812,5.811,5.81,0.0,0.0,0.0,0.0,0.0,5.816,5.817,5.818,5.819,5.82,0.0,0.0,0.0,0.0,0.0,240000.0,481000.0,216400.0,80600.0,952800.0,0.0,0.0,0.0,0.0,0.0,11100.0,359900.0,458300.0,320300.0,509900.0,0.0,0.0,0.0,0.0,0.0
2.02308e+16,SZSE,SZSE.ETF.159922,5.807,5.85,5.877,5.807,0.0,6.459,5.285,61657158.0,100.0,360484358.3,580.7,0.0,0.0,20230825,20230825,134016502,5.872,0.0,0.0,5.806,5.805,5.804,5.803,5.802,0.0,0.0,0.0,0.0,0.0,5.807,5.808,5.809,5.81,5.811,0.0,0.0,0.0,0.0,0.0,422100.0,81100.0,270000.0,678200.0,308100.0,0.0,0.0,0.0,0.0,0.0,52600.0,190000.0,80000.0,140400.0,115000.0,0.0,0.0,0.0,0.0,0.0
2.02308e+16,SZSE,SZSE.ETF.159922,5.816,5.85,5.877,5.809,0.0,6.459,5.285,60025558.0,0.0,350997564.0,0.0,0.0,0.0,20230825,20230825,133128538,5.872,0.0,0.0,5.814,5.813,5.812,5.811,5.81,0.0,0.0,0.0,0.0,0.0,5.816,5.817,5.818,5.819,5.82,0.0,0.0,0.0,0.0,0.0,280000.0,537200.0,60200.0,115600.0,882800.0,0.0,0.0,0.0,0.0,0.0,11100.0,359900.0,308300.0,250000.0,566000.0,0.0,0.0,0.0,0.0,0.0
2.02308e+16,SZSE,SZSE.ETF.159922,5.816,5.85,5.877,5.809,0.0,6.459,5.285,60025558.0,0.0,350997564.0,0.0,0.0,0.0,20230825,20230825,133146496,5.872,0.0,0.0,5.813,5.812,5.811,5.81,5.809,0.0,0.0,0.0,0.0,0.0,5.815,5.816,5.817,5.818,5.819,0.0,0.0,0.0,0.0,0.0,11000.0,280200.0,546800.0,162800.0,696900.0,0.0,0.0,0.0,0.0,0.0,19900.0,371000.0,538300.0,266100.0,379100.0,0.0,0.0,0.0,0.0,0.0
2.02308e+16,SZSE,SZSE.ETF.159922,5.813,5.85,5.877,5.809,0.0,6.459,5.285,61402158.0,0.0,359002117.0,0.0,0.0,0.0,20230825,20230825,133755400,5.872,0.0,0.0,5.812,5.811,5.81,5.809,5.808,0.0,0.0,0.0,0.0,0.0,5.813,5.814,5.815,5.816,5.817,0.0,0.0,0.0,0.0,0.0,280000.0,494900.0,276500.0,42000.0,1005200.0,0.0,0.0,0.0,0.0,0.0,65100.0,15000.0,339900.0,134200.0,507600.0,0.0,0.0,0.0,0.0,0.0
2.02308e+16,SZSE,SZSE.ETF.159922,5.81,5.85,5.877,5.807,0.0,6.459,5.285,61709958.0,200.0,360790968.5,1162.0,0.0,0.0,20230825,20230825,134028433,5.872,0.0,0.0,5.807,5.806,5.805,5.804,5.803,0.0,0.0,0.0,0.0,0.0,5.81,5.811,5.812,5.813,5.814,0.0,0.0,0.0,0.0,0.0,75100.0,519600.0,152200.0,200000.0,742000.0,0.0,0.0,0.0,0.0,0.0,369600.0,281000.0,430000.0,314900.0,452600.0,0.0,0.0,0.0,0.0,0.0
2.02308e+16,SZSE,SZSE.ETF.159922,5.81,5.85,5.877,5.807,0.0,6.459,5.285,61709958.0,0.0,360790968.5,0.0,0.0,0.0,20230825,20230825,134031425,5.872,0.0,0.0,5.807,5.806,5.805,5.804,5.803,0.0,0.0,0.0,0.0,0.0,5.809,5.81,5.811,5.812,5.813,0.0,0.0,0.0,0.0,0.0,75000.0,241100.0,175700.0,280000.0,117000.0,0.0,0.0,0.0,0.0,0.0,19800.0,789800.0,284800.0,491100.0,60000.0,0.0,0.0,0.0,0.0,0.0
2.02308e+16,SZSE,SZSE.ETF.159922,5.816,5.85,5.877,5.809,0.0,6.459,5.285,60025558.0,0.0,350997564.0,0.0,0.0,0.0,20230825,20230825,133128471,5.872,0.0,0.0,5.815,5.814,5.813,5.812,5.811,0.0,0.0,0.0,0.0,0.0,5.816,5.817,5.818,5.819,5.82,0.0,0.0,0.0,0.0,0.0,40000.0,240000.0,481000.0,376400.0,110600.0,0.0,0.0,0.0,0.0,0.0,11100.0,329900.0,308300.0,306100.0,489900.0,0.0,0.0,0.0,0.0,0.0
2.02308e+16,SZSE,SZSE.ETF.159922,5.817,5.85,5.877,5.809,0.0,6.459,5.285,60106558.0,0.0,351468518.4,0.0,0.0,0.0,20230825,20230825,133404481,5.872,0.0,0.0,5.815,5.814,5.813,5.812,5.811,0.0,0.0,0.0,0.0,0.0,5.817,5.818,5.819,5.82,5.821,0.0,0.0,0.0,0.0,0.0,100.0,16900.0,565600.0,64200.0,151800.0,0.0,0.0,0.0,0.0,0.0,522600.0,473100.0,84200.0,489900.0,160000.0,0.0,0.0,0.0,0.0,0.0
2.02308e+16,SZSE,SZSE.ETF.159922,5.814,5.85,5.877,5.809,0.0,6.459,5.285,60063258.0,0.0,351216714.8,0.0,0.0,0.0,20230825,20230825,133237473,5.872,0.0,0.0,5.814,5.813,5.812,5.811,5.81,0.0,0.0,0.0,0.0,0.0,5.816,5.817,5.818,5.819,5.82,0.0,0.0,0.0,0.0,0.0,173700.0,630400.0,226000.0,200600.0,820000.0,0.0,0.0,0.0,0.0,0.0,31100.0,444100.0,315000.0,384200.0,248400.0,0.0,0.0,0.0,0.0,0.0
2.02308e+16,SZSE,SZSE.ETF.159922,5.815,5.85,5.877,5.809,0.0,6.459,5.285,59800058.0,0.0,349685747.6,0.0,0.0,0.0,20230825,20230825,133022640,5.872,0.0,0.0,5.814,5.813,5.812,5.811,5.81,0.0,0.0,0.0,0.0,0.0,5.815,5.816,5.817,5.818,5.819,0.0,0.0,0.0,0.0,0.0,100.0,70900.0,250200.0,516800.0,201700.0,0.0,0.0,0.0,0.0,0.0,153300.0,350000.0,476200.0,401900.0,339100.0,0.0,0.0,0.0,0.0,0.0
2.02308e+16,SZSE,SZSE.ETF.159922,5.819,5.85,5.877,5.809,0.0,6.459,5.285,59979558.0,0.0,350729958.2,0.0,0.0,0.0,20230825,20230825,133110600,5.872,0.0,0.0,5.818,5.817,5.816,5.815,5.814,0.0,0.0,0.0,0.0,0.0,5.819,5.82,5.821,5.822,5.823,0.0,0.0,0.0,0.0,0.0,15000.0,209900.0,19900.0,276200.0,275000.0,0.0,0.0,0.0,0.0,0.0,40000.0,150000.0,610000.0,256100.0,512400.0,0.0,0.0,0.0,0.0,0.0
2.02308e+16,SZSE,SZSE.ETF.159922,5.802,5.85,5.877,5.796,0.0,6.459,5.285,64267658.0,0.0,375634443.9,0.0,0.0,0.0,20230825,20230825,134919419,5.872,0.0,0.0,5.801,5.8,5.799,5.798,5.797,0.0,0.0,0.0,0.0,0.0,5.802,5.803,5.804,5.805,5.806,0.0,0.0,0.0,0.0,0.0,190000.0,42500.0,91300.0,462300.0,178000.0,0.0,0.0,0.0,0.0,0.0,40000.0,340000.0,850000.0,76200.0,295000.0,0.0,0.0,0.0,0.0,0.0
2.02308e+16,SZSE,SZSE.ETF.159922,5.815,5.85,5.877,5.809,0.0,6.459,5.285,61517258.0,50000.0,359671293.3,290750.0,0.0,0.0,20230825,20230825,133810449,5.872,0.0,0.0,5.815,5.814,5.813,5.812,5.811,0.0,0.0,0.0,0.0,0.0,5.816,5.817,5.818,5.819,5.82,0.0,0.0,0.0,0.0,0.0,50000.0,40000.0,40000.0,285000.0,456700.0,0.0,0.0,0.0,0.0,0.0,481400.0,310000.0,280300.0,349900.0,320000.0,0.0,0.0,0.0,0.0,0.0
2.02308e+16,SZSE,SZSE.ETF.159922,5.808,5.85,5.877,5.808,0.0,6.459,5.285,61637558.0,0.0,360370537.0,0.0,0.0,0.0,20230825,20230825,133943434,5.872,0.0,0.0,5.808,5.807,5.806,5.805,5.804,0.0,0.0,0.0,0.0,0.0,5.811,5.812,5.813,5.814,5.815,0.0,0.0,0.0,0.0,0.0,245100.0,80400.0,497800.0,60900.0,1005000.0,0.0,0.0,0.0,0.0,0.0,77500.0,574900.0,296200.0,519100.0,135000.0,0.0,0.0,0.0,0.0,0.0
2.02308e+16,SZSE,SZSE.ETF.159922,5.818,5.85,5.877,5.809,0.0,6.459,5.285,60506058.0,0.0,353792203.5,0.0,0.0,0.0,20230825,20230825,133546644,5.872,0.0,0.0,5.818,5.817,5.816,5.815,5.814,0.0,0.0,0.0,0.0,0.0,5.821,5.822,5.823,5.824,5.825,0.0,0.0,0.0,0.0,0.0,604300.0,456600.0,400000.0,705000.0,370000.0,0.0,0.0,0.0,0.0,0.0,20000.0,368400.0,374200.0,276100.0,313900.0,0.0,0.0,0.0,0.0,0.0
2.02308e+16,SZSE,SZSE.ETF.159922,5.817,5.85,5.877,5.809,0.0,6.459,5.285,60106558.0,0.0,351468518.4,0.0,0.0,0.0,20230825,20230825,133355412,5.872,0.0,0.0,5.815,5.814,5.813,5.812,5.811,0.0,0.0,0.0,0.0,0.0,5.816,5.817,5.818,5.819,5.82,0.0,0.0,0.0,0.0,0.0,100.0,55000.0,231900.0,514100.0,195600.0,0.0,0.0,0.0,0.0,0.0,18000.0,328000.0,593100.0,230300.0,434900.0,0.0,0.0,0.0,0.0,0.0
2.02308e+16,SZSE,SZSE.ETF.159922,5.815,5.85,5.877,5.809,0.0,6.459,5.285,61567258.0,0.0,359962043.3,0.0,0.0,0.0,20230825,20230825,133822372,5.872,0.0,0.0,5.812,5.811,5.81,5.809,5.808,0.0,0.0,0.0,0.0,0.0,5.815,5.816,5.817,5.818,5.819,0.0,0.0,0.0,0.0,0.0,265000.0,456700.0,205300.0,747000.0,370200.0,0.0,0.0,0.0,0.0,0.0,86400.0,385000.0,440000.0,300300.0,294900.0,0.0,0.0,0.0,0.0,0.0
2.02308e+16,SZSE,SZSE.ETF.159922,5.808,5.85,5.877,5.808,0.0,6.459,5.285,61637558.0,0.0,360370537.0,0.0,0.0,0.0,20230825,20230825,133949461,5.872,0.0,0.0,5.808,5.807,5.806,5.805,5.804,0.0,0.0,0.0,0.0,0.0,5.81,5.811,5.812,5.813,5.814,0.0,0.0,0.0,0.0,0.0,3100.0,245400.0,421600.0,97100.0,355000.0,0.0,0.0,0.0,0.0,0.0,77500.0,514800.0,406100.0,294900.0,279200.0,0.0,0.0,0.0,0.0,0.0
2.02308e+16,SZSE,SZSE.ETF.159922,5.817,5.85,5.877,5.809,0.0,6.459,5.285,60629658.0,0.0,354511267.9,0.0,0.0,0.0,20230825,20230825,133610542,5.872,0.0,0.0,5.815,5.814,5.813,5.812,5.811,0.0,0.0,0.0,0.0,0.0,5.817,5.818,5.819,5.82,5.821,0.0,0.0,0.0,0.0,0.0,15000.0,40000.0,479900.0,280000.0,99900.0,0.0,0.0,0.0,0.0,0.0,470000.0,325100.0,124200.0,741000.0,190000.0,0.0,0.0,0.0,0.0,0.0
2.02308e+16,SZSE,SZSE.ETF.159922,5.817,5.85,5.877,5.809,0.0,6.459,5.285,60106558.0,0.0,351468518.4,0.0,0.0,0.0,20230825,20230825,133407476,5.872,0.0,0.0,5.815,5.814,5.813,5.812,5.811,0.0,0.0,0.0,0.0,0.0,5.817,5.818,5.819,5.82,5.821,0.0,0.0,0.0,0.0,0.0,100.0,56900.0,605600.0,100400.0,115600.0,0.0,0.0,0.0,0.0,0.0,486400.0,593100.0,140300.0,434900.0,215000.0,0.0,0.0,0.0,0.0,0.0
2.02308e+16,SZSE,SZSE.ETF.159922,5.815,5.85,5.877,5.809,0.0,6.459,5.285,61567258.0,0.0,359962043.3,0.0,0.0,0.0,20230825,20230825,133831406,5.872,0.0,0.0,5.814,5.813,5.812,5.811,5.81,0.0,0.0,0.0,0.0,0.0,5.815,5.816,5.817,5.818,5.819,0.0,0.0,0.0,0.0,0.0,100.0,40500.0,55000.0,234900.0,420900.0,0.0,0.0,0.0,0.0,0.0,456300.0,641200.0,220000.0,479100.0,135000.0,0.0,0.0,0.0,0.0,0.0
2.02308e+16,SZSE,SZSE.ETF.159922,5.807,5.85,5.877,5.807,0.0,6.459,5.285,61656958.0,15300.0,360483196.9,88847.1,0.0,0.0,20230825,20230825,134001505,5.872,0.0,0.0,5.806,5.805,5.804,5.803,5.802,0.0,0.0,0.0,0.0,0.0,5.807,5.808,5.809,5.81,5.811,0.0,0.0,0.0,0.0,0.0,10500.0,152000.0,60000.0,487100.0,239400.0,0.0,0.0,0.0,0.0,0.0,241900.0,184000.0,549400.0,410000.0,314900.0,0.0,0.0,0.0,0.0,0.0
2.02308e+16,SZSE,SZSE.ETF.159922,5.815,5.85,5.877,5.809,0.0,6.459,5.285,60646958.0,0.0,354611872.0,0.0,0.0,0.0,20230825,20230825,133631420,5.872,0.0,0.0,5.813,5.812,5.811,5.81,5.809,0.0,0.0,0.0,0.0,0.0,5.816,5.817,5.818,5.819,5.82,0.0,0.0,0.0,0.0,0.0,27100.0,438700.0,284900.0,80500.0,117000.0,0.0,0.0,0.0,0.0,0.0,480100.0,366200.0,519100.0,140000.0,265000.0,0.0,0.0,0.0,0.0,0.0
2.02308e+16,SZSE,SZSE.ETF.159922,5.815,5.85,5.877,5.809,0.0,6.459,5.285,60106658.0,0.0,351469099.9,0.0,0.0,0.0,20230825,20230825,133419600,5.872,0.0,0.0,5.812,5.811,5.81,5.809,5.808,0.0,0.0,0.0,0.0,0.0,5.814,5.815,5.816,5.817,5.818,0.0,0.0,0.0,0.0,0.0,19200.0,232500.0,474100.0,82000.0,319200.0,0.0,0.0,0.0,0.0,0.0,406400.0,206400.0,553000.0,96200.0,434900.0,0.0,0.0,0.0,0.0,0.0
2.02308e+16,SZSE,SZSE.ETF.159922,5.811,5.85,5.877,5.809,0.0,6.459,5.285,61609758.0,0.0,360209018.1,0.0,0.0,0.0,20230825,20230825,133855467,5.872,0.0,0.0,5.811,5.81,5.809,5.808,5.807,0.0,0.0,0.0,0.0,0.0,5.813,5.814,5.815,5.816,5.817,0.0,0.0,0.0,0.0,0.0,100.0,250300.0,333800.0,280200.0,95300.0,0.0,0.0,0.0,0.0,0.0,102700.0,444900.0,469900.0,535300.0,40000.0,0.0,0.0,0.0,0.0,0.0
2.02308e+16,SZSE,SZSE.ETF.159922,5.811,5.85,5.877,5.809,0.0,6.459,5.285,61620658.0,0.0,360272368.8,0.0,0.0,0.0,20230825,20230825,133910531,5.872,0.0,0.0,5.81,5.809,5.808,5.807,5.806,0.0,0.0,0.0,0.0,0.0,5.811,5.812,5.813,5.814,5.815,0.0,0.0,0.0,0.0,0.0,5300.0,17400.0,200.0,442200.0,429500.0,0.0,0.0,0.0,0.0,0.0,372600.0,709900.0,311100.0,479100.0,79000.0,0.0,0.0,0.0,0.0,0.0
2.02308e+16,SZSE,SZSE.ETF.159922,5.815,5.85,5.877,5.809,0.0,6.459,5.285,60646958.0,0.0,354611872.0,0.0,0.0,0.0,20230825,20230825,133640413,5.872,0.0,0.0,5.813,5.812,5.811,5.81,5.809,0.0,0.0,0.0,0.0,0.0,5.815,5.816,5.817,5.818,5.819,0.0,0.0,0.0,0.0,0.0,27100.0,438700.0,284900.0,260500.0,207000.0,0.0,0.0,0.0,0.0,0.0,80000.0,395000.0,551300.0,499100.0,215000.0,0.0,0.0,0.0,0.0,0.0
2.02308e+16,SZSE,SZSE.ETF.159922,5.814,5.85,5.877,5.809,0.0,6.459,5.285,60139158.0,0.0,351658036.9,0.0,0.0,0.0,20230825,20230825,133431488,5.872,0.0,0.0,5.813,5.812,5.811,5.81,5.809,0.0,0.0,0.0,0.0,0.0,5.814,5.815,5.816,5.817,5.818,0.0,0.0,0.0,0.0,0.0,14400.0,58600.0,265600.0,454100.0,97000.0,0.0,0.0,0.0,0.0,0.0,388400.0,368900.0,525500.0,144900.0,489900.0,0.0,0.0,0.0,0.0,0.0
2.02308e+16,SZSE,SZSE.ETF.159922,5.815,5.85,5.877,5.809,0.0,6.459,5.285,61567258.0,0.0,359962043.3,0.0,0.0,0.0,20230825,20230825,133837396,5.872,0.0,0.0,5.814,5.813,5.812,5.811,5.81,0.0,0.0,0.0,0.0,0.0,5.815,5.816,5.817,5.818,5.819,0.0,0.0,0.0,0.0,0.0,100.0,500.0,15000.0,234900.0,652100.0,0.0,0.0,0.0,0.0,0.0,456300.0,735000.0,246200.0,479100.0,115000.0,0.0,0.0,0.0,0.0,0.0
2.02308e+16,SZSE,SZSE.ETF.159922,5.808,5.85,5.877,5.808,0.0,6.459,5.285,61637558.0,0.0,360370537.0,0.0,0.0,0.0,20230825,20230825,133952446,5.872,0.0,0.0,5.808,5.807,5.806,5.805,5.804,0.0,0.0,0.0,0.0,0.0,5.81,5.811,5.812,5.813,5.814,0.0,0.0,0.0,0.0,0.0,3100.0,245400.0,421600.0,97100.0,355000.0,0.0,0.0,0.0,0.0,0.0,437300.0,661000.0,414100.0,294900.0,95000.0,0.0,0.0,0.0,0.0,0.0
2.02308e+16,SZSE,SZSE.ETF.159922,5.815,5.85,5.877,5.809,0.0,6.459,5.285,60646958.0,0.0,354611872.0,0.0,0.0,0.0,20230825,20230825,133643409,5.872,0.0,0.0,5.813,5.812,5.811,5.81,5.809,0.0,0.0,0.0,0.0,0.0,5.816,5.817,5.818,5.819,5.82,0.0,0.0,0.0,0.0,0.0,243800.0,465000.0,64900.0,260500.0,807000.0,0.0,0.0,0.0,0.0,0.0,285000.0,311300.0,444200.0,489900.0,140000.0,0.0,0.0,0.0,0.0,0.0
2.02308e+16,SZSE,SZSE.ETF.159922,5.81,5.85,5.877,5.807,0.0,6.459,5.285,61709958.0,0.0,360790968.5,0.0,0.0,0.0,20230825,20230825,134037453,5.872,0.0,0.0,5.807,5.806,5.805,5.804,5.803,0.0,0.0,0.0,0.0,0.0,5.809,5.81,5.811,5.812,5.813,0.0,0.0,0.0,0.0,0.0,60000.0,66000.0,41100.0,548500.0,213200.0,0.0,0.0,0.0,0.0,0.0,443200.0,695200.0,60000.0,509900.0,40000.0,0.0,0.0,0.0,0.0,0.0
2.02308e+16,SZSE,SZSE.ETF.159922,5.815,5.85,5.877,5.809,0.0,6.459,5.285,60647058.0,0.0,354612453.5,0.0,0.0,0.0,20230825,20230825,133713460,5.872,0.0,0.0,5.813,5.812,5.811,5.81,5.809,0.0,0.0,0.0,0.0,0.0,5.815,5.816,5.817,5.818,5.819,0.0,0.0,0.0,0.0,0.0,30100.0,438700.0,264900.0,101500.0,767000.0,0.0,0.0,0.0,0.0,0.0,249900.0,95000.0,511300.0,244200.0,489900.0,0.0,0.0,0.0,0.0,0.0
2.02308e+16,SZSE,SZSE.ETF.159922,5.811,5.85,5.877,5.809,0.0,6.459,5.285,61609758.0,0.0,360209018.1,0.0,0.0,0.0,20230825,20230825,133855404,5.872,0.0,0.0,5.811,5.81,5.809,5.808,5.807,0.0,0.0,0.0,0.0,0.0,5.814,5.815,5.816,5.817,5.818,0.0,0.0,0.0,0.0,0.0,100.0,725900.0,318200.0,250200.0,690300.0,0.0,0.0,0.0,0.0,0.0,197700.0,359900.0,510400.0,80000.0,529900.0,0.0,0.0,0.0,0.0,0.0
2.02308e+16,SZSE,SZSE.ETF.159922,5.815,5.85,5.877,5.809,0.0,6.459,5.285,60647058.0,0.0,354612453.5,0.0,0.0,0.0,20230825,20230825,133704475,5.872,0.0,0.0,5.813,5.812,5.811,5.81,5.809,0.0,0.0,0.0,0.0,0.0,5.815,5.816,5.817,5.818,5.819,0.0,0.0,0.0,0.0,0.0,30100.0,398700.0,264900.0,296500.0,712000.0,0.0,0.0,0.0,0.0,0.0,249900.0,95000.0,511300.0,244200.0,369900.0,0.0,0.0,0.0,0.0,0.0
2.02308e+16,SZSE,SZSE.ETF.159922,5.818,5.85,5.877,5.809,0.0,6.459,5.285,60506058.0,0.0,353792203.5,0.0,0.0,0.0,20230825,20230825,133537618,5.872,0.0,0.0,5.817,5.816,5.815,5.814,5.813,0.0,0.0,0.0,0.0,0.0,5.82,5.821,5.822,5.823,5.824,0.0,0.0,0.0,0.0,0.0,190400.0,449900.0,115000.0,379000.0,110000.0,0.0,0.0,0.0,0.0,0.0,138300.0,560000.0,306100.0,124200.0,573900.0,0.0,0.0,0.0,0.0,0.0
2.02308e+16,SZSE,SZSE.ETF.159922,5.811,5.85,5.877,5.809,0.0,6.459,5.285,61609758.0,38900.0,360209018.1,226047.9,0.0,0.0,20230825,20230825,133849486,5.872,0.0,0.0,5.81,5.809,5.808,5.807,5.806,0.0,0.0,0.0,0.0,0.0,5.814,5.815,5.816,5.817,5.818,0.0,0.0,0.0,0.0,0.0,685900.0,118200.0,830200.0,145300.0,380500.0,0.0,0.0,0.0,0.0,0.0,177800.0,399900.0,550400.0,60000.0,489900.0,0.0,0.0,0.0,0.0,0.0
2.02308e+16,SZSE,SZSE.ETF.159922,5.818,5.85,5.877,5.809,0.0,6.459,5.285,60506058.0,95000.0,353792203.5,552736.4,0.0,0.0,20230825,20230825,133531600,5.872,0.0,0.0,5.817,5.816,5.815,5.814,5.813,0.0,0.0,0.0,0.0,0.0,5.819,5.82,5.821,5.822,5.823,0.0,0.0,0.0,0.0,0.0,400.0,663600.0,131200.0,930000.0,185000.0,0.0,0.0,0.0,0.0,0.0,40000.0,388300.0,84200.0,501100.0,60000.0,0.0,0.0,0.0,0.0,0.0
2.02308e+16,SZSE,SZSE.ETF.159922,5.817,5.85,5.877,5.809,0.0,6.459,5.285,60411058.0,1200.0,353239467.1,6980.4,0.0,0.0,20230825,20230825,133519605,5.872,0.0,0.0,5.817,5.816,5.815,5.814,5.813,0.0,0.0,0.0,0.0,0.0,5.819,5.82,5.821,5.822,5.823,0.0,0.0,0.0,0.0,0.0,400.0,19900.0,224900.0,433700.0,152200.0,0.0,0.0,0.0,0.0,0.0,495100.0,540000.0,100000.0,533900.0,40000.0,0.0,0.0,0.0,0.0,0.0
2.02308e+16,SZSE,SZSE.ETF.159922,5.814,5.85,5.877,5.809,0.0,6.459,5.285,61567358.0,0.0,359962624.7,0.0,0.0,0.0,20230825,20230825,133840429,5.872,0.0,0.0,5.813,5.812,5.811,5.81,5.809,0.0,0.0,0.0,0.0,0.0,5.815,5.816,5.817,5.818,5.819,0.0,0.0,0.0,0.0,0.0,3500.0,15000.0,194900.0,400900.0,173200.0,0.0,0.0,0.0,0.0,0.0,456200.0,651200.0,60000.0,534100.0,40000.0,0.0,0.0,0.0,0.0,0.0
2.02308e+16,SZSE,SZSE.ETF.159922,5.812,5.85,5.877,5.809,0.0,6.459,5.285,60219758.0,36100.0,352126516.3,209813.2,0.0,0.0,20230825,20230825,133504491,5.872,0.0,0.0,5.814,5.813,5.812,5.811,5.81,0.0,0.0,0.0,0.0,0.0,5.815,5.816,5.817,5.818,5.819,0.0,0.0,0.0,0.0,0.0,336000.0,783700.0,260000.0,256100.0,834200.0,0.0,0.0,0.0,0.0,0.0,15000.0,60000.0,250000.0,429500.0,284200.0,0.0,0.0,0.0,0.0,0.0
2.02308e+16,SZSE,SZSE.ETF.159922,5.814,5.85,5.877,5.809,0.0,6.459,5.285,61567358.0,100.0,359962624.7,581.4,0.0,0.0,20230825,20230825,133840386,5.872,0.0,0.0,5.813,5.812,5.811,5.81,5.809,0.0,0.0,0.0,0.0,0.0,5.814,5.815,5.816,5.817,5.818,0.0,0.0,0.0,0.0,0.0,3500.0,15000.0,234900.0,615900.0,118200.0,0.0,0.0,0.0,0.0,0.0,106200.0,369900.0,791200.0,190000.0,479100.0,0.0,0.0,0.0,0.0,0.0
2.02308e+16,SZSE,SZSE.ETF.159922,5.815,5.85,5.877,5.809,0.0,6.459,5.285,60105358.0,0.0,351461538.0,0.0,0.0,0.0,20230825,20230825,133340429,5.872,0.0,0.0,5.815,5.814,5.813,5.812,5.811,0.0,0.0,0.0,0.0,0.0,5.817,5.818,5.819,5.82,5.821,0.0,0.0,0.0,0.0,0.0,166600.0,429400.0,96200.0,284200.0,825600.0,0.0,0.0,0.0,0.0,0.0,40000.0,502600.0,190000.0,466100.0,184200.0,0.0,0.0,0.0,0.0,0.0
2.02308e+16,SZSE,SZSE.ETF.159922,5.815,5.85,5.877,5.809,0.0,6.459,5.285,60646958.0,0.0,354611872.0,0.0,0.0,0.0,20230825,20230825,133652390,5.872,0.0,0.0,5.813,5.812,5.811,5.81,5.809,0.0,0.0,0.0,0.0,0.0,5.816,5.817,5.818,5.819,5.82,0.0,0.0,0.0,0.0,0.0,448800.0,296200.0,44900.0,310300.0,712000.0,0.0,0.0,0.0,0.0,0.0,190000.0,175000.0,605400.0,334900.0,235000.0,0.0,0.0,0.0,0.0,0.0
2.02308e+16,SZSE,SZSE.ETF.159922,5.817,5.85,5.877,5.809,0.0,6.459,5.285,60629658.0,0.0,354511267.9,0.0,0.0,0.0,20230825,20230825,133607574,5.872,0.0,0.0,5.815,5.814,5.813,5.812,5.811,0.0,0.0,0.0,0.0,0.0,5.819,5.82,5.821,5.822,5.823,0.0,0.0,0.0,0.0,0.0,34900.0,463700.0,356200.0,250000.0,713900.0,0.0,0.0,0.0,0.0,0.0,529300.0,416100.0,484900.0,505000.0,60000.0,0.0,0.0,0.0,0.0,0.0
2.02308e+16,SZSE,SZSE.ETF.159922,5.812,5.85,5.877,5.809,0.0,6.459,5.285,61620558.0,10800.0,360271787.7,62769.6,0.0,0.0,20230825,20230825,133904574,5.872,0.0,0.0,5.811,5.81,5.809,5.808,5.807,0.0,0.0,0.0,0.0,0.0,5.812,5.813,5.814,5.815,5.816,0.0,0.0,0.0,0.0,0.0,100.0,5300.0,207000.0,175800.0,355300.0,0.0,0.0,0.0,0.0,0.0,279100.0,631100.0,389900.0,294900.0,362000.0,0.0,0.0,0.0,0.0,0.0
2.02308e+16,SZSE,SZSE.ETF.159922,5.817,5.85,5.877,5.809,0.0,6.459,5.285,60631958.0,2300.0,354524647.0,13379.1,0.0,0.0,20230825,20230825,133610573,5.872,0.0,0.0,5.815,5.814,5.813,5.812,5.811,0.0,0.0,0.0,0.0,0.0,5.816,5.817,5.818,5.819,5.82,0.0,0.0,0.0,0.0,0.0,15000.0,40000.0,60000.0,423700.0,176100.0,0.0,0.0,0.0,0.0,0.0,190000.0,295100.0,326100.0,419100.0,310000.0,0.0,0.0,0.0,0.0,0.0
2.02308e+16,SZSE,SZSE.ETF.159922,5.815,5.85,5.877,5.809,0.0,6.459,5.285,60025858.0,0.0,350999308.5,0.0,0.0,0.0,20230825,20230825,133158541,5.872,0.0,0.0,5.813,5.812,5.811,5.81,5.809,0.0,0.0,0.0,0.0,0.0,5.816,5.817,5.818,5.819,5.82,0.0,0.0,0.0,0.0,0.0,251000.0,80500.0,526800.0,323100.0,716900.0,0.0,0.0,0.0,0.0,0.0,340700.0,574500.0,200000.0,414100.0,200000.0,0.0,0.0,0.0,0.0,0.0
2.02308e+16,SZSE,SZSE.ETF.159922,5.816,5.85,5.877,5.809,0.0,6.459,5.285,60074358.0,0.0,351281272.4,0.0,0.0,0.0,20230825,20230825,133258530,5.872,0.0,0.0,5.815,5.814,5.813,5.812,5.811,0.0,0.0,0.0,0.0,0.0,5.817,5.818,5.819,5.82,5.821,0.0,0.0,0.0,0.0,0.0,6500.0,55000.0,680300.0,124200.0,115600.0,0.0,0.0,0.0,0.0,0.0,447900.0,344500.0,456100.0,180000.0,414100.0,0.0,0.0,0.0,0.0,0.0
2.02308e+16,SZSE,SZSE.ETF.159922,5.816,5.85,5.877,5.809,0.0,6.459,5.285,60025558.0,0.0,350997564.0,0.0,0.0,0.0,20230825,20230825,133134546,5.872,0.0,0.0,5.814,5.813,5.812,5.811,5.81,0.0,0.0,0.0,0.0,0.0,5.816,5.817,5.818,5.819,5.82,0.0,0.0,0.0,0.0,0.0,240000.0,481000.0,216400.0,80600.0,952800.0,0.0,0.0,0.0,0.0,0.0,11100.0,359900.0,458300.0,320300.0,509900.0,0.0,0.0,0.0,0.0,0.0
2.02308e+16,SZSE,SZSE.ETF.159922,5.818,5.85,5.877,5.809,0.0,6.459,5.285,60014458.0,34900.0,350933006.4,203048.2,0.0,0.0,20230825,20230825,133113565,5.872,0.0,0.0,5.816,5.815,5.814,5.813,5.812,0.0,0.0,0.0,0.0,0.0,5.819,5.82,5.821,5.822,5.823,0.0,0.0,0.0,0.0,0.0,215000.0,230000.0,331200.0,91000.0,1000200.0,0.0,0.0,0.0,0.0,0.0,289900.0,225000.0,456100.0,180000.0,123200.0,0.0,0.0,0.0,0.0,0.0
2.02308e+16,SZSE,SZSE.ETF.159922,5.816,5.85,5.877,5.809,0.0,6.459,5.285,60025558.0,0.0,350997564.0,0.0,0.0,0.0,20230825,20230825,133152490,5.872,0.0,0.0,5.813,5.812,5.811,5.81,5.809,0.0,0.0,0.0,0.0,0.0,5.816,5.817,5.818,5.819,5.82,0.0,0.0,0.0,0.0,0.0,251000.0,280200.0,326800.0,163100.0,766900.0,0.0,0.0,0.0,0.0,0.0,341000.0,338300.0,416100.0,394100.0,200000.0,0.0,0.0,0.0,0.0,0.0
2.02308e+16,SZSE,SZSE.ETF.159922,5.814,5.85,5.877,5.809,0.0,6.459,5.285,60063258.0,0.0,351216714.8,0.0,0.0,0.0,20230825,20230825,133234468,5.872,0.0,0.0,5.812,5.811,5.81,5.809,5.808,0.0,0.0,0.0,0.0,0.0,5.814,5.815,5.816,5.817,5.818,0.0,0.0,0.0,0.0,0.0,6000.0,564700.0,23800.0,98100.0,955100.0,0.0,0.0,0.0,0.0,0.0,270000.0,354200.0,71100.0,295000.0,200000.0,0.0,0.0,0.0,0.0,0.0
2.02308e+16,SZSE,SZSE.ETF.159922,5.816,5.85,5.877,5.809,0.0,6.459,5.285,60025558.0,0.0,350997564.0,0.0,0.0,0.0,20230825,20230825,133140470,5.872,0.0,0.0,5.813,5.812,5.811,5.81,5.809,0.0,0.0,0.0,0.0,0.0,5.816,5.817,5.818,5.819,5.82,0.0,0.0,0.0,0.0,0.0,481000.0,316400.0,80600.0,407800.0,691900.0,0.0,0.0,0.0,0.0,0.0,111000.0,379900.0,658300.0,76100.0,509900.0,0.0,0.0,0.0,0.0,0.0
2.02308e+16,SZSE,SZSE.ETF.159922,5.816,5.85,5.877,5.809,0.0,6.459,5.285,60025558.0,0.0,350997564.0,0.0,0.0,0.0,20230825,20230825,133131498,5.872,0.0,0.0,5.814,5.813,5.812,5.811,5.81,0.0,0.0,0.0,0.0,0.0,5.816,5.817,5.818,5.819,5.82,0.0,0.0,0.0,0.0,0.0,280000.0,537200.0,60200.0,115600.0,882800.0,0.0,0.0,0.0,0.0,0.0,11100.0,359900.0,308300.0,250000.0,566000.0,0.0,0.0,0.0,0.0,0.0
2.02308e+16,SZSE,SZSE.ETF.159922,5.817,5.85,5.877,5.809,0.0,6.459,5.285,60106458.0,1100.0,351467936.7,6398.7,0.0,0.0,20230825,20230825,133346472,5.872,0.0,0.0,5.815,5.814,5.813,5.812,5.811,0.0,0.0,0.0,0.0,0.0,5.817,5.818,5.819,5.82,5.821,0.0,0.0,0.0,0.0,0.0,182700.0,233700.0,351200.0,284200.0,760600.0,0.0,0.0,0.0,0.0,0.0,176500.0,528100.0,450300.0,200000.0,439100.0,0.0,0.0,0.0,0.0,0.0
2.02308e+16,SZSE,SZSE.ETF.159922,5.815,5.85,5.877,5.809,0.0,6.459,5.285,60105358.0,0.0,351461538.0,0.0,0.0,0.0,20230825,20230825,133331430,5.872,0.0,0.0,5.815,5.814,5.813,5.812,5.811,0.0,0.0,0.0,0.0,0.0,5.817,5.818,5.819,5.82,5.821,0.0,0.0,0.0,0.0,0.0,165900.0,255700.0,273700.0,140400.0,735600.0,0.0,0.0,0.0,0.0,0.0,40000.0,532600.0,456100.0,180000.0,494100.0,0.0,0.0,0.0,0.0,0.0
2.02308e+16,SZSE,SZSE.ETF.159922,5.816,5.85,5.877,5.809,0.0,6.459,5.285,60025558.0,11100.0,350997564.0,64557.6,0.0,0.0,20230825,20230825,133119571,5.872,0.0,0.0,5.814,5.813,5.812,5.811,5.81,0.0,0.0,0.0,0.0,0.0,5.816,5.817,5.818,5.819,5.82,0.0,0.0,0.0,0.0,0.0,200000.0,281000.0,571400.0,40600.0,912800.0,0.0,0.0,0.0,0.0,0.0,71000.0,369900.0,744400.0,220000.0,294900.0,0.0,0.0,0.0,0.0,0.0
2.02308e+16,SZSE,SZSE.ETF.159922,5.816,5.85,5.877,5.809,0.0,6.459,5.285,60025558.0,0.0,350997564.0,0.0,0.0,0.0,20230825,20230825,133137534,5.872,0.0,0.0,5.813,5.812,5.811,5.81,5.809,0.0,0.0,0.0,0.0,0.0,5.816,5.817,5.818,5.819,5.82,0.0,0.0,0.0,0.0,0.0,481000.0,316400.0,80600.0,407800.0,691900.0,0.0,0.0,0.0,0.0,0.0,111000.0,379900.0,658300.0,76100.0,509900.0,0.0,0.0,0.0,0.0,0.0
2.02308e+16,SZSE,SZSE.ETF.159922,5.816,5.85,5.877,5.809,0.0,6.459,5.285,60025558.0,0.0,350997564.0,0.0,0.0,0.0,20230825,20230825,133134544,5.872,0.0,0.0,5.813,5.812,5.811,5.81,5.809,0.0,0.0,0.0,0.0,0.0,5.816,5.817,5.818,5.819,5.82,0.0,0.0,0.0,0.0,0.0,517200.0,300200.0,80600.0,957800.0,91800.0,0.0,0.0,0.0,0.0,0.0,31000.0,359900.0,658300.0,76100.0,509900.0,0.0,0.0,0.0,0.0,0.0
2.02308e+16,SZSE,SZSE.ETF.159922,5.815,5.85,5.877,5.809,0.0,6.459,5.285,60105358.0,0.0,351461538.0,0.0,0.0,0.0,20230825,20230825,133337411,5.872,0.0,0.0,5.815,5.814,5.813,5.812,5.811,0.0,0.0,0.0,0.0,0.0,5.818,5.819,5.82,5.821,5.822,0.0,0.0,0.0,0.0,0.0,165900.0,429400.0,96200.0,204200.0,805600.0,0.0,0.0,0.0,0.0,0.0,502600.0,230000.0,466100.0,439100.0,235000.0,0.0,0.0,0.0,0.0,0.0
2.02308e+16,SZSE,SZSE.ETF.159922,5.815,5.85,5.877,5.809,0.0,6.459,5.285,60025858.0,300.0,350999308.5,1744.5,0.0,0.0,20230825,20230825,133158447,5.872,0.0,0.0,5.813,5.812,5.811,5.81,5.809,0.0,0.0,0.0,0.0,0.0,5.815,5.816,5.817,5.818,5.819,0.0,0.0,0.0,0.0,0.0,251000.0,280200.0,326800.0,323100.0,716900.0,0.0,0.0,0.0,0.0,0.0,19600.0,481000.0,538300.0,216100.0,394100.0,0.0,0.0,0.0,0.0,0.0
2.02308e+16,SZSE,SZSE.ETF.159922,5.816,5.85,5.877,5.809,0.0,6.459,5.285,60025558.0,0.0,350997564.0,0.0,0.0,0.0,20230825,20230825,133146545,5.872,0.0,0.0,5.813,5.812,5.811,5.81,5.809,0.0,0.0,0.0,0.0,0.0,5.815,5.816,5.817,5.818,5.819,0.0,0.0,0.0,0.0,0.0,251000.0,40200.0,450600.0,399000.0,756900.0,0.0,0.0,0.0,0.0,0.0,19900.0,381000.0,614500.0,180000.0,394100.0,0.0,0.0,0.0,0.0,0.0
2.02308e+16,SZSE,SZSE.ETF.159922,5.816,5.85,5.877,5.809,0.0,6.459,5.285,60025558.0,0.0,350997564.0,0.0,0.0,0.0,20230825,20230825,133143486,5.872,0.0,0.0,5.813,5.812,5.811,5.81,5.809,0.0,0.0,0.0,0.0,0.0,5.816,5.817,5.818,5.819,5.82,0.0,0.0,0.0,0.0,0.0,241000.0,280200.0,356800.0,162800.0,696900.0,0.0,0.0,0.0,0.0,0.0,111000.0,678300.0,376000.0,339100.0,255000.0,0.0,0.0,0.0,0.0,0.0
2.02308e+16,SZSE,SZSE.ETF.159922,5.817,5.85,5.877,5.809,0.0,6.459,5.285,60106558.0,0.0,351468518.4,0.0,0.0,0.0,20230825,20230825,133358445,5.872,0.0,0.0,5.815,5.814,5.813,5.812,5.811,0.0,0.0,0.0,0.0,0.0,5.816,5.817,5.818,5.819,5.82,0.0,0.0,0.0,0.0,0.0,100.0,15000.0,191900.0,437900.0,171800.0,0.0,0.0,0.0,0.0,0.0,40000.0,486400.0,599200.0,114200.0,489900.0,0.0,0.0,0.0,0.0,0.0
2.02308e+16,SZSE,SZSE.ETF.159922,5.813,5.85,5.877,5.809,0.0,6.459,5.285,60063158.0,0.0,351216133.4,0.0,0.0,0.0,20230825,20230825,133216492,5.872,0.0,0.0,5.813,5.812,5.811,5.81,5.809,0.0,0.0,0.0,0.0,0.0,5.815,5.816,5.817,5.818,5.819,0.0,0.0,0.0,0.0,0.0,190000.0,76700.0,434300.0,323300.0,756900.0,0.0,0.0,0.0,0.0,0.0,198400.0,430700.0,459900.0,236100.0,339100.0,0.0,0.0,0.0,0.0,0.0
2.02308e+16,SZSE,SZSE.ETF.159922,5.815,5.85,5.877,5.809,0.0,6.459,5.285,60025858.0,0.0,350999308.5,0.0,0.0,0.0,20230825,20230825,133201501,5.872,0.0,0.0,5.813,5.812,5.811,5.81,5.809,0.0,0.0,0.0,0.0,0.0,5.816,5.817,5.818,5.819,5.82,0.0,0.0,0.0,0.0,0.0,251000.0,80500.0,526800.0,323100.0,716900.0,0.0,0.0,0.0,0.0,0.0,340700.0,574500.0,200000.0,414100.0,200000.0,0.0,0.0,0.0,0.0,0.0
2.02308e+16,SZSE,SZSE.ETF.159922,5.815,5.85,5.877,5.809,0.0,6.459,5.285,60105358.0,0.0,351461538.0,0.0,0.0,0.0,20230825,20230825,133343437,5.872,0.0,0.0,5.817,5.816,5.815,5.814,5.813,0.0,0.0,0.0,0.0,0.0,5.818,5.819,5.82,5.821,5.822,0.0,0.0,0.0,0.0,0.0,1100.0,40000.0,206600.0,448700.0,136200.0,0.0,0.0,0.0,0.0,0.0,344200.0,307600.0,446100.0,239200.0,494900.0,0.0,0.0,0.0,0.0,0.0
2.02308e+16,SZSE,SZSE.ETF.159922,5.812,5.85,5.877,5.809,0.0,6.459,5.285,60219758.0,36100.0,352126516.3,209813.2,0.0,0.0,20230825,20230825,133501533,5.872,0.0,0.0,5.814,5.813,5.812,5.811,5.81,0.0,0.0,0.0,0.0,0.0,5.815,5.816,5.817,5.818,5.819,0.0,0.0,0.0,0.0,0.0,336000.0,783700.0,260000.0,256100.0,834200.0,0.0,0.0,0.0,0.0,0.0,15000.0,60000.0,250000.0,429500.0,284200.0,0.0,0.0,0.0,0.0,0.0
2.02308e+16,SZSE,SZSE.ETF.159922,5.813,5.85,5.877,5.809,0.0,6.459,5.285,60063158.0,0.0,351216133.4,0.0,0.0,0.0,20230825,20230825,133210556,5.872,0.0,0.0,5.812,5.811,5.81,5.809,5.808,0.0,0.0,0.0,0.0,0.0,5.816,5.817,5.818,5.819,5.82,0.0,0.0,0.0,0.0,0.0,414200.0,486800.0,303100.0,701900.0,325100.0,0.0,0.0,0.0,0.0,0.0,499100.0,439900.0,256100.0,359100.0,255000.0,0.0,0.0,0.0,0.0,0.0
2.02308e+16,SZSE,SZSE.ETF.159922,5.813,5.85,5.877,5.809,0.0,6.459,5.285,60063158.0,0.0,351216133.4,0.0,0.0,0.0,20230825,20230825,133213506,5.872,0.0,0.0,5.813,5.812,5.811,5.81,5.809,0.0,0.0,0.0,0.0,0.0,5.816,5.817,5.818,5.819,5.82,0.0,0.0,0.0,0.0,0.0,190000.0,454200.0,456800.0,303100.0,691900.0,0.0,0.0,0.0,0.0,0.0,419100.0,239900.0,436100.0,339100.0,235000.0,0.0,0.0,0.0,0.0,0.0
2.02308e+16,SZSE,SZSE.ETF.159922,5.814,5.85,5.877,5.809,0.0,6.459,5.285,60139158.0,32500.0,351658036.9,188937.0,0.0,0.0,20230825,20230825,133422566,5.872,0.0,0.0,5.812,5.811,5.81,5.809,5.808,0.0,0.0,0.0,0.0,0.0,5.814,5.815,5.816,5.817,5.818,0.0,0.0,0.0,0.0,0.0,18600.0,265600.0,237900.0,278200.0,375200.0,0.0,0.0,0.0,0.0,0.0,350000.0,448900.0,386200.0,294900.0,317400.0,0.0,0.0,0.0,0.0,0.0
2.02308e+16,SZSE,SZSE.ETF.159922,5.81,5.85,5.877,5.807,0.0,6.459,5.285,61709958.0,0.0,360790968.5,0.0,0.0,0.0,20230825,20230825,134034495,5.872,0.0,0.0,5.807,5.806,5.805,5.804,5.803,0.0,0.0,0.0,0.0,0.0,5.809,5.81,5.811,5.812,5.813,0.0,0.0,0.0,0.0,0.0,60000.0,66000.0,41100.0,548500.0,213200.0,0.0,0.0,0.0,0.0,0.0,443200.0,695200.0,60000.0,509900.0,40000.0,0.0,0.0,0.0,0.0,0.0
2.02308e+16,SZSE,SZSE.ETF.159922,5.814,5.85,5.877,5.809,0.0,6.459,5.285,60063258.0,0.0,351216714.8,0.0,0.0,0.0,20230825,20230825,133225508,5.872,0.0,0.0,5.812,5.811,5.81,5.809,5.808,0.0,0.0,0.0,0.0,0.0,5.814,5.815,5.816,5.817,5.818,0.0,0.0,0.0,0.0,0.0,1500.0,600.0,393700.0,275600.0,391300.0,0.0,0.0,0.0,0.0,0.0,447900.0,455800.0,421100.0,294900.0,235000.0,0.0,0.0,0.0,0.0,0.0
2.02308e+16,SZSE,SZSE.ETF.159922,5.814,5.85,5.877,5.809,0.0,6.459,5.285,60063258.0,100.0,351216714.8,581.4,0.0,0.0,20230825,20230825,133219479,5.872,0.0,0.0,5.812,5.811,5.81,5.809,5.808,0.0,0.0,0.0,0.0,0.0,5.814,5.815,5.816,5.817,5.818,0.0,0.0,0.0,0.0,0.0,200.0,270900.0,613200.0,136900.0,780100.0,0.0,0.0,0.0,0.0,0.0,137900.0,399600.0,610700.0,266200.0,434900.0,0.0,0.0,0.0,0.0,0.0
2.02308e+16,SZSE,SZSE.ETF.159922,5.815,5.85,5.877,5.809,0.0,6.459,5.285,60106658.0,100.0,351469099.9,581.5,0.0,0.0,20230825,20230825,133410460,5.872,0.0,0.0,5.814,5.813,5.812,5.811,5.81,0.0,0.0,0.0,0.0,0.0,5.815,5.816,5.817,5.818,5.819,0.0,0.0,0.0,0.0,0.0,15000.0,231900.0,474100.0,135600.0,954200.0,0.0,0.0,0.0,0.0,0.0,28400.0,58000.0,486400.0,489200.0,104200.0,0.0,0.0,0.0,0.0,0.0
2.02308e+16,SZSE,SZSE.ETF.159922,5.816,5.85,5.877,5.809,0.0,6.459,5.285,60025558.0,0.0,350997564.0,0.0,0.0,0.0,20230825,20230825,133149503,5.872,0.0,0.0,5.813,5.812,5.811,5.81,5.809,0.0,0.0,0.0,0.0,0.0,5.815,5.816,5.817,5.818,5.819,0.0,0.0,0.0,0.0,0.0,251000.0,40200.0,450600.0,399000.0,756900.0,0.0,0.0,0.0,0.0,0.0,19900.0,381000.0,614500.0,180000.0,394100.0,0.0,0.0,0.0,0.0,0.0
2.02308e+16,SZSE,SZSE.ETF.159922,5.818,5.85,5.877,5.809,0.0,6.459,5.285,60014458.0,0.0,350933006.4,0.0,0.0,0.0,20230825,20230825,133116531,5.872,0.0,0.0,5.816,5.815,5.814,5.813,5.812,0.0,0.0,0.0,0.0,0.0,5.817,5.818,5.819,5.82,5.821,0.0,0.0,0.0,0.0,0.0,15000.0,40000.0,336200.0,301000.0,519200.0,0.0,0.0,0.0,0.0,0.0,19900.0,699900.0,578300.0,285000.0,395200.0,0.0,0.0,0.0,0.0,0.0
2.02308e+16,SZSE,SZSE.ETF.159922,5.816,5.85,5.877,5.809,0.0,6.459,5.285,60025558.0,0.0,350997564.0,0.0,0.0,0.0,20230825,20230825,133155476,5.872,0.0,0.0,5.813,5.812,5.811,5.81,5.809,0.0,0.0,0.0,0.0,0.0,5.815,5.816,5.817,5.818,5.819,0.0,0.0,0.0,0.0,0.0,251000.0,280200.0,326800.0,323100.0,766900.0,0.0,0.0,0.0,0.0,0.0,19900.0,381000.0,558300.0,236100.0,339100.0,0.0,0.0,0.0,0.0,0.0
2.02308e+16,SZSE,SZSE.ETF.159922,5.816,5.85,5.877,5.809,0.0,6.459,5.285,60074358.0,2300.0,351281272.4,13376.8,0.0,0.0,20230825,20230825,133252541,5.872,0.0,0.0,5.815,5.814,5.813,5.812,5.811,0.0,0.0,0.0,0.0,0.0,5.818,5.819,5.82,5.821,5.822,0.0,0.0,0.0,0.0,0.0,276500.0,269100.0,296200.0,224200.0,765600.0,0.0,0.0,0.0,0.0,0.0,152900.0,480000.0,311100.0,339100.0,231000.0,0.0,0.0,0.0,0.0,0.0
2.02308e+16,SZSE,SZSE.ETF.159922,5.816,5.85,5.877,5.809,0.0,6.459,5.285,60072058.0,0.0,351267895.6,0.0,0.0,0.0,20230825,20230825,133246542,5.872,0.0,0.0,5.815,5.814,5.813,5.812,5.811,0.0,0.0,0.0,0.0,0.0,5.816,5.818,5.819,5.82,5.821,0.0,0.0,0.0,0.0,0.0,196500.0,80400.0,509900.0,64200.0,785600.0,0.0,0.0,0.0,0.0,0.0,2300.0,157900.0,460000.0,311100.0,299100.0,0.0,0.0,0.0,0.0,0.0
2.02308e+16,SZSE,SZSE.ETF.159922,5.815,5.85,5.877,5.809,0.0,6.459,5.285,60105358.0,0.0,351461538.0,0.0,0.0,0.0,20230825,20230825,133328419,5.872,0.0,0.0,5.815,5.814,5.813,5.812,5.811,0.0,0.0,0.0,0.0,0.0,5.817,5.818,5.819,5.82,5.821,0.0,0.0,0.0,0.0,0.0,165900.0,55700.0,473700.0,140400.0,135600.0,0.0,0.0,0.0,0.0,0.0,177600.0,614200.0,300300.0,434900.0,195000.0,0.0,0.0,0.0,0.0,0.0
2.02308e+16,SZSE,SZSE.ETF.159922,5.808,5.85,5.877,5.807,0.0,6.459,5.285,61749958.0,40000.0,361023288.5,232320.0,0.0,0.0,20230825,20230825,134058458,5.872,0.0,0.0,5.807,5.806,5.805,5.804,5.803,0.0,0.0,0.0,0.0,0.0,5.808,5.809,5.81,5.811,5.812,0.0,0.0,0.0,0.0,0.0,30000.0,26000.0,41100.0,724700.0,122000.0,0.0,0.0,0.0,0.0,0.0,17900.0,403200.0,795000.0,120000.0,474900.0,0.0,0.0,0.0,0.0,0.0
2.02308e+16,SZSE,SZSE.ETF.159922,5.816,5.85,5.877,5.809,0.0,6.459,5.285,60072058.0,0.0,351267895.6,0.0,0.0,0.0,20230825,20230825,133243584,5.872,0.0,0.0,5.815,5.814,5.813,5.812,5.811,0.0,0.0,0.0,0.0,0.0,5.816,5.818,5.819,5.82,5.821,0.0,0.0,0.0,0.0,0.0,196500.0,80400.0,509900.0,64200.0,785600.0,0.0,0.0,0.0,0.0,0.0,2300.0,157900.0,460000.0,311100.0,299100.0,0.0,0.0,0.0,0.0,0.0
2.02308e+16,SZSE,SZSE.ETF.159922,5.814,5.85,5.877,5.809,0.0,6.459,5.285,60139158.0,0.0,351658036.9,0.0,0.0,0.0,20230825,20230825,133428487,5.872,0.0,0.0,5.813,5.812,5.811,5.81,5.809,0.0,0.0,0.0,0.0,0.0,5.814,5.815,5.816,5.817,5.818,0.0,0.0,0.0,0.0,0.0,14400.0,58600.0,439300.0,244200.0,78200.0,0.0,0.0,0.0,0.0,0.0,270000.0,321800.0,561700.0,108700.0,509900.0,0.0,0.0,0.0,0.0,0.0
2.02308e+16,SZSE,SZSE.ETF.159922,5.814,5.85,5.877,5.809,0.0,6.459,5.285,60063258.0,0.0,351216714.8,0.0,0.0,0.0,20230825,20230825,133228438,5.872,0.0,0.0,5.812,5.811,5.81,5.809,5.808,0.0,0.0,0.0,0.0,0.0,5.814,5.815,5.816,5.817,5.818,0.0,0.0,0.0,0.0,0.0,5000.0,191000.0,397500.0,118100.0,335100.0,0.0,0.0,0.0,0.0,0.0,407900.0,425800.0,361100.0,294900.0,235000.0,0.0,0.0,0.0,0.0,0.0
2.02308e+16,SZSE,SZSE.ETF.159922,5.807,5.85,5.877,5.807,0.0,6.459,5.285,61819958.0,70000.0,361429778.5,406490.0,0.0,0.0,20230825,20230825,134104484,5.872,0.0,0.0,5.806,5.805,5.804,5.803,5.802,0.0,0.0,0.0,0.0,0.0,5.807,5.808,5.809,5.81,5.811,0.0,0.0,0.0,0.0,0.0,11000.0,35900.0,291000.0,471700.0,304100.0,0.0,0.0,0.0,0.0,0.0,200000.0,160000.0,805000.0,350200.0,294900.0,0.0,0.0,0.0,0.0,0.0
2.02308e+16,SZSE,SZSE.ETF.159922,5.816,5.85,5.877,5.809,0.0,6.459,5.285,60074358.0,2300.0,351281272.4,13376.8,0.0,0.0,20230825,20230825,133249583,5.872,0.0,0.0,5.815,5.814,5.813,5.812,5.811,0.0,0.0,0.0,0.0,0.0,5.818,5.819,5.82,5.821,5.822,0.0,0.0,0.0,0.0,0.0,276500.0,269100.0,296200.0,224200.0,765600.0,0.0,0.0,0.0,0.0,0.0,152900.0,480000.0,311100.0,339100.0,231000.0,0.0,0.0,0.0,0.0,0.0
2.02308e+16,SZSE,SZSE.ETF.159922,5.814,5.85,5.877,5.809,0.0,6.459,5.285,60183658.0,1700.0,351916703.1,9883.8,0.0,0.0,20230825,20230825,133458445,5.872,0.0,0.0,5.812,5.811,5.81,5.809,5.808,0.0,0.0,0.0,0.0,0.0,5.814,5.815,5.816,5.817,5.818,0.0,0.0,0.0,0.0,0.0,20000.0,639300.0,44200.0,42000.0,1041400.0,0.0,0.0,0.0,0.0,0.0,38300.0,519600.0,189900.0,270000.0,255000.0,0.0,0.0,0.0,0.0,0.0
2.02308e+16,SZSE,SZSE.ETF.159922,5.817,5.85,5.877,5.809,0.0,6.459,5.285,60106558.0,100.0,351468518.4,581.7,0.0,0.0,20230825,20230825,133352436,5.872,0.0,0.0,5.815,5.814,5.813,5.812,5.811,0.0,0.0,0.0,0.0,0.0,5.817,5.818,5.819,5.82,5.821,0.0,0.0,0.0,0.0,0.0,165900.0,56800.0,473700.0,240400.0,115600.0,0.0,0.0,0.0,0.0,0.0,58000.0,753100.0,255300.0,180000.0,612500.0,0.0,0.0,0.0,0.0,0.0
2.02308e+16,SZSE,SZSE.ETF.159922,5.805,5.85,5.877,5.805,0.0,6.459,5.285,61834358.0,3100.0,361513383.1,17996.2,0.0,0.0,20230825,20230825,134116464,5.872,0.0,0.0,5.804,5.803,5.802,5.801,5.8,0.0,0.0,0.0,0.0,0.0,5.806,5.807,5.808,5.809,5.81,0.0,0.0,0.0,0.0,0.0,35200.0,510500.0,64100.0,151900.0,1039000.0,0.0,0.0,0.0,0.0,0.0,20500.0,470000.0,455800.0,260000.0,509900.0,0.0,0.0,0.0,0.0,0.0
2.02308e+16,SZSE,SZSE.ETF.159922,5.816,5.85,5.877,5.809,0.0,6.459,5.285,60074358.0,0.0,351281272.4,0.0,0.0,0.0,20230825,20230825,133255550,5.872,0.0,0.0,5.815,5.814,5.813,5.812,5.811,0.0,0.0,0.0,0.0,0.0,5.817,5.818,5.819,5.82,5.821,0.0,0.0,0.0,0.0,0.0,251500.0,80400.0,509900.0,324200.0,745600.0,0.0,0.0,0.0,0.0,0.0,19500.0,257900.0,605000.0,276100.0,379100.0,0.0,0.0,0.0,0.0,0.0
2.02308e+16,SZSE,SZSE.ETF.159922,5.814,5.85,5.877,5.809,0.0,6.459,5.285,60153558.0,14400.0,351741758.5,83721.6,0.0,0.0,20230825,20230825,133434486,5.872,0.0,0.0,5.812,5.811,5.81,5.809,5.808,0.0,0.0,0.0,0.0,0.0,5.815,5.816,5.817,5.818,5.819,0.0,0.0,0.0,0.0,0.0,582300.0,15600.0,44200.0,753200.0,350200.0,0.0,0.0,0.0,0.0,0.0,83400.0,444600.0,108700.0,485000.0,459100.0,0.0,0.0,0.0,0.0,0.0
2.02308e+16,SZSE,SZSE.ETF.159922,5.802,5.85,5.877,5.796,0.0,6.459,5.285,64267658.0,0.0,375634443.9,0.0,0.0,0.0,20230825,20230825,134922464,5.872,0.0,0.0,5.8,5.799,5.798,5.797,5.796,0.0,0.0,0.0,0.0,0.0,5.802,5.803,5.804,5.805,5.806,0.0,0.0,0.0,0.0,0.0,192500.0,434900.0,98600.0,198000.0,820500.0,0.0,0.0,0.0,0.0,0.0,40000.0,340000.0,550000.0,306200.0,649900.0,0.0,0.0,0.0,0.0,0.0
2.02308e+16,SZSE,SZSE.ETF.159922,5.805,5.85,5.877,5.805,0.0,6.459,5.285,61834358.0,0.0,361513383.1,0.0,0.0,0.0,20230825,20230825,134128449,5.872,0.0,0.0,5.804,5.803,5.802,5.801,5.8,0.0,0.0,0.0,0.0,0.0,5.806,5.807,5.808,5.809,5.81,0.0,0.0,0.0,0.0,0.0,20200.0,585500.0,160400.0,60600.0,1114000.0,0.0,0.0,0.0,0.0,0.0,20500.0,445000.0,591100.0,110000.0,569900.0,0.0,0.0,0.0,0.0,0.0
2.02308e+16,SZSE,SZSE.ETF.159922,5.816,5.85,5.877,5.809,0.0,6.459,5.285,60074358.0,0.0,351281272.4,0.0,0.0,0.0,20230825,20230825,133304501,5.872,0.0,0.0,5.815,5.814,5.813,5.812,5.811,0.0,0.0,0.0,0.0,0.0,5.817,5.818,5.819,5.82,5.821,0.0,0.0,0.0,0.0,0.0,6500.0,15000.0,564100.0,100400.0,155600.0,0.0,0.0,0.0,0.0,0.0,407900.0,260600.0,420000.0,434900.0,159200.0,0.0,0.0,0.0,0.0,0.0
2.02308e+16,SZSE,SZSE.ETF.159922,5.814,5.85,5.877,5.809,0.0,6.459,5.285,60153558.0,0.0,351741758.5,0.0,0.0,0.0,20230825,20230825,133437469,5.872,0.0,0.0,5.812,5.811,5.81,5.809,5.808,0.0,0.0,0.0,0.0,0.0,5.815,5.816,5.817,5.818,5.819,0.0,0.0,0.0,0.0,0.0,642900.0,396800.0,184200.0,712000.0,305200.0,0.0,0.0,0.0,0.0,0.0,28400.0,443400.0,90000.0,456100.0,394100.0,0.0,0.0,0.0,0.0,0.0
2.02308e+16,SZSE,SZSE.ETF.159922,5.81,5.85,5.877,5.807,0.0,6.459,5.285,61709958.0,0.0,360790968.5,0.0,0.0,0.0,20230825,20230825,134055514,5.872,0.0,0.0,5.808,5.807,5.806,5.805,5.804,0.0,0.0,0.0,0.0,0.0,5.809,5.81,5.811,5.812,5.813,0.0,0.0,0.0,0.0,0.0,40500.0,70000.0,66000.0,81100.0,569500.0,0.0,0.0,0.0,0.0,0.0,443200.0,695000.0,60000.0,453900.0,60000.0,0.0,0.0,0.0,0.0,0.0
2.02308e+16,SZSE,SZSE.ETF.159922,5.816,5.85,5.877,5.809,0.0,6.459,5.285,60072058.0,8800.0,351267895.6,51180.8,0.0,0.0,20230825,20230825,133240611,5.872,0.0,0.0,5.815,5.814,5.813,5.812,5.811,0.0,0.0,0.0,0.0,0.0,5.816,5.817,5.818,5.819,5.82,0.0,0.0,0.0,0.0,0.0,196500.0,40400.0,509900.0,105500.0,699600.0,0.0,0.0,0.0,0.0,0.0,2300.0,19500.0,157900.0,460000.0,291100.0,0.0,0.0,0.0,0.0,0.0
2.02308e+16,SZSE,SZSE.ETF.159922,5.815,5.85,5.877,5.809,0.0,6.459,5.285,60105358.0,0.0,351461538.0,0.0,0.0,0.0,20230825,20230825,133331454,5.872,0.0,0.0,5.815,5.814,5.813,5.812,5.811,0.0,0.0,0.0,0.0,0.0,5.818,5.819,5.82,5.821,5.822,0.0,0.0,0.0,0.0,0.0,165900.0,295700.0,309900.0,204200.0,785600.0,0.0,0.0,0.0,0.0,0.0,462600.0,410000.0,246100.0,494100.0,240000.0,0.0,0.0,0.0,0.0,0.0
2.02308e+16,SZSE,SZSE.ETF.159922,5.814,5.85,5.877,5.809,0.0,6.459,5.285,60153558.0,0.0,351741758.5,0.0,0.0,0.0,20230825,20230825,133440468,5.872,0.0,0.0,5.812,5.811,5.81,5.809,5.808,0.0,0.0,0.0,0.0,0.0,5.815,5.816,5.817,5.818,5.819,0.0,0.0,0.0,0.0,0.0,305400.0,514300.0,224200.0,702000.0,405200.0,0.0,0.0,0.0,0.0,0.0,28400.0,344900.0,398400.0,220000.0,470200.0,0.0,0.0,0.0,0.0,0.0
2.02308e+16,SZSE,SZSE.ETF.159922,5.803,5.85,5.877,5.802,0.0,6.459,5.285,61916958.0,0.0,361992666.4,0.0,0.0,0.0,20230825,20230825,134201475,5.872,0.0,0.0,5.803,5.802,5.801,5.8,5.799,0.0,0.0,0.0,0.0,0.0,5.805,5.806,5.807,5.808,5.809,0.0,0.0,0.0,0.0,0.0,8800.0,459600.0,195600.0,909000.0,76300.0,0.0,0.0,0.0,0.0,0.0,75500.0,350400.0,259000.0,485000.0,40000.0,0.0,0.0,0.0,0.0,0.0
2.02308e+16,SZSE,SZSE.ETF.159922,5.814,5.85,5.877,5.809,0.0,6.459,5.285,59850058.0,0.0,349976447.6,0.0,0.0,0.0,20230825,20230825,133058614,5.872,0.0,0.0,5.817,5.816,5.815,5.814,5.813,0.0,0.0,0.0,0.0,0.0,5.818,5.819,5.82,5.821,5.822,0.0,0.0,0.0,0.0,0.0,440000.0,380000.0,450000.0,1567700.0,121000.0,0.0,0.0,0.0,0.0,0.0,15000.0,230000.0,60000.0,116100.0,372300.0,0.0,0.0,0.0,0.0,0.0
2.02308e+16,SZSE,SZSE.ETF.159922,5.814,5.85,5.877,5.809,0.0,6.459,5.285,59850058.0,30000.0,349976447.6,174420.0,0.0,0.0,20230825,20230825,133055561,5.872,0.0,0.0,5.815,5.814,5.813,5.812,5.811,0.0,0.0,0.0,0.0,0.0,5.818,5.819,5.82,5.821,5.822,0.0,0.0,0.0,0.0,0.0,750000.0,981500.0,231000.0,1010200.0,146800.0,0.0,0.0,0.0,0.0,0.0,270100.0,403300.0,251000.0,361600.0,77200.0,0.0,0.0,0.0,0.0,0.0
2.02308e+16,SZSE,SZSE.ETF.159922,5.806,5.85,5.877,5.802,0.0,6.459,5.285,62144058.0,0.0,363311375.0,0.0,0.0,0.0,20230825,20230825,134255440,5.872,0.0,0.0,5.806,5.805,5.804,5.803,5.802,0.0,0.0,0.0,0.0,0.0,5.808,5.809,5.81,5.811,5.812,0.0,0.0,0.0,0.0,0.0,1700.0,23900.0,488500.0,96200.0,265600.0,0.0,0.0,0.0,0.0,0.0,44200.0,595100.0,486200.0,389900.0,180000.0,0.0,0.0,0.0,0.0,0.0
2.02308e+16,SZSE,SZSE.ETF.159922,5.806,5.85,5.877,5.802,0.0,6.459,5.285,62137858.0,0.0,363275377.8,0.0,0.0,0.0,20230825,20230825,134240435,5.872,0.0,0.0,5.806,5.805,5.804,5.803,5.802,0.0,0.0,0.0,0.0,0.0,5.807,5.808,5.809,5.81,5.811,0.0,0.0,0.0,0.0,0.0,3900.0,8800.0,98500.0,450000.0,161900.0,0.0,0.0,0.0,0.0,0.0,190000.0,630100.0,496200.0,284200.0,349900.0,0.0,0.0,0.0,0.0,0.0
2.02308e+16,SZSE,SZSE.ETF.159922,5.814,5.85,5.877,5.809,0.0,6.459,5.285,59817058.0,0.0,349784585.6,0.0,0.0,0.0,20230825,20230825,133049541,5.872,0.0,0.0,5.814,5.813,5.812,5.811,5.81,0.0,0.0,0.0,0.0,0.0,5.817,5.818,5.819,5.82,5.821,0.0,0.0,0.0,0.0,0.0,3000.0,701000.0,456400.0,40600.0,952800.0,0.0,0.0,0.0,0.0,0.0,440200.0,201900.0,316100.0,434900.0,139200.0,0.0,0.0,0.0,0.0,0.0
2.02308e+16,SZSE,SZSE.ETF.159922,5.814,5.85,5.877,5.809,0.0,6.459,5.285,59817058.0,0.0,349784585.6,0.0,0.0,0.0,20230825,20230825,133046544,5.872,0.0,0.0,5.813,5.812,5.811,5.81,5.809,0.0,0.0,0.0,0.0,0.0,5.817,5.818,5.819,5.82,5.821,0.0,0.0,0.0,0.0,0.0,284000.0,616400.0,60600.0,952800.0,166800.0,0.0,0.0,0.0,0.0,0.0,400200.0,301900.0,116100.0,489900.0,124200.0,0.0,0.0,0.0,0.0,0.0
2.02308e+16,SZSE,SZSE.ETF.159922,5.81,5.85,5.877,5.807,0.0,6.459,5.285,61709958.0,0.0,360790968.5,0.0,0.0,0.0,20230825,20230825,134046473,5.872,0.0,0.0,5.807,5.806,5.805,5.804,5.803,0.0,0.0,0.0,0.0,0.0,5.809,5.81,5.811,5.812,5.813,0.0,0.0,0.0,0.0,0.0,70000.0,334600.0,261000.0,200000.0,773200.0,0.0,0.0,0.0,0.0,0.0,113400.0,275000.0,479800.0,220000.0,349900.0,0.0,0.0,0.0,0.0,0.0
2.02308e+16,SZSE,SZSE.ETF.159922,5.806,5.85,5.877,5.802,0.0,6.459,5.285,62137858.0,0.0,363275377.8,0.0,0.0,0.0,20230825,20230825,134243425,5.872,0.0,0.0,5.806,5.804,5.803,5.802,5.801,0.0,0.0,0.0,0.0,0.0,5.807,5.808,5.809,5.81,5.811,0.0,0.0,0.0,0.0,0.0,3900.0,8800.0,328500.0,521900.0,89600.0,0.0,0.0,0.0,0.0,0.0,440100.0,631100.0,296200.0,519100.0,95000.0,0.0,0.0,0.0,0.0,0.0
2.02308e+16,SZSE,SZSE.ETF.159922,5.814,5.85,5.877,5.809,0.0,6.459,5.285,60063258.0,0.0,351216714.8,0.0,0.0,0.0,20230825,20230825,133222550,5.872,0.0,0.0,5.812,5.811,5.81,5.809,5.808,0.0,0.0,0.0,0.0,0.0,5.814,5.815,5.816,5.817,5.818,0.0,0.0,0.0,0.0,0.0,1500.0,600.0,393700.0,275600.0,391300.0,0.0,0.0,0.0,0.0,0.0,447900.0,455800.0,421100.0,294900.0,235000.0,0.0,0.0,0.0,0.0,0.0
2.02308e+16,SZSE,SZSE.ETF.159922,5.814,5.85,5.877,5.809,0.0,6.459,5.285,60063258.0,0.0,351216714.8,0.0,0.0,0.0,20230825,20230825,133225482,5.872,0.0,0.0,5.812,5.811,5.81,5.809,5.808,0.0,0.0,0.0,0.0,0.0,5.814,5.815,5.816,5.817,5.818,0.0,0.0,0.0,0.0,0.0,5000.0,191000.0,397500.0,118100.0,335100.0,0.0,0.0,0.0,0.0,0.0,407900.0,425800.0,361100.0,294900.0,235000.0,0.0,0.0,0.0,0.0,0.0
2.02308e+16,SZSE,SZSE.ETF.159922,5.81,5.85,5.877,5.807,0.0,6.459,5.285,61709958.0,0.0,360790968.5,0.0,0.0,0.0,20230825,20230825,134052526,5.872,0.0,0.0,5.807,5.806,5.805,5.804,5.803,0.0,0.0,0.0,0.0,0.0,5.808,5.809,5.81,5.811,5.812,0.0,0.0,0.0,0.0,0.0,70000.0,66000.0,231100.0,375700.0,137000.0,0.0,0.0,0.0,0.0,0.0,93200.0,369800.0,638800.0,96200.0,434900.0,0.0,0.0,0.0,0.0,0.0
2.02308e+16,SZSE,SZSE.ETF.159922,5.812,5.85,5.877,5.809,0.0,6.459,5.285,60181958.0,0.0,351906819.3,0.0,0.0,0.0,20230825,20230825,133455436,5.872,0.0,0.0,5.812,5.811,5.81,5.809,5.808,0.0,0.0,0.0,0.0,0.0,5.814,5.815,5.816,5.817,5.818,0.0,0.0,0.0,0.0,0.0,15000.0,250600.0,474100.0,42000.0,395200.0,0.0,0.0,0.0,0.0,0.0,158400.0,399900.0,554900.0,521100.0,200000.0,0.0,0.0,0.0,0.0,0.0
2.02308e+16,SZSE,SZSE.ETF.159922,5.806,5.85,5.877,5.802,0.0,6.459,5.285,62156358.0,0.0,363382788.8,0.0,0.0,0.0,20230825,20230825,134307523,5.872,0.0,0.0,5.805,5.804,5.803,5.802,5.801,0.0,0.0,0.0,0.0,0.0,5.806,5.807,5.808,5.809,5.81,0.0,0.0,0.0,0.0,0.0,100.0,190000.0,93500.0,269600.0,211900.0,0.0,0.0,0.0,0.0,0.0,20400.0,543900.0,550300.0,80000.0,509900.0,0.0,0.0,0.0,0.0,0.0
2.02308e+16,SZSE,SZSE.ETF.159922,5.817,5.85,5.877,5.809,0.0,6.459,5.285,60629658.0,0.0,354511267.9,0.0,0.0,0.0,20230825,20230825,133607583,5.872,0.0,0.0,5.815,5.814,5.813,5.812,5.811,0.0,0.0,0.0,0.0,0.0,5.817,5.818,5.819,5.82,5.821,0.0,0.0,0.0,0.0,0.0,15000.0,40000.0,479900.0,280000.0,99900.0,0.0,0.0,0.0,0.0,0.0,470000.0,325100.0,124200.0,741000.0,190000.0,0.0,0.0,0.0,0.0,0.0
2.02308e+16,SZSE,SZSE.ETF.159922,5.812,5.85,5.877,5.809,0.0,6.459,5.285,60181958.0,28400.0,351906819.3,165060.8,0.0,0.0,20230825,20230825,133443436,5.872,0.0,0.0,5.812,5.811,5.81,5.809,5.808,0.0,0.0,0.0,0.0,0.0,5.815,5.816,5.817,5.818,5.819,0.0,0.0,0.0,0.0,0.0,185800.0,525500.0,84200.0,62000.0,1005200.0,0.0,0.0,0.0,0.0,0.0,133400.0,699900.0,126200.0,220000.0,434100.0,0.0,0.0,0.0,0.0,0.0
2.02308e+16,SZSE,SZSE.ETF.159922,5.813,5.85,5.877,5.809,0.0,6.459,5.285,61467258.0,64400.0,359380543.3,374357.2,0.0,0.0,20230825,20230825,133804452,5.872,0.0,0.0,5.813,5.812,5.811,5.81,5.809,0.0,0.0,0.0,0.0,0.0,5.814,5.815,5.816,5.817,5.818,0.0,0.0,0.0,0.0,0.0,196000.0,80000.0,910500.0,356500.0,712000.0,0.0,0.0,0.0,0.0,0.0,15000.0,240000.0,216400.0,381200.0,244200.0,0.0,0.0,0.0,0.0,0.0
2.02308e+16,SZSE,SZSE.ETF.159922,5.808,5.85,5.877,5.808,0.0,6.459,5.285,61637558.0,11600.0,360370537.0,67375.2,0.0,0.0,20230825,20230825,133913566,5.872,0.0,0.0,5.808,5.807,5.806,5.805,5.804,0.0,0.0,0.0,0.0,0.0,5.811,5.812,5.813,5.814,5.815,0.0,0.0,0.0,0.0,0.0,15000.0,521500.0,110500.0,136100.0,920000.0,0.0,0.0,0.0,0.0,0.0,407300.0,621100.0,80000.0,498100.0,80000.0,0.0,0.0,0.0,0.0,0.0
2.02308e+16,SZSE,SZSE.ETF.159922,5.812,5.85,5.877,5.809,0.0,6.459,5.285,60181958.0,0.0,351906819.3,0.0,0.0,0.0,20230825,20230825,133449444,5.872,0.0,0.0,5.812,5.811,5.81,5.809,5.808,0.0,0.0,0.0,0.0,0.0,5.815,5.816,5.817,5.818,5.819,0.0,0.0,0.0,0.0,0.0,165800.0,395600.0,257900.0,128200.0,1005200.0,0.0,0.0,0.0,0.0,0.0,15000.0,534500.0,270000.0,255000.0,399100.0,0.0,0.0,0.0,0.0,0.0
2.02308e+16,SZSE,SZSE.ETF.159922,5.816,5.85,5.877,5.809,0.0,6.459,5.285,60025558.0,0.0,350997564.0,0.0,0.0,0.0,20230825,20230825,133122540,5.872,0.0,0.0,5.813,5.812,5.811,5.81,5.809,0.0,0.0,0.0,0.0,0.0,5.816,5.817,5.818,5.819,5.82,0.0,0.0,0.0,0.0,0.0,481000.0,340200.0,96800.0,951800.0,91800.0,0.0,0.0,0.0,0.0,0.0,31000.0,329900.0,554400.0,124200.0,493900.0,0.0,0.0,0.0,0.0,0.0
2.02308e+16,SZSE,SZSE.ETF.159922,5.815,5.85,5.877,5.809,0.0,6.459,5.285,61517258.0,0.0,359671293.3,0.0,0.0,0.0,20230825,20230825,133813392,5.872,0.0,0.0,5.815,5.813,5.812,5.811,5.81,0.0,0.0,0.0,0.0,0.0,5.816,5.817,5.818,5.819,5.82,0.0,0.0,0.0,0.0,0.0,50000.0,205000.0,395600.0,156100.0,145300.0,0.0,0.0,0.0,0.0,0.0,506400.0,275000.0,500300.0,294900.0,335000.0,0.0,0.0,0.0,0.0,0.0
2.02308e+16,SZSE,SZSE.ETF.159922,5.817,5.85,5.877,5.809,0.0,6.459,5.285,60411058.0,0.0,353239467.1,0.0,0.0,0.0,20230825,20230825,133525606,5.872,0.0,0.0,5.817,5.816,5.815,5.814,5.813,0.0,0.0,0.0,0.0,0.0,5.818,5.819,5.82,5.821,5.822,0.0,0.0,0.0,0.0,0.0,20300.0,249900.0,448600.0,216200.0,805000.0,0.0,0.0,0.0,0.0,0.0,48700.0,26400.0,428400.0,340300.0,210000.0,0.0,0.0,0.0,0.0,0.0
2.02308e+16,SZSE,SZSE.ETF.159922,5.814,5.85,5.877,5.809,0.0,6.459,5.285,60153558.0,0.0,351741758.5,0.0,0.0,0.0,20230825,20230825,133434511,5.872,0.0,0.0,5.812,5.811,5.81,5.809,5.808,0.0,0.0,0.0,0.0,0.0,5.815,5.816,5.817,5.818,5.819,0.0,0.0,0.0,0.0,0.0,642900.0,396800.0,184200.0,712000.0,305200.0,0.0,0.0,0.0,0.0,0.0,28400.0,443400.0,90000.0,456100.0,394100.0,0.0,0.0,0.0,0.0,0.0
2.02308e+16,SZSE,SZSE.ETF.159922,5.817,5.85,5.877,5.809,0.0,6.459,5.285,60411058.0,1200.0,353239467.1,6980.4,0.0,0.0,20230825,20230825,133516646,5.872,0.0,0.0,5.817,5.816,5.815,5.814,5.813,0.0,0.0,0.0,0.0,0.0,5.819,5.82,5.821,5.822,5.823,0.0,0.0,0.0,0.0,0.0,400.0,19900.0,224900.0,433700.0,152200.0,0.0,0.0,0.0,0.0,0.0,495100.0,540000.0,100000.0,533900.0,40000.0,0.0,0.0,0.0,0.0,0.0
2.02308e+16,SZSE,SZSE.ETF.159922,5.815,5.85,5.877,5.809,0.0,6.459,5.285,61567258.0,0.0,359962043.3,0.0,0.0,0.0,20230825,20230825,133822407,5.872,0.0,0.0,5.813,5.812,5.811,5.81,5.809,0.0,0.0,0.0,0.0,0.0,5.815,5.816,5.817,5.818,5.819,0.0,0.0,0.0,0.0,0.0,500.0,95000.0,686700.0,85300.0,42000.0,0.0,0.0,0.0,0.0,0.0,336300.0,325000.0,460000.0,555200.0,135000.0,0.0,0.0,0.0,0.0,0.0
2.02308e+16,SZSE,SZSE.ETF.159922,5.818,5.85,5.877,5.809,0.0,6.459,5.285,60506058.0,0.0,353792203.5,0.0,0.0,0.0,20230825,20230825,133534659,5.872,0.0,0.0,5.817,5.816,5.815,5.814,5.813,0.0,0.0,0.0,0.0,0.0,5.82,5.821,5.822,5.823,5.824,0.0,0.0,0.0,0.0,0.0,190400.0,449900.0,115000.0,379000.0,110000.0,0.0,0.0,0.0,0.0,0.0,138300.0,560000.0,306100.0,124200.0,573900.0,0.0,0.0,0.0,0.0,0.0
2.02308e+16,SZSE,SZSE.ETF.159922,5.815,5.85,5.877,5.809,0.0,6.459,5.285,60105358.0,0.0,351461538.0,0.0,0.0,0.0,20230825,20230825,133346489,5.872,0.0,0.0,5.817,5.815,5.814,5.813,5.812,0.0,0.0,0.0,0.0,0.0,5.818,5.819,5.82,5.821,5.822,0.0,0.0,0.0,0.0,0.0,1100.0,181600.0,233700.0,351200.0,244200.0,0.0,0.0,0.0,0.0,0.0,369200.0,594200.0,256100.0,439100.0,255000.0,0.0,0.0,0.0,0.0,0.0
2.02308e+16,SZSE,SZSE.ETF.159922,5.817,5.85,5.877,5.809,0.0,6.459,5.285,60411058.0,0.0,353239467.1,0.0,0.0,0.0,20230825,20230825,133522607,5.872,0.0,0.0,5.817,5.816,5.815,5.814,5.813,0.0,0.0,0.0,0.0,0.0,5.819,5.82,5.821,5.822,5.823,0.0,0.0,0.0,0.0,0.0,20300.0,19900.0,598600.0,40000.0,221200.0,0.0,0.0,0.0,0.0,0.0,296400.0,304500.0,334200.0,260000.0,353900.0,0.0,0.0,0.0,0.0,0.0
2.02308e+16,SZSE,SZSE.ETF.159922,5.815,5.85,5.877,5.809,0.0,6.459,5.285,61567258.0,0.0,359962043.3,0.0,0.0,0.0,20230825,20230825,133834402,5.872,0.0,0.0,5.814,5.813,5.812,5.811,5.81,0.0,0.0,0.0,0.0,0.0,5.815,5.816,5.817,5.818,5.819,0.0,0.0,0.0,0.0,0.0,100.0,500.0,15000.0,234900.0,652100.0,0.0,0.0,0.0,0.0,0.0,376300.0,771200.0,210000.0,479100.0,115000.0,0.0,0.0,0.0,0.0,0.0
2.02308e+16,SZSE,SZSE.ETF.159922,5.818,5.85,5.877,5.809,0.0,6.459,5.285,60506058.0,0.0,353792203.5,0.0,0.0,0.0,20230825,20230825,133540614,5.872,0.0,0.0,5.817,5.816,5.815,5.814,5.813,0.0,0.0,0.0,0.0,0.0,5.821,5.822,5.823,5.824,5.825,0.0,0.0,0.0,0.0,0.0,904100.0,256200.0,95000.0,850000.0,165000.0,0.0,0.0,0.0,0.0,0.0,412600.0,116100.0,290000.0,649900.0,40000.0,0.0,0.0,0.0,0.0,0.0
2.02308e+16,SZSE,SZSE.ETF.159922,5.812,5.85,5.877,5.809,0.0,6.459,5.285,60181958.0,0.0,351906819.3,0.0,0.0,0.0,20230825,20230825,133446469,5.872,0.0,0.0,5.812,5.811,5.81,5.809,5.808,0.0,0.0,0.0,0.0,0.0,5.814,5.815,5.816,5.817,5.818,0.0,0.0,0.0,0.0,0.0,185800.0,449300.0,120400.0,82000.0,1005200.0,0.0,0.0,0.0,0.0,0.0,40000.0,213400.0,736100.0,90000.0,200000.0,0.0,0.0,0.0,0.0,0.0
2.02308e+16,SZSE,SZSE.ETF.159922,5.818,5.85,5.877,5.809,0.0,6.459,5.285,60506058.0,0.0,353792203.5,0.0,0.0,0.0,20230825,20230825,133534605,5.872,0.0,0.0,5.818,5.817,5.816,5.815,5.814,0.0,0.0,0.0,0.0,0.0,5.82,5.821,5.822,5.823,5.824,0.0,0.0,0.0,0.0,0.0,196000.0,230400.0,513700.0,111200.0,790000.0,0.0,0.0,0.0,0.0,0.0,99900.0,472600.0,446100.0,79000.0,494900.0,0.0,0.0,0.0,0.0,0.0
2.02308e+16,SZSE,SZSE.ETF.159922,5.815,5.85,5.877,5.809,0.0,6.459,5.285,60234758.0,15000.0,352213741.3,87225.0,0.0,0.0,20230825,20230825,133504675,5.872,0.0,0.0,5.815,5.814,5.813,5.812,5.811,0.0,0.0,0.0,0.0,0.0,5.818,5.819,5.82,5.821,5.822,0.0,0.0,0.0,0.0,0.0,251100.0,1000800.0,420000.0,976200.0,114900.0,0.0,0.0,0.0,0.0,0.0,20000.0,503700.0,400000.0,121000.0,472300.0,0.0,0.0,0.0,0.0,0.0
2.02308e+16,SZSE,SZSE.ETF.159922,5.818,5.85,5.877,5.809,0.0,6.459,5.285,60506058.0,0.0,353792203.5,0.0,0.0,0.0,20230825,20230825,133543572,5.872,0.0,0.0,5.817,5.816,5.815,5.814,5.813,0.0,0.0,0.0,0.0,0.0,5.821,5.822,5.823,5.824,5.825,0.0,0.0,0.0,0.0,0.0,904100.0,256200.0,95000.0,850000.0,165000.0,0.0,0.0,0.0,0.0,0.0,412600.0,116100.0,290000.0,649900.0,40000.0,0.0,0.0,0.0,0.0,0.0
2.02308e+16,SZSE,SZSE.ETF.159922,5.816,5.85,5.877,5.809,0.0,6.459,5.285,60025558.0,0.0,350997564.0,0.0,0.0,0.0,20230825,20230825,133125462,5.872,0.0,0.0,5.813,5.812,5.811,5.81,5.809,0.0,0.0,0.0,0.0,0.0,5.816,5.817,5.818,5.819,5.82,0.0,0.0,0.0,0.0,0.0,481000.0,356400.0,60600.0,882800.0,146800.0,0.0,0.0,0.0,0.0,0.0,31000.0,329900.0,518300.0,120300.0,489900.0,0.0,0.0,0.0,0.0,0.0
2.02308e+16,SZSE,SZSE.ETF.159922,5.818,5.85,5.877,5.809,0.0,6.459,5.285,60506058.0,0.0,353792203.5,0.0,0.0,0.0,20230825,20230825,133537585,5.872,0.0,0.0,5.817,5.816,5.815,5.814,5.813,0.0,0.0,0.0,0.0,0.0,5.82,5.821,5.822,5.823,5.824,0.0,0.0,0.0,0.0,0.0,310400.0,553700.0,151200.0,240000.0,729000.0,0.0,0.0,0.0,0.0,0.0,178300.0,414200.0,466100.0,40000.0,609900.0,0.0,0.0,0.0,0.0,0.0
2.02308e+16,SZSE,SZSE.ETF.159922,5.814,5.85,5.877,5.809,0.0,6.459,5.285,60183658.0,1700.0,351916703.1,9883.8,0.0,0.0,20230825,20230825,133455491,5.872,0.0,0.0,5.812,5.811,5.81,5.809,5.808,0.0,0.0,0.0,0.0,0.0,5.814,5.815,5.816,5.817,5.818,0.0,0.0,0.0,0.0,0.0,20000.0,639300.0,44200.0,42000.0,1041400.0,0.0,0.0,0.0,0.0,0.0,38300.0,519600.0,189900.0,270000.0,255000.0,0.0,0.0,0.0,0.0,0.0
2.02308e+16,SZSE,SZSE.ETF.159922,5.817,5.85,5.877,5.809,0.0,6.459,5.285,60411058.0,0.0,353239467.1,0.0,0.0,0.0,20230825,20230825,133528554,5.872,0.0,0.0,5.817,5.816,5.815,5.814,5.813,0.0,0.0,0.0,0.0,0.0,5.818,5.819,5.82,5.821,5.822,0.0,0.0,0.0,0.0,0.0,60300.0,743600.0,111100.0,280000.0,785000.0,0.0,0.0,0.0,0.0,0.0,48700.0,26400.0,250000.0,202600.0,455100.0,0.0,0.0,0.0,0.0,0.0
2.02308e+16,SZSE,SZSE.ETF.159922,5.814,5.85,5.877,5.809,0.0,6.459,5.285,60183658.0,0.0,351916703.1,0.0,0.0,0.0,20230825,20230825,133501457,5.872,0.0,0.0,5.812,5.811,5.81,5.809,5.808,0.0,0.0,0.0,0.0,0.0,5.814,5.815,5.816,5.817,5.818,0.0,0.0,0.0,0.0,0.0,623700.0,355600.0,220400.0,642000.0,425200.0,0.0,0.0,0.0,0.0,0.0,40000.0,55000.0,468300.0,106200.0,255000.0,0.0,0.0,0.0,0.0,0.0
2.02308e+16,SZSE,SZSE.ETF.159922,5.812,5.85,5.877,5.809,0.0,6.459,5.285,60181958.0,0.0,351906819.3,0.0,0.0,0.0,20230825,20230825,133452465,5.872,0.0,0.0,5.812,5.811,5.81,5.809,5.808,0.0,0.0,0.0,0.0,0.0,5.816,5.817,5.818,5.819,5.82,0.0,0.0,0.0,0.0,0.0,240800.0,434300.0,120400.0,82000.0,1005200.0,0.0,0.0,0.0,0.0,0.0,633300.0,326200.0,200000.0,454100.0,100000.0,0.0,0.0,0.0,0.0,0.0
2.02308e+16,SZSE,SZSE.ETF.159922,5.814,5.85,5.877,5.809,0.0,6.459,5.285,60139158.0,0.0,351658036.9,0.0,0.0,0.0,20230825,20230825,133425544,5.872,0.0,0.0,5.812,5.811,5.81,5.809,5.808,0.0,0.0,0.0,0.0,0.0,5.814,5.815,5.816,5.817,5.818,0.0,0.0,0.0,0.0,0.0,18600.0,265600.0,417900.0,78200.0,375200.0,0.0,0.0,0.0,0.0,0.0,350000.0,253400.0,566200.0,363600.0,353400.0,0.0,0.0,0.0,0.0,0.0
2.02308e+16,SZSE,SZSE.ETF.159922,5.815,5.85,5.877,5.809,0.0,6.459,5.285,60106658.0,0.0,351469099.9,0.0,0.0,0.0,20230825,20230825,133413474,5.872,0.0,0.0,5.813,5.812,5.811,5.81,5.809,0.0,0.0,0.0,0.0,0.0,5.815,5.816,5.817,5.818,5.819,0.0,0.0,0.0,0.0,0.0,191900.0,489100.0,80600.0,1029200.0,152000.0,0.0,0.0,0.0,0.0,0.0,28400.0,231400.0,388000.0,444200.0,139200.0,0.0,0.0,0.0,0.0,0.0
2.02308e+16,SZSE,SZSE.ETF.159922,5.818,5.85,5.877,5.809,0.0,6.459,5.285,60409858.0,140000.0,353232486.7,814520.0,0.0,0.0,20230825,20230825,133516616,5.872,0.0,0.0,5.817,5.815,5.814,5.813,5.812,0.0,0.0,0.0,0.0,0.0,5.818,5.819,5.82,5.821,5.822,0.0,0.0,0.0,0.0,0.0,1600.0,224900.0,96200.0,512700.0,180000.0,0.0,0.0,0.0,0.0,0.0,118400.0,370600.0,560000.0,116100.0,494900.0,0.0,0.0,0.0,0.0,0.0
2.02308e+16,SZSE,SZSE.ETF.159922,5.817,5.85,5.877,5.809,0.0,6.459,5.285,60106558.0,0.0,351468518.4,0.0,0.0,0.0,20230825,20230825,133401446,5.872,0.0,0.0,5.815,5.814,5.813,5.812,5.811,0.0,0.0,0.0,0.0,0.0,5.816,5.817,5.818,5.819,5.82,0.0,0.0,0.0,0.0,0.0,100.0,15000.0,191900.0,437900.0,171800.0,0.0,0.0,0.0,0.0,0.0,58000.0,522600.0,563100.0,94200.0,489900.0,0.0,0.0,0.0,0.0,0.0
2.02308e+16,SZSE,SZSE.ETF.159922,5.818,5.85,5.877,5.809,0.0,6.459,5.285,60506058.0,0.0,353792203.5,0.0,0.0,0.0,20230825,20230825,133540544,5.872,0.0,0.0,5.817,5.816,5.815,5.814,5.813,0.0,0.0,0.0,0.0,0.0,5.82,5.821,5.822,5.823,5.824,0.0,0.0,0.0,0.0,0.0,310400.0,553700.0,151200.0,240000.0,729000.0,0.0,0.0,0.0,0.0,0.0,178300.0,414200.0,466100.0,40000.0,609900.0,0.0,0.0,0.0,0.0,0.0
2.02308e+16,SZSE,SZSE.ETF.159922,5.812,5.85,5.877,5.809,0.0,6.459,5.285,60181958.0,0.0,351906819.3,0.0,0.0,0.0,20230825,20230825,133449506,5.872,0.0,0.0,5.812,5.811,5.81,5.809,5.808,0.0,0.0,0.0,0.0,0.0,5.816,5.817,5.818,5.819,5.82,0.0,0.0,0.0,0.0,0.0,240800.0,434300.0,120400.0,82000.0,1005200.0,0.0,0.0,0.0,0.0,0.0,633300.0,326200.0,200000.0,454100.0,100000.0,0.0,0.0,0.0,0.0,0.0
2.02308e+16,SZSE,SZSE.ETF.159922,5.815,5.85,5.877,5.809,0.0,6.459,5.285,60646958.0,15000.0,354611872.0,87225.0,0.0,0.0,20230825,20230825,133616583,5.872,0.0,0.0,5.813,5.812,5.811,5.81,5.809,0.0,0.0,0.0,0.0,0.0,5.815,5.816,5.817,5.818,5.819,0.0,0.0,0.0,0.0,0.0,15000.0,423700.0,196100.0,404300.0,72000.0,0.0,0.0,0.0,0.0,0.0,181000.0,835100.0,135000.0,551000.0,184200.0,0.0,0.0,0.0,0.0,0.0
2.02308e+16,SZSE,SZSE.ETF.159922,5.804,5.85,5.877,5.802,0.0,6.459,5.285,62777358.0,46600.0,366987718.4,270459.8,0.0,0.0,20230825,20230825,134422470,5.872,0.0,0.0,5.804,5.803,5.802,5.801,5.8,0.0,0.0,0.0,0.0,0.0,5.805,5.806,5.807,5.808,5.809,0.0,0.0,0.0,0.0,0.0,324100.0,40000.0,90100.0,505700.0,213900.0,0.0,0.0,0.0,0.0,0.0,34900.0,305500.0,361200.0,434900.0,151000.0,0.0,0.0,0.0,0.0,0.0
2.02308e+16,SZSE,SZSE.ETF.159922,5.815,5.85,5.877,5.809,0.0,6.459,5.285,61262058.0,0.0,358187715.7,0.0,0.0,0.0,20230825,20230825,133743387,5.872,0.0,0.0,5.813,5.812,5.811,5.81,5.809,0.0,0.0,0.0,0.0,0.0,5.815,5.816,5.817,5.818,5.819,0.0,0.0,0.0,0.0,0.0,20100.0,264900.0,504900.0,121500.0,137000.0,0.0,0.0,0.0,0.0,0.0,81600.0,395000.0,456200.0,244200.0,569900.0,0.0,0.0,0.0,0.0,0.0
2.02308e+16,SZSE,SZSE.ETF.159922,5.804,5.85,5.877,5.802,0.0,6.459,5.285,62433958.0,34900.0,364994426.0,202579.4,0.0,0.0,20230825,20230825,134352440,5.872,0.0,0.0,5.802,5.801,5.8,5.799,5.798,0.0,0.0,0.0,0.0,0.0,5.804,5.805,5.806,5.807,5.808,0.0,0.0,0.0,0.0,0.0,65900.0,624100.0,316600.0,107500.0,951700.0,0.0,0.0,0.0,0.0,0.0,15000.0,541000.0,510000.0,450000.0,689100.0,0.0,0.0,0.0,0.0,0.0
2.02308e+16,SZSE,SZSE.ETF.159922,5.816,5.85,5.877,5.809,0.0,6.459,5.285,60072058.0,0.0,351267895.6,0.0,0.0,0.0,20230825,20230825,133249560,5.872,0.0,0.0,5.815,5.814,5.813,5.812,5.811,0.0,0.0,0.0,0.0,0.0,5.816,5.818,5.819,5.82,5.821,0.0,0.0,0.0,0.0,0.0,196900.0,414100.0,136200.0,224200.0,765600.0,0.0,0.0,0.0,0.0,0.0,2300.0,137900.0,280000.0,511100.0,299100.0,0.0,0.0,0.0,0.0,0.0
2.02308e+16,SZSE,SZSE.ETF.159922,5.803,5.85,5.877,5.802,0.0,6.459,5.285,62189458.0,33000.0,363574868.3,191499.0,0.0,0.0,20230825,20230825,134319481,5.872,0.0,0.0,5.803,5.802,5.801,5.8,5.799,0.0,0.0,0.0,0.0,0.0,5.805,5.806,5.807,5.808,5.809,0.0,0.0,0.0,0.0,0.0,40000.0,104600.0,605500.0,169600.0,115000.0,0.0,0.0,0.0,0.0,0.0,448800.0,525400.0,239900.0,515300.0,95000.0,0.0,0.0,0.0,0.0,0.0
2.02308e+16,SZSE,SZSE.ETF.159922,5.815,5.85,5.877,5.809,0.0,6.459,5.285,60646958.0,0.0,354611872.0,0.0,0.0,0.0,20230825,20230825,133619579,5.872,0.0,0.0,5.813,5.812,5.811,5.81,5.809,0.0,0.0,0.0,0.0,0.0,5.816,5.817,5.818,5.819,5.82,0.0,0.0,0.0,0.0,0.0,19900.0,438700.0,304900.0,80500.0,61000.0,0.0,0.0,0.0,0.0,0.0,321200.0,385100.0,454900.0,223200.0,350000.0,0.0,0.0,0.0,0.0,0.0
2.02308e+16,SZSE,SZSE.ETF.159922,5.816,5.85,5.877,5.809,0.0,6.459,5.285,60074358.0,0.0,351281272.4,0.0,0.0,0.0,20230825,20230825,133252593,5.872,0.0,0.0,5.815,5.814,5.813,5.812,5.811,0.0,0.0,0.0,0.0,0.0,5.817,5.818,5.819,5.82,5.821,0.0,0.0,0.0,0.0,0.0,251500.0,80400.0,509900.0,324200.0,745600.0,0.0,0.0,0.0,0.0,0.0,19500.0,257900.0,605000.0,276100.0,379100.0,0.0,0.0,0.0,0.0,0.0
2.02308e+16,SZSE,SZSE.ETF.159922,5.806,5.85,5.877,5.802,0.0,6.459,5.285,62124058.0,600.0,363195255.0,3483.6,0.0,0.0,20230825,20230825,134219537,5.872,0.0,0.0,5.806,5.805,5.804,5.803,5.802,0.0,0.0,0.0,0.0,0.0,5.809,5.81,5.811,5.812,5.813,0.0,0.0,0.0,0.0,0.0,63200.0,368500.0,296200.0,60000.0,858600.0,0.0,0.0,0.0,0.0,0.0,440100.0,365300.0,306200.0,453900.0,40000.0,0.0,0.0,0.0,0.0,0.0
2.02308e+16,SZSE,SZSE.ETF.159922,5.815,5.85,5.877,5.809,0.0,6.459,5.285,60646958.0,0.0,354611872.0,0.0,0.0,0.0,20230825,20230825,133637448,5.872,0.0,0.0,5.813,5.812,5.811,5.81,5.809,0.0,0.0,0.0,0.0,0.0,5.815,5.816,5.817,5.818,5.819,0.0,0.0,0.0,0.0,0.0,27100.0,438700.0,284900.0,80500.0,167000.0,0.0,0.0,0.0,0.0,0.0,80000.0,395000.0,531300.0,519100.0,140000.0,0.0,0.0,0.0,0.0,0.0
2.02308e+16,SZSE,SZSE.ETF.159922,5.816,5.85,5.877,5.809,0.0,6.459,5.285,60074358.0,0.0,351281272.4,0.0,0.0,0.0,20230825,20230825,133301493,5.872,0.0,0.0,5.815,5.814,5.813,5.812,5.811,0.0,0.0,0.0,0.0,0.0,5.817,5.818,5.819,5.82,5.821,0.0,0.0,0.0,0.0,0.0,6500.0,55000.0,404100.0,284200.0,151800.0,0.0,0.0,0.0,0.0,0.0,407900.0,480600.0,220000.0,180000.0,159200.0,0.0,0.0,0.0,0.0,0.0
2.02308e+16,SZSE,SZSE.ETF.159922,5.805,5.85,5.877,5.802,0.0,6.459,5.285,62463158.0,0.0,365163917.0,0.0,0.0,0.0,20230825,20230825,134358406,5.872,0.0,0.0,5.803,5.802,5.801,5.8,5.799,0.0,0.0,0.0,0.0,0.0,5.805,5.806,5.807,5.808,5.809,0.0,0.0,0.0,0.0,0.0,249900.0,84600.0,416900.0,156600.0,193500.0,0.0,0.0,0.0,0.0,0.0,40000.0,139200.0,450000.0,246200.0,389900.0,0.0,0.0,0.0,0.0,0.0
2.02308e+16,SZSE,SZSE.ETF.159922,5.815,5.85,5.877,5.809,0.0,6.459,5.285,60646958.0,0.0,354611872.0,0.0,0.0,0.0,20230825,20230825,133649431,5.872,0.0,0.0,5.814,5.813,5.812,5.811,5.81,0.0,0.0,0.0,0.0,0.0,5.816,5.817,5.818,5.819,5.82,0.0,0.0,0.0,0.0,0.0,19900.0,448800.0,260000.0,81100.0,260300.0,0.0,0.0,0.0,0.0,0.0,190000.0,175000.0,605400.0,434900.0,235000.0,0.0,0.0,0.0,0.0,0.0
2.02308e+16,SZSE,SZSE.ETF.159922,5.815,5.85,5.877,5.809,0.0,6.459,5.285,60105358.0,0.0,351461538.0,0.0,0.0,0.0,20230825,20230825,133334452,5.872,0.0,0.0,5.815,5.814,5.813,5.812,5.811,0.0,0.0,0.0,0.0,0.0,5.818,5.819,5.82,5.821,5.822,0.0,0.0,0.0,0.0,0.0,165900.0,429400.0,96200.0,204200.0,805600.0,0.0,0.0,0.0,0.0,0.0,502600.0,230000.0,466100.0,439100.0,235000.0,0.0,0.0,0.0,0.0,0.0
2.02308e+16,SZSE,SZSE.ETF.159922,5.804,5.85,5.877,5.801,0.0,6.459,5.285,63687558.0,0.0,372269745.0,0.0,0.0,0.0,20230825,20230825,134552484,5.872,0.0,0.0,5.803,5.802,5.801,5.8,5.799,0.0,0.0,0.0,0.0,0.0,5.805,5.806,5.807,5.808,5.809,0.0,0.0,0.0,0.0,0.0,245000.0,249000.0,347700.0,178200.0,115500.0,0.0,0.0,0.0,0.0,0.0,13500.0,143500.0,798500.0,280400.0,314900.0,0.0,0.0,0.0,0.0,0.0
2.02308e+16,SZSE,SZSE.ETF.159922,5.815,5.85,5.877,5.809,0.0,6.459,5.285,60647058.0,100.0,354612453.5,581.5,0.0,0.0,20230825,20230825,133701394,5.872,0.0,0.0,5.814,5.813,5.812,5.811,5.81,0.0,0.0,0.0,0.0,0.0,5.815,5.816,5.817,5.818,5.819,0.0,0.0,0.0,0.0,0.0,15000.0,30100.0,423700.0,356100.0,205300.0,0.0,0.0,0.0,0.0,0.0,249900.0,160000.0,691300.0,279200.0,294900.0,0.0,0.0,0.0,0.0,0.0
2.02308e+16,SZSE,SZSE.ETF.159922,5.816,5.85,5.877,5.809,0.0,6.459,5.285,60072058.0,8800.0,351267895.6,51180.8,0.0,0.0,20230825,20230825,133243569,5.872,0.0,0.0,5.815,5.814,5.813,5.812,5.811,0.0,0.0,0.0,0.0,0.0,5.816,5.817,5.818,5.819,5.82,0.0,0.0,0.0,0.0,0.0,196500.0,40400.0,509900.0,105500.0,699600.0,0.0,0.0,0.0,0.0,0.0,2300.0,19500.0,157900.0,460000.0,291100.0,0.0,0.0,0.0,0.0,0.0
2.02308e+16,SZSE,SZSE.ETF.159922,5.805,5.85,5.877,5.802,0.0,6.459,5.285,62201458.0,12000.0,363644528.3,69660.0,0.0,0.0,20230825,20230825,134337488,5.872,0.0,0.0,5.805,5.804,5.803,5.802,5.801,0.0,0.0,0.0,0.0,0.0,5.806,5.807,5.808,5.809,5.81,0.0,0.0,0.0,0.0,0.0,12000.0,80000.0,270100.0,464400.0,260600.0,0.0,0.0,0.0,0.0,0.0,190500.0,338800.0,474200.0,171200.0,434900.0,0.0,0.0,0.0,0.0,0.0
2.02308e+16,SZSE,SZSE.ETF.159922,5.815,5.85,5.877,5.809,0.0,6.459,5.285,60647058.0,0.0,354612453.5,0.0,0.0,0.0,20230825,20230825,133710501,5.872,0.0,0.0,5.813,5.812,5.811,5.81,5.809,0.0,0.0,0.0,0.0,0.0,5.815,5.816,5.817,5.818,5.819,0.0,0.0,0.0,0.0,0.0,30100.0,438700.0,264900.0,101500.0,767000.0,0.0,0.0,0.0,0.0,0.0,249900.0,95000.0,511300.0,244200.0,489900.0,0.0,0.0,0.0,0.0,0.0
2.02308e+16,SZSE,SZSE.ETF.159922,5.805,5.85,5.877,5.802,0.0,6.459,5.285,62253458.0,0.0,363946387.9,0.0,0.0,0.0,20230825,20230825,134346462,5.872,0.0,0.0,5.805,5.804,5.803,5.802,5.801,0.0,0.0,0.0,0.0,0.0,5.806,5.807,5.808,5.809,5.81,0.0,0.0,0.0,0.0,0.0,2000.0,40100.0,245100.0,484400.0,120600.0,0.0,0.0,0.0,0.0,0.0,500.0,583800.0,534000.0,76200.0,453900.0,0.0,0.0,0.0,0.0,0.0
2.02308e+16,SZSE,SZSE.ETF.159922,5.814,5.85,5.877,5.809,0.0,6.459,5.285,60063258.0,0.0,351216714.8,0.0,0.0,0.0,20230825,20230825,133231492,5.872,0.0,0.0,5.812,5.811,5.81,5.809,5.808,0.0,0.0,0.0,0.0,0.0,5.813,5.814,5.815,5.816,5.817,0.0,0.0,0.0,0.0,0.0,5500.0,230600.0,44200.0,491800.0,355100.0,0.0,0.0,0.0,0.0,0.0,137900.0,369500.0,439600.0,377300.0,294900.0,0.0,0.0,0.0,0.0,0.0
