TradeDate,OrigTime,BidPx1,BidPx2,BidPx3,BidPx4,BidPx5,BidSize1,BidSize2,BidSize3,BidSize4,BidSize5,DownLimitPx,HighPx,LastPx,LowPx,OFI1,OFI2,OFI3,OFI4,OFI5,OfferPx1,OfferPx2,OfferPx3,OfferPx4,OfferPx5,OfferSize1,OfferSize2,OfferSize3,OfferSize4,OfferSize5,OpenPx,PreClosePx,PxChange1,PxChange2,TotalValueTrade,TotalVolumeTrade,UpLimitPx,aOF1,aOF2,aOF3,aOF4,aOF5,abs_diff,abs_diff_v,amount,ask_spread,bOF1,bOF2,bOF3,bOF4,bOF5,bid_ask_spread,bid_spread,close,df_max,df_min,energy,energy_v,f_max,f_min,high,iqr_p,iqr_p_v,log_return,low,mid,minute,open,price_spread,price_spread2,tendency,ticker,total_ask_qty,total_bid_qty,total_qty_diff,total_volume,volatility,volatility_QMLE,volume,volume_imbalance,vwap,wap1,weighted_ask_prc,weighted_bid_prc
0.0,0.0,0.0,0.0,0.0,0.0,0.0,0.0,0.0,0.0,0.0,0.0,0.0,0.0,0.0,0.0,0.0,0.0,0.0,0.0,0.0,0.0,0.0,0.0,0.0,0.0,0.0,0.0,0.0,0.0,0.0,0.0,0.0,0.0,0.0,0.0,0.0,0.0,0.0,0.0,0.0,0.0,0.0,0.0,0.0,0.0,0.0,0.0,0.0,0.0,0.0,0.0,0.0,0.0,0.0,0.0,0.0,0.0,0.0,0.0,0.0,0.0,0.0,0.0,0.0,0.0,0.0,0.0,0.0,0.0,0.0,0.0,0.0,0.0,0.0,0.0,0.0,0.0,0.0,0.0,0.0,0.0,0.0,0.0,0.0
0.0,0.0,0.0,0.0,0.0,0.0,0.0,0.0,0.0,0.0,0.0,0.0,0.0,0.0,0.0,0.0,0.0,0.0,0.0,0.0,0.0,0.0,0.0,0.0,0.0,0.0,0.0,0.0,0.0,0.0,0.0,0.0,0.0,0.0,0.0,0.0,0.0,0.0,0.0,0.0,0.0,0.0,0.0,0.0,0.0,0.0,0.0,0.0,0.0,0.0,0.0,0.0,0.0,0.0,0.0,0.0,0.0,0.0,0.0,0.0,0.0,0.0,0.0,0.0,0.0,0.0,0.0,0.0,0.0,0.0,0.0,0.0,0.0,0.0,0.0,0.0,0.0,0.0,0.0,0.0,0.0,0.0,0.0,0.0,0.0
20230825.0,2.023082509320049e+16,3.843,3.842,3.841,3.84,3.839,712600.0,700300.0,1103200.0,105900.0,8800.0,3.473,3.848,3.844,3.838,1514100.0,1950900.0,800000.0,-197100.0,300.0,3.845,3.846,3.847,3.848,3.849,808500.0,1976800.0,500000.0,500000.0,300.0,3.847,3.859,-0.0150000000000001,0.0009999999999998,38064023.9,9901500.0,4.245,-808500.0,-1976800.0,-500000.0,-500000.0,-300.0,0.0,0.0,474697.8999999985,-0.0009999999999998,705600.0,-25900.0,300000.0,-697100.0,0.0,0.0019999999999997,0.0009999999999998,3.844,0.0,0.0,14.776336,98039702250000.0,0.0,0.0,3.844,0.0,0.0,0.0002391899868254,3.844,3.844,933.0,3.844,0.0005202913631634,0.0010405827263267,0.0,159919.0,3785600.0,2630800.0,1154800.0,6416400.0,0.2610779757457299,0.3413972697736234,123500.0,1154800.0,3.84370769230768,3.843936953520479,3.8461829036348254,3.841760985251635
20230825.0,2.023082509330045e+16,3.846,3.845,3.844,3.843,3.842,601700.0,1531400.0,2202600.0,719100.0,737100.0,3.473,3.848,3.847,3.838,1157300.0,241700.0,1244000.0,-1893600.0,-56100.0,3.847,3.848,3.849,3.85,3.851,252000.0,1488700.0,1446900.0,1750200.0,156300.0,3.847,3.859,-0.012,0.0009999999999998,48048706.4,12499100.0,4.245,-783700.0,162300.0,-553400.0,700000.0,30000.0,0.0,0.0,25388.60000000149,-0.0009999999999998,373600.0,404000.0,690600.0,-1193600.0,-26100.0,0.0019999999999997,0.0009999999999998,3.847,0.0,0.0,14.799409,156227500810000.0,0.0,0.0,3.847,0.0,0.0,0.0001363147633008,3.847,3.8465,934.0,3.847,0.0002599766021057,0.0007799298063173,0.0,159919.0,5094100.0,5791900.0,-697800.0,10886000.0,0.228822360999284,0.2623909038973894,6600.0,697800.0,3.8467575757578016,3.846704814337589,3.849013761017648,3.844093492636268
20230825.0,2.0230825093400456e+16,3.842,3.841,3.84,3.839,3.838,16000.0,2529500.0,1701800.0,506800.0,287500.0,3.473,3.848,3.843,3.838,-111000.0,-3339500.0,-2852700.0,-2666500.0,-587500.0,3.843,3.844,3.845,3.846,3.847,95000.0,810000.0,1150900.0,2159700.0,300000.0,3.847,3.859,-0.016,0.0,56520671.6,14702900.0,4.245,95000.0,810000.0,1150900.0,2159700.0,300000.0,0.0,0.0,38814.30000000447,-0.0009999999999998,-16000.0,-2529500.0,-1701800.0,-506800.0,-287500.0,0.0019999999999997,0.0009999999999998,3.843,0.0,0.0,14.768649,216175268410000.0,0.0,0.0,3.843,0.0,0.0,-0.0002424097527102,3.843,3.8425,935.0,3.843,0.0002602472348731,0.0007807417046193,0.0,159919.0,4515600.0,5041600.0,-526000.0,9557200.0,0.2049345144610867,0.2410044432194995,10100.0,526000.0,3.8430000000004414,3.842144144144144,3.8453896935069536,3.8402934980958414
20230825.0,2.0230825093500424e+16,3.845,3.844,3.843,3.842,3.841,180600.0,2213800.0,1983900.0,205800.0,433900.0,3.473,3.85,3.846,3.838,-206500.0,-4088500.0,-3083800.0,-1305700.0,-2093200.0,3.846,3.847,3.848,3.849,3.85,25900.0,1874700.0,1099900.0,1099900.0,1659300.0,3.847,3.859,-0.0129999999999999,-0.0009999999999998,61415501.9,15975500.0,4.245,25900.0,1874700.0,1099900.0,1099900.0,1659300.0,0.0,0.0,88842.60000000149,-0.0009999999999998,-180600.0,-2213800.0,-1983900.0,-205800.0,-433900.0,0.0020000000000002,0.0010000000000003,3.846,0.0,0.0,14.791716,255216600250000.0,0.0,0.0,3.846,0.0,0.0,-3.262552187788259e-05,3.846,3.8455,936.0,3.846,0.0002600442075152,0.0007801326225458,0.0,159919.0,5759700.0,5018000.0,741700.0,10777700.0,0.2158839083541957,0.2404502042716183,23100.0,741700.0,3.846000000000065,3.845874576271186,3.848432661423338,3.843299202869669
20230825.0,2.0230825093600464e+16,3.849,3.848,3.847,3.846,3.845,57200.0,1147600.0,2401600.0,1188200.0,31800.0,3.473,3.85,3.85,3.838,-293100.0,-493600.0,596600.0,600000.0,0.0,3.85,3.851,3.852,3.853,3.854,556100.0,1918900.0,2619900.0,730700.0,906300.0,3.847,3.859,-0.0089999999999998,0.0,63287389.4,16462100.0,4.245,303900.0,-303000.0,600000.0,-600000.0,0.0,0.0,0.0,8085.0,-0.0009999999999998,10800.0,-796600.0,1196600.0,0.0,0.0,0.0020000000000002,0.0010000000000003,3.85,0.0,0.0,14.822500000000002,271000736410000.0,0.0,0.0,3.85,0.0,0.0,-1.614026590468498e-05,3.85,3.8495,937.0,3.85,0.0002597739966229,0.0007793219898688,0.0,159919.0,6731900.0,4826400.0,1905500.0,11558300.0,0.2186467012779221,0.2291667021957531,2100.0,1905500.0,3.85,3.849093265938366,3.851927539030586,3.84700211337643
20230825.0,2.023082509370045e+16,3.847,3.846,3.845,3.844,3.843,15100.0,109800.0,2543700.0,656900.0,1435600.0,3.473,3.85,3.848,3.838,-2463600.0,-1582200.0,-3758200.0,-1960800.0,-1767200.0,3.848,3.849,3.85,3.851,3.852,2448500.0,1472400.0,1214500.0,1303900.0,331600.0,3.847,3.859,-0.0110000000000001,0.0,67279034.1,17499600.0,4.245,2448500.0,1472400.0,1214500.0,1303900.0,331600.0,0.0,0.0,105435.19999998808,-0.0010000000000003,-15100.0,-109800.0,-2543700.0,-656900.0,-1435600.0,0.0020000000000002,0.0009999999999998,3.848,0.0,0.0,14.807104,306236000160000.0,0.0,0.0,3.848,0.0,0.0,-0.0002652755685077,3.848,3.8475,938.0,3.848,0.0002599090318388,0.0007797270955165,0.0,159919.0,6770900.0,4761100.0,2009800.0,11532000.0,0.2313568205136425,0.2442140470849627,27400.0,2009800.0,3.847999999999565,3.84700612924176,3.849349820555613,3.8442883787360063
20230825.0,2.0230825093800404e+16,3.844,3.843,3.842,3.841,3.84,247900.0,2216300.0,2163300.0,720400.0,662600.0,3.473,3.85,3.845,3.838,-256900.0,-5056800.0,-5106300.0,-2189600.0,-1162600.0,3.845,3.846,3.847,3.848,3.849,9000.0,2840500.0,2943000.0,1469200.0,500000.0,3.847,3.859,-0.0139999999999997,-0.0009999999999998,71234487.6,18528100.0,4.245,9000.0,2840500.0,2943000.0,1469200.0,500000.0,0.0,0.0,414106.5,-0.0009999999999998,-247900.0,-2216300.0,-2163300.0,-720400.0,-662600.0,0.0019999999999997,0.0009999999999998,3.845,0.0,0.0,14.784025000000002,343290489610000.0,0.0,0.0,3.845,0.0,0.0,-3.6326711686074376e-05,3.845,3.8445,939.0,3.845,0.0002601118480947,0.000780335544284,0.0,159919.0,7761700.0,6010500.0,1751200.0,13772200.0,0.2474526649743115,0.249460281340027,107700.0,1751200.0,3.845,3.844964966913196,3.846949843462129,3.8421108892770985
20230825.0,2.023082509390044e+16,3.847,3.846,3.845,3.844,3.843,430000.0,2047400.0,2322100.0,567400.0,324500.0,3.473,3.85,3.847,3.838,965200.0,3276700.0,3936700.0,3181000.0,1226100.0,3.848,3.849,3.85,3.851,3.852,535200.0,1229300.0,1614600.0,2613600.0,901600.0,3.847,3.859,-0.012,0.0009999999999998,82446336.6,21445300.0,4.245,-535200.0,-1229300.0,-1614600.0,-2613600.0,-901600.0,0.0,0.0,1923.5,-0.0010000000000003,430000.0,2047400.0,2322100.0,567400.0,324500.0,0.0020000000000002,0.0009999999999998,3.847,0.0,0.0,14.799409,459900892090000.0,0.0,0.0,3.847,0.0,0.0,0.000115912335189,3.847,3.8475,940.0,3.847,0.0002599090318388,0.0007797270955165,0.0,159919.0,6894300.0,5691400.0,1202900.0,12585700.0,0.2404753324082646,0.2475946705450901,500.0,1202900.0,3.847,3.847445503522586,3.8503070797615417,3.845297114945356
20230825.0,2.0230825094000388e+16,3.846,3.845,3.844,3.843,3.842,635200.0,2627800.0,1633900.0,315500.0,564100.0,3.473,3.85,3.847,3.838,735500.0,3369200.0,1561600.0,365900.0,354000.0,3.848,3.849,3.85,3.851,3.852,335500.0,2969200.0,2111600.0,365900.0,401600.0,3.847,3.859,-0.012,0.0009999999999998,86418550.6,22477700.0,4.245,-335500.0,-2969200.0,-2111600.0,-365900.0,-401600.0,0.0,0.0,96175.0,-0.0010000000000003,400000.0,400000.0,-550000.0,0.0,-47600.0,0.0020000000000002,0.0009999999999998,3.847,0.0,0.0,14.799409,505246997290000.0,0.0,0.0,3.847,0.0,0.0,0.0001180362516008,3.847,3.847,941.0,3.847,0.0005198856251624,0.0010397712503249,0.0,159919.0,6183800.0,5776500.0,407300.0,11960300.0,0.2190246808998645,0.2182862812106297,25000.0,407300.0,3.847,3.8473087462655817,3.849600391345128,3.844424911278456
20230825.0,2.023082509410039e+16,3.85,3.849,3.848,3.847,3.846,244700.0,3671000.0,2100000.0,603300.0,196000.0,3.473,3.85,3.85,3.838,678500.0,5335600.0,3226900.0,2041600.0,1602500.0,3.851,3.852,3.853,3.854,3.855,433800.0,1664600.0,1126900.0,1438300.0,1406500.0,3.847,3.859,-0.0089999999999998,0.0,106656466.2,27734900.0,4.245,-433800.0,-1664600.0,-1126900.0,-1438300.0,-1406500.0,0.0,0.0,15289505.0,-0.0009999999999998,244700.0,3671000.0,2100000.0,603300.0,196000.0,0.0019999999999997,0.0009999999999998,3.85,0.0,0.0,14.822500000000002,769224678010000.0,0.0,0.0,3.85,0.0,0.0,0.000238281336234,3.85,3.8505,942.0,3.85,0.0002597065316192,0.0007791195948577,0.0,159919.0,6070100.0,6815000.0,-744900.0,12885100.0,0.1931924454577161,0.177568914205546,3971300.0,744900.0,3.85,3.850360648489315,3.853283207854895,3.8484644314013208
20230825.0,2.0230825094200384e+16,3.847,3.846,3.845,3.844,3.843,1064100.0,2094600.0,1867900.0,193700.0,257800.0,3.473,3.851,3.849,3.838,1225300.0,1291000.0,4991400.0,1095400.0,152800.0,3.849,3.85,3.851,3.852,3.853,1187900.0,1321000.0,4461400.0,1151700.0,242600.0,3.847,3.859,-0.0099999999999997,0.0010000000000003,109987140.2,28600100.0,4.245,-1187900.0,-1321000.0,-4461400.0,-1151700.0,-242600.0,0.0,0.0,53491.10000000894,-0.0009999999999998,37400.0,-30000.0,530000.0,-56300.0,-89800.0,0.0019999999999997,0.0009999999999998,3.849,0.0,0.0,14.814801,817965720010000.0,0.0,0.0,3.849,0.0,0.0,5.865547890393508e-05,3.849,3.848,943.0,3.849,0.0005197505197505,0.001039501039501,0.0,159919.0,8364600.0,5478100.0,2886500.0,13842700.0,0.1660681332806522,0.190318842022024,13900.0,2886500.0,3.8482805755402114,3.847945026642984,3.850753735982593,3.845641372008543
20230825.0,2.0230825094300344e+16,3.848,3.847,3.846,3.845,3.844,6300.0,943200.0,1851400.0,1651100.0,528700.0,3.473,3.851,3.848,3.838,-1615300.0,104400.0,-1825500.0,1672300.0,147400.0,3.849,3.85,3.851,3.852,3.853,1104500.0,1567300.0,1778800.0,1034800.0,611200.0,3.847,3.859,-0.0110000000000001,0.0,113824383.3,29597400.0,4.245,779200.0,297600.0,-100000.0,-776800.0,126300.0,0.0,0.0,15776.79999999702,-0.0009999999999998,-836100.0,402000.0,-1925500.0,895500.0,273700.0,0.0019999999999997,0.0009999999999998,3.848,0.0,0.0,14.807104,876006086760000.0,0.0,0.0,3.848,0.0,0.0,-0.0001859872587781,3.848,3.8485,944.0,3.848,0.0002598414966871,0.000779524490061,0.0,159919.0,6096600.0,4980700.0,1115900.0,11077300.0,0.1579320732014706,0.167062382705578,4100.0,1115900.0,3.847999999999273,3.848005671588045,3.8507508283305447,3.845648101672456
20230825.0,2.023082509440038e+16,3.845,3.844,3.843,3.842,3.841,345500.0,1603300.0,2651100.0,1238000.0,306900.0,3.473,3.851,3.846,3.838,-598600.0,-3767200.0,-6081100.0,-2271100.0,-923800.0,3.846,3.847,3.848,3.849,3.85,253100.0,2163900.0,3430000.0,1033100.0,616900.0,3.847,3.859,-0.0129999999999999,0.0,116609153.0,30321300.0,4.245,253100.0,2163900.0,3430000.0,1033100.0,616900.0,0.0,0.0,218452.79999999705,-0.0009999999999998,-345500.0,-1603300.0,-2651100.0,-1238000.0,-306900.0,0.0020000000000002,0.0010000000000003,3.846,0.0,0.0,14.791716,919381233690000.0,0.0,0.0,3.846,0.0,0.0,-0.0001897411769742,3.846,3.8455,945.0,3.846,0.0002600442075152,0.0007801326225458,0.0,159919.0,7497000.0,6144800.0,1352200.0,13641800.0,0.1621636846417799,0.1316987006304321,56800.0,1352200.0,3.845999999999948,3.845577180086869,3.847946218487394,3.843072012107799
20230825.0,2.0230825094500344e+16,3.847,3.846,3.845,3.844,3.843,963000.0,1208300.0,2891500.0,574500.0,749800.0,3.473,3.851,3.847,3.838,1230500.0,4688800.0,3557000.0,2351600.0,1298300.0,3.848,3.849,3.85,3.851,3.852,267500.0,3480500.0,665500.0,1777100.0,548500.0,3.847,3.859,-0.012,0.0009999999999998,124915817.0,32481100.0,4.245,-267500.0,-3480500.0,-665500.0,-1777100.0,-548500.0,0.0,0.0,150802.40000000596,-0.0010000000000003,963000.0,1208300.0,2891500.0,574500.0,749800.0,0.0020000000000002,0.0009999999999998,3.847,0.0,0.0,14.799409,1055021857210000.0,0.0,0.0,3.847,0.0,0.0,0.0002132904897866,3.847,3.8475,946.0,3.847,0.0002599090318388,0.0007797270955165,0.0,159919.0,6739100.0,6387100.0,352000.0,13126200.0,0.1825908134979667,0.1505328965486156,39200.0,352000.0,3.847000000000152,3.847782608695652,3.849830630202846,3.845165990825257
20230825.0,2.023082509460037e+16,3.847,3.846,3.845,3.844,3.843,334300.0,2641500.0,2884400.0,585100.0,460800.0,3.473,3.851,3.847,3.838,443900.0,4582300.0,5391100.0,2662200.0,1413900.0,3.848,3.849,3.85,3.851,3.852,109600.0,1940800.0,2506700.0,2077100.0,953100.0,3.847,3.859,-0.012,0.0,128387166.8,33383300.0,4.245,-109600.0,-1940800.0,-2506700.0,-2077100.0,-953100.0,0.0,0.0,132336.79999999702,-0.0010000000000003,334300.0,2641500.0,2884400.0,585100.0,460800.0,0.0020000000000002,0.0009999999999998,3.847,0.0,0.0,14.799409,1114444718890000.0,0.0,0.0,3.847,0.0,0.0,0.0001971757662724,3.847,3.8475,947.0,3.847,0.0002599090318388,0.0007797270955165,0.0,159919.0,7587300.0,6906100.0,681200.0,14493400.0,0.1859861074197832,0.1483683157271962,34400.0,681200.0,3.846999999999914,3.847753097544492,3.8502403094645,3.845261131463489
20230825.0,2.0230825094700336e+16,3.851,3.85,3.849,3.848,3.847,23000.0,1900100.0,2156200.0,1660900.0,57600.0,3.473,3.852,3.852,3.838,-752000.0,-1091900.0,-1977600.0,2771200.0,150400.0,3.852,3.853,3.854,3.855,3.856,609500.0,1471300.0,5150100.0,910000.0,1028200.0,3.847,3.859,-0.0070000000000001,0.0,135108750.7,35129000.0,4.245,504800.0,260900.0,1568200.0,-1368200.0,-450100.0,0.0,0.0,20800.79999998212,-0.0010000000000003,-247200.0,-831000.0,-409400.0,1403000.0,-299700.0,0.0020000000000002,0.0009999999999998,3.852,0.0,0.0,14.837903999999998,1234046641000000.0,0.0,0.0,3.852,0.0,0.0,-0.0001776927103691,3.852,3.8515,948.0,3.852,0.0002596391016486,0.0007789173049461,0.0,159919.0,9169100.0,5797800.0,3371300.0,14966900.0,0.1821651571951295,0.1465674007458486,5400.0,3371300.0,3.8519999999966887,3.851036363636364,3.854030112006631,3.849029321466764
20230825.0,2.023082509480031e+16,3.848,3.847,3.846,3.845,3.844,906800.0,2117900.0,1966800.0,549200.0,266100.0,3.473,3.852,3.849,3.838,-2996000.0,-3842900.0,-5200600.0,-1711500.0,-1118000.0,3.85,3.851,3.852,3.853,3.854,2089200.0,1725000.0,3233800.0,1162300.0,851900.0,3.847,3.859,-0.0099999999999997,-0.0009999999999998,139635353.7,36304600.0,4.245,2089200.0,1725000.0,3233800.0,1162300.0,851900.0,0.0,0.0,1160322.5,-0.0009999999999998,-906800.0,-2117900.0,-1966800.0,-549200.0,-266100.0,0.0019999999999997,0.0009999999999998,3.849,0.0,0.0,14.814801,1318023981160000.0,0.0,0.0,3.849,0.0,0.0,-0.0003691932621674,3.849,3.849,949.0,3.849,0.0005196154845414,0.0010392309690828,0.0,159919.0,9062200.0,5806800.0,3255400.0,14869000.0,0.1715325074024071,0.1801155283112581,301400.0,3255400.0,3.849776045122761,3.8486053404539375,3.851664838560173,3.846490821106289
20230825.0,2.023082509490029e+16,3.848,3.847,3.846,3.845,3.844,457800.0,1054200.0,2102200.0,348300.0,245900.0,3.473,3.852,3.849,3.838,86000.0,-1475600.0,313700.0,155700.0,54600.0,3.849,3.85,3.851,3.852,3.853,415900.0,1911000.0,1640500.0,2245000.0,491600.0,3.847,3.859,-0.0099999999999997,0.0,143184099.2,37226800.0,4.245,0.0,293000.0,-260700.0,-155700.0,-26300.0,0.0,0.0,0.0,-0.0009999999999998,86000.0,-1182600.0,53000.0,0.0,28300.0,0.0019999999999997,0.0009999999999998,3.849,0.0,0.0,14.814801,1385834638240000.0,0.0,0.0,3.849,0.0,0.0,1.3504326391577948e-05,3.849,3.8485,950.0,3.849,0.0002598414966871,0.000779524490061,0.0,159919.0,6704000.0,4208400.0,2495600.0,10912400.0,0.1423813827191307,0.1552492431395586,0.0,2495600.0,0.0,3.848523978482317,3.851072404534606,3.846268439311853
20230825.0,2.0230825095000284e+16,3.847,3.846,3.845,3.844,3.843,139000.0,1435900.0,3077600.0,989500.0,308700.0,3.473,3.852,3.848,3.838,-1096700.0,-3718100.0,455200.0,-1598200.0,-961300.0,3.848,3.849,3.85,3.851,3.852,100000.0,1876300.0,722300.0,2398200.0,1015000.0,3.847,3.859,-0.0110000000000001,0.0,147222210.9,38276500.0,4.245,100000.0,1876300.0,722300.0,2398200.0,1015000.0,0.0,0.0,14237.59999999404,-0.0010000000000003,-996700.0,-1841800.0,1177500.0,800000.0,53700.0,0.0020000000000002,0.0009999999999998,3.848,0.0,0.0,14.807104,1465090452250000.0,0.0,0.0,3.848,0.0,0.0,-0.0001895131617479,3.848,3.8475,951.0,3.848,0.0002599090318388,0.0007797270955165,0.0,159919.0,6111800.0,5950700.0,161100.0,12062500.0,0.1468302098723578,0.1436581398689681,3700.0,161100.0,3.847999999998389,3.847581589958159,3.850384812984718,3.845017981077856
20230825.0,2.023082509510027e+16,3.848,3.847,3.846,3.845,3.844,286900.0,3439400.0,2484300.0,740200.0,325600.0,3.473,3.852,3.85,3.838,-198500.0,-55400.0,550000.0,100000.0,-400000.0,3.85,3.851,3.852,3.853,3.854,1205800.0,2256600.0,2575000.0,424000.0,1468200.0,3.847,3.859,-0.0089999999999998,0.0,148648397.0,38647100.0,4.245,100000.0,155400.0,-300000.0,0.0,300000.0,0.0,0.0,0.0,-0.0009999999999998,-98500.0,100000.0,250000.0,100000.0,-100000.0,0.0019999999999997,0.0009999999999998,3.85,0.0,0.0,14.822500000000002,1493598338410000.0,0.0,0.0,3.85,0.0,0.0,-3.442815140042299e-05,3.85,3.849,952.0,3.85,0.0005196154845414,0.0010392309690828,0.0,159919.0,7929600.0,7276400.0,653200.0,15206000.0,0.1635790434291686,0.1724782521747161,0.0,653200.0,0.0,3.848384404099953,3.851835073648103,3.846360315540653
20230825.0,2.023082509520028e+16,3.848,3.847,3.846,3.845,3.844,167400.0,1817600.0,2702200.0,916500.0,419400.0,3.473,3.852,3.849,3.838,-297400.0,-3670100.0,-6455800.0,-2883400.0,-873400.0,3.849,3.85,3.851,3.852,3.853,130000.0,1852500.0,3753600.0,1966900.0,454000.0,3.847,3.859,-0.0099999999999997,0.0,150280115.74,39071080.0,4.245,130000.0,1852500.0,3753600.0,1966900.0,454000.0,0.0,0.0,34641.0,-0.0009999999999998,-167400.0,-1817600.0,-2702200.0,-916500.0,-419400.0,0.0019999999999997,0.0009999999999998,3.849,0.0,0.0,14.814801,1526549292366400.0,0.0,0.0,3.849,0.0,0.0,-0.0001161104130007,3.849,3.8485,953.0,3.849,0.0002598414966871,0.000779524490061,0.0,159919.0,8157000.0,6023100.0,2133900.0,14180100.0,0.1576510616620078,0.145240116719539,9000.0,2133900.0,3.849,3.848562878278413,3.851093465734952,3.846065929504741
20230825.0,2.0230825095300284e+16,3.849,3.848,3.847,3.846,3.845,214300.0,2260700.0,1824500.0,1028400.0,597600.0,3.473,3.852,3.85,3.838,-395300.0,588400.0,-115400.0,138300.0,83800.0,3.851,3.852,3.853,3.854,3.855,1992700.0,1903700.0,2053900.0,1230000.0,452000.0,3.847,3.859,-0.0089999999999998,0.0,153115174.54,39807480.0,4.245,404300.0,-403000.0,30000.0,-138300.0,22300.0,0.0,0.0,55440.0,-0.0009999999999998,9000.0,185400.0,-85400.0,0.0,106100.0,0.0020000000000002,0.0010000000000003,3.85,0.0,0.0,14.822500000000002,1584635463950400.0,0.0,0.0,3.85,0.0,0.0,-9.017959082147088e-06,3.85,3.85,954.0,3.85,0.0005194805194804,0.001038961038961,0.0,159919.0,7632300.0,5925500.0,1706800.0,13557800.0,0.1566627144059094,0.1563406293513317,14400.0,1706800.0,3.85,3.849194200271863,3.852507998899414,3.847078592523837
20230825.0,2.023082509540027e+16,3.848,3.847,3.846,3.845,3.844,255700.0,1688400.0,3077500.0,760500.0,230800.0,3.473,3.852,3.849,3.838,110000.0,-200000.0,-50000.0,100000.0,100000.0,3.849,3.85,3.851,3.852,3.853,302500.0,2986400.0,1601900.0,1585000.0,1012200.0,3.847,3.859,-0.0099999999999997,0.0,153607500.74,39935380.0,4.245,-100000.0,100000.0,200000.0,-100000.0,-100000.0,0.0,0.0,0.0,-0.0009999999999998,10000.0,-100000.0,150000.0,0.0,0.0,0.0019999999999997,0.0009999999999998,3.849,0.0,0.0,14.814801,1594834575744400.0,0.0,0.0,3.849,0.0,0.0,2.05356730389461e-05,3.849,3.8485,955.0,3.849,0.0002598414966871,0.000779524490061,0.0,159919.0,7488000.0,6012900.0,1475100.0,13500900.0,0.1537843611217108,0.1431709056421621,0.0,1475100.0,0.0,3.848458079541383,3.8510024038461537,3.84616260040912
20230825.0,2.023082509550029e+16,3.848,3.847,3.846,3.845,3.844,500100.0,731500.0,2424500.0,2154600.0,335800.0,3.473,3.852,3.849,3.838,-231600.0,649200.0,-1061400.0,961400.0,95600.0,3.849,3.85,3.851,3.852,3.853,1579600.0,1683100.0,4245000.0,745000.0,778100.0,3.847,3.859,-0.0099999999999997,0.0,154677478.94,40213380.0,4.245,231600.0,-679200.0,400000.0,-100000.0,-211700.0,0.0,0.0,5003.699999988079,-0.0009999999999998,0.0,-30000.0,-661400.0,861400.0,-116100.0,0.0019999999999997,0.0009999999999998,3.849,0.0,0.0,14.814801,1617115931024400.0,0.0,0.0,3.849,0.0,0.0,-7.830785862417144e-06,3.849,3.8485,956.0,3.849,0.0002598414966871,0.000779524490061,0.0,159919.0,9030800.0,6146500.0,2884300.0,15177300.0,0.1352862005357509,0.1215662517090243,1300.0,2884300.0,3.84899999999083,3.8482404673751023,3.8507186185055593,3.8458219311803465
20230825.0,2.0230825095600268e+16,3.85,3.849,3.848,3.847,3.846,444600.0,1721000.0,2258000.0,557700.0,694500.0,3.473,3.852,3.851,3.838,-128500.0,24300.0,392500.0,307500.0,-273900.0,3.851,3.852,3.853,3.854,3.855,254300.0,3302000.0,1879800.0,1830000.0,454300.0,3.847,3.859,-0.008,0.0,155653809.34,40466980.0,4.245,228500.0,75700.0,-200000.0,-400000.0,0.0,0.0,0.0,99740.90000000596,-0.0009999999999998,100000.0,100000.0,192500.0,-92500.0,-273900.0,0.0019999999999997,0.0009999999999998,3.851,0.0,0.0,14.830201,1637576470320400.0,0.0,0.0,3.851,0.0,0.0,-7.640083697113553e-05,3.851,3.8505,957.0,3.851,0.0002597065316192,0.0007791195948577,0.0,159919.0,7720400.0,5675800.0,2044600.0,13396200.0,0.1439725621633958,0.1235177726036191,25900.0,2044600.0,3.85100000000023,3.850636142509658,3.8528611470908247,3.8481168998202895
20230825.0,2.023082509570028e+16,3.852,3.851,3.85,3.849,3.848,16100.0,252500.0,2297900.0,2298500.0,637600.0,3.473,3.853,3.852,3.838,-2665200.0,-2111800.0,365200.0,2596600.0,147400.0,3.853,3.854,3.855,3.856,3.857,2494100.0,3248000.0,1786000.0,539900.0,190100.0,3.847,3.859,-0.0070000000000001,-0.0010000000000003,159778196.64,41537780.0,4.245,2080100.0,620800.0,-468200.0,-700000.0,-273700.0,0.0,0.0,50461.59999999404,-0.0009999999999998,-585100.0,-1491000.0,-103000.0,1896600.0,-126300.0,0.0019999999999997,0.0009999999999998,3.852,0.0,0.0,14.837903999999998,1725387167328400.0,0.0,0.0,3.852,0.0,0.0,-0.000152061069133,3.852,3.8525,958.0,3.852,0.000259571706684,0.0007787151200519,0.0,159919.0,8258100.0,5502600.0,2755500.0,13760700.0,0.1487646896763895,0.1113301072397347,13100.0,2755500.0,3.85203053435069,3.852006413831567,3.854114069822356,3.8494022825573366
20230825.0,2.023082509580025e+16,3.85,3.849,3.848,3.847,3.846,495300.0,1346400.0,2186600.0,1162700.0,198400.0,3.473,3.853,3.85,3.838,329900.0,0.0,-500000.0,200000.0,-100000.0,3.851,3.852,3.853,3.854,3.855,370700.0,2977900.0,3133000.0,2329800.0,414300.0,3.847,3.859,-0.0089999999999998,0.0,160178710.44,41641780.0,4.245,100000.0,0.0,-100000.0,0.0,0.0,0.0,0.0,0.0,-0.0009999999999998,429900.0,0.0,-600000.0,200000.0,-100000.0,0.0019999999999997,0.0009999999999998,3.85,0.0,0.0,14.822500000000002,1734037841568400.0,0.0,0.0,3.85,0.0,0.0,9.800453186992186e-05,3.85,3.8505,959.0,3.85,0.0002597065316192,0.0007791195948577,0.0,159919.0,9225700.0,5389400.0,3836300.0,14615100.0,0.1368688527751137,0.117897618397462,0.0,3836300.0,0.0,3.8505719399538094,3.8529392024453433,3.8481442646676807
20230825.0,2.023082509590033e+16,3.852,3.851,3.85,3.849,3.848,1787902.0,1842400.0,966800.0,375700.0,365800.0,3.473,3.854,3.853,3.838,-1927602.0,-2681700.0,-2902100.0,-1564000.0,-1797600.0,3.853,3.854,3.855,3.856,3.857,139700.0,839300.0,1935300.0,1188300.0,1431800.0,3.847,3.859,-0.0059999999999997,-0.0009999999999998,167434753.736,43525178.0,4.245,139700.0,839300.0,1935300.0,1188300.0,1431800.0,0.0,0.0,1037227.599999994,-0.0009999999999998,-1787902.0,-1842400.0,-966800.0,-375700.0,-365800.0,0.0019999999999997,0.0009999999999998,3.853,0.0,0.0,14.845609,1894441119931684.0,0.0,0.0,3.853,0.0,0.0,-0.0002007459249402,3.853,3.8525,1000.0,3.853,0.000259571706684,0.0007787151200519,0.0,159919.0,5534400.0,5338602.0,195798.0,10873002.0,0.1274181657717808,0.1048667281532988,269200.0,195798.0,3.852999999999978,3.852927526532967,3.855529994217982,3.850807496794104
20230825.0,2.023082510000033e+16,3.856,3.855,3.854,3.853,3.852,165000.0,2363200.0,2055000.0,1993500.0,206300.0,3.473,3.857,3.857,3.838,78000.0,-1106400.0,-144300.0,1636200.0,-225400.0,3.857,3.858,3.859,3.86,3.861,138700.0,3132600.0,3399100.0,1197100.0,463300.0,3.847,3.859,-0.0019999999999997,0.0,173457028.836,45087278.0,4.245,22000.0,1076400.0,-868200.0,-100000.0,62000.0,0.0,0.0,0.0,-0.0009999999999998,100000.0,-30000.0,-1012500.0,1536200.0,-163400.0,0.0019999999999997,0.0009999999999998,3.857,0.0,0.0,14.876449,2032862637449284.0,0.0,0.0,3.857,0.0,0.0,4.811854363406809e-05,3.857,3.8565,1001.0,3.857,0.0002593024763387,0.0007779074290159,0.0,159919.0,8330800.0,6783000.0,1547800.0,15113800.0,0.1417035409926935,0.1249034306495661,0.0,1547800.0,0.0,3.856543299308528,3.8588455970615065,3.854042326404246
20230825.0,2.0230825100100324e+16,3.854,3.853,3.852,3.851,3.85,30000.0,353500.0,2805400.0,1915100.0,521800.0,3.473,3.857,3.854,3.838,2135200.0,2172500.0,4395400.0,2656400.0,720700.0,3.855,3.856,3.857,3.858,3.859,2105200.0,1819000.0,1590000.0,741300.0,198900.0,3.847,3.859,-0.0049999999999998,0.0,182097285.136,47329078.0,4.245,-2105200.0,-1819000.0,-1590000.0,-741300.0,-198900.0,0.0,0.0,50487.40000000596,-0.0009999999999998,30000.0,353500.0,2805400.0,1915100.0,521800.0,0.0019999999999997,0.0009999999999998,3.854,0.0,0.0,14.853316,2240041624330084.0,0.0,0.0,3.854,0.0,0.0,0.0001506801834407,3.854,3.8545,1002.0,3.854,0.0002594370216629,0.0007783110649888,0.0,159919.0,6454400.0,5625800.0,828600.0,12080200.0,0.1600000645780577,0.1544518927688299,13100.0,828600.0,3.854000000000455,3.85401405020607,3.856242330813089,3.85154758434356
20230825.0,2.023082510020032e+16,3.851,3.85,3.849,3.848,3.847,635600.0,384200.0,3355100.0,1343500.0,486700.0,3.473,3.857,3.851,3.838,232600.0,-1032300.0,1100000.0,-500000.0,21400.0,3.852,3.853,3.854,3.855,3.856,571600.0,2005900.0,1783900.0,938000.0,262000.0,3.847,3.859,-0.008,0.0,186315974.536,48424478.0,4.245,-232300.0,432300.0,0.0,0.0,-73700.0,0.0,0.0,0.0,-0.0010000000000003,300.0,-600000.0,1100000.0,-500000.0,-52300.0,0.0020000000000002,0.0009999999999998,3.851,0.0,0.0,14.830201,2344930069572484.0,0.0,0.0,3.851,0.0,0.0,2.209066156666495e-05,3.851,3.8515,1003.0,3.851,0.0002596391016486,0.0007789173049461,0.0,159919.0,5561400.0,6205100.0,-643700.0,11766500.0,0.1668347560662143,0.1601310724806758,0.0,643700.0,0.0,3.851526507620941,3.853696641133528,3.848893394143528
20230825.0,2.023082510030029e+16,3.849,3.848,3.847,3.846,3.845,593000.0,2093500.0,2264200.0,1126200.0,410100.0,3.473,3.857,3.849,3.838,1083300.0,1544700.0,1100000.0,1296100.0,231700.0,3.851,3.852,3.853,3.854,3.855,1290100.0,1544700.0,1630000.0,692400.0,231700.0,3.847,3.859,-0.0099999999999997,-0.0009999999999998,193035781.536,50169278.0,4.245,-1290100.0,-1544700.0,-1630000.0,-692400.0,-231700.0,0.0,0.0,218623.20000001788,-0.0009999999999998,-206800.0,0.0,-530000.0,603700.0,0.0,0.0020000000000002,0.0010000000000003,3.849,0.0,0.0,14.814801,2516956455041284.0,0.0,0.0,3.849,0.0,0.0,-7.893403170311508e-05,3.849,3.85,1004.0,3.849,0.0005194805194804,0.001038961038961,0.0,159919.0,5388900.0,6487000.0,-1098100.0,11875900.0,0.1699751982464983,0.1673864244782939,56800.0,1098100.0,3.8490000000003146,3.849629812543147,3.852449034125703,3.847205503314321
20230825.0,2.0230825100400304e+16,3.848,3.847,3.846,3.845,3.844,660700.0,978900.0,2834700.0,854000.0,260600.0,3.473,3.857,3.848,3.838,648000.0,-318000.0,1138400.0,-1288400.0,0.0,3.849,3.85,3.851,3.852,3.853,602200.0,1860700.0,1500500.0,1157000.0,162200.0,3.847,3.859,-0.0110000000000001,0.0,197861236.036,51423178.0,4.245,-9000.0,-291000.0,-600000.0,900000.0,0.0,0.0,0.0,0.0,-0.0009999999999998,639000.0,-609000.0,538400.0,-388400.0,0.0,0.0019999999999997,0.0009999999999998,3.848,0.0,0.0,14.807104,2644343235619684.0,0.0,0.0,3.848,0.0,0.0,0.0001270371501875,3.848,3.8485,1005.0,3.848,0.0002598414966871,0.000779524490061,0.0,159919.0,5282600.0,5588900.0,-306300.0,10871500.0,0.1578895277843006,0.1537574528856959,0.0,306300.0,0.0,3.8485231609787,3.850700204444781,3.84616552452182
20230825.0,2.0230825100500264e+16,3.847,3.846,3.845,3.844,3.843,11300.0,998000.0,2018100.0,2085200.0,881400.0,3.473,3.857,3.847,3.838,-182000.0,-618000.0,-560000.0,1400000.0,329800.0,3.848,3.849,3.85,3.851,3.852,488600.0,2408700.0,1460000.0,300700.0,238500.0,3.847,3.859,-0.012,0.0,199080420.036,51740078.0,4.245,91000.0,609000.0,-40000.0,-700000.0,-229800.0,0.0,0.0,0.0,-0.0010000000000003,-91000.0,-9000.0,-600000.0,700000.0,100000.0,0.0020000000000002,0.0009999999999998,3.847,0.0,0.0,14.799409,2677035671446084.0,0.0,0.0,3.847,0.0,0.0,-4.73176581632373e-05,3.847,3.8475,1006.0,3.847,0.0002599090318388,0.0007797270955165,0.0,159919.0,4896500.0,5994000.0,-1097500.0,10890500.0,0.1396319019104918,0.1231726906393757,0.0,1097500.0,0.0,3.847022604520904,3.849467333809864,3.844528294961629
20230825.0,2.023082510060029e+16,3.844,3.843,3.842,3.841,3.84,428500.0,1381600.0,3524900.0,793000.0,587800.0,3.473,3.857,3.845,3.838,429300.0,416700.0,1628400.0,-2388400.0,0.0,3.845,3.846,3.847,3.848,3.849,111500.0,1672100.0,3566000.0,1629800.0,88600.0,3.847,3.859,-0.0139999999999997,0.0,199796081.436,51926178.0,4.245,-236200.0,-209600.0,-640000.0,1000000.0,0.0,0.0,0.0,384.5,-0.0009999999999998,193100.0,207100.0,988400.0,-1388400.0,0.0,0.0019999999999997,0.0009999999999998,3.845,0.0,0.0,14.784025000000002,2696327961687684.0,0.0,0.0,3.845,0.0,0.0,0.000101392686044,3.845,3.8445,1007.0,3.845,0.0002601118480947,0.000780335544284,0.0,159919.0,7068000.0,6715800.0,352200.0,13783800.0,0.1362333011480547,0.1134661049438045,100.0,352200.0,3.845,3.84479351851852,3.846987535370685,3.842040203698741
20230825.0,2.023082510070023e+16,3.845,3.844,3.843,3.842,3.841,59900.0,1381700.0,2087100.0,2042600.0,825800.0,3.473,3.857,3.845,3.838,-72000.0,-218000.0,-200000.0,250000.0,173900.0,3.846,3.847,3.848,3.849,3.85,512600.0,1644400.0,2429800.0,400200.0,238600.0,3.847,3.859,-0.0139999999999997,0.0,202162967.636,52541678.0,4.245,91000.0,109000.0,100000.0,0.0,-100000.0,0.0,0.0,0.0,-0.0009999999999998,19000.0,-109000.0,-100000.0,250000.0,73900.0,0.0020000000000002,0.0010000000000003,3.845,0.0,0.0,14.784025000000002,2760627927055684.0,0.0,0.0,3.845,0.0,0.0,4.212218964960712e-06,3.845,3.8455,1008.0,3.845,0.0002600442075152,0.0007801326225458,0.0,159919.0,5225600.0,6397100.0,-1171500.0,11622700.0,0.1407167857499076,0.1034419982785879,0.0,1171500.0,0.0,3.8451046288209607,3.847657034598898,3.84265723530975
20230825.0,2.0230825100800256e+16,3.845,3.844,3.843,3.842,3.841,505800.0,2097700.0,2405100.0,950100.0,662700.0,3.473,3.857,3.846,3.838,154300.0,-80800.0,967800.0,-1453600.0,-301800.0,3.846,3.847,3.848,3.849,3.85,1220000.0,1517900.0,4260000.0,900200.0,442000.0,3.847,3.859,-0.0129999999999999,0.0,203202712.936,52812078.0,4.245,229500.0,127400.0,130000.0,330000.0,212000.0,0.0,0.0,0.0,-0.0009999999999998,383800.0,46600.0,1097800.0,-1123600.0,-89800.0,0.0020000000000002,0.0010000000000003,3.846,0.0,0.0,14.791716,2789115582678084.0,0.0,0.0,3.846,0.0,0.0,4.770063525816326e-05,3.846,3.8455,1009.0,3.846,0.0002600442075152,0.0007801326225458,0.0,159919.0,8340100.0,6621400.0,1718700.0,14961500.0,0.1332342069343847,0.1049057032562783,0.0,1718700.0,0.0,3.845293081469464,3.8477393676334817,3.84312592503096
20230825.0,2.023082510090027e+16,3.845,3.844,3.843,3.842,3.841,13200.0,684300.0,1964500.0,2523300.0,1298200.0,3.473,3.857,3.845,3.838,1718200.0,2949300.0,3124300.0,2611900.0,1568100.0,3.846,3.847,3.848,3.849,3.85,1705000.0,2265000.0,1159800.0,88600.0,269900.0,3.847,3.859,-0.0139999999999997,0.0,204209569.536,53073878.0,4.245,-1705000.0,-2265000.0,-1159800.0,-88600.0,-269900.0,0.0,0.0,38450.0,-0.0009999999999998,13200.0,684300.0,1964500.0,2523300.0,1298200.0,0.0020000000000002,0.0010000000000003,3.845,0.0,0.0,14.784025000000002,2816836525958884.0,0.0,0.0,3.845,0.0,0.0,8.877646801486172e-05,3.845,3.8455,1010.0,3.845,0.0002600442075152,0.0007801326225458,0.0,159919.0,5488300.0,6483500.0,-995200.0,11971800.0,0.12654617033753,0.1034120652486725,10000.0,995200.0,3.845,3.845007682458387,3.847080480294444,3.842319966067711
20230825.0,2.023082510105919e+16,3.847,3.846,3.845,3.844,3.843,118000.0,771800.0,3138800.0,1511000.0,960500.0,3.473,3.857,3.848,3.838,-331900.0,-452100.0,-2080500.0,565700.0,585700.0,3.848,3.849,3.85,3.851,3.852,530000.0,2887200.0,3430200.0,985700.0,598700.0,3.847,3.859,-0.0110000000000001,0.0,213478993.636,55483878.0,4.245,-279400.0,361400.0,2085000.0,-155000.0,-169600.0,0.0004999999999999,131350.0,1974494.0,-0.0010000000000003,-611300.0,-90700.0,4500.0,410700.0,416100.0,0.0020000000000002,0.0009999999999998,3.848,3.0,2.0,14.8063349,6.119843916300968e+16,14.0,6.0,3.849,0.0009999999999998,203175.0,-7.586375958923419e-05,3.847,3.8475,1011.0,3.847,0.0002599090318388,0.0007797270955165,1436017.6870547512,159919.0,8431800.0,6500100.0,1931700.0,14931900.0,0.1313349418227032,0.1373337784554519,513200.0,1931700.0,3.8474162120031177,3.847182098765432,3.849790780141844,3.844627051891509
0.0,0.0,0.0,0.0,0.0,0.0,0.0,0.0,0.0,0.0,0.0,0.0,0.0,0.0,0.0,0.0,0.0,0.0,0.0,0.0,0.0,0.0,0.0,0.0,0.0,0.0,0.0,0.0,0.0,0.0,0.0,0.0,0.0,0.0,0.0,0.0,0.0,0.0,0.0,0.0,0.0,0.0,0.0,0.0,0.0,0.0,0.0,0.0,0.0,0.0,0.0,0.0,0.0,0.0,0.0,0.0,0.0,0.0,0.0,0.0,0.0,0.0,0.0,0.0,0.0,0.0,0.0,0.0,0.0,0.0,0.0,0.0,0.0,0.0,0.0,0.0,0.0,0.0,0.0,0.0,0.0,0.0,0.0,0.0,0.0
20230825.0,2.02308251012591e+16,3.853,3.852,3.851,3.85,3.849,31000.0,2109300.0,1776500.0,1443400.0,464300.0,3.473,3.857,3.853,3.838,554200.0,3921300.0,4080100.0,2904000.0,861900.0,3.854,3.855,3.856,3.857,3.858,523200.0,1812000.0,2303600.0,1460600.0,397600.0,3.847,3.859,-0.0059999999999997,0.0010000000000003,221255057.236,57502978.0,4.245,-523200.0,-1812000.0,-2303600.0,-1460600.0,-397600.0,0.0,169373.33333333582,6004550.400000006,-0.0009999999999998,31000.0,2109300.0,1776500.0,1443400.0,464300.0,0.0020000000000002,0.0010000000000003,3.853,3.0,3.0,14.8456094,4.924928452800966e+16,3.0,3.0,3.854,0.0,379450.0,0.000404680790869,3.852,3.8535,1013.0,3.852,0.0002595043466977,0.0007785130400934,1475128.485508303,159919.0,6497000.0,5824500.0,672500.0,12321500.0,0.1530219586100971,0.1750733987721424,1558900.0,672500.0,3.8517867727243607,3.853055936485024,3.855907249499769,3.850965542106618
20230825.0,2.0230825101359144e+16,3.851,3.85,3.849,3.848,3.847,21300.0,923200.0,2559100.0,1588700.0,174800.0,3.473,3.857,3.852,3.838,-695100.0,-3357200.0,-4725300.0,-2016700.0,-460600.0,3.852,3.853,3.854,3.855,3.856,673800.0,2434000.0,2166200.0,428000.0,285800.0,3.847,3.859,-0.0070000000000001,-0.0010000000000003,222671802.036,57870678.0,4.245,673800.0,2434000.0,2166200.0,428000.0,285800.0,5.000000000032756e-05,93075.0,1416744.800000012,-0.0010000000000003,-21300.0,-923200.0,-2559100.0,-1588700.0,-174800.0,0.0020000000000002,0.0009999999999998,3.852,4.0,5.0,14.84599455,6.669786665158568e+16,3.0,17.0,3.854,0.0,126475.0,-0.0005257712092991,3.852,3.8515,1014.0,3.853,0.0002596391016486,0.0007789173049461,-1505076.6915759204,159919.0,5987800.0,5267100.0,720700.0,11254900.0,0.1542925737389668,0.1747818137133263,367700.0,720700.0,3.8529910252923902,3.851030643072939,3.853535388623534,3.848815363292893
20230825.0,2.023082510145913e+16,3.853,3.852,3.851,3.85,3.849,1832600.0,2335300.0,1247300.0,675100.0,464300.0,3.473,3.857,3.854,3.838,2917300.0,3077300.0,3064300.0,2071200.0,2722400.0,3.854,3.855,3.856,3.857,3.858,1084700.0,742000.0,1817000.0,1396100.0,2258100.0,3.847,3.859,-0.0049999999999998,0.0020000000000002,231120191.136,60063378.0,4.245,-1084700.0,-742000.0,-1817000.0,-1396100.0,-2258100.0,0.0006111111111115,841288.8888888881,8448389.099999994,-0.0009999999999998,1832600.0,2335300.0,1247300.0,675100.0,464300.0,0.0020000000000002,0.0010000000000003,3.854,4.0,2.0,14.842613055555557,6.215369561030149e+16,9.0,9.0,3.854,0.0010000000000003,1314525.0,0.0006742779085568,3.851,3.8535,1015.0,3.852,0.0002595043466977,0.0007785130400934,3082356.514866337,159919.0,7297900.0,6554600.0,743300.0,13852500.0,0.1468818698184284,0.1617340221646387,2192700.0,743300.0,3.8529616910658064,3.8536281835944193,3.8564112004823294,3.8516707960821406
20230825.0,2.023082510155913e+16,3.855,3.854,3.853,3.852,3.851,958500.0,3481800.0,1342900.0,685000.0,21400.0,3.473,3.857,3.855,3.838,1137600.0,4220600.0,3294300.0,3081900.0,1601600.0,3.856,3.857,3.858,3.859,3.86,179100.0,738800.0,1951400.0,2396900.0,1580200.0,3.847,3.859,-0.004,0.0009999999999998,240030528.236,62375178.0,4.245,-179100.0,-738800.0,-1951400.0,-2396900.0,-1580200.0,0.0005499999999991,227370.0,8910337.099999994,-0.0010000000000003,958500.0,3481800.0,1342900.0,685000.0,21400.0,0.0020000000000002,0.0009999999999998,3.855,4.0,3.0,14.84907795,7.490614826016005e+16,9.0,11.0,3.855,0.0009999999999998,592575.0,0.0005744570101677,3.852,3.8555,1016.0,3.854,0.0002593697315522,0.000778109194657,1600306.7799088797,159919.0,6846400.0,6489600.0,356800.0,13336000.0,0.1564927189632012,0.1660237357588639,2311800.0,356800.0,3.8542854485682128,3.855842563291139,3.858651481070344,3.853719767011835
20230825.0,2.02308251016592e+16,3.859,3.858,3.857,3.856,3.855,15900.0,997300.0,2771500.0,1657900.0,60000.0,3.473,3.859,3.859,3.838,1173200.0,2572600.0,3807100.0,3295200.0,405900.0,3.86,3.861,3.862,3.863,3.864,1157300.0,1575300.0,1035600.0,1637300.0,345900.0,3.847,3.859,0.0,0.004,248076651.536,64461578.0,4.245,-1157300.0,-1575300.0,-1035600.0,-1637300.0,-345900.0,0.000900000000001,417690.0,8046123.300000012,-0.0010000000000003,15900.0,997300.0,2771500.0,1657900.0,60000.0,0.0020000000000002,0.0009999999999998,3.859,6.0,2.0,14.8772218,8.130818713152085e+16,10.0,10.0,3.859,0.0020000000000002,875075.0,0.0008220476224587,3.855,3.8595,1017.0,3.855,0.0002591009198082,0.0007773027594248,6627855.58333435,159919.0,5751400.0,5502600.0,248800.0,11254000.0,0.1532816941737744,0.1489892074680495,2086400.0,248800.0,3.856462471242337,3.8590135526764406,3.8617286225962375,3.856863918874714
20230825.0,2.0230825101759096e+16,3.856,3.855,3.854,3.853,3.852,167000.0,2563900.0,2091300.0,650000.0,206300.0,3.473,3.86,3.857,3.838,-576100.0,-4129000.0,-3521700.0,-2699000.0,-1971600.0,3.857,3.858,3.859,3.86,3.861,409100.0,1565100.0,1430400.0,2049000.0,1765300.0,3.847,3.859,-0.0019999999999997,-0.0019999999999997,250325476.336,65044378.0,4.245,409100.0,1565100.0,1430400.0,2049000.0,1765300.0,0.0004499999999998,20200.0,2248824.799999982,-0.0009999999999998,-167000.0,-2563900.0,-2091300.0,-650000.0,-206300.0,0.0019999999999997,0.0009999999999998,3.857,2.0,4.0,14.879920950000002,8.440066185578243e+16,7.0,13.0,3.859,0.0009999999999998,72700.0,-0.0007060441845603,3.857,3.8565,1018.0,3.859,0.0002593024763387,0.0007779074290159,-3369103.161090536,159919.0,7218900.0,5678500.0,1540400.0,12897400.0,0.153522404942179,0.1470482063600357,582800.0,1540400.0,3.858656142759064,3.8562898802291263,3.859442768288797,3.854323201549705
20230825.0,2.023082510185909e+16,3.856,3.855,3.854,3.853,3.852,31700.0,1640000.0,2595700.0,1172500.0,150000.0,3.473,3.86,3.856,3.838,-301300.0,-1055200.0,372400.0,-1120400.0,1063700.0,3.857,3.858,3.859,3.86,3.861,575100.0,1696400.0,1562400.0,3691900.0,645300.0,3.847,3.859,-0.0030000000000001,-0.0010000000000003,251814624.936,65430478.0,4.245,166000.0,131300.0,132000.0,1642900.0,-1120000.0,0.0005000000000001,117750.0,1489148.599999994,-0.0009999999999998,-135300.0,-923900.0,504400.0,522500.0,-56300.0,0.0019999999999997,0.0009999999999998,3.856,1.0,2.0,14.875678099999998,8.524633691600488e+16,14.0,6.0,3.858,0.0010000000000003,189700.0,-6.162562806522054e-05,3.856,3.8565,1019.0,3.857,0.0002593024763387,0.0007779074290159,-1698180.835843619,159919.0,8171100.0,5589900.0,2581200.0,13761000.0,0.1559526472549721,0.1519021943341153,386100.0,2581200.0,3.856898730898716,3.856052241265656,3.859261396874349,3.854041306642337
20230825.0,2.023082510195906e+16,3.855,3.854,3.853,3.852,3.851,19900.0,1416900.0,2158000.0,1342500.0,216200.0,3.473,3.86,3.855,3.838,-658600.0,-4617800.0,-3412200.0,-3344300.0,-1318800.0,3.856,3.857,3.858,3.859,3.86,638700.0,3200900.0,1254200.0,2001800.0,1102600.0,3.847,3.859,-0.004,-0.0009999999999998,252428379.336,65589678.0,4.245,638700.0,3200900.0,1254200.0,2001800.0,1102600.0,5.000000000077165e-05,35960.0,613754.400000006,-0.0010000000000003,-19900.0,-1416900.0,-2158000.0,-1342500.0,-216200.0,0.0020000000000002,0.0009999999999998,3.855,2.0,3.0,14.86141085,8.594583670089848e+16,4.0,16.0,3.856,0.0,62375.0,-0.0002650796871876,3.854,3.8555,1020.0,3.856,0.0002593697315522,0.000778109194657,-1699294.13576725,159919.0,8198200.0,5153500.0,3044700.0,13351700.0,0.1599354345312316,0.1625434235386208,159200.0,3044700.0,3.855241206030189,3.855030215608867,3.857966907369911,3.8529382555544776
20230825.0,2.0230825102059056e+16,3.854,3.853,3.852,3.851,3.85,6500.0,1351300.0,2829200.0,659900.0,253100.0,3.473,3.86,3.854,3.838,-865100.0,-2685100.0,-5264100.0,-2404900.0,-741400.0,3.855,3.856,3.857,3.858,3.859,858600.0,1333800.0,2434900.0,1745000.0,488300.0,3.847,3.859,-0.0049999999999998,-0.0009999999999998,252763353.236,65676578.0,4.245,858600.0,1333800.0,2434900.0,1745000.0,488300.0,0.0004999999999999,12455.0,334973.900000006,-0.0009999999999998,-6500.0,-1351300.0,-2829200.0,-659900.0,-253100.0,0.0019999999999997,0.0009999999999998,3.854,0.0,1.0,14.857170500000004,8.622716557717928e+16,10.0,10.0,3.855,0.0009999999999998,24850.0,-0.0002653254708429,3.854,3.8545,1021.0,3.855,0.0002594370216629,0.0007783110649888,-1703813.6481575705,159919.0,6860600.0,5100000.0,1760600.0,11960600.0,0.1481795759919873,0.1519158684432464,86900.0,1760600.0,3.854705408515604,3.854007513582245,3.856951986706702,3.8520388627450974
20230825.0,2.0230825102159104e+16,3.858,3.857,3.856,3.855,3.854,598500.0,2870700.0,1665000.0,531600.0,162800.0,3.473,3.86,3.858,3.838,608500.0,4698200.0,2655300.0,2134200.0,2292000.0,3.859,3.86,3.861,3.862,3.863,10000.0,1827500.0,990300.0,1602600.0,2129200.0,3.847,3.859,-0.0009999999999998,0.004,265726530.436,69038878.0,4.245,-10000.0,-1827500.0,-990300.0,-1602600.0,-2129200.0,0.0010000000000001,1199350.0,12963177.199999988,-0.0009999999999998,598500.0,2870700.0,1665000.0,531600.0,162800.0,0.0019999999999997,0.0009999999999998,3.858,5.0,1.0,14.866809450000002,9.204197074485768e+16,14.0,6.0,3.858,0.0015,2702250.0,0.0012903044235264,3.854,3.8585,1022.0,3.854,0.0002591680704936,0.000777504211481,7052325.829193831,159919.0,6559600.0,5828600.0,731000.0,12388200.0,0.1555514699507791,0.1584419276865776,3362300.0,731000.0,3.855449305534898,3.858983566146261,3.861611851332399,3.8565508183783415
20230825.0,2.0230825102259056e+16,3.858,3.857,3.856,3.855,3.854,2313100.0,2173300.0,710000.0,121600.0,299400.0,3.473,3.86,3.86,3.838,1947100.0,814800.0,568600.0,1899000.0,936600.0,3.86,3.861,3.862,3.863,3.864,232500.0,1512200.0,1523600.0,2309000.0,800000.0,3.847,3.859,0.0009999999999998,0.0019999999999997,276333194.136,71788278.0,4.245,-232500.0,-1512200.0,-1523600.0,-2309000.0,-800000.0,0.0005999999999999,792265.0,10606663.699999988,-0.0010000000000003,1714600.0,-697400.0,-955000.0,-410000.0,136600.0,0.0020000000000002,0.0009999999999998,3.86,4.0,1.0,14.8810793,9.908552330986888e+16,8.0,12.0,3.86,0.0009999999999998,1373300.0,0.000216035038278,3.856,3.859,1023.0,3.858,0.0005182689816013,0.0010365379632029,3776413.672844432,159919.0,6377300.0,5617400.0,759900.0,11994700.0,0.1626776945361628,0.172394927662452,2749400.0,759900.0,3.8578103222521234,3.859817331866751,3.8623029181628574,3.85708219104924
0.0,0.0,0.0,0.0,0.0,0.0,0.0,0.0,0.0,0.0,0.0,0.0,0.0,0.0,0.0,0.0,0.0,0.0,0.0,0.0,0.0,0.0,0.0,0.0,0.0,0.0,0.0,0.0,0.0,0.0,0.0,0.0,0.0,0.0,0.0,0.0,0.0,0.0,0.0,0.0,0.0,0.0,0.0,0.0,0.0,0.0,0.0,0.0,0.0,0.0,0.0,0.0,0.0,0.0,0.0,0.0,0.0,0.0,0.0,0.0,0.0,0.0,0.0,0.0,0.0,0.0,0.0,0.0,0.0,0.0,0.0,0.0,0.0,0.0,0.0,0.0,0.0,0.0,0.0,0.0,0.0,0.0,0.0,0.0,0.0
20230825.0,2.0230825102459064e+16,3.855,3.854,3.853,3.852,3.851,1627100.0,2422900.0,1010000.0,150000.0,426600.0,3.473,3.86,3.857,3.838,-3324800.0,-3098800.0,-225000.0,-1464200.0,545700.0,3.857,3.858,3.859,3.86,3.861,1698300.0,1872700.0,1347900.0,2183100.0,559300.0,3.847,3.859,-0.0019999999999997,0.0010000000000003,281634689.436,73162778.0,4.245,1697700.0,675900.0,-785000.0,1314200.0,-972300.0,0.0003333333333332,43708.333333328366,4287636.5,-0.0009999999999998,-1627100.0,-2422900.0,-1010000.0,-150000.0,-426600.0,0.0019999999999997,0.0009999999999998,3.857,2.0,1.0,14.873878000000005,6.373258630787459e+16,8.0,4.0,3.857,0.0010000000000003,50050.0,-0.0002646648151938,3.856,3.856,1025.0,3.856,0.0005186721991701,0.0010373443983402,1891201.3957627143,159919.0,7661300.0,5636600.0,2024700.0,13297900.0,0.1651500491751621,0.172915331874911,1111700.0,2024700.0,3.8568287307726905,3.85597858904192,3.858743176745461,3.8538292055494447
20230825.0,2.023082510255903e+16,3.851,3.85,3.849,3.848,3.847,300300.0,2600400.0,1477600.0,1007800.0,293500.0,3.473,3.86,3.852,3.838,-330300.0,-3671600.0,-3325500.0,-2817200.0,-1368200.0,3.852,3.853,3.854,3.855,3.856,30000.0,1071200.0,1847900.0,1809400.0,1074700.0,3.847,3.859,-0.0070000000000001,-0.0050000000000003,283626335.336,73679578.0,4.245,30000.0,1071200.0,1847900.0,1809400.0,1074700.0,0.0008500000000002,143070.0,1991645.900000036,-0.0010000000000003,-300300.0,-2600400.0,-1477600.0,-1007800.0,-293500.0,0.0020000000000002,0.0009999999999998,3.852,2.0,6.0,14.852161550000002,1.0790903860192808e+17,11.0,9.0,3.857,0.0009999999999998,320550.0,-0.0010559094960227,3.852,3.8515,1026.0,3.857,0.0002596391016486,0.0007789173049461,-9527567.96548996,159919.0,5833200.0,5679600.0,153600.0,11512800.0,0.1656272015101034,0.1784361613151161,516800.0,153600.0,3.853803986068181,3.851909173478656,3.8544847425084,3.849282801605747
20230825.0,2.0230825102659004e+16,3.852,3.851,3.85,3.849,3.848,130000.0,1758700.0,2718400.0,885100.0,151700.0,3.473,3.86,3.851,3.838,1066800.0,3297300.0,4675800.0,2829900.0,993700.0,3.853,3.854,3.855,3.856,3.857,936800.0,1538600.0,1957400.0,1944800.0,842000.0,3.847,3.859,-0.008,-0.0009999999999998,284482299.736,73901778.0,4.245,-936800.0,-1538600.0,-1957400.0,-1944800.0,-842000.0,0.0005000000000001,25955.0,855964.3999999762,-0.0009999999999998,130000.0,1758700.0,2718400.0,885100.0,151700.0,0.0019999999999997,0.0009999999999998,3.851,2.0,2.0,14.840215700000002,1.0913345145347123e+17,8.0,12.0,3.853,0.0010000000000003,51000.0,5.521428665322681e-05,3.851,3.8525,1027.0,3.852,0.000259571706684,0.0007787151200519,-1921884.826209911,159919.0,7219600.0,5643900.0,1575700.0,12863500.0,0.1377398316602157,0.15296549086273,222200.0,1575700.0,3.852225022502143,3.852121859767529,3.855030001662142,3.8501470968656415
20230825.0,2.0230825102759016e+16,3.85,3.849,3.848,3.847,3.846,2300.0,1294100.0,2630700.0,1129800.0,192200.0,3.473,3.86,3.851,3.838,-411200.0,-4585200.0,-3316000.0,-3294900.0,-641000.0,3.851,3.852,3.853,3.854,3.855,408900.0,3291100.0,685300.0,2165100.0,448800.0,3.847,3.859,-0.008,0.0,286161943.136,74337978.0,4.245,408900.0,3291100.0,685300.0,2165100.0,448800.0,0.0002499999999998,79000.0,1679643.3999999762,-0.0009999999999998,-2300.0,-1294100.0,-2630700.0,-1129800.0,-192200.0,0.0019999999999997,0.0009999999999998,3.851,2.0,2.0,14.828275850000002,1.0985116847103363e+17,14.0,6.0,3.852,0.0009999999999998,204925.0,-0.0005495277631908,3.85,3.8505,1028.0,3.851,0.0002597065316192,0.0007791195948577,4702.082644599257,159919.0,6999200.0,5249100.0,1750100.0,12248300.0,0.1260303626131396,0.128716491853224,436200.0,1750100.0,3.8506267767078777,3.850005593385214,3.852850525774374,3.8479589453430094
20230825.0,2.023082510285907e+16,3.849,3.848,3.847,3.846,3.845,700800.0,1809000.0,1946800.0,563200.0,754800.0,3.473,3.86,3.85,3.838,-983200.0,-4790600.0,-2989700.0,-2213500.0,-1583200.0,3.85,3.851,3.852,3.853,3.854,282400.0,2981600.0,1042900.0,1650300.0,828400.0,3.847,3.859,-0.0089999999999998,-0.0009999999999998,289189476.636,75124278.0,4.245,282400.0,2981600.0,1042900.0,1650300.0,828400.0,0.0001999999999999,151550.0,3027533.5,-0.0009999999999998,-700800.0,-1809000.0,-1946800.0,-563200.0,-754800.0,0.0020000000000002,0.0010000000000003,3.85,1.0,1.0,14.824040199999995,1.1236450920934563e+17,4.0,16.0,3.851,0.0,186775.0,-7.605960578138671e-05,3.85,3.8495,1029.0,3.85,0.0002597739966229,0.0007793219898688,-5969.085297459038,159919.0,6785600.0,5774600.0,1011000.0,12560200.0,0.1125367197989318,0.1136351534130622,786300.0,1011000.0,3.850354190512527,3.849712774613507,3.85196473414289,3.847197035292488
20230825.0,2.0230825102959016e+16,3.85,3.849,3.848,3.847,3.846,1751900.0,2594200.0,1114800.0,391800.0,247600.0,3.473,3.86,3.851,3.838,1787300.0,3613400.0,3052100.0,1737100.0,1730100.0,3.851,3.852,3.853,3.854,3.855,35400.0,1019200.0,1937300.0,1345300.0,1482500.0,3.847,3.859,-0.008,0.0009999999999998,292285586.836,75928378.0,4.245,-35400.0,-1019200.0,-1937300.0,-1345300.0,-1482500.0,0.0002222222222227,324772.2222222239,3096110.200000048,-0.0009999999999998,1751900.0,2594200.0,1114800.0,391800.0,247600.0,0.0019999999999997,0.0009999999999998,3.851,2.0,1.0,14.828489666666664,1.028881565691455e+17,14.0,4.0,3.851,0.0,623350.0,0.0003291701126806,3.85,3.8505,1030.0,3.85,0.0002597065316192,0.0007791195948577,1953505.55883254,159919.0,5819700.0,6100300.0,-280600.0,11920000.0,0.11453688569972,0.1181271329546959,804100.0,280600.0,3.850404427310096,3.850980193588094,3.8535533446741246,3.848854220284248
20230825.0,2.023082510305904e+16,3.849,3.848,3.847,3.846,3.845,381100.0,2604000.0,1752800.0,673700.0,550000.0,3.473,3.86,3.85,3.838,-617900.0,-4262500.0,-4049900.0,-1679000.0,-1710100.0,3.85,3.851,3.852,3.853,3.854,236800.0,1658500.0,2297100.0,1005300.0,1160100.0,3.847,3.859,-0.0089999999999998,-0.0009999999999998,292808351.036,76064178.0,4.245,236800.0,1658500.0,2297100.0,1005300.0,1160100.0,8.881784197001252e-16,21485.0,522764.1999999881,-0.0009999999999998,-381100.0,-2604000.0,-1752800.0,-673700.0,-550000.0,0.0020000000000002,0.0010000000000003,3.85,1.0,2.0,14.822500199999997,1.1554120357683288e+17,18.0,2.0,3.851,0.0,77050.0,-0.0003541094651096,3.849,3.8495,1031.0,3.851,0.0002597739966229,0.0007793219898688,-1974021.81440258,159919.0,6357800.0,5961600.0,396200.0,12319400.0,0.1161971415554493,0.1280784585273303,135800.0,396200.0,3.849515463917438,3.849616766467066,3.8521877064393344,3.847267126274826
20230825.0,2.0230825103159056e+16,3.852,3.851,3.85,3.849,3.848,1657500.0,2590000.0,1016800.0,309400.0,291800.0,3.473,3.86,3.853,3.838,1807500.0,3460300.0,2851700.0,2542700.0,2107300.0,3.853,3.854,3.855,3.856,3.857,150000.0,870300.0,1834900.0,2233300.0,1815500.0,3.847,3.859,-0.0059999999999997,0.0030000000000001,299560739.836,77817578.0,4.245,-150000.0,-870300.0,-1834900.0,-2233300.0,-1815500.0,0.0011500000000013,274885.0,6752388.800000012,-0.0009999999999998,1657500.0,2590000.0,1016800.0,309400.0,291800.0,0.0019999999999997,0.0009999999999998,3.853,3.0,0.0,14.836749650000002,1.2003929479091848e+17,12.0,8.0,3.853,0.0020000000000002,81650.0,0.0008569248192209,3.85,3.8525,1032.0,3.85,0.000259571706684,0.0007787151200519,6046912.4288467495,159919.0,6904000.0,5865500.0,1038500.0,12769500.0,0.1182389821397893,0.1327251459800814,1753400.0,1038500.0,3.851025892551621,3.852917012448133,3.8556798957126297,3.850854488108431
20230825.0,2.023082510325896e+16,3.851,3.85,3.849,3.848,3.847,77600.0,2508000.0,1675600.0,767800.0,449100.0,3.473,3.86,3.852,3.838,-349800.0,-3978200.0,-4302800.0,-2783700.0,-1231400.0,3.852,3.853,3.854,3.855,3.856,272200.0,1470200.0,2627200.0,2015900.0,782300.0,3.847,3.859,-0.0070000000000001,-0.0010000000000003,301949370.436,78437678.0,4.245,272200.0,1470200.0,2627200.0,2015900.0,782300.0,4.999999999988347e-05,198610.0,2388630.599999964,-0.0010000000000003,-77600.0,-2508000.0,-1675600.0,-767800.0,-449100.0,0.0020000000000002,0.0009999999999998,3.852,1.0,2.0,14.83828955,1.2178998647071688e+17,4.0,16.0,3.853,0.0,570600.0,-0.0004400677235172,3.851,3.8515,1033.0,3.853,0.0002596391016486,0.0007789173049461,-2021206.992911311,159919.0,7167800.0,5478100.0,1689700.0,12645900.0,0.1145360195091448,0.1297990569972358,620100.0,1689700.0,3.8520087082728014,3.8512218410520296,3.8542184631267618,3.849182033916869
20230825.0,2.023082510335895e+16,3.854,3.853,3.852,3.851,3.85,29200.0,2529800.0,1558700.0,800000.0,423900.0,3.473,3.86,3.855,3.838,613500.0,3870200.0,3568800.0,2905000.0,821900.0,3.855,3.856,3.857,3.858,3.859,584300.0,1340400.0,2010100.0,2105000.0,398000.0,3.847,3.859,-0.004,0.0030000000000001,308897984.036,80240778.0,4.245,-584300.0,-1340400.0,-2010100.0,-2105000.0,-398000.0,0.0008500000000002,400520.0,6948613.600000024,-0.0009999999999998,29200.0,2529800.0,1558700.0,800000.0,423900.0,0.0019999999999997,0.0009999999999998,3.855,6.0,2.0,14.854473450000004,1.2700242282281923e+17,10.0,10.0,3.855,0.0009999999999998,642300.0,0.0007334603571864,3.851,3.8545,1034.0,3.851,0.0002594370216629,0.0007783110649888,8226032.79877944,159919.0,6437800.0,5341600.0,1096200.0,11779400.0,0.1280333426305735,0.1456823085619566,1803100.0,1096200.0,3.85370395430094,3.8540475957620215,3.8570608903662738,3.852176052119216
20230825.0,2.0230825103417024e+16,3.852,3.851,3.85,3.849,3.848,2351600.0,1997100.0,327600.0,327700.0,360100.0,3.473,3.86,3.853,3.838,-2380600.0,-2136100.0,-2228500.0,-2641100.0,-1930200.0,3.853,3.854,3.855,3.856,3.857,29000.0,139000.0,1900900.0,2313400.0,1570100.0,3.847,3.859,-0.0059999999999997,-0.0019999999999997,310527756.636,80663678.0,4.245,29000.0,139000.0,1900900.0,2313400.0,1570100.0,0.0004999999999999,70316.66666667163,1629772.5999999642,-0.0009999999999998,-2351600.0,-1997100.0,-327600.0,-327700.0,-360100.0,0.0019999999999997,0.0009999999999998,3.853,0.0,2.0,14.852031833333331,3.89310132073437e+16,4.0,2.0,3.855,0.00075,62625.0,-0.0002750156226578,3.853,3.8525,1035.0,3.855,0.000259571706684,0.0007787151200519,-4184322.552197053,159919.0,5952400.0,5364100.0,588300.0,11316500.0,0.1298117459860997,0.1486409241591703,422900.0,588300.0,3.853801371482536,3.852987818197093,3.855883105974061,3.8510537462016
20230825.0,2.023082510355897e+16,3.853,3.852,3.851,3.85,3.849,39000.0,1121000.0,2276700.0,911600.0,474000.0,3.473,3.86,3.854,3.838,-1373900.0,-5236900.0,-3338700.0,-2269700.0,-1255800.0,3.854,3.855,3.856,3.857,3.858,1334900.0,4115900.0,1062000.0,1358100.0,781800.0,3.847,3.859,-0.0049999999999998,0.0,317557305.536,82487678.0,4.245,1334900.0,4115900.0,1062000.0,1358100.0,781800.0,0.0003333333333328,4000.0,6386739.699999988,-0.0009999999999998,-39000.0,-1121000.0,-2276700.0,-911600.0,-474000.0,0.0020000000000002,0.0010000000000003,3.854,0.0,1.0,14.855885666666667,2.041067150522305e+16,1.0,2.0,3.855,0.0004999999999997,6000.0,-0.0004275078644775,3.854,3.8535,1036.0,3.855,0.0002595043466977,0.0007785130400934,-2140313.3886868428,159919.0,8652700.0,4822300.0,3830400.0,13475000.0,0.1293006625099283,0.1490840086742145,1657200.0,3830400.0,3.853934166063232,3.85302838634544,3.855553434188173,3.850863011426082
20230825.0,2.023082510365894e+16,3.85,3.849,3.848,3.847,3.846,50000.0,2281300.0,1795400.0,489800.0,255300.0,3.473,3.86,3.851,3.838,-249700.0,-4375300.0,-2725300.0,-3520000.0,-403600.0,3.851,3.852,3.853,3.854,3.855,199700.0,2094000.0,929900.0,3030200.0,148300.0,3.847,3.859,-0.008,-0.0030000000000001,318282881.536,82676078.0,4.245,199700.0,2094000.0,929900.0,3030200.0,148300.0,0.0004999999999999,59675.0,725576.0,-0.0009999999999998,-50000.0,-2281300.0,-1795400.0,-489800.0,-255300.0,0.0019999999999997,0.0009999999999998,3.851,1.0,4.0,14.832898049999994,1.3650849269308963e+17,6.0,14.0,3.854,0.0009999999999998,147800.0,-0.0007342755411372,3.85,3.8505,1037.0,3.854,0.0002597065316192,0.0007791195948577,-6430904.853226306,159919.0,6402100.0,4871800.0,1530300.0,11273900.0,0.1230217721769893,0.1477947082283846,188400.0,1530300.0,3.851252653927813,3.850200240288346,3.853130176035988,3.848283447596372
20230825.0,2.023082510375892e+16,3.85,3.849,3.848,3.847,3.846,338000.0,1710700.0,1983800.0,530300.0,360300.0,3.473,3.86,3.85,3.838,-1240200.0,43400.0,-520900.0,1640300.0,135000.0,3.851,3.852,3.853,3.854,3.855,1727900.0,1480000.0,1639200.0,1430400.0,118300.0,3.847,3.859,-0.0089999999999998,-0.0009999999999998,318865372.036,82827378.0,4.245,1528200.0,-614000.0,709300.0,-1599800.0,-30000.0,0.0005000000000006,13760.0,582490.5,-0.0009999999999998,288000.0,-570600.0,188400.0,40500.0,105000.0,0.0019999999999997,0.0009999999999998,3.85,1.0,2.0,14.8263507,1.3676874726249288e+17,12.0,8.0,3.851,0.0009999999999998,6425.0,-9.51414979200038e-06,3.849,3.8505,1038.0,3.851,0.0002597065316192,0.0007791195948577,-2147586.097923663,159919.0,6395800.0,4923100.0,1472700.0,11318900.0,0.1256643422023987,0.1423664728230751,151300.0,1472700.0,3.849904163912756,3.850163609080788,3.852488914600207,3.848230708293555
20230825.0,2.023082510385896e+16,3.849,3.848,3.847,3.846,3.845,330000.0,1309800.0,2500600.0,704800.0,828200.0,3.473,3.86,3.849,3.838,-1679200.0,-4479500.0,-3350600.0,-2120000.0,-1365400.0,3.85,3.851,3.852,3.853,3.854,1349200.0,3169700.0,850000.0,1415200.0,537200.0,3.847,3.859,-0.0099999999999997,-0.0009999999999998,321689443.536,83561078.0,4.245,1349200.0,3169700.0,850000.0,1415200.0,537200.0,4.999999999899529e-05,60965.0,2824071.5,-0.0009999999999998,-330000.0,-1309800.0,-2500600.0,-704800.0,-828200.0,0.0020000000000002,0.0010000000000003,3.849,1.0,2.0,14.822115249999996,1.3743917432687843e+17,17.0,3.0,3.851,0.0,2100.0,-0.0002512122867313,3.849,3.8495,1039.0,3.85,0.0002597739966229,0.0007793219898688,-2154333.130600438,159919.0,7321300.0,5673400.0,1647900.0,12994700.0,0.1054664145129476,0.11048400376976,733700.0,1647900.0,3.849082049884149,3.8491965221534064,3.8515385382377447,3.84693101138647
20230825.0,2.023082510395889e+16,3.848,3.847,3.846,3.845,3.844,1154000.0,2946000.0,1041300.0,433200.0,490000.0,3.473,3.86,3.849,3.838,-1216900.0,-5366300.0,-3024400.0,-1683200.0,-1463500.0,3.849,3.85,3.851,3.852,3.853,62900.0,2420300.0,1983100.0,1250000.0,973500.0,3.847,3.859,-0.0099999999999997,0.0,321707918.736,83565878.0,4.245,62900.0,2420300.0,1983100.0,1250000.0,973500.0,2.220446049250313e-15,1800.0,18475.19999998808,-0.0009999999999998,-1154000.0,-2946000.0,-1041300.0,-433200.0,-490000.0,0.0019999999999997,0.0009999999999998,3.849,0.0,0.0,14.814801,1.3965509169319768e+17,0.0,20.0,3.849,0.0,4800.0,-6.4485892665056e-05,3.849,3.8485,1040.0,3.849,0.0002598414966871,0.000779524490061,0.0,159919.0,6689800.0,6064500.0,625300.0,12754300.0,0.0983565361325247,0.0933926702991555,4800.0,625300.0,3.848999999997517,3.848948311282768,3.851097297378098,3.846633325088631
20230825.0,2.023082510405892e+16,3.848,3.847,3.846,3.845,3.844,318100.0,1677400.0,1360400.0,1940900.0,433900.0,3.473,3.86,3.848,3.838,-1518100.0,-1906600.0,1569200.0,754600.0,723500.0,3.849,3.85,3.851,3.852,3.853,745100.0,3058300.0,733000.0,2003100.0,193900.0,3.847,3.859,-0.0110000000000001,-0.0010000000000003,322260548.836,83709478.0,4.245,682200.0,638000.0,-1250100.0,753100.0,-779600.0,0.0003499999999996,10745.0,552630.1000000238,-0.0009999999999998,-835900.0,-1268600.0,319100.0,1507700.0,-56100.0,0.0019999999999997,0.0009999999999998,3.848,1.0,1.0,14.812107049999998,1.3994922977913603e+17,13.0,7.0,3.849,0.0010000000000003,38825.0,-0.0001686629312518,3.848,3.8485,1041.0,3.848,0.0002598414966871,0.000779524490061,-2796.6843589809723,159919.0,6733400.0,5730700.0,1002700.0,12464100.0,0.0956801219630632,0.0907707023492128,143600.0,1002700.0,3.848399025069804,3.848299191121144,3.8506795675290335,3.84591360566772
20230825.0,2.0230825104158904e+16,3.848,3.847,3.846,3.845,3.844,668700.0,3166500.0,1284100.0,676700.0,570000.0,3.473,3.86,3.849,3.838,465700.0,3421400.0,-1274300.0,218900.0,-1085200.0,3.849,3.85,3.851,3.852,3.853,630000.0,1126000.0,1931000.0,520000.0,1415200.0,3.847,3.859,-0.0099999999999997,0.0010000000000003,331575842.936,86129478.0,4.245,-115100.0,-1932300.0,1198000.0,-1483100.0,1221300.0,0.0005000000000001,694100.0,9315294.099999964,-0.0009999999999998,350600.0,1489100.0,-76300.0,-1264200.0,136100.0,0.0019999999999997,0.0009999999999998,3.849,4.0,3.0,14.818651000000004,1.455979267944777e+17,9.0,11.0,3.851,0.0009999999999998,1233200.0,5.605134573150039e-05,3.848,3.8485,1042.0,3.848,0.0002598414966871,0.000779524490061,2153936.0829647463,159919.0,5622200.0,6366000.0,-743800.0,11988200.0,0.1042962041677618,0.0894097450247507,2420000.0,743800.0,3.8492950826446135,3.8485148995149,3.85117153427484,3.8464221174992153
20230825.0,2.0230825104258908e+16,3.848,3.847,3.846,3.845,3.844,502700.0,3208700.0,1270500.0,941700.0,564200.0,3.473,3.86,3.849,3.838,-563100.0,-900900.0,986400.0,-1050000.0,1320900.0,3.849,3.85,3.851,3.852,3.853,1027100.0,2069100.0,931000.0,1835000.0,88500.0,3.847,3.859,-0.0099999999999997,0.0,332286357.436,86314078.0,4.245,397100.0,943100.0,-1000000.0,1315000.0,-1326700.0,0.0002499999999998,76435.0,710514.5,-0.0009999999999998,-166000.0,42200.0,-13600.0,265000.0,-5800.0,0.0019999999999997,0.0009999999999998,3.849,2.0,2.0,14.81287675,1.4863037113859283e+17,15.0,5.0,3.849,0.0002500000000003,173125.0,-4.8408017758072575e-05,3.848,3.8485,1043.0,3.849,0.0002598414966871,0.000779524490061,-891.4825731664896,159919.0,5950700.0,6487800.0,-537100.0,12438500.0,0.0958166307098653,0.0895861659602425,184600.0,537100.0,3.848940953412785,3.848328605046411,3.850645201404877,3.846330466413885
20230825.0,2.023082510435893e+16,3.848,3.847,3.846,3.845,3.844,1495600.0,2112600.0,1057100.0,1241700.0,590500.0,3.473,3.86,3.848,3.838,3106300.0,-311900.0,1539800.0,1777200.0,567500.0,3.85,3.851,3.852,3.853,3.854,2113400.0,784200.0,1753200.0,1477200.0,541200.0,3.847,3.859,-0.0110000000000001,-0.0010000000000003,342026579.236,88844778.0,4.245,-2113400.0,-784200.0,-1753200.0,-1477200.0,-541200.0,0.0001999999999995,527950.0,9740221.800000012,-0.0009999999999998,992900.0,-1096100.0,-213400.0,300000.0,26300.0,0.0019999999999997,0.0009999999999998,3.848,2.0,2.0,14.8055652,1.5118100079647366e+17,14.0,6.0,3.849,0.0009999999999998,174650.0,0.0001299731247905,3.847,3.849,1044.0,3.848,0.0005196154845414,0.0010392309690828,-4596.304680008441,159919.0,6669200.0,6497500.0,171700.0,13166700.0,0.0944428353143215,0.0998491389093503,2530700.0,171700.0,3.848825147192481,3.848828816846772,3.851632429676723,3.846412635629088
20230825.0,2.0230825104458896e+16,3.847,3.846,3.845,3.844,3.843,249000.0,3861600.0,1600600.0,534200.0,375400.0,3.473,3.86,3.848,3.838,-551300.0,-5086800.0,-4146300.0,-1719400.0,-1467400.0,3.848,3.849,3.85,3.851,3.852,302300.0,1225200.0,2545700.0,1185200.0,1092000.0,3.847,3.859,-0.0110000000000001,0.0,342703059.236,89020578.0,4.245,302300.0,1225200.0,2545700.0,1185200.0,1092000.0,0.0005000000000001,61440.0,676480.0,-0.0010000000000003,-249000.0,-3861600.0,-1600600.0,-534200.0,-375400.0,0.0020000000000002,0.0009999999999998,3.848,1.0,1.0,14.8109525,1.5808698404128643e+17,10.0,10.0,3.849,0.0010000000000003,174400.0,-0.000357876029144,3.848,3.8475,1045.0,3.848,0.0002599090318388,0.0007797270955165,-5132.085216401145,159919.0,6350400.0,6620800.0,-270400.0,12971200.0,0.0920223483238447,0.0950871372579559,175800.0,270400.0,3.848009101251422,3.8474516597134047,3.8502424099269335,3.845464384968584
20230825.0,2.02308251045589e+16,3.847,3.846,3.845,3.844,3.843,13000.0,2638600.0,2832600.0,1204700.0,119100.0,3.473,3.86,3.847,3.838,-1640700.0,-1551800.0,2574700.0,578500.0,-84300.0,3.848,3.849,3.85,3.851,3.852,1707000.0,1554000.0,1203000.0,1277200.0,920000.0,3.847,3.859,-0.012,-0.0009999999999998,343191219.836,89147478.0,4.245,1404700.0,328800.0,-1342700.0,92000.0,-172000.0,0.0004999999999997,25320.0,488160.60000002384,-0.0010000000000003,-236000.0,-1223000.0,1232000.0,670500.0,-256300.0,0.0020000000000002,0.0009999999999998,3.847,1.0,2.0,14.803256600000005,1.5865314320334726e+17,11.0,9.0,3.848,0.0009999999999998,50600.0,-0.0001154341226039,3.846,3.8475,1046.0,3.848,0.0002599090318388,0.0007797270955165,-2316091.921793591,159919.0,6661200.0,6808000.0,-146800.0,13469200.0,0.0924652336911658,0.1035047406207122,126900.0,146800.0,3.846813238770873,3.847007558139535,3.849722152164775,3.8451794506462975
20230825.0,2.023082510465891e+16,3.847,3.846,3.845,3.844,3.843,322200.0,2117400.0,2715900.0,934200.0,149100.0,3.473,3.86,3.848,3.838,-270800.0,-1330200.0,183300.0,-408500.0,461700.0,3.848,3.849,3.85,3.851,3.852,2287000.0,2363000.0,903000.0,1415200.0,488300.0,3.847,3.859,-0.0110000000000001,0.0009999999999998,344126916.836,89390678.0,4.245,580000.0,809000.0,-300000.0,138000.0,-431700.0,0.0004499999999998,98350.0,935697.0,-0.0010000000000003,309200.0,-521200.0,-116700.0,-270500.0,30000.0,0.0020000000000002,0.0009999999999998,3.848,2.0,1.0,14.80287175,1.5946261068180163e+17,9.0,11.0,3.848,0.0009999999999998,220750.0,3.013413361996342e-05,3.847,3.8475,1047.0,3.847,0.0002599090318388,0.0007797270955165,2319421.5717674694,159919.0,7456500.0,6238800.0,1217700.0,13695300.0,0.0771300431276936,0.090484556247582,243200.0,1217700.0,3.847438322368421,3.8471234861260153,3.8493904378729966,3.845245143296788
20230825.0,2.023082510475907e+16,3.85,3.849,3.848,3.847,3.846,401500.0,3459600.0,670900.0,1067100.0,296600.0,3.473,3.86,3.851,3.838,801500.0,4380000.0,1628100.0,2697300.0,2044900.0,3.851,3.852,3.853,3.854,3.855,400000.0,920400.0,957200.0,1630200.0,1748300.0,3.847,3.859,-0.008,0.0030000000000001,361581013.836,93926278.0,4.245,-400000.0,-920400.0,-957200.0,-1630200.0,-1748300.0,0.0001999999999995,1445100.0,17454097.0,-0.0009999999999998,401500.0,3459600.0,670900.0,1067100.0,296600.0,0.0019999999999997,0.0009999999999998,3.851,5.0,3.0,14.808644299999996,1.6609501004968006e+17,4.0,16.0,3.851,0.0,2422325.0,0.0008775304304537,3.847,3.8505,1048.0,3.848,0.0002597065316192,0.0007791195948577,7319560.672017544,159919.0,5656100.0,5895700.0,-239600.0,11551800.0,0.0925600046916451,0.1092326884499183,4535600.0,239600.0,3.848244333715495,3.850500935745477,3.853602252435424,3.848441389487253
20230825.0,2.0230825104858936e+16,3.849,3.848,3.847,3.846,3.845,111000.0,1301900.0,2925200.0,534900.0,654100.0,3.473,3.86,3.85,3.838,-210500.0,-2604400.0,-4208600.0,-4130100.0,-1991500.0,3.85,3.851,3.852,3.853,3.854,99500.0,1302500.0,1283400.0,3595200.0,1337400.0,3.847,3.859,-0.0089999999999998,-0.0009999999999998,363281569.136,94367978.0,4.245,99500.0,1302500.0,1283400.0,3595200.0,1337400.0,0.0002000000000004,73575.0,1700555.2999999523,-0.0009999999999998,-111000.0,-1301900.0,-2925200.0,-534900.0,-654100.0,0.0020000000000002,0.0010000000000003,3.85,0.0,1.0,14.8286608,1.7671992655404963e+17,16.0,4.0,3.851,0.0,19700.0,-0.0002528873412812,3.85,3.8495,1049.0,3.851,0.0002597739966229,0.0007793219898688,-2440222.805194536,159919.0,7618000.0,5527100.0,2090900.0,13145100.0,0.0981463898317873,0.1053324414125352,441700.0,2090900.0,3.850023318994685,3.8495273159144894,3.85262595169336,3.846942248195256
20230825.0,2.023082510495889e+16,3.85,3.849,3.848,3.847,3.846,749000.0,2653200.0,1163000.0,806300.0,461000.0,3.473,3.86,3.851,3.838,1073500.0,6116900.0,3330200.0,2216700.0,1429300.0,3.851,3.852,3.853,3.854,3.855,324500.0,3463700.0,2167200.0,1410400.0,968300.0,3.847,3.859,-0.008,0.0009999999999998,364906855.536,94790178.0,4.245,-324500.0,-3463700.0,-2167200.0,-1410400.0,-968300.0,0.0006500000000002,21365.0,1625286.4000000358,-0.0009999999999998,749000.0,2653200.0,1163000.0,806300.0,461000.0,0.0019999999999997,0.0009999999999998,3.851,1.0,1.0,14.819805849999996,1.7918190836939683e+17,8.0,12.0,3.851,0.0012499999999997,4750.0,0.0003039915937779,3.849,3.8505,1050.0,3.85,0.0002597065316192,0.0007791195948577,2458129.9412869583,159919.0,8334100.0,5832500.0,2501600.0,14166600.0,0.0973390693994178,0.0984562541458873,422200.0,2501600.0,3.8495651350071904,3.850697717745692,3.852908124452551,3.8484154136305184
20230825.0,2.0230825105058856e+16,3.85,3.849,3.848,3.847,3.846,22000.0,2591700.0,1821200.0,946800.0,434900.0,3.473,3.86,3.851,3.838,-824900.0,-183800.0,870200.0,-169500.0,463900.0,3.851,3.852,3.853,3.854,3.855,422400.0,3586000.0,1955200.0,1720400.0,478300.0,3.847,3.859,-0.008,0.0,365413201.036,94921678.0,4.245,97900.0,122300.0,-212000.0,310000.0,-490000.0,0.00015,46895.0,506345.5,-0.0009999999999998,-727000.0,-61500.0,658200.0,140500.0,-26100.0,0.0019999999999997,0.0009999999999998,3.851,1.0,1.0,14.829045849999996,1.8002454302963123e+17,17.0,3.0,3.851,0.0,101600.0,-0.0001683506231233,3.85,3.8505,1051.0,3.851,0.0002597065316192,0.0007791195948577,466.6348899095319,159919.0,8162300.0,5816600.0,2345700.0,13978900.0,0.0947978191927579,0.0942023710497698,131500.0,2345700.0,3.850536121673004,3.850049504950495,3.852785134092106,3.848140821098236
20230825.0,2.023082510515882e+16,3.852,3.851,3.85,3.849,3.848,349700.0,2202200.0,991300.0,843700.0,389300.0,3.473,3.86,3.852,3.838,1352900.0,3837600.0,2453300.0,3390700.0,1164900.0,3.853,3.854,3.855,3.856,3.857,1003200.0,1635400.0,1462000.0,2547000.0,775600.0,3.847,3.859,-0.0070000000000001,0.0009999999999998,373818628.836,97103778.0,4.245,-1003200.0,-1635400.0,-1462000.0,-2547000.0,-775600.0,0.0004999999999999,1016780.0,8405427.800000012,-0.0009999999999998,349700.0,2202200.0,991300.0,843700.0,389300.0,0.0019999999999997,0.0009999999999998,3.852,2.0,1.0,14.8348229,1.8467541675026403e+17,11.0,9.0,3.853,0.0009999999999998,2159400.0,0.0005735883046367,3.851,3.8525,1052.0,3.851,0.000259571706684,0.0007787151200519,2511606.3332125847,159919.0,7423200.0,4776200.0,2647000.0,12199400.0,0.0991623634372651,0.0975372032370074,2182100.0,2647000.0,3.8519901929334175,3.85225848177988,3.8550614829184178,3.850267848917549
20230825.0,2.0230825105258944e+16,3.855,3.854,3.853,3.852,3.851,655500.0,2124100.0,1648700.0,456700.0,435100.0,3.473,3.86,3.855,3.838,1794400.0,3701400.0,3195900.0,1415900.0,3091300.0,3.856,3.857,3.858,3.859,3.86,1138900.0,1577300.0,1547200.0,959200.0,2656200.0,3.847,3.859,-0.004,0.0030000000000001,379810624.536,98658678.0,4.245,-1138900.0,-1577300.0,-1547200.0,-959200.0,-2656200.0,0.00095,337585.0,5991995.699999988,-0.0010000000000003,655500.0,2124100.0,1648700.0,456700.0,435100.0,0.0020000000000002,0.0009999999999998,3.855,3.0,1.0,14.84522575,1.9132631163454086e+17,9.0,11.0,3.855,0.0030000000000001,728900.0,0.0008061684484013,3.851,3.8555,1053.0,3.852,0.0002593697315522,0.000778109194657,7631509.001285344,159919.0,7878800.0,5320100.0,2558700.0,13198900.0,0.099927030178519,0.0950401326556368,1554900.0,2558700.0,3.853621261817473,3.8553653031654034,3.8583067091435246,3.8533962707467904
20230825.0,2.0230825105358936e+16,3.851,3.85,3.849,3.848,3.847,1784800.0,1909800.0,1123400.0,515600.0,228200.0,3.473,3.86,3.852,3.838,-1883300.0,-2963500.0,-2505800.0,-1352300.0,-2775000.0,3.852,3.853,3.854,3.855,3.856,98500.0,1053700.0,1382400.0,836700.0,2546800.0,3.847,3.859,-0.0070000000000001,-0.0030000000000001,382262305.036,99294678.0,4.245,98500.0,1053700.0,1382400.0,836700.0,2546800.0,8.881784197001252e-16,105210.0,2451680.5,-0.0010000000000003,-1784800.0,-1909800.0,-1123400.0,-515600.0,-228200.0,0.0020000000000002,0.0009999999999998,3.852,1.0,4.0,14.853316600000005,1.9674134145583043e+17,16.0,4.0,3.855,0.0002499999999998,37200.0,-0.0008868473875265,3.852,3.8515,1054.0,3.855,0.0002596391016486,0.0007789173049461,-7730958.158409461,159919.0,5918100.0,5561800.0,356300.0,11479900.0,0.1035449817492016,0.115825825805208,636000.0,356300.0,3.85484355345912,3.851947698189348,3.854790726753519,3.849810421086699
20230825.0,2.023082510545881e+16,3.85,3.849,3.848,3.847,3.846,456000.0,2493100.0,1746900.0,439300.0,567100.0,3.473,3.86,3.851,3.838,-1108100.0,-3114700.0,-2749900.0,-2742100.0,-1875800.0,3.851,3.852,3.853,3.854,3.855,652100.0,621600.0,1003000.0,2302800.0,1308700.0,3.847,3.859,-0.008,-0.0009999999999998,382742571.436,99419378.0,4.245,652100.0,621600.0,1003000.0,2302800.0,1308700.0,0.0003157894736838,48915.78947368264,480266.39999997616,-0.0009999999999998,-456000.0,-2493100.0,-1746900.0,-439300.0,-567100.0,0.0019999999999997,0.0009999999999998,3.851,1.0,2.0,14.835471473684208,1.8761533259200435e+17,13.0,6.0,3.852,0.0009999999999998,96150.0,-0.0003988863570103,3.851,3.8505,1055.0,3.852,0.0002597065316192,0.0007791195948577,-2581736.874954719,159919.0,5888200.0,5702400.0,185800.0,11590600.0,0.1035578335843624,0.1195192313561893,124700.0,185800.0,3.851374498796922,3.8504115152062086,3.853508542508747,3.848321198092032
20230825.0,2.0230825105558828e+16,3.849,3.848,3.847,3.846,3.845,901200.0,2305500.0,1988500.0,610800.0,548000.0,3.473,3.86,3.85,3.838,-2679900.0,-2754100.0,-3393100.0,-2295800.0,-4433700.0,3.85,3.851,3.852,3.853,3.854,1778700.0,448600.0,1404600.0,1685000.0,3885700.0,3.847,3.859,-0.0089999999999998,-0.0009999999999998,386188771.536,100314478.0,4.245,1778700.0,448600.0,1404600.0,1685000.0,3885700.0,0.0004499999999993,324870.0,3446200.100000024,-0.0009999999999998,-901200.0,-2305500.0,-1988500.0,-610800.0,-548000.0,0.0020000000000002,0.0010000000000003,3.85,1.0,2.0,14.825965449999996,1.9928413185672003e+17,9.0,11.0,3.851,0.0009999999999998,819200.0,-0.0002792907085025,3.85,3.8495,1056.0,3.851,0.0002597739966229,0.0007793219898688,-2584761.408276195,159919.0,9202600.0,6354000.0,2848600.0,15556600.0,0.106226310148624,0.123689514964013,895100.0,2848600.0,3.850072729304015,3.849336281204523,3.85259226740269,3.847377887944602
20230825.0,2.023082510565877e+16,3.849,3.848,3.847,3.846,3.845,1768900.0,2839500.0,809300.0,410800.0,758800.0,3.473,3.86,3.849,3.838,1523800.0,773900.0,-1746000.0,-25200.0,852100.0,3.85,3.851,3.852,3.853,3.854,1122600.0,208700.0,1971400.0,1510200.0,3244400.0,3.847,3.859,-0.0099999999999997,-0.0009999999999998,389595626.536,101199578.0,4.245,-656100.0,-239900.0,566800.0,-174800.0,-641300.0,0.0004499999999993,31540.0,3406855.0,-0.0009999999999998,867700.0,534000.0,-1179200.0,-200000.0,210800.0,0.0020000000000002,0.0010000000000003,3.849,1.0,2.0,14.818265549999996,2.0409100096466483e+17,9.0,11.0,3.85,0.0009999999999998,9500.0,7.156234773164627e-05,3.849,3.8495,1057.0,3.85,0.0002597739966229,0.0007793219898688,-2625656.650760746,159919.0,8057300.0,6587300.0,1470000.0,14644600.0,0.1030347190022558,0.1191335929954141,885100.0,1470000.0,3.849118743644786,3.849611758602802,3.852688208208705,3.847675375343464
20230825.0,2.0230825105758776e+16,3.849,3.848,3.847,3.846,3.845,748700.0,3440900.0,1309800.0,506800.0,759300.0,3.473,3.86,3.85,3.838,-597400.0,180300.0,-551300.0,396000.0,700500.0,3.85,3.851,3.852,3.853,3.854,699800.0,629800.0,3023200.0,1210200.0,2544400.0,3.847,3.859,-0.0089999999999998,0.0009999999999998,396020371.236,102868278.0,4.245,-422800.0,421100.0,1051800.0,-300000.0,-700000.0,4.999999999943938e-05,363505.0,6424744.699999988,-0.0009999999999998,-1020200.0,601400.0,500500.0,96000.0,500.0,0.0020000000000002,0.0010000000000003,3.85,2.0,1.0,14.822115150000002,2.1014863194905603e+17,18.0,2.0,3.851,0.0,358300.0,-2.464670398860669e-05,3.849,3.8495,1058.0,3.849,0.0002597739966229,0.0007793219898688,2643493.354736377,159919.0,8107400.0,6765500.0,1341900.0,14872900.0,0.0920604094262676,0.115376156308949,1668700.0,1341900.0,3.850149637442313,3.8495168795305488,3.852526629992353,3.847430552065626
20230825.0,2.023082510585881e+16,3.848,3.847,3.846,3.845,3.844,567300.0,1879000.0,2262400.0,1243500.0,673200.0,3.473,3.86,3.849,3.838,-2036600.0,-5745000.0,-4162400.0,-3394700.0,-1141700.0,3.849,3.85,3.851,3.852,3.853,1469300.0,3866000.0,1900000.0,2151200.0,468500.0,3.847,3.859,-0.0099999999999997,-0.0009999999999998,397993667.936,103380878.0,4.245,1469300.0,3866000.0,1900000.0,2151200.0,468500.0,4.999999999943938e-05,34130.0,1973296.699999988,-0.0009999999999998,-567300.0,-1879000.0,-2262400.0,-1243500.0,-673200.0,0.0019999999999997,0.0009999999999998,3.849,1.0,2.0,14.814416349999998,2.1357552123534403e+17,17.0,3.0,3.85,0.0,6250.0,-0.0003217355053726,3.848,3.8485,1059.0,3.85,0.0002598414966871,0.000779524490061,-2686135.150677393,159919.0,9855000.0,6625400.0,3229600.0,16480400.0,0.0857087726028121,0.1000004112859303,512600.0,3229600.0,3.8495838860709872,3.848278552489443,3.850622891933028,3.8460639508557977
20230825.0,2.023082510595884e+16,3.848,3.847,3.846,3.845,3.844,48700.0,1644200.0,2162400.0,1843500.0,599500.0,3.473,3.86,3.849,3.838,-510500.0,-944800.0,-310000.0,2006000.0,12600.0,3.849,3.85,3.851,3.852,3.853,1461200.0,4576000.0,2110000.0,745200.0,382200.0,3.847,3.859,-0.0099999999999997,0.0,402489063.836,104548878.0,4.245,-8100.0,710000.0,210000.0,-1406000.0,-86300.0,0.0001499999999987,336980.0,4495395.900000036,-0.0009999999999998,-518600.0,-234800.0,-100000.0,600000.0,-73700.0,0.0019999999999997,0.0009999999999998,3.849,2.0,2.0,14.813646450000002,2.1515186763275523e+17,17.0,3.0,3.849,0.0,422125.0,-6.400435327647003e-05,3.848,3.8485,1100.0,3.849,0.0002598414966871,0.000779524490061,7956.162061697803,159919.0,9274600.0,6298300.0,2976300.0,15572900.0,0.0875353676040125,0.0815595937695742,1168000.0,2976300.0,3.848797859589072,3.848032253791642,3.85035427942984,3.845793452201388
20230825.0,2.0230825110058924e+16,3.846,3.845,3.844,3.843,3.842,1461800.0,2573900.0,1768100.0,509400.0,379200.0,3.473,3.86,3.847,3.838,-1561800.0,-5504300.0,-3679300.0,-2104400.0,-907500.0,3.847,3.848,3.849,3.85,3.851,100000.0,2930400.0,1911200.0,1595000.0,528300.0,3.847,3.859,-0.012,-0.0020000000000002,404084832.736,104963678.0,4.245,100000.0,2930400.0,1911200.0,1595000.0,528300.0,0.0002500000000003,122575.0,1595768.8999999762,-0.0009999999999998,-1461800.0,-2573900.0,-1768100.0,-509400.0,-379200.0,0.0019999999999997,0.0009999999999998,3.847,1.0,2.0,14.80133285,2.1930397236621763e+17,6.0,14.0,3.848,0.0009999999999998,186500.0,-0.000284934895594,3.846,3.8465,1101.0,3.848,0.0002599766021057,0.0007799298063173,-2718358.30613231,159919.0,7064900.0,6692400.0,372500.0,13757300.0,0.0864985685822221,0.0855486217626124,414800.0,372500.0,3.847080279652787,3.846935971315149,3.848932228340104,3.844632015420477
0.0,0.0,0.0,0.0,0.0,0.0,0.0,0.0,0.0,0.0,0.0,0.0,0.0,0.0,0.0,0.0,0.0,0.0,0.0,0.0,0.0,0.0,0.0,0.0,0.0,0.0,0.0,0.0,0.0,0.0,0.0,0.0,0.0,0.0,0.0,0.0,0.0,0.0,0.0,0.0,0.0,0.0,0.0,0.0,0.0,0.0,0.0,0.0,0.0,0.0,0.0,0.0,0.0,0.0,0.0,0.0,0.0,0.0,0.0,0.0,0.0,0.0,0.0,0.0,0.0,0.0,0.0,0.0,0.0,0.0,0.0,0.0,0.0,0.0,0.0,0.0,0.0,0.0,0.0,0.0,0.0,0.0,0.0,0.0,0.0
0.0,0.0,0.0,0.0,0.0,0.0,0.0,0.0,0.0,0.0,0.0,0.0,0.0,0.0,0.0,0.0,0.0,0.0,0.0,0.0,0.0,0.0,0.0,0.0,0.0,0.0,0.0,0.0,0.0,0.0,0.0,0.0,0.0,0.0,0.0,0.0,0.0,0.0,0.0,0.0,0.0,0.0,0.0,0.0,0.0,0.0,0.0,0.0,0.0,0.0,0.0,0.0,0.0,0.0,0.0,0.0,0.0,0.0,0.0,0.0,0.0,0.0,0.0,0.0,0.0,0.0,0.0,0.0,0.0,0.0,0.0,0.0,0.0,0.0,0.0,0.0,0.0,0.0,0.0,0.0,0.0,0.0,0.0,0.0,0.0
20230825.0,2.0230825110358804e+16,3.846,3.845,3.844,3.843,3.842,21300.0,2684300.0,1628400.0,1165000.0,403800.0,3.473,3.86,3.847,3.838,3157200.0,2521700.0,1026400.0,225000.0,403800.0,3.847,3.848,3.849,3.85,3.851,808900.0,2766500.0,1713200.0,1565200.0,377000.0,3.847,3.859,-0.012,0.0009999999999998,417121580.636,108353278.0,4.245,-3135900.0,162600.0,602000.0,940000.0,0.0,0.0001428571428574,2042.8571428507569,12259470.299999952,-0.0009999999999998,21300.0,2684300.0,1628400.0,1165000.0,403800.0,0.0019999999999997,0.0009999999999998,3.847,1.0,0.0,14.792815000000004,8.216216267956418e+16,1.0,6.0,3.847,0.0,0.0,7.88324471825419e-05,3.846,3.8465,1104.0,3.846,0.0002599766021057,0.0007799298063173,2816565.583571304,159919.0,7230800.0,5902800.0,1328000.0,13133600.0,0.0830903149873208,0.076707979054443,3187500.0,1328000.0,3.84610832941175,3.846025656468321,3.84871440227914,3.8441277868130377
20230825.0,2.023082511045884e+16,3.846,3.845,3.844,3.843,3.842,109500.0,2777300.0,1717000.0,1065100.0,303500.0,3.473,3.86,3.847,3.838,1199800.0,1280000.0,2584000.0,277100.0,525900.0,3.848,3.849,3.85,3.851,3.852,1111600.0,1187000.0,2495400.0,377000.0,626200.0,3.847,3.859,-0.012,0.0,417554688.036,108465878.0,4.245,-1111600.0,-1187000.0,-2495400.0,-377000.0,-626200.0,0.0007999999999999,35925.0,433107.40000003576,-0.0010000000000003,88200.0,93000.0,88600.0,-99900.0,-100300.0,0.0020000000000002,0.0009999999999998,3.847,2.0,2.0,14.800948400000006,2.3513288420355366e+17,8.0,12.0,3.848,0.0009999999999998,79350.0,3.995993931771302e-05,3.846,3.847,1105.0,3.847,0.0005198856251624,0.0010397712503249,73.73773524630815,159919.0,5797200.0,5972400.0,-175200.0,11769600.0,0.1038679454521109,0.0908057629738835,112600.0,175200.0,3.8464245115456106,3.8461793464908696,3.849692817222108,3.8442217199115936
20230825.0,2.02308251105588e+16,3.847,3.846,3.845,3.844,3.843,205300.0,2640800.0,2010800.0,985100.0,281500.0,3.473,3.86,3.848,3.838,1306900.0,1942400.0,1785800.0,-747900.0,355300.0,3.848,3.849,3.85,3.851,3.852,10000.0,1885400.0,2720400.0,2110000.0,552400.0,3.847,3.859,-0.0110000000000001,0.0009999999999998,418330586.936,108667478.0,4.245,-1101600.0,698400.0,225000.0,1733000.0,-73800.0,0.0003999999999999,32850.0,775898.8999999762,-0.0010000000000003,205300.0,2640800.0,2010800.0,985100.0,281500.0,0.0020000000000002,0.0009999999999998,3.848,1.0,1.0,14.811722499999991,2.3576257391677766e+17,15.0,5.0,3.849,0.0002500000000003,106600.0,0.0004611843193558,3.847,3.8475,1106.0,3.847,0.0002599090318388,0.0007797270955165,2812113.224497343,159919.0,7278200.0,6123500.0,1154700.0,13401700.0,0.1389492913925186,0.1145513585267099,201600.0,1154700.0,3.848704861110993,3.847953553181607,3.8501799071198928,3.845245496856373
20230825.0,2.0230825110658816e+16,3.848,3.847,3.846,3.845,3.844,350300.0,2422800.0,2055000.0,924400.0,600700.0,3.473,3.86,3.848,3.838,399400.0,3464600.0,3037000.0,3194600.0,1674200.0,3.849,3.85,3.851,3.852,3.853,49100.0,1041800.0,982000.0,2270200.0,1073500.0,3.847,3.859,-0.0110000000000001,0.0,422268620.136,109690878.0,4.245,-49100.0,-1041800.0,-982000.0,-2270200.0,-1073500.0,0.0,235340.0,3938033.199999988,-0.0009999999999998,350300.0,2422800.0,2055000.0,924400.0,600700.0,0.0019999999999997,0.0009999999999998,3.848,0.0,0.0,14.807104,2.3724242191955043e+17,0.0,0.0,3.848,0.0,513900.0,0.0002399721305985,3.848,3.8485,1107.0,3.848,0.0002598414966871,0.000779524490061,0.0,159919.0,5416600.0,6353200.0,-936600.0,11769800.0,0.1356925776666853,0.1216361764628166,1023400.0,936600.0,3.847990228649588,3.8488770655983977,3.851605028984973,3.846157023232387
20230825.0,2.0230825110758744e+16,3.848,3.847,3.846,3.845,3.844,300.0,362600.0,2434600.0,1711000.0,1085100.0,3.473,3.86,3.849,3.838,-4038000.0,-4100100.0,236600.0,2736600.0,1015700.0,3.849,3.85,3.851,3.852,3.853,3737100.0,3081700.0,1125000.0,320200.0,542200.0,3.847,3.859,-0.0099999999999997,0.0010000000000003,426698488.636,110841578.0,4.245,3688000.0,2039900.0,143000.0,-1950000.0,-531300.0,0.0003999999999999,451495.0,4429868.5,-0.0009999999999998,-350000.0,-2060200.0,379600.0,786600.0,484400.0,0.0019999999999997,0.0009999999999998,3.849,2.0,2.0,14.8178806,2.4370763409751603e+17,8.0,12.0,3.85,0.0009999999999998,808325.0,-0.0002278808186402,3.849,3.8485,1108.0,3.849,0.0002598414966871,0.000779524490061,-24686.10606229212,159919.0,8806200.0,5593600.0,3212600.0,14399800.0,0.1314315732538037,0.1238625929674873,1150700.0,3212600.0,3.849716259668028,3.848000080269706,3.849960811700847,3.845371066933639
20230825.0,2.0230825110858748e+16,3.846,3.845,3.844,3.843,3.842,461400.0,1488800.0,2700200.0,1357300.0,284100.0,3.473,3.86,3.847,3.838,-1612400.0,-4403900.0,-4965300.0,-3446500.0,-397400.0,3.847,3.848,3.849,3.85,3.851,1151000.0,2915100.0,2265100.0,2089200.0,113300.0,3.847,3.859,-0.012,-0.0020000000000002,428253448.136,111245778.0,4.245,1151000.0,2915100.0,2265100.0,2089200.0,113300.0,0.0003157894736842,155010.5263157934,1554959.5,-0.0009999999999998,-461400.0,-1488800.0,-2700200.0,-1357300.0,-284100.0,0.0019999999999997,0.0009999999999998,3.847,1.0,3.0,14.80467410526316,2.344742069425412e+17,12.0,7.0,3.849,0.0009999999999998,339250.0,-0.0004455053955798,3.847,3.8465,1109.0,3.849,0.0002599766021057,0.0007799298063173,-5762941.524405817,159919.0,8533700.0,6291800.0,2241900.0,14825500.0,0.1364160872095509,0.1273824487361979,404200.0,2241900.0,3.847005195447798,3.846286157281072,3.848660018514829,3.844077259289869
20230825.0,2.0230825110958744e+16,3.846,3.845,3.844,3.843,3.842,200700.0,1906500.0,1991500.0,1013600.0,475000.0,3.473,3.86,3.847,3.838,881300.0,-224200.0,-8300.0,-1239700.0,-20800.0,3.847,3.848,3.849,3.85,3.851,9000.0,3557000.0,1564700.0,2985200.0,325000.0,3.847,3.859,-0.012,0.0,431547269.936,112102178.0,4.245,-1142000.0,641900.0,-700400.0,896000.0,211700.0,0.0009000000000001,148475.0,3293821.800000012,-0.0009999999999998,-260700.0,417700.0,-708700.0,-343700.0,190900.0,0.0019999999999997,0.0009999999999998,3.847,2.0,1.0,14.7986403,2.5034843876732963e+17,12.0,8.0,3.848,0.0019999999999997,422100.0,0.0001744190960473,3.846,3.8465,1110.0,3.846,0.0002599766021057,0.0007799298063173,2909154.2594815125,159919.0,8440900.0,5587300.0,2853600.0,14028200.0,0.1390182282187461,0.1279646005522185,856400.0,2853600.0,3.846125408687543,3.8469570815450647,3.849007131940907,3.8440616218925054
20230825.0,2.0230825111058764e+16,3.848,3.847,3.846,3.845,3.844,234600.0,1311300.0,1439000.0,1549900.0,741400.0,3.473,3.86,3.849,3.838,789300.0,3468100.0,3064000.0,3555300.0,833600.0,3.849,3.85,3.851,3.852,3.853,554700.0,2156800.0,1625000.0,2005400.0,92200.0,3.847,3.859,-0.0099999999999997,0.0020000000000002,432378812.736,112318278.0,4.245,-554700.0,-2156800.0,-1625000.0,-2005400.0,-92200.0,0.0005500000000004,92795.0,831542.8000000119,-0.0009999999999998,234600.0,1311300.0,1439000.0,1549900.0,741400.0,0.0019999999999997,0.0009999999999998,3.849,3.0,1.0,14.80364135,2.5183521204532403e+17,10.0,10.0,3.849,0.0009999999999998,200900.0,0.000348303981809,3.847,3.8485,1111.0,3.847,0.0002598414966871,0.000779524490061,5831171.56683917,159919.0,6434100.0,5276200.0,1157900.0,11710300.0,0.1286977563716164,0.1214053680754748,216100.0,1157900.0,3.847953725127311,3.8482972253895857,3.850832703874668,3.845762670103484
20230825.0,2.023082511115883e+16,3.851,3.85,3.849,3.848,3.847,692100.0,1908500.0,1378300.0,286300.0,357100.0,3.473,3.86,3.852,3.838,1231500.0,3238700.0,2907700.0,2420500.0,1874100.0,3.852,3.853,3.854,3.855,3.856,539400.0,1330200.0,1529400.0,2134200.0,1517000.0,3.847,3.859,-0.0070000000000001,0.0029999999999996,440285386.536,114372278.0,4.245,-539400.0,-1330200.0,-1529400.0,-2134200.0,-1517000.0,0.0009499999999991,559935.0,7906573.800000012,-0.0010000000000003,692100.0,1908500.0,1378300.0,286300.0,357100.0,0.0020000000000002,0.0009999999999998,3.852,4.0,1.0,14.822885749999994,2.5863650234167046e+17,6.0,14.0,3.852,0.0019999999999997,823100.0,0.0008480083272885,3.849,3.8515,1112.0,3.849,0.0002596391016486,0.0007789173049461,8892457.272391228,159919.0,7050200.0,4622300.0,2427900.0,11672500.0,0.1327876613762872,0.1259329332361047,2054000.0,2427900.0,3.8493543330087694,3.851561997563946,3.854391364783978,3.8494959003093694
20230825.0,2.023082511125871e+16,3.851,3.85,3.849,3.848,3.847,108500.0,1620400.0,2141500.0,927500.0,456800.0,3.473,3.86,3.852,3.838,-543200.0,-957600.0,1426100.0,385600.0,-86400.0,3.852,3.853,3.854,3.855,3.856,499000.0,1999700.0,866500.0,2389800.0,1703100.0,3.847,3.859,-0.0070000000000001,0.0,441847374.036,114777778.0,4.245,-40400.0,669500.0,-662900.0,255600.0,186100.0,0.0003000000000006,66690.0,1561987.5,-0.0010000000000003,-583600.0,-288100.0,763200.0,641200.0,99700.0,0.0020000000000002,0.0009999999999998,3.852,3.0,2.0,14.8402161,2.6307425879623283e+17,6.0,14.0,3.854,0.0010000000000003,128900.0,-9.954813778834116e-05,3.851,3.8515,1113.0,3.851,0.0002596391016486,0.0007789173049461,2970858.147219192,159919.0,7458100.0,5254700.0,2203400.0,12712800.0,0.1433219182061821,0.1368952927114726,405500.0,2203400.0,3.852003699136868,3.851178600823045,3.854375202799641,3.848999295868461
20230825.0,2.023082511135871e+16,3.849,3.848,3.847,3.846,3.845,209000.0,2038800.0,2255000.0,265500.0,239700.0,3.473,3.86,3.849,3.838,-1937400.0,-2638900.0,-3065200.0,-2317100.0,-815500.0,3.851,3.852,3.853,3.854,3.855,1728400.0,600100.0,810200.0,2051600.0,575800.0,3.847,3.859,-0.0099999999999997,-0.0029999999999996,444686332.336,115515078.0,4.245,1728400.0,600100.0,810200.0,2051600.0,575800.0,0.0011000000000009,115060.0,2838958.300000012,-0.0009999999999998,-209000.0,-2038800.0,-2255000.0,-265500.0,-239700.0,0.0020000000000002,0.0010000000000003,3.849,1.0,3.0,14.823271199999994,2.6630274418055443e+17,9.0,11.0,3.852,0.0019999999999997,102550.0,-0.0005098044864255,3.849,3.85,1114.0,3.852,0.0005194805194804,0.001038961038961,-8991083.995230997,159919.0,5766100.0,5008000.0,758100.0,10774100.0,0.148491847952585,0.1522484471740472,737300.0,758100.0,3.850479180794808,3.8492157530711264,3.852851944988814,3.847341833067092
20230825.0,2.023082511145868e+16,3.848,3.847,3.846,3.845,3.844,9000.0,724000.0,3011100.0,1444100.0,680700.0,3.473,3.86,3.849,3.838,-999000.0,-3678900.0,-4312300.0,-2229400.0,-681900.0,3.849,3.85,3.851,3.852,3.853,990000.0,2954900.0,1301200.0,785300.0,1200.0,3.847,3.859,-0.0099999999999997,0.0,446157828.236,115897378.0,4.245,990000.0,2954900.0,1301200.0,785300.0,1200.0,0.0001052631578959,67300.0,1471495.8999999762,-0.0009999999999998,-9000.0,-724000.0,-3011100.0,-1444100.0,-680700.0,0.0019999999999997,0.0009999999999998,3.849,1.0,2.0,14.815611631578948,2.5443617120211955e+17,4.0,15.0,3.85,0.0,90700.0,-0.0003135530296449,3.848,3.8485,1115.0,3.85,0.0002598414966871,0.000779524490061,-3006330.636423311,159919.0,6032600.0,5868900.0,163700.0,11901500.0,0.1456306728507834,0.1568515900505664,382300.0,163700.0,3.849060685325598,3.848009009009009,3.850312535225276,3.8456484008928418
20230825.0,2.0230825111558816e+16,3.846,3.845,3.844,3.843,3.842,305500.0,2512100.0,1639500.0,956500.0,605300.0,3.473,3.86,3.847,3.838,-1467500.0,-5334500.0,-2239500.0,-3843000.0,-606500.0,3.847,3.848,3.849,3.85,3.851,1162000.0,2822400.0,600000.0,2886500.0,1200.0,3.847,3.859,-0.012,-0.0020000000000002,446912384.536,116093478.0,4.245,1162000.0,2822400.0,600000.0,2886500.0,1200.0,0.0003999999999999,43125.0,754556.3000000119,-0.0009999999999998,-305500.0,-2512100.0,-1639500.0,-956500.0,-605300.0,0.0019999999999997,0.0009999999999998,3.847,0.0,2.0,14.8117223,2.6884526597567763e+17,13.0,7.0,3.849,0.0010000000000003,58275.0,-0.0004681000877033,3.847,3.8465,1116.0,3.849,0.0002599766021057,0.0007799298063173,-6029873.53599843,159919.0,7472100.0,6018900.0,1453200.0,13491000.0,0.149356851020905,0.1659929082486884,196100.0,1453200.0,3.847813870474309,3.846208177172061,3.848697876099088,3.844158833009354
20230825.0,2.023082511165868e+16,3.846,3.845,3.844,3.843,3.842,143600.0,821100.0,3200200.0,1467200.0,489200.0,3.473,3.86,3.847,3.838,-403300.0,-1780600.0,960700.0,1612200.0,-204600.0,3.847,3.848,3.849,3.85,3.851,1403400.0,2912000.0,1200000.0,1785000.0,89700.0,3.847,3.859,-0.012,0.0,447069722.136,116134378.0,4.245,241400.0,89600.0,600000.0,-1101500.0,88500.0,4.999999999943938e-05,3860.0,157337.59999996424,-0.0009999999999998,-161900.0,-1691000.0,1560700.0,510700.0,-116100.0,0.0019999999999997,0.0009999999999998,3.847,1.0,1.0,14.799024350000002,2.6963444254401043e+17,19.0,1.0,3.847,0.0,12050.0,-2.9991637041648644e-05,3.846,3.8465,1117.0,3.847,0.0002599766021057,0.0007799298063173,-394.91151468269527,159919.0,7390100.0,6121300.0,1268800.0,13511400.0,0.1462231129858089,0.1596368544842056,40900.0,1268800.0,3.846885085573698,3.846092824822237,3.848491968985535,3.8437815333344223
20230825.0,2.023082511175869e+16,3.845,3.844,3.843,3.842,3.841,45400.0,2701500.0,2102000.0,861200.0,455800.0,3.473,3.86,3.845,3.838,-1310800.0,-5651300.0,-3402000.0,-1746400.0,-1365000.0,3.846,3.847,3.848,3.849,3.85,1265400.0,2949800.0,1300000.0,885200.0,909200.0,3.847,3.859,-0.0139999999999997,-0.0019999999999997,448092302.036,116400278.0,4.245,1265400.0,2949800.0,1300000.0,885200.0,909200.0,0.0008499999999997,77355.0,1022579.9000000358,-0.0009999999999998,-45400.0,-2701500.0,-2102000.0,-861200.0,-455800.0,0.0020000000000002,0.0010000000000003,3.845,0.0,2.0,14.790562850000004,2.7062069541478803e+17,12.0,8.0,3.847,0.0012499999999997,127250.0,-0.0002751714874564,3.845,3.8455,1118.0,3.847,0.0002600442075152,0.0007801326225458,-6051735.027410313,159919.0,7309600.0,6165900.0,1143700.0,13475500.0,0.1336111477579599,0.13957614906941,265900.0,1143700.0,3.845731101918149,3.845034635337199,3.847620088650542,3.8431653448807146
20230825.0,2.0230825111858784e+16,3.844,3.843,3.842,3.841,3.84,411300.0,2054400.0,2064900.0,919700.0,740200.0,3.473,3.86,3.845,3.838,-811300.0,-5435800.0,-3155000.0,-3104700.0,-828800.0,3.845,3.846,3.847,3.848,3.849,400000.0,3381400.0,1090100.0,2185000.0,88600.0,3.847,3.859,-0.0139999999999997,0.0,451010703.736,117159278.0,4.245,400000.0,3381400.0,1090100.0,2185000.0,88600.0,0.0006999999999997,133650.0,2918401.699999988,-0.0009999999999998,-411300.0,-2054400.0,-2064900.0,-919700.0,-740200.0,0.0019999999999997,0.0009999999999998,3.845,2.0,2.0,14.7894091,2.7165488485884966e+17,10.0,10.0,3.847,0.0009999999999998,35825.0,-0.000137243865466,3.845,3.8445,1119.0,3.845,0.0002601118480947,0.000780335544284,-2723.493208893109,159919.0,7145100.0,6190500.0,954600.0,13335600.0,0.1189649515020956,0.111566149495454,759000.0,954600.0,3.84506152832673,3.8445069641316407,3.846745391946929,3.8420770373960096
20230825.0,2.023082511195874e+16,3.842,3.841,3.84,3.839,3.838,1000.0,596500.0,1969400.0,2118300.0,959700.0,3.473,3.86,3.842,3.838,-3372700.0,-1996500.0,-2469400.0,-3741700.0,-1153400.0,3.843,3.844,3.845,3.846,3.847,3371700.0,1400000.0,500000.0,1623400.0,193700.0,3.847,3.859,-0.0169999999999999,-0.0030000000000001,462264421.036,120087978.0,4.245,3371700.0,1400000.0,500000.0,1623400.0,193700.0,0.0007999999999994,743870.0,11253717.300000012,-0.0009999999999998,-1000.0,-596500.0,-1969400.0,-2118300.0,-959700.0,0.0019999999999997,0.0009999999999998,3.842,1.0,4.0,14.7671133,2.8183288852056326e+17,7.0,13.0,3.845,0.0012499999999997,1577450.0,-0.0006522254223284,3.842,3.8425,1120.0,3.845,0.0002602472348731,0.0007807417046193,-9235210.718826689,159919.0,7088800.0,5644900.0,1443900.0,12733700.0,0.1185234876989079,0.1222914271527816,2928700.0,1443900.0,3.8425640386519655,3.8420002964983535,3.844134888838732,3.8393907420857767
20230825.0,2.023082511205872e+16,3.843,3.842,3.841,3.84,3.839,956200.0,1465300.0,1802500.0,1145300.0,597700.0,3.473,3.86,3.844,3.838,956300.0,3131500.0,3102700.0,2730500.0,1136100.0,3.844,3.845,3.846,3.847,3.848,100.0,1666200.0,1300200.0,1585200.0,538400.0,3.847,3.859,-0.0150000000000001,0.0019999999999997,464069313.636,120557778.0,4.245,-100.0,-1666200.0,-1300200.0,-1585200.0,-538400.0,0.0004000000000004,57985.0,1804892.599999964,-0.0010000000000003,956200.0,1465300.0,1802500.0,1145300.0,597700.0,0.0020000000000002,0.0009999999999998,3.844,3.0,2.0,14.764038100000004,2.9018845132808646e+17,7.0,13.0,3.844,0.0009999999999998,11000.0,0.0005203223854099,3.842,3.8435,1121.0,3.842,0.0002601795238714,0.0007805385716144,6269533.844807979,159919.0,5090100.0,5967000.0,-876900.0,11057100.0,0.1200456327694045,0.1375766685376907,469800.0,876900.0,3.8418318433375145,3.843999895430304,3.846195595371408,3.841173789173789
20230825.0,2.023082511215872e+16,3.842,3.841,3.84,3.839,3.838,1783100.0,765400.0,2369700.0,802600.0,748500.0,3.473,3.86,3.843,3.838,-4437300.0,-1935500.0,-2569700.0,567400.0,-802400.0,3.844,3.845,3.846,3.847,3.848,2654300.0,2836300.0,1500200.0,215200.0,592300.0,3.847,3.859,-0.016,-0.0009999999999998,465202636.136,120852678.0,4.245,2654200.0,1170100.0,200000.0,-1370000.0,53900.0,0.0002000000000017,49380.0,1133322.5,-0.0010000000000003,-1783100.0,-765400.0,-2369700.0,-802600.0,-748500.0,0.0020000000000002,0.0009999999999998,3.843,2.0,3.0,14.770186399999996,2.9177223765534803e+17,4.0,16.0,3.844,0.0,73600.0,-0.0003112416272617,3.843,3.843,1122.0,3.844,0.0005204267499348,0.0010408534998698,-3145154.675243342,159919.0,7798300.0,6469300.0,1329000.0,14267600.0,0.1254965804663936,0.1426361998287106,294900.0,1329000.0,3.843073923363852,3.842803668815072,3.8451350550761054,3.840314098897872
20230825.0,2.023082511225871e+16,3.842,3.841,3.84,3.839,3.838,715900.0,1642700.0,2494000.0,802800.0,443300.0,3.473,3.86,3.842,3.838,-1109400.0,-2568000.0,-2082200.0,-485000.0,-863800.0,3.843,3.844,3.845,3.846,3.847,42200.0,3445300.0,2206500.0,485200.0,558600.0,3.847,3.859,-0.0169999999999999,-0.0009999999999998,467719919.036,121507678.0,4.245,42200.0,3445300.0,2206500.0,485200.0,558600.0,0.0004999999999999,132250.0,2517282.900000036,-0.0009999999999998,-1067200.0,877300.0,124300.0,200.0,-305200.0,0.0019999999999997,0.0009999999999998,3.842,2.0,3.0,14.770186699999991,2.9284624275650963e+17,7.0,13.0,3.844,0.0009999999999998,114000.0,3.6604298083942055e-05,3.842,3.8425,1123.0,3.843,0.0002602472348731,0.0007807417046193,-3178031.099553578,159919.0,6737800.0,6098700.0,639100.0,12836500.0,0.1270944453503214,0.1509569535820799,655000.0,639100.0,3.8431800000000544,3.842944334520512,3.844713957077978,3.84022711397511
20230825.0,2.02308251123587e+16,3.843,3.842,3.841,3.84,3.839,717900.0,2036200.0,971700.0,1676300.0,557100.0,3.473,3.86,3.844,3.838,1933200.0,4339400.0,2036900.0,2518300.0,803400.0,3.845,3.846,3.847,3.848,3.849,1215300.0,2303200.0,1065200.0,842000.0,246300.0,3.847,3.859,-0.0150000000000001,0.0019999999999997,480019346.736,124707478.0,4.245,-1215300.0,-2303200.0,-1065200.0,-842000.0,-246300.0,0.0007000000000005,1343355.0,12299427.699999988,-0.0009999999999998,717900.0,2036200.0,971700.0,1676300.0,557100.0,0.0019999999999997,0.0009999999999998,3.844,5.0,3.0,14.770955699999998,3.031787485609112e+17,10.0,10.0,3.845,0.0012499999999997,2679725.0,0.0002077284717469,3.842,3.844,1124.0,3.842,0.0005202913631634,0.0010405827263267,6322877.854497282,159919.0,5672000.0,5959200.0,-287200.0,11631200.0,0.1335555028620742,0.1432223657568515,3199800.0,287200.0,3.84381139446215,3.8437427063935448,3.8464007052186178,3.841114360988053
20230825.0,2.023082511245871e+16,3.843,3.842,3.841,3.84,3.839,1149400.0,1514600.0,1671700.0,868100.0,746900.0,3.473,3.86,3.844,3.838,331500.0,-3830600.0,-1209500.0,-2373400.0,-340200.0,3.844,3.845,3.846,3.847,3.848,100000.0,3309000.0,1909500.0,1565200.0,530000.0,3.847,3.859,-0.0150000000000001,0.0,482234477.736,125283878.0,4.245,100000.0,3309000.0,1909500.0,1565200.0,530000.0,9.999999999976694e-05,28000.0,2215131.0,-0.0010000000000003,431500.0,-521600.0,700000.0,-808200.0,189800.0,0.0020000000000002,0.0009999999999998,3.844,1.0,0.0,14.7694177,3.132491312342537e+17,2.0,18.0,3.844,0.0,14750.0,4.611419509448211e-05,3.843,3.8435,1125.0,3.843,0.0002601795238714,0.0007805385716144,3259205.983350317,159919.0,7413700.0,5950700.0,1463000.0,13364400.0,0.1281922895345122,0.1274659292641476,576400.0,1463000.0,3.843044760582929,3.843919961581559,3.845880788270364,3.841243920883258
20230825.0,2.023082511255868e+16,3.845,3.844,3.843,3.842,3.841,91600.0,1840800.0,1356900.0,1356300.0,396700.0,3.473,3.86,3.846,3.838,2305900.0,4759000.0,3570100.0,1376500.0,1150200.0,3.846,3.847,3.848,3.849,3.85,2214300.0,2918200.0,2213200.0,20200.0,753500.0,3.847,3.859,-0.0129999999999999,0.0020000000000002,483002667.236,125483678.0,4.245,-2214300.0,-2918200.0,-2213200.0,-20200.0,-753500.0,0.0009499999999995,62655.0,768189.5,-0.0009999999999998,91600.0,1840800.0,1356900.0,1356300.0,396700.0,0.0020000000000002,0.0010000000000003,3.846,2.0,0.0,14.784410050000004,3.1460674340667206e+17,6.0,14.0,3.846,0.0012499999999997,76600.0,0.0002912650496045,3.844,3.8455,1126.0,3.844,0.0002600442075152,0.0007801326225458,6524898.024516769,159919.0,8119400.0,5042300.0,3077100.0,13161700.0,0.1188439375361718,0.1001290029629759,199800.0,3077100.0,3.844792292292292,3.845039724185784,3.847283247530606,3.842975070900184
