TradeDate,OrigTime,BidPx1,BidPx2,BidPx3,BidPx4,BidPx5,BidSize1,BidSize2,BidSize3,BidSize4,BidSize5,DownLimitPx,HighPx,LastPx,LowPx,OFI1,OFI2,OFI3,OFI4,OFI5,OfferPx1,OfferPx2,OfferPx3,OfferPx4,OfferPx5,OfferSize1,OfferSize2,OfferSize3,OfferSize4,OfferSize5,OpenPx,PreClosePx,PxChange1,PxChange2,TotalValueTrade,TotalVolumeTrade,UpLimitPx,aOF1,aOF2,aOF3,aOF4,aOF5,abs_diff,abs_diff_v,amount,ask_spread,bOF1,bOF2,bOF3,bOF4,bOF5,bid_ask_spread,bid_spread,close,df_max,df_min,energy,energy_v,f_max,f_min,high,iqr_p,iqr_p_v,log_return,low,mid,minute,open,price_spread,price_spread2,tendency,ticker,total_ask_qty,total_bid_qty,total_qty_diff,total_volume,volatility,volatility_QMLE,volume,volume_imbalance,vwap,wap1,weighted_ask_prc,weighted_bid_prc
0.0,0.0,0.0,0.0,0.0,0.0,0.0,0.0,0.0,0.0,0.0,0.0,0.0,0.0,0.0,0.0,0.0,0.0,0.0,0.0,0.0,0.0,0.0,0.0,0.0,0.0,0.0,0.0,0.0,0.0,0.0,0.0,0.0,0.0,0.0,0.0,0.0,0.0,0.0,0.0,0.0,0.0,0.0,0.0,0.0,0.0,0.0,0.0,0.0,0.0,0.0,0.0,0.0,0.0,0.0,0.0,0.0,0.0,0.0,0.0,0.0,0.0,0.0,0.0,0.0,0.0,0.0,0.0,0.0,0.0,0.0,0.0,0.0,0.0,0.0,0.0,0.0,0.0,0.0,0.0,0.0,0.0,0.0,0.0,0.0
0.0,0.0,0.0,0.0,0.0,0.0,0.0,0.0,0.0,0.0,0.0,0.0,0.0,0.0,0.0,0.0,0.0,0.0,0.0,0.0,0.0,0.0,0.0,0.0,0.0,0.0,0.0,0.0,0.0,0.0,0.0,0.0,0.0,0.0,0.0,0.0,0.0,0.0,0.0,0.0,0.0,0.0,0.0,0.0,0.0,0.0,0.0,0.0,0.0,0.0,0.0,0.0,0.0,0.0,0.0,0.0,0.0,0.0,0.0,0.0,0.0,0.0,0.0,0.0,0.0,0.0,0.0,0.0,0.0,0.0,0.0,0.0,0.0,0.0,0.0,0.0,0.0,0.0,0.0,0.0,0.0,0.0,0.0,0.0,0.0
0.0,0.0,0.0,0.0,0.0,0.0,0.0,0.0,0.0,0.0,0.0,0.0,0.0,0.0,0.0,0.0,0.0,0.0,0.0,0.0,0.0,0.0,0.0,0.0,0.0,0.0,0.0,0.0,0.0,0.0,0.0,0.0,0.0,0.0,0.0,0.0,0.0,0.0,0.0,0.0,0.0,0.0,0.0,0.0,0.0,0.0,0.0,0.0,0.0,0.0,0.0,0.0,0.0,0.0,0.0,0.0,0.0,0.0,0.0,0.0,0.0,0.0,0.0,0.0,0.0,0.0,0.0,0.0,0.0,0.0,0.0,0.0,0.0,0.0,0.0,0.0,0.0,0.0,0.0,0.0,0.0,0.0,0.0,0.0,0.0
0.0,0.0,0.0,0.0,0.0,0.0,0.0,0.0,0.0,0.0,0.0,0.0,0.0,0.0,0.0,0.0,0.0,0.0,0.0,0.0,0.0,0.0,0.0,0.0,0.0,0.0,0.0,0.0,0.0,0.0,0.0,0.0,0.0,0.0,0.0,0.0,0.0,0.0,0.0,0.0,0.0,0.0,0.0,0.0,0.0,0.0,0.0,0.0,0.0,0.0,0.0,0.0,0.0,0.0,0.0,0.0,0.0,0.0,0.0,0.0,0.0,0.0,0.0,0.0,0.0,0.0,0.0,0.0,0.0,0.0,0.0,0.0,0.0,0.0,0.0,0.0,0.0,0.0,0.0,0.0,0.0,0.0,0.0,0.0,0.0
0.0,0.0,0.0,0.0,0.0,0.0,0.0,0.0,0.0,0.0,0.0,0.0,0.0,0.0,0.0,0.0,0.0,0.0,0.0,0.0,0.0,0.0,0.0,0.0,0.0,0.0,0.0,0.0,0.0,0.0,0.0,0.0,0.0,0.0,0.0,0.0,0.0,0.0,0.0,0.0,0.0,0.0,0.0,0.0,0.0,0.0,0.0,0.0,0.0,0.0,0.0,0.0,0.0,0.0,0.0,0.0,0.0,0.0,0.0,0.0,0.0,0.0,0.0,0.0,0.0,0.0,0.0,0.0,0.0,0.0,0.0,0.0,0.0,0.0,0.0,0.0,0.0,0.0,0.0,0.0,0.0,0.0,0.0,0.0,0.0
0.0,0.0,0.0,0.0,0.0,0.0,0.0,0.0,0.0,0.0,0.0,0.0,0.0,0.0,0.0,0.0,0.0,0.0,0.0,0.0,0.0,0.0,0.0,0.0,0.0,0.0,0.0,0.0,0.0,0.0,0.0,0.0,0.0,0.0,0.0,0.0,0.0,0.0,0.0,0.0,0.0,0.0,0.0,0.0,0.0,0.0,0.0,0.0,0.0,0.0,0.0,0.0,0.0,0.0,0.0,0.0,0.0,0.0,0.0,0.0,0.0,0.0,0.0,0.0,0.0,0.0,0.0,0.0,0.0,0.0,0.0,0.0,0.0,0.0,0.0,0.0,0.0,0.0,0.0,0.0,0.0,0.0,0.0,0.0,0.0
0.0,0.0,0.0,0.0,0.0,0.0,0.0,0.0,0.0,0.0,0.0,0.0,0.0,0.0,0.0,0.0,0.0,0.0,0.0,0.0,0.0,0.0,0.0,0.0,0.0,0.0,0.0,0.0,0.0,0.0,0.0,0.0,0.0,0.0,0.0,0.0,0.0,0.0,0.0,0.0,0.0,0.0,0.0,0.0,0.0,0.0,0.0,0.0,0.0,0.0,0.0,0.0,0.0,0.0,0.0,0.0,0.0,0.0,0.0,0.0,0.0,0.0,0.0,0.0,0.0,0.0,0.0,0.0,0.0,0.0,0.0,0.0,0.0,0.0,0.0,0.0,0.0,0.0,0.0,0.0,0.0,0.0,0.0,0.0,0.0
0.0,0.0,0.0,0.0,0.0,0.0,0.0,0.0,0.0,0.0,0.0,0.0,0.0,0.0,0.0,0.0,0.0,0.0,0.0,0.0,0.0,0.0,0.0,0.0,0.0,0.0,0.0,0.0,0.0,0.0,0.0,0.0,0.0,0.0,0.0,0.0,0.0,0.0,0.0,0.0,0.0,0.0,0.0,0.0,0.0,0.0,0.0,0.0,0.0,0.0,0.0,0.0,0.0,0.0,0.0,0.0,0.0,0.0,0.0,0.0,0.0,0.0,0.0,0.0,0.0,0.0,0.0,0.0,0.0,0.0,0.0,0.0,0.0,0.0,0.0,0.0,0.0,0.0,0.0,0.0,0.0,0.0,0.0,0.0,0.0
0.0,0.0,0.0,0.0,0.0,0.0,0.0,0.0,0.0,0.0,0.0,0.0,0.0,0.0,0.0,0.0,0.0,0.0,0.0,0.0,0.0,0.0,0.0,0.0,0.0,0.0,0.0,0.0,0.0,0.0,0.0,0.0,0.0,0.0,0.0,0.0,0.0,0.0,0.0,0.0,0.0,0.0,0.0,0.0,0.0,0.0,0.0,0.0,0.0,0.0,0.0,0.0,0.0,0.0,0.0,0.0,0.0,0.0,0.0,0.0,0.0,0.0,0.0,0.0,0.0,0.0,0.0,0.0,0.0,0.0,0.0,0.0,0.0,0.0,0.0,0.0,0.0,0.0,0.0,0.0,0.0,0.0,0.0,0.0,0.0
0.0,0.0,0.0,0.0,0.0,0.0,0.0,0.0,0.0,0.0,0.0,0.0,0.0,0.0,0.0,0.0,0.0,0.0,0.0,0.0,0.0,0.0,0.0,0.0,0.0,0.0,0.0,0.0,0.0,0.0,0.0,0.0,0.0,0.0,0.0,0.0,0.0,0.0,0.0,0.0,0.0,0.0,0.0,0.0,0.0,0.0,0.0,0.0,0.0,0.0,0.0,0.0,0.0,0.0,0.0,0.0,0.0,0.0,0.0,0.0,0.0,0.0,0.0,0.0,0.0,0.0,0.0,0.0,0.0,0.0,0.0,0.0,0.0,0.0,0.0,0.0,0.0,0.0,0.0,0.0,0.0,0.0,0.0,0.0,0.0
0.0,0.0,0.0,0.0,0.0,0.0,0.0,0.0,0.0,0.0,0.0,0.0,0.0,0.0,0.0,0.0,0.0,0.0,0.0,0.0,0.0,0.0,0.0,0.0,0.0,0.0,0.0,0.0,0.0,0.0,0.0,0.0,0.0,0.0,0.0,0.0,0.0,0.0,0.0,0.0,0.0,0.0,0.0,0.0,0.0,0.0,0.0,0.0,0.0,0.0,0.0,0.0,0.0,0.0,0.0,0.0,0.0,0.0,0.0,0.0,0.0,0.0,0.0,0.0,0.0,0.0,0.0,0.0,0.0,0.0,0.0,0.0,0.0,0.0,0.0,0.0,0.0,0.0,0.0,0.0,0.0,0.0,0.0,0.0,0.0
0.0,0.0,0.0,0.0,0.0,0.0,0.0,0.0,0.0,0.0,0.0,0.0,0.0,0.0,0.0,0.0,0.0,0.0,0.0,0.0,0.0,0.0,0.0,0.0,0.0,0.0,0.0,0.0,0.0,0.0,0.0,0.0,0.0,0.0,0.0,0.0,0.0,0.0,0.0,0.0,0.0,0.0,0.0,0.0,0.0,0.0,0.0,0.0,0.0,0.0,0.0,0.0,0.0,0.0,0.0,0.0,0.0,0.0,0.0,0.0,0.0,0.0,0.0,0.0,0.0,0.0,0.0,0.0,0.0,0.0,0.0,0.0,0.0,0.0,0.0,0.0,0.0,0.0,0.0,0.0,0.0,0.0,0.0,0.0,0.0
0.0,0.0,0.0,0.0,0.0,0.0,0.0,0.0,0.0,0.0,0.0,0.0,0.0,0.0,0.0,0.0,0.0,0.0,0.0,0.0,0.0,0.0,0.0,0.0,0.0,0.0,0.0,0.0,0.0,0.0,0.0,0.0,0.0,0.0,0.0,0.0,0.0,0.0,0.0,0.0,0.0,0.0,0.0,0.0,0.0,0.0,0.0,0.0,0.0,0.0,0.0,0.0,0.0,0.0,0.0,0.0,0.0,0.0,0.0,0.0,0.0,0.0,0.0,0.0,0.0,0.0,0.0,0.0,0.0,0.0,0.0,0.0,0.0,0.0,0.0,0.0,0.0,0.0,0.0,0.0,0.0,0.0,0.0,0.0,0.0
0.0,0.0,0.0,0.0,0.0,0.0,0.0,0.0,0.0,0.0,0.0,0.0,0.0,0.0,0.0,0.0,0.0,0.0,0.0,0.0,0.0,0.0,0.0,0.0,0.0,0.0,0.0,0.0,0.0,0.0,0.0,0.0,0.0,0.0,0.0,0.0,0.0,0.0,0.0,0.0,0.0,0.0,0.0,0.0,0.0,0.0,0.0,0.0,0.0,0.0,0.0,0.0,0.0,0.0,0.0,0.0,0.0,0.0,0.0,0.0,0.0,0.0,0.0,0.0,0.0,0.0,0.0,0.0,0.0,0.0,0.0,0.0,0.0,0.0,0.0,0.0,0.0,0.0,0.0,0.0,0.0,0.0,0.0,0.0,0.0
0.0,0.0,0.0,0.0,0.0,0.0,0.0,0.0,0.0,0.0,0.0,0.0,0.0,0.0,0.0,0.0,0.0,0.0,0.0,0.0,0.0,0.0,0.0,0.0,0.0,0.0,0.0,0.0,0.0,0.0,0.0,0.0,0.0,0.0,0.0,0.0,0.0,0.0,0.0,0.0,0.0,0.0,0.0,0.0,0.0,0.0,0.0,0.0,0.0,0.0,0.0,0.0,0.0,0.0,0.0,0.0,0.0,0.0,0.0,0.0,0.0,0.0,0.0,0.0,0.0,0.0,0.0,0.0,0.0,0.0,0.0,0.0,0.0,0.0,0.0,0.0,0.0,0.0,0.0,0.0,0.0,0.0,0.0,0.0,0.0
0.0,0.0,0.0,0.0,0.0,0.0,0.0,0.0,0.0,0.0,0.0,0.0,0.0,0.0,0.0,0.0,0.0,0.0,0.0,0.0,0.0,0.0,0.0,0.0,0.0,0.0,0.0,0.0,0.0,0.0,0.0,0.0,0.0,0.0,0.0,0.0,0.0,0.0,0.0,0.0,0.0,0.0,0.0,0.0,0.0,0.0,0.0,0.0,0.0,0.0,0.0,0.0,0.0,0.0,0.0,0.0,0.0,0.0,0.0,0.0,0.0,0.0,0.0,0.0,0.0,0.0,0.0,0.0,0.0,0.0,0.0,0.0,0.0,0.0,0.0,0.0,0.0,0.0,0.0,0.0,0.0,0.0,0.0,0.0,0.0
0.0,0.0,0.0,0.0,0.0,0.0,0.0,0.0,0.0,0.0,0.0,0.0,0.0,0.0,0.0,0.0,0.0,0.0,0.0,0.0,0.0,0.0,0.0,0.0,0.0,0.0,0.0,0.0,0.0,0.0,0.0,0.0,0.0,0.0,0.0,0.0,0.0,0.0,0.0,0.0,0.0,0.0,0.0,0.0,0.0,0.0,0.0,0.0,0.0,0.0,0.0,0.0,0.0,0.0,0.0,0.0,0.0,0.0,0.0,0.0,0.0,0.0,0.0,0.0,0.0,0.0,0.0,0.0,0.0,0.0,0.0,0.0,0.0,0.0,0.0,0.0,0.0,0.0,0.0,0.0,0.0,0.0,0.0,0.0,0.0
0.0,0.0,0.0,0.0,0.0,0.0,0.0,0.0,0.0,0.0,0.0,0.0,0.0,0.0,0.0,0.0,0.0,0.0,0.0,0.0,0.0,0.0,0.0,0.0,0.0,0.0,0.0,0.0,0.0,0.0,0.0,0.0,0.0,0.0,0.0,0.0,0.0,0.0,0.0,0.0,0.0,0.0,0.0,0.0,0.0,0.0,0.0,0.0,0.0,0.0,0.0,0.0,0.0,0.0,0.0,0.0,0.0,0.0,0.0,0.0,0.0,0.0,0.0,0.0,0.0,0.0,0.0,0.0,0.0,0.0,0.0,0.0,0.0,0.0,0.0,0.0,0.0,0.0,0.0,0.0,0.0,0.0,0.0,0.0,0.0
0.0,0.0,0.0,0.0,0.0,0.0,0.0,0.0,0.0,0.0,0.0,0.0,0.0,0.0,0.0,0.0,0.0,0.0,0.0,0.0,0.0,0.0,0.0,0.0,0.0,0.0,0.0,0.0,0.0,0.0,0.0,0.0,0.0,0.0,0.0,0.0,0.0,0.0,0.0,0.0,0.0,0.0,0.0,0.0,0.0,0.0,0.0,0.0,0.0,0.0,0.0,0.0,0.0,0.0,0.0,0.0,0.0,0.0,0.0,0.0,0.0,0.0,0.0,0.0,0.0,0.0,0.0,0.0,0.0,0.0,0.0,0.0,0.0,0.0,0.0,0.0,0.0,0.0,0.0,0.0,0.0,0.0,0.0,0.0,0.0
0.0,0.0,0.0,0.0,0.0,0.0,0.0,0.0,0.0,0.0,0.0,0.0,0.0,0.0,0.0,0.0,0.0,0.0,0.0,0.0,0.0,0.0,0.0,0.0,0.0,0.0,0.0,0.0,0.0,0.0,0.0,0.0,0.0,0.0,0.0,0.0,0.0,0.0,0.0,0.0,0.0,0.0,0.0,0.0,0.0,0.0,0.0,0.0,0.0,0.0,0.0,0.0,0.0,0.0,0.0,0.0,0.0,0.0,0.0,0.0,0.0,0.0,0.0,0.0,0.0,0.0,0.0,0.0,0.0,0.0,0.0,0.0,0.0,0.0,0.0,0.0,0.0,0.0,0.0,0.0,0.0,0.0,0.0,0.0,0.0
0.0,0.0,0.0,0.0,0.0,0.0,0.0,0.0,0.0,0.0,0.0,0.0,0.0,0.0,0.0,0.0,0.0,0.0,0.0,0.0,0.0,0.0,0.0,0.0,0.0,0.0,0.0,0.0,0.0,0.0,0.0,0.0,0.0,0.0,0.0,0.0,0.0,0.0,0.0,0.0,0.0,0.0,0.0,0.0,0.0,0.0,0.0,0.0,0.0,0.0,0.0,0.0,0.0,0.0,0.0,0.0,0.0,0.0,0.0,0.0,0.0,0.0,0.0,0.0,0.0,0.0,0.0,0.0,0.0,0.0,0.0,0.0,0.0,0.0,0.0,0.0,0.0,0.0,0.0,0.0,0.0,0.0,0.0,0.0,0.0
0.0,0.0,0.0,0.0,0.0,0.0,0.0,0.0,0.0,0.0,0.0,0.0,0.0,0.0,0.0,0.0,0.0,0.0,0.0,0.0,0.0,0.0,0.0,0.0,0.0,0.0,0.0,0.0,0.0,0.0,0.0,0.0,0.0,0.0,0.0,0.0,0.0,0.0,0.0,0.0,0.0,0.0,0.0,0.0,0.0,0.0,0.0,0.0,0.0,0.0,0.0,0.0,0.0,0.0,0.0,0.0,0.0,0.0,0.0,0.0,0.0,0.0,0.0,0.0,0.0,0.0,0.0,0.0,0.0,0.0,0.0,0.0,0.0,0.0,0.0,0.0,0.0,0.0,0.0,0.0,0.0,0.0,0.0,0.0,0.0
0.0,0.0,0.0,0.0,0.0,0.0,0.0,0.0,0.0,0.0,0.0,0.0,0.0,0.0,0.0,0.0,0.0,0.0,0.0,0.0,0.0,0.0,0.0,0.0,0.0,0.0,0.0,0.0,0.0,0.0,0.0,0.0,0.0,0.0,0.0,0.0,0.0,0.0,0.0,0.0,0.0,0.0,0.0,0.0,0.0,0.0,0.0,0.0,0.0,0.0,0.0,0.0,0.0,0.0,0.0,0.0,0.0,0.0,0.0,0.0,0.0,0.0,0.0,0.0,0.0,0.0,0.0,0.0,0.0,0.0,0.0,0.0,0.0,0.0,0.0,0.0,0.0,0.0,0.0,0.0,0.0,0.0,0.0,0.0,0.0
0.0,0.0,0.0,0.0,0.0,0.0,0.0,0.0,0.0,0.0,0.0,0.0,0.0,0.0,0.0,0.0,0.0,0.0,0.0,0.0,0.0,0.0,0.0,0.0,0.0,0.0,0.0,0.0,0.0,0.0,0.0,0.0,0.0,0.0,0.0,0.0,0.0,0.0,0.0,0.0,0.0,0.0,0.0,0.0,0.0,0.0,0.0,0.0,0.0,0.0,0.0,0.0,0.0,0.0,0.0,0.0,0.0,0.0,0.0,0.0,0.0,0.0,0.0,0.0,0.0,0.0,0.0,0.0,0.0,0.0,0.0,0.0,0.0,0.0,0.0,0.0,0.0,0.0,0.0,0.0,0.0,0.0,0.0,0.0,0.0
0.0,0.0,0.0,0.0,0.0,0.0,0.0,0.0,0.0,0.0,0.0,0.0,0.0,0.0,0.0,0.0,0.0,0.0,0.0,0.0,0.0,0.0,0.0,0.0,0.0,0.0,0.0,0.0,0.0,0.0,0.0,0.0,0.0,0.0,0.0,0.0,0.0,0.0,0.0,0.0,0.0,0.0,0.0,0.0,0.0,0.0,0.0,0.0,0.0,0.0,0.0,0.0,0.0,0.0,0.0,0.0,0.0,0.0,0.0,0.0,0.0,0.0,0.0,0.0,0.0,0.0,0.0,0.0,0.0,0.0,0.0,0.0,0.0,0.0,0.0,0.0,0.0,0.0,0.0,0.0,0.0,0.0,0.0,0.0,0.0
0.0,0.0,0.0,0.0,0.0,0.0,0.0,0.0,0.0,0.0,0.0,0.0,0.0,0.0,0.0,0.0,0.0,0.0,0.0,0.0,0.0,0.0,0.0,0.0,0.0,0.0,0.0,0.0,0.0,0.0,0.0,0.0,0.0,0.0,0.0,0.0,0.0,0.0,0.0,0.0,0.0,0.0,0.0,0.0,0.0,0.0,0.0,0.0,0.0,0.0,0.0,0.0,0.0,0.0,0.0,0.0,0.0,0.0,0.0,0.0,0.0,0.0,0.0,0.0,0.0,0.0,0.0,0.0,0.0,0.0,0.0,0.0,0.0,0.0,0.0,0.0,0.0,0.0,0.0,0.0,0.0,0.0,0.0,0.0,0.0
0.0,0.0,0.0,0.0,0.0,0.0,0.0,0.0,0.0,0.0,0.0,0.0,0.0,0.0,0.0,0.0,0.0,0.0,0.0,0.0,0.0,0.0,0.0,0.0,0.0,0.0,0.0,0.0,0.0,0.0,0.0,0.0,0.0,0.0,0.0,0.0,0.0,0.0,0.0,0.0,0.0,0.0,0.0,0.0,0.0,0.0,0.0,0.0,0.0,0.0,0.0,0.0,0.0,0.0,0.0,0.0,0.0,0.0,0.0,0.0,0.0,0.0,0.0,0.0,0.0,0.0,0.0,0.0,0.0,0.0,0.0,0.0,0.0,0.0,0.0,0.0,0.0,0.0,0.0,0.0,0.0,0.0,0.0,0.0,0.0
0.0,0.0,0.0,0.0,0.0,0.0,0.0,0.0,0.0,0.0,0.0,0.0,0.0,0.0,0.0,0.0,0.0,0.0,0.0,0.0,0.0,0.0,0.0,0.0,0.0,0.0,0.0,0.0,0.0,0.0,0.0,0.0,0.0,0.0,0.0,0.0,0.0,0.0,0.0,0.0,0.0,0.0,0.0,0.0,0.0,0.0,0.0,0.0,0.0,0.0,0.0,0.0,0.0,0.0,0.0,0.0,0.0,0.0,0.0,0.0,0.0,0.0,0.0,0.0,0.0,0.0,0.0,0.0,0.0,0.0,0.0,0.0,0.0,0.0,0.0,0.0,0.0,0.0,0.0,0.0,0.0,0.0,0.0,0.0,0.0
0.0,0.0,0.0,0.0,0.0,0.0,0.0,0.0,0.0,0.0,0.0,0.0,0.0,0.0,0.0,0.0,0.0,0.0,0.0,0.0,0.0,0.0,0.0,0.0,0.0,0.0,0.0,0.0,0.0,0.0,0.0,0.0,0.0,0.0,0.0,0.0,0.0,0.0,0.0,0.0,0.0,0.0,0.0,0.0,0.0,0.0,0.0,0.0,0.0,0.0,0.0,0.0,0.0,0.0,0.0,0.0,0.0,0.0,0.0,0.0,0.0,0.0,0.0,0.0,0.0,0.0,0.0,0.0,0.0,0.0,0.0,0.0,0.0,0.0,0.0,0.0,0.0,0.0,0.0,0.0,0.0,0.0,0.0,0.0,0.0
0.0,0.0,0.0,0.0,0.0,0.0,0.0,0.0,0.0,0.0,0.0,0.0,0.0,0.0,0.0,0.0,0.0,0.0,0.0,0.0,0.0,0.0,0.0,0.0,0.0,0.0,0.0,0.0,0.0,0.0,0.0,0.0,0.0,0.0,0.0,0.0,0.0,0.0,0.0,0.0,0.0,0.0,0.0,0.0,0.0,0.0,0.0,0.0,0.0,0.0,0.0,0.0,0.0,0.0,0.0,0.0,0.0,0.0,0.0,0.0,0.0,0.0,0.0,0.0,0.0,0.0,0.0,0.0,0.0,0.0,0.0,0.0,0.0,0.0,0.0,0.0,0.0,0.0,0.0,0.0,0.0,0.0,0.0,0.0,0.0
0.0,0.0,0.0,0.0,0.0,0.0,0.0,0.0,0.0,0.0,0.0,0.0,0.0,0.0,0.0,0.0,0.0,0.0,0.0,0.0,0.0,0.0,0.0,0.0,0.0,0.0,0.0,0.0,0.0,0.0,0.0,0.0,0.0,0.0,0.0,0.0,0.0,0.0,0.0,0.0,0.0,0.0,0.0,0.0,0.0,0.0,0.0,0.0,0.0,0.0,0.0,0.0,0.0,0.0,0.0,0.0,0.0,0.0,0.0,0.0,0.0,0.0,0.0,0.0,0.0,0.0,0.0,0.0,0.0,0.0,0.0,0.0,0.0,0.0,0.0,0.0,0.0,0.0,0.0,0.0,0.0,0.0,0.0,0.0,0.0
0.0,0.0,0.0,0.0,0.0,0.0,0.0,0.0,0.0,0.0,0.0,0.0,0.0,0.0,0.0,0.0,0.0,0.0,0.0,0.0,0.0,0.0,0.0,0.0,0.0,0.0,0.0,0.0,0.0,0.0,0.0,0.0,0.0,0.0,0.0,0.0,0.0,0.0,0.0,0.0,0.0,0.0,0.0,0.0,0.0,0.0,0.0,0.0,0.0,0.0,0.0,0.0,0.0,0.0,0.0,0.0,0.0,0.0,0.0,0.0,0.0,0.0,0.0,0.0,0.0,0.0,0.0,0.0,0.0,0.0,0.0,0.0,0.0,0.0,0.0,0.0,0.0,0.0,0.0,0.0,0.0,0.0,0.0,0.0,0.0
0.0,0.0,0.0,0.0,0.0,0.0,0.0,0.0,0.0,0.0,0.0,0.0,0.0,0.0,0.0,0.0,0.0,0.0,0.0,0.0,0.0,0.0,0.0,0.0,0.0,0.0,0.0,0.0,0.0,0.0,0.0,0.0,0.0,0.0,0.0,0.0,0.0,0.0,0.0,0.0,0.0,0.0,0.0,0.0,0.0,0.0,0.0,0.0,0.0,0.0,0.0,0.0,0.0,0.0,0.0,0.0,0.0,0.0,0.0,0.0,0.0,0.0,0.0,0.0,0.0,0.0,0.0,0.0,0.0,0.0,0.0,0.0,0.0,0.0,0.0,0.0,0.0,0.0,0.0,0.0,0.0,0.0,0.0,0.0,0.0
0.0,0.0,0.0,0.0,0.0,0.0,0.0,0.0,0.0,0.0,0.0,0.0,0.0,0.0,0.0,0.0,0.0,0.0,0.0,0.0,0.0,0.0,0.0,0.0,0.0,0.0,0.0,0.0,0.0,0.0,0.0,0.0,0.0,0.0,0.0,0.0,0.0,0.0,0.0,0.0,0.0,0.0,0.0,0.0,0.0,0.0,0.0,0.0,0.0,0.0,0.0,0.0,0.0,0.0,0.0,0.0,0.0,0.0,0.0,0.0,0.0,0.0,0.0,0.0,0.0,0.0,0.0,0.0,0.0,0.0,0.0,0.0,0.0,0.0,0.0,0.0,0.0,0.0,0.0,0.0,0.0,0.0,0.0,0.0,0.0
0.0,0.0,0.0,0.0,0.0,0.0,0.0,0.0,0.0,0.0,0.0,0.0,0.0,0.0,0.0,0.0,0.0,0.0,0.0,0.0,0.0,0.0,0.0,0.0,0.0,0.0,0.0,0.0,0.0,0.0,0.0,0.0,0.0,0.0,0.0,0.0,0.0,0.0,0.0,0.0,0.0,0.0,0.0,0.0,0.0,0.0,0.0,0.0,0.0,0.0,0.0,0.0,0.0,0.0,0.0,0.0,0.0,0.0,0.0,0.0,0.0,0.0,0.0,0.0,0.0,0.0,0.0,0.0,0.0,0.0,0.0,0.0,0.0,0.0,0.0,0.0,0.0,0.0,0.0,0.0,0.0,0.0,0.0,0.0,0.0
0.0,0.0,0.0,0.0,0.0,0.0,0.0,0.0,0.0,0.0,0.0,0.0,0.0,0.0,0.0,0.0,0.0,0.0,0.0,0.0,0.0,0.0,0.0,0.0,0.0,0.0,0.0,0.0,0.0,0.0,0.0,0.0,0.0,0.0,0.0,0.0,0.0,0.0,0.0,0.0,0.0,0.0,0.0,0.0,0.0,0.0,0.0,0.0,0.0,0.0,0.0,0.0,0.0,0.0,0.0,0.0,0.0,0.0,0.0,0.0,0.0,0.0,0.0,0.0,0.0,0.0,0.0,0.0,0.0,0.0,0.0,0.0,0.0,0.0,0.0,0.0,0.0,0.0,0.0,0.0,0.0,0.0,0.0,0.0,0.0
0.0,0.0,0.0,0.0,0.0,0.0,0.0,0.0,0.0,0.0,0.0,0.0,0.0,0.0,0.0,0.0,0.0,0.0,0.0,0.0,0.0,0.0,0.0,0.0,0.0,0.0,0.0,0.0,0.0,0.0,0.0,0.0,0.0,0.0,0.0,0.0,0.0,0.0,0.0,0.0,0.0,0.0,0.0,0.0,0.0,0.0,0.0,0.0,0.0,0.0,0.0,0.0,0.0,0.0,0.0,0.0,0.0,0.0,0.0,0.0,0.0,0.0,0.0,0.0,0.0,0.0,0.0,0.0,0.0,0.0,0.0,0.0,0.0,0.0,0.0,0.0,0.0,0.0,0.0,0.0,0.0,0.0,0.0,0.0,0.0
0.0,0.0,0.0,0.0,0.0,0.0,0.0,0.0,0.0,0.0,0.0,0.0,0.0,0.0,0.0,0.0,0.0,0.0,0.0,0.0,0.0,0.0,0.0,0.0,0.0,0.0,0.0,0.0,0.0,0.0,0.0,0.0,0.0,0.0,0.0,0.0,0.0,0.0,0.0,0.0,0.0,0.0,0.0,0.0,0.0,0.0,0.0,0.0,0.0,0.0,0.0,0.0,0.0,0.0,0.0,0.0,0.0,0.0,0.0,0.0,0.0,0.0,0.0,0.0,0.0,0.0,0.0,0.0,0.0,0.0,0.0,0.0,0.0,0.0,0.0,0.0,0.0,0.0,0.0,0.0,0.0,0.0,0.0,0.0,0.0
0.0,0.0,0.0,0.0,0.0,0.0,0.0,0.0,0.0,0.0,0.0,0.0,0.0,0.0,0.0,0.0,0.0,0.0,0.0,0.0,0.0,0.0,0.0,0.0,0.0,0.0,0.0,0.0,0.0,0.0,0.0,0.0,0.0,0.0,0.0,0.0,0.0,0.0,0.0,0.0,0.0,0.0,0.0,0.0,0.0,0.0,0.0,0.0,0.0,0.0,0.0,0.0,0.0,0.0,0.0,0.0,0.0,0.0,0.0,0.0,0.0,0.0,0.0,0.0,0.0,0.0,0.0,0.0,0.0,0.0,0.0,0.0,0.0,0.0,0.0,0.0,0.0,0.0,0.0,0.0,0.0,0.0,0.0,0.0,0.0
0.0,0.0,0.0,0.0,0.0,0.0,0.0,0.0,0.0,0.0,0.0,0.0,0.0,0.0,0.0,0.0,0.0,0.0,0.0,0.0,0.0,0.0,0.0,0.0,0.0,0.0,0.0,0.0,0.0,0.0,0.0,0.0,0.0,0.0,0.0,0.0,0.0,0.0,0.0,0.0,0.0,0.0,0.0,0.0,0.0,0.0,0.0,0.0,0.0,0.0,0.0,0.0,0.0,0.0,0.0,0.0,0.0,0.0,0.0,0.0,0.0,0.0,0.0,0.0,0.0,0.0,0.0,0.0,0.0,0.0,0.0,0.0,0.0,0.0,0.0,0.0,0.0,0.0,0.0,0.0,0.0,0.0,0.0,0.0,0.0
0.0,0.0,0.0,0.0,0.0,0.0,0.0,0.0,0.0,0.0,0.0,0.0,0.0,0.0,0.0,0.0,0.0,0.0,0.0,0.0,0.0,0.0,0.0,0.0,0.0,0.0,0.0,0.0,0.0,0.0,0.0,0.0,0.0,0.0,0.0,0.0,0.0,0.0,0.0,0.0,0.0,0.0,0.0,0.0,0.0,0.0,0.0,0.0,0.0,0.0,0.0,0.0,0.0,0.0,0.0,0.0,0.0,0.0,0.0,0.0,0.0,0.0,0.0,0.0,0.0,0.0,0.0,0.0,0.0,0.0,0.0,0.0,0.0,0.0,0.0,0.0,0.0,0.0,0.0,0.0,0.0,0.0,0.0,0.0,0.0
0.0,0.0,0.0,0.0,0.0,0.0,0.0,0.0,0.0,0.0,0.0,0.0,0.0,0.0,0.0,0.0,0.0,0.0,0.0,0.0,0.0,0.0,0.0,0.0,0.0,0.0,0.0,0.0,0.0,0.0,0.0,0.0,0.0,0.0,0.0,0.0,0.0,0.0,0.0,0.0,0.0,0.0,0.0,0.0,0.0,0.0,0.0,0.0,0.0,0.0,0.0,0.0,0.0,0.0,0.0,0.0,0.0,0.0,0.0,0.0,0.0,0.0,0.0,0.0,0.0,0.0,0.0,0.0,0.0,0.0,0.0,0.0,0.0,0.0,0.0,0.0,0.0,0.0,0.0,0.0,0.0,0.0,0.0,0.0,0.0
0.0,0.0,0.0,0.0,0.0,0.0,0.0,0.0,0.0,0.0,0.0,0.0,0.0,0.0,0.0,0.0,0.0,0.0,0.0,0.0,0.0,0.0,0.0,0.0,0.0,0.0,0.0,0.0,0.0,0.0,0.0,0.0,0.0,0.0,0.0,0.0,0.0,0.0,0.0,0.0,0.0,0.0,0.0,0.0,0.0,0.0,0.0,0.0,0.0,0.0,0.0,0.0,0.0,0.0,0.0,0.0,0.0,0.0,0.0,0.0,0.0,0.0,0.0,0.0,0.0,0.0,0.0,0.0,0.0,0.0,0.0,0.0,0.0,0.0,0.0,0.0,0.0,0.0,0.0,0.0,0.0,0.0,0.0,0.0,0.0
0.0,0.0,0.0,0.0,0.0,0.0,0.0,0.0,0.0,0.0,0.0,0.0,0.0,0.0,0.0,0.0,0.0,0.0,0.0,0.0,0.0,0.0,0.0,0.0,0.0,0.0,0.0,0.0,0.0,0.0,0.0,0.0,0.0,0.0,0.0,0.0,0.0,0.0,0.0,0.0,0.0,0.0,0.0,0.0,0.0,0.0,0.0,0.0,0.0,0.0,0.0,0.0,0.0,0.0,0.0,0.0,0.0,0.0,0.0,0.0,0.0,0.0,0.0,0.0,0.0,0.0,0.0,0.0,0.0,0.0,0.0,0.0,0.0,0.0,0.0,0.0,0.0,0.0,0.0,0.0,0.0,0.0,0.0,0.0,0.0
20230825.0,2.023082510145912e+16,2.002,2.001,2.0,1.999,1.998,2023600.0,2385300.0,3742600.0,2245200.0,515000.0,1.611,2.006,2.003,1.992,-2061200.0,-2650000.0,-6892900.0,-4575600.0,-2918400.0,2.003,2.004,2.005,2.006,2.007,37600.0,264700.0,3150300.0,2330400.0,2403400.0,2.0,2.014,-0.0109999999999996,0.0,357570794.338,178872133.0,2.417,37600.0,264700.0,3150300.0,2330400.0,2403400.0,0.0001666666666664,144050.0,357570794.338,-0.0009999999999998,-2023600.0,-2385300.0,-3742600.0,-2245200.0,-515000.0,0.0019999999999997,0.0009999999999998,2.003,1.0,0.0,4.008671499999999,1.9127359026506355e+17,1.0,5.0,2.003,0.0,247725.0,0.0005962464694893,2.002,2.0025,1015.0,2.002,0.0004993757802748,0.001498127340824,8930211.333003482,159915.0,8186400.0,10911700.0,-2725300.0,19098100.0,0.1633197280927091,0.2454833590238385,178872133.0,2725300.0,1.9990301917962816,2.002981758199108,2.005830316134076,2.0002893499638006
20230825.0,2.023082510155912e+16,2.003,2.002,2.001,2.0,1.999,25000.0,1726400.0,2832500.0,2386900.0,1034500.0,1.611,2.006,2.003,1.992,353200.0,5070300.0,6074800.0,4906300.0,1825000.0,2.004,2.005,2.006,2.007,2.008,328200.0,3343900.0,3242300.0,2519400.0,790500.0,2.0,2.014,-0.0109999999999996,0.0,359060458.138,179616133.0,2.417,-328200.0,-3343900.0,-3242300.0,-2519400.0,-790500.0,0.00035,213000.0,1489663.800000012,-0.0009999999999998,25000.0,1726400.0,2832500.0,2386900.0,1034500.0,0.0020000000000002,0.0010000000000003,2.003,5.0,4.0,4.009405850000001,6.430729952398258e+17,8.0,12.0,2.003,0.0010000000000003,408300.0,4.444436361250581e-05,2.001,2.0035,1016.0,2.002,0.0004991265285749,0.001497379585725,8941397.54240609,159915.0,10224300.0,8005300.0,2219000.0,18229600.0,0.2381668241360327,0.2404265597453832,744000.0,2219000.0,2.0022362903225965,2.003070781426954,2.006009790401299,2.000665284249185
20230825.0,2.0230825101659204e+16,2.006,2.005,2.004,2.003,2.002,1773900.0,2337900.0,4403100.0,1159700.0,927800.0,1.611,2.007,2.007,1.992,3406500.0,3353400.0,6511300.0,4026900.0,1550700.0,2.007,2.008,2.009,2.01,2.011,1632600.0,1015500.0,2108200.0,2867200.0,622900.0,2.0,2.014,-0.0069999999999996,0.004,366567393.638,183360033.0,2.417,-1632600.0,-1015500.0,-2108200.0,-2867200.0,-622900.0,0.0009999999999998,973505.0,7506935.5,-0.0009999999999998,1773900.0,2337900.0,4403100.0,1159700.0,927800.0,0.0019999999999997,0.0009999999999998,2.007,7.0,5.0,4.018823699999998,6.573787693785883e+17,12.0,8.0,2.007,0.0019999999999997,1673750.0,0.0017208531933528,2.002,2.0065,1017.0,2.003,0.0004983802641417,0.0014951407924246,36195613.10531636,159915.0,8246400.0,10602400.0,-2356000.0,18848800.0,0.2119481557675167,0.2311596924034228,3743900.0,2356000.0,2.0051111140789017,2.00652073976222,2.0089796638533177,2.00427073115521
20230825.0,2.0230825101759104e+16,2.005,2.004,2.003,2.002,2.001,279900.0,1657600.0,4150000.0,2053300.0,919000.0,1.611,2.007,2.005,1.992,-706500.0,-4036600.0,-7595900.0,-5219000.0,-2429000.0,2.006,2.007,2.008,2.009,2.01,426600.0,2379000.0,3445900.0,3165700.0,1510000.0,2.0,2.014,-0.0089999999999998,-0.0020000000000002,371976616.238,186056833.0,2.417,426600.0,2379000.0,3445900.0,3165700.0,1510000.0,0.0008500000000002,900305.0,5409222.599999964,-0.0010000000000003,-279900.0,-1657600.0,-4150000.0,-2053300.0,-919000.0,0.0020000000000002,0.0009999999999998,2.005,4.0,6.0,4.02343495,6.850519977007991e+17,13.0,7.0,2.007,0.0012499999999997,1708375.0,-0.0005606105363986,2.004,2.0055,1018.0,2.007,0.00049862877088,0.0014958863126402,-18387701.143916592,159915.0,10927200.0,9059800.0,1867400.0,19987000.0,0.2018735501292932,0.2245541371155594,2696800.0,1867400.0,2.005793013942437,2.005396178343949,2.008270288820558,2.0028152387469924
20230825.0,2.023082510185909e+16,2.004,2.003,2.002,2.001,2.0,217100.0,1880400.0,6169700.0,2482100.0,1395200.0,1.611,2.007,2.004,1.992,-901200.0,-4085200.0,-9637100.0,-5990000.0,-2609900.0,2.005,2.006,2.007,2.008,2.009,684100.0,2204800.0,3467400.0,3507900.0,1214700.0,2.0,2.014,-0.0099999999999997,-0.0009999999999998,374475910.738,187303233.0,2.417,684100.0,2204800.0,3467400.0,3507900.0,1214700.0,0.0001999999999999,119500.0,2499294.5,-0.0009999999999998,-217100.0,-1880400.0,-6169700.0,-2482100.0,-1395200.0,0.0019999999999997,0.0009999999999998,2.004,5.0,7.0,4.0192234,6.989134511961612e+17,14.0,6.0,2.006,0.0009999999999998,164450.0,-0.0005762503349755,2.004,2.0045,1019.0,2.005,0.0004988775255674,0.0014966325767022,-9386521.691840744,159915.0,11078900.0,12144500.0,-1065600.0,23223400.0,0.1998362113498495,0.213049135621885,1246400.0,1065600.0,2.005210606546855,2.004240901020861,2.007213405663017,2.0017564411873687
20230825.0,2.023082510195905e+16,2.003,2.002,2.001,2.0,1.999,1709000.0,3882200.0,6026700.0,2855200.0,1193600.0,1.611,2.007,2.004,1.992,-1858300.0,-4340100.0,-7309700.0,-5905000.0,-2682500.0,2.004,2.005,2.006,2.007,2.008,149300.0,457900.0,1283000.0,3049800.0,1488900.0,2.0,2.014,-0.0099999999999997,0.0,376224255.338,188175933.0,2.417,149300.0,457900.0,1283000.0,3049800.0,1488900.0,0.0003999999999999,161700.0,1748344.6000000238,-0.0009999999999998,-1709000.0,-3882200.0,-6026700.0,-2855200.0,-1193600.0,0.0020000000000002,0.0010000000000003,2.004,5.0,6.0,4.013611999999999,7.056616686174956e+17,8.0,12.0,2.005,0.0009999999999998,323900.0,-0.0001602946115205,2.002,2.0035,1020.0,2.005,0.0004991265285749,0.001497379585725,-9350313.987010486,159915.0,6428900.0,15666700.0,-9237800.0,22095600.0,0.1951238063156498,0.2158364611868662,872700.0,9237800.0,2.0033741262748066,2.0039196577517084,2.006819906982532,2.001131348656705
20230825.0,2.0230825102059084e+16,2.002,2.001,2.0,1.999,1.998,1524600.0,2912100.0,4383900.0,936100.0,2908800.0,1.611,2.007,2.004,1.992,-1525100.0,-3674700.0,-8471900.0,-4531400.0,-4733300.0,2.003,2.004,2.005,2.006,2.007,500.0,762600.0,4088000.0,3595300.0,1824500.0,2.0,2.014,-0.0099999999999997,0.0,377750790.538,188938033.0,2.417,500.0,762600.0,4088000.0,3595300.0,1824500.0,0.0005999999999999,247385.0,1526535.199999988,-0.0009999999999998,-1524600.0,-2912100.0,-4383900.0,-936100.0,-2908800.0,0.0019999999999997,0.0009999999999998,2.004,3.0,4.0,4.013612099999999,7.10869068971212e+17,11.0,9.0,2.004,0.0009999999999998,499250.0,-0.0004591984711856,2.002,2.0025,1021.0,2.004,0.0004993757802748,0.001498127340824,12889.219536036251,159915.0,10270900.0,12665500.0,-2394600.0,22936400.0,0.1730181118053902,0.187923965553175,762100.0,2394600.0,2.0030641648077525,2.002999672152646,2.0056309768374723,1.999937436342821
20230825.0,2.023082510215908e+16,2.005,2.004,2.003,2.002,2.001,1750400.0,2152300.0,2877300.0,610800.0,1342500.0,1.611,2.007,2.005,1.992,2083400.0,5620300.0,7090900.0,1548500.0,1958400.0,2.006,2.007,2.008,2.009,2.01,333000.0,3468000.0,4213600.0,937700.0,615900.0,2.0,2.014,-0.0089999999999998,0.0009999999999998,381615747.638,190866433.0,2.417,-333000.0,-3468000.0,-4213600.0,-937700.0,-615900.0,0.0008499999999997,644720.0,3864957.100000024,-0.0010000000000003,1750400.0,2152300.0,2877300.0,610800.0,1342500.0,0.0020000000000002,0.0009999999999998,2.005,7.0,4.0,4.01661855,7.214819259942433e+17,9.0,11.0,2.006,0.0019999999999997,1350675.0,0.0014171149523231,2.002,2.0055,1022.0,2.002,0.00049862877088,0.0014958863126402,28370923.16101852,159915.0,9568200.0,8733300.0,834900.0,18301500.0,0.1766600025251351,0.1868209158468748,1928400.0,834900.0,2.0042299834059447,2.005840165114716,2.007794684475659,2.0032699208775604
20230825.0,2.0230825102259068e+16,2.005,2.004,2.003,2.002,2.001,2000.0,1959900.0,2526500.0,1909600.0,2010000.0,1.611,2.007,2.005,1.992,-2213500.0,-1617200.0,890200.0,1358800.0,667400.0,2.006,2.007,2.008,2.009,2.01,798100.0,4892800.0,2972600.0,877700.0,616000.0,2.0,2.014,-0.0089999999999998,0.0,383935058.138,192023333.0,2.417,465100.0,1424800.0,-1241000.0,-60000.0,100.0,0.0002999999999997,182545.0,2319310.5,-0.0010000000000003,-1748400.0,-192400.0,-350800.0,1298800.0,667500.0,0.0020000000000002,0.0009999999999998,2.005,4.0,4.0,4.018822299999999,7.32263133165627e+17,14.0,6.0,2.005,0.0009999999999998,233800.0,-0.0004177004731236,2.004,2.0055,1023.0,2.005,0.00049862877088,0.0014958863126402,-12267.879005070776,159915.0,10157200.0,8408000.0,1749200.0,18565200.0,0.1787012257958174,0.1896817105559352,1156900.0,1749200.0,2.0047631601694182,2.005002499687539,2.007568847713937,2.002528342055186
20230825.0,2.0230825102311136e+16,2.002,2.001,2.0,1.999,1.998,477600.0,1328500.0,1187100.0,805400.0,4012200.0,1.611,2.007,2.004,1.992,-532500.0,-4160300.0,-4361400.0,-7645200.0,-6220100.0,2.003,2.004,2.005,2.006,2.007,54900.0,2831800.0,3174300.0,6839800.0,2207900.0,2.0,2.014,-0.0099999999999997,-0.0009999999999998,386153404.938,193130133.0,2.417,54900.0,2831800.0,3174300.0,6839800.0,2207900.0,0.0002499999999998,340450.0,2218346.800000012,-0.0009999999999998,-477600.0,-1328500.0,-1187100.0,-805400.0,-4012200.0,0.0019999999999997,0.0009999999999998,2.004,0.0,1.0,4.01902275,1.4844300352096157e+17,3.0,1.0,2.005,0.0002499999999998,470450.0,-0.0010507242134027,2.004,2.0025,1024.0,2.005,0.0004993757802748,0.001498127340824,-9637232.18562768,159915.0,15108700.0,7810800.0,7297900.0,22919500.0,0.1949604050318656,0.2144507075315651,1106800.0,7297900.0,2.004288760390325,2.002896901408451,2.005550278978337,1.9991619168331027
20230825.0,2.023082510245904e+16,2.001,2.0,1.999,1.998,1.997,180000.0,1651200.0,1441200.0,3199100.0,2351600.0,1.611,2.007,2.001,1.992,-500000.0,-8477900.0,-6386700.0,-3619900.0,-3073500.0,2.002,2.003,2.004,2.005,2.006,320000.0,6826700.0,4945500.0,420800.0,721900.0,2.0,2.014,-0.0129999999999999,-0.0020000000000002,389278443.038,194691333.0,2.417,320000.0,6826700.0,4945500.0,420800.0,721900.0,0.0001666666666668,70250.0,2316605.5,-0.0010000000000003,-180000.0,-1651200.0,-1441200.0,-3199100.0,-2351600.0,0.0020000000000002,0.0009999999999998,2.001,3.0,3.0,4.007337000000001,4.5438822413745485e+17,9.0,3.0,2.003,0.0002499999999998,125550.0,-0.0003552240814025,2.001,2.0015,1025.0,2.002,0.0004996252810391,0.0014988758431177,-9752716.533840254,159915.0,13234900.0,8823100.0,4411800.0,22058000.0,0.2090702893681097,0.2219431225219013,1157400.0,4411800.0,2.0015599619837565,2.00136,2.0035767176178134,1.9983323095057293
20230825.0,2.0230825102559044e+16,1.998,1.997,1.996,1.995,1.994,2742800.0,1597900.0,2460800.0,3598300.0,2239200.0,1.611,2.007,1.999,1.992,-3306000.0,-6308400.0,-9444200.0,-4689200.0,-2336100.0,1.999,2.0,2.001,2.002,2.003,563200.0,4710500.0,6983400.0,1090900.0,96900.0,2.0,2.014,-0.0149999999999996,-0.0019999999999997,395418974.538,197762233.0,2.417,563200.0,4710500.0,6983400.0,1090900.0,96900.0,0.0007999999999999,645410.0,6140531.5,-0.0009999999999998,-2742800.0,-1597900.0,-2460800.0,-3598300.0,-2239200.0,0.0019999999999997,0.0009999999999998,1.999,4.0,7.0,3.999201100000001,7.727989945482426e+17,11.0,9.0,2.002,0.0009999999999998,1259575.0,-0.0012651186518983,1.998,1.9985,1026.0,2.002,0.0005003752814611,0.0015011258443832,-29416039.30567261,159915.0,13444900.0,12639000.0,805900.0,26083900.0,0.2178452346401538,0.2391846021685306,3070900.0,805900.0,1.999586928913348,1.9988296430732004,2.0006614180841806,1.9959214178336897
20230825.0,2.0230825102659016e+16,1.999,1.998,1.997,1.996,1.995,8300.0,3425000.0,2979200.0,2276500.0,4227100.0,1.611,2.007,1.999,1.992,6274700.0,5893700.0,3651200.0,2317900.0,4600200.0,2.0,2.001,2.002,2.003,2.004,6266400.0,2468700.0,672000.0,41400.0,373100.0,2.0,2.014,-0.0149999999999996,0.0,397070507.938,198588633.0,2.417,-6266400.0,-2468700.0,-672000.0,-41400.0,-373100.0,5.000000000010552e-05,136750.0,1651533.4000000358,-0.0009999999999998,8300.0,3425000.0,2979200.0,2276500.0,4227100.0,0.002,0.0010000000000001,1.999,1.0,1.0,3.995801150000001,7.858310174431178e+17,19.0,1.0,1.999,0.0,277275.0,8.58864223002298e-05,1.998,1.9995,1027.0,1.999,0.0005001250312577,0.0015003750937733,-4144.049827719107,159915.0,9821600.0,12916100.0,-3094500.0,22737700.0,0.19091335718556,0.2137512967090566,826400.0,3094500.0,1.9984673281704208,1.999001322772404,2.0005527918058155,1.996435657822408
20230825.0,2.0230825102759024e+16,1.997,1.996,1.995,1.994,1.993,624500.0,2502100.0,4256300.0,1809300.0,3774900.0,1.611,2.007,1.998,1.992,-823100.0,-6432200.0,-8146800.0,-2109200.0,-3841900.0,1.998,1.999,2.0,2.001,2.002,198600.0,3930100.0,3890500.0,299900.0,67000.0,2.0,2.014,-0.0159999999999997,-0.0010000000000001,409616144.338,204868833.0,2.417,198600.0,3930100.0,3890500.0,299900.0,67000.0,0.0005500000000002,1109655.0,12545636.399999976,-0.0010000000000001,-624500.0,-2502100.0,-4256300.0,-1809300.0,-3774900.0,0.0020000000000002,0.0010000000000001,1.998,3.0,4.0,3.99020635,8.294840524777513e+17,10.0,10.0,1.999,0.0009999999999998,1467250.0,-0.0006218065406704,1.997,1.9975,1028.0,1.999,0.0005006257822277,0.0015018773466834,-9910425.034449697,159915.0,8386100.0,12967100.0,-4581000.0,21353200.0,0.1772574033289932,0.2062861011727389,6280200.0,4581000.0,1.9976491831470296,1.9977587170453164,1.9995357317465807,1.9945675208797649
20230825.0,2.023082510285907e+16,1.997,1.996,1.995,1.994,1.993,168700.0,1621800.0,4355700.0,2309600.0,2982700.0,1.611,2.007,1.998,1.992,-3820400.0,-2515200.0,10400.0,470300.0,-792200.0,1.998,1.999,2.0,2.001,2.002,3563200.0,5565000.0,3979500.0,329900.0,67000.0,2.0,2.014,-0.0159999999999997,0.0,413451505.538,206789133.0,2.417,3364600.0,1634900.0,89000.0,30000.0,0.0,0.0002000000000002,194405.0,3835361.199999988,-0.0010000000000001,-455800.0,-880300.0,99400.0,500300.0,-792200.0,0.0020000000000002,0.0010000000000001,1.998,5.0,5.0,3.9912051000000006,8.445448792403242e+17,15.0,5.0,1.999,0.00025,277025.0,-0.0003572201346636,1.997,1.9975,1029.0,1.998,0.0005006257822277,0.0015018773466834,-27184.14562422224,159915.0,13504600.0,11438500.0,2066100.0,24943100.0,0.1246065513975209,0.1334874353387126,1920300.0,2066100.0,1.9972718846013584,1.997045204855436,1.9990945677769056,1.99444784718276
20230825.0,2.023082510295904e+16,1.998,1.997,1.996,1.995,1.994,24300.0,2155200.0,2594200.0,4495500.0,2995100.0,1.611,2.007,1.998,1.992,643200.0,6215100.0,6501800.0,4861000.0,3162600.0,1.999,2.0,2.001,2.002,2.003,618900.0,4059900.0,3907600.0,365500.0,167500.0,2.0,2.014,-0.0159999999999997,0.0,418981982.438,209557833.0,2.417,-618900.0,-4059900.0,-3907600.0,-365500.0,-167500.0,0.0004999999999999,762650.0,5530476.900000036,-0.0009999999999998,24300.0,2155200.0,2594200.0,4495500.0,2995100.0,0.0019999999999997,0.0009999999999998,1.998,7.0,6.0,3.9908945,7.824706840764772e+17,11.0,7.0,1.999,0.0009999999999998,1516750.0,0.0004968983220289,1.997,1.9985,1030.0,1.997,0.0005003752814611,0.0015011258443832,10394325.17387486,159915.0,9119400.0,12264300.0,-3144900.0,21383700.0,0.1501912353556521,0.1267999806158888,2768700.0,3144900.0,1.997499512406557,1.998037779850746,2.000495887887361,1.995324714822697
20230825.0,2.023082510305901e+16,1.997,1.996,1.995,1.994,1.993,135500.0,2750800.0,6637100.0,3276200.0,4305700.0,1.611,2.007,1.998,1.992,-319400.0,-9654600.0,-9827600.0,-3603800.0,-4378200.0,1.998,1.999,2.0,2.001,2.002,183900.0,6903800.0,3190500.0,327600.0,72500.0,2.0,2.014,-0.0159999999999997,0.0,422637948.138,211388433.0,2.417,183900.0,6903800.0,3190500.0,327600.0,72500.0,0.00055,332450.0,3655965.699999988,-0.0010000000000001,-135500.0,-2750800.0,-6637100.0,-3276200.0,-4305700.0,0.0020000000000002,0.0010000000000001,1.998,5.0,5.0,3.98980715,8.906370245111037e+17,9.0,11.0,1.999,0.0009999999999998,347025.0,-0.0003071218882063,1.996,1.9975,1031.0,1.999,0.0005006257822277,0.0015018773466834,-10551625.238779863,159915.0,10678300.0,17105300.0,-6427000.0,27783600.0,0.175728144095777,0.1343778342682544,1830600.0,6427000.0,1.997140664263077,1.9974242329367569,1.9993632881638463,1.9944816928086613
20230825.0,2.0230825103159044e+16,1.999,1.998,1.997,1.996,1.995,450900.0,2347200.0,2604700.0,2523100.0,5704800.0,1.611,2.007,2.0,1.992,2017400.0,5043900.0,5248400.0,3015700.0,6094100.0,2.0,2.001,2.002,2.003,2.004,1566500.0,2696700.0,2643700.0,492600.0,389300.0,2.0,2.014,-0.0139999999999997,0.002,423662298.238,211900933.0,2.417,-1566500.0,-2696700.0,-2643700.0,-492600.0,-389300.0,0.0008999999999996,133020.0,1024350.0999999642,-0.0009999999999998,450900.0,2347200.0,2604700.0,2523100.0,5704800.0,0.002,0.0010000000000001,2.0,4.0,2.0,3.9956019,8.96227077136924e+17,12.0,8.0,2.0,0.002,267825.0,0.0009003909299417,1.998,1.9995,1032.0,1.998,0.0005001250312577,0.0015003750937733,21170892.5544746,159915.0,7788800.0,13630700.0,-5841900.0,21419500.0,0.1903608395558325,0.126208992982792,512500.0,5841900.0,1.9987319024389547,1.999223505502132,2.001414736544782,1.9962162031297
20230825.0,2.0230825103258964e+16,1.999,1.998,1.997,1.996,1.995,195400.0,1562300.0,2976500.0,5145600.0,4600800.0,1.611,2.007,2.0,1.992,163300.0,-444900.0,-939100.0,1660500.0,-2550100.0,2.0,2.001,2.002,2.003,2.004,1147700.0,2356700.0,3954600.0,1454600.0,1835400.0,2.0,2.014,-0.0139999999999997,0.0,426115044.738,213127633.0,2.417,-418800.0,-340000.0,1310900.0,962000.0,1446100.0,0.00035,186350.0,2452746.5,-0.0009999999999998,-255500.0,-784900.0,371800.0,2622500.0,-1104000.0,0.002,0.0010000000000001,2.0,2.0,2.0,3.99740065,9.020703451243396e+17,7.0,13.0,2.0,0.0009999999999998,312100.0,-3.902650057419077e-05,1.999,1.9995,1033.0,2.0,0.0005001250312577,0.0015003750937733,6575.976338168606,159915.0,10749000.0,14480600.0,-3731600.0,25229600.0,0.1788385998637528,0.1218789036557433,1226700.0,3731600.0,1.999467269911144,1.9991454843273029,2.002044032002977,1.996144089333315
20230825.0,2.023082510335897e+16,2.002,2.001,2.0,1.999,1.998,80400.0,1833800.0,2982200.0,1796800.0,1115800.0,1.611,2.007,2.003,1.992,580900.0,4529000.0,5990800.0,3822500.0,2566700.0,2.003,2.004,2.005,2.006,2.007,500500.0,2695200.0,3008600.0,2025700.0,1450900.0,2.0,2.014,-0.0109999999999996,0.0030000000000001,429559831.638,214849233.0,2.417,-500500.0,-2695200.0,-3008600.0,-2025700.0,-1450900.0,0.0008000000000003,143260.0,3444786.900000036,-0.0009999999999998,80400.0,1833800.0,2982200.0,1796800.0,1115800.0,0.0019999999999997,0.0009999999999998,2.003,3.0,1.0,4.0088062,9.190758220426784e+17,13.0,7.0,2.003,0.0020000000000002,224675.0,0.0014959809075311,2.0,2.0025,1034.0,2.0,0.0004993757802748,0.001498127340824,32118056.799066745,159915.0,9680900.0,7809000.0,1871900.0,17489900.0,0.2087829784551966,0.1806661467157915,1721600.0,1871900.0,2.000921758829017,2.002138405921845,2.005127188587838,1.9997395569215008
20230825.0,2.0230825103426e+16,2.001,2.0,1.999,1.998,1.997,105300.0,1987800.0,1079400.0,2513300.0,798100.0,1.611,2.007,2.002,1.992,-402800.0,-6672500.0,-9149400.0,-3688100.0,-1647300.0,2.002,2.003,2.004,2.005,2.006,297500.0,4684700.0,8070000.0,1174800.0,849200.0,2.0,2.014,-0.012,-0.0010000000000003,430070575.238,215104333.0,2.417,297500.0,4684700.0,8070000.0,1174800.0,849200.0,0.0001111111111109,48966.66666665673,510743.5999999642,-0.0010000000000003,-105300.0,-1987800.0,-1079400.0,-2513300.0,-798100.0,0.0020000000000002,0.0009999999999998,2.002,0.0,1.0,4.008449,4.1580216160766566e+17,1.0,8.0,2.003,0.0,93600.0,-0.000438120554734,2.002,2.0015,1035.0,2.003,0.0004996252810391,0.0014988758431177,-10732948.701302286,159915.0,15076200.0,6483900.0,8592300.0,21560100.0,0.2068412816574044,0.1901624271989378,255100.0,8592300.0,2.002130929047292,2.001261420059583,2.003840377548719,1.9987052545535864
20230825.0,2.023082510355897e+16,2.001,2.0,1.999,1.998,1.997,79000.0,732000.0,1317700.0,1458900.0,1932800.0,1.611,2.007,2.001,1.992,-4901100.0,-2844900.0,-355600.0,-1055500.0,-1960000.0,2.003,2.004,2.005,2.006,2.007,5354300.0,6924200.0,1815600.0,1175800.0,1487600.0,2.0,2.014,-0.0129999999999999,-0.0020000000000002,432736024.638,216435633.0,2.417,4822100.0,2112900.0,-962100.0,-403400.0,27200.0,0.0006666666666665,11333.333333343267,1362790.5,-0.0009999999999998,-79000.0,-732000.0,-1317700.0,-1458900.0,-1932800.0,0.0019999999999997,0.0009999999999998,2.001,0.0,1.0,4.006670333333333,1.4051843293928806e+17,1.0,2.0,2.003,0.0009999999999998,14500.0,-0.0004874281182185,2.001,2.002,1036.0,2.003,0.0009990009990011,0.001998001998002,-21632247.17641421,159915.0,16757500.0,5520400.0,11237100.0,22277900.0,0.2182700988409398,0.2258733752255747,680800.0,11237100.0,2.001748678025852,2.001029079933005,2.0041954766522454,1.99819670676038
20230825.0,2.023082510365893e+16,2.0,1.999,1.998,1.997,1.996,28100.0,1514200.0,3941800.0,2066800.0,2921400.0,1.611,2.007,2.001,1.992,-165300.0,-4211300.0,-8174700.0,-3845000.0,-3233300.0,2.001,2.002,2.003,2.004,2.005,137200.0,2697100.0,4232900.0,1778200.0,311900.0,2.0,2.014,-0.0129999999999999,0.0,434649931.038,217392433.0,2.417,137200.0,2697100.0,4232900.0,1778200.0,311900.0,0.00095,286400.0,1913906.399999976,-0.0009999999999998,-28100.0,-1514200.0,-3941800.0,-2066800.0,-2921400.0,0.0019999999999997,0.0009999999999998,2.001,3.0,5.0,4.00380185,9.399125748114294e+17,12.0,8.0,2.003,0.0012499999999997,582325.0,-0.0004294142730466,2.0,2.0005,1037.0,2.003,0.0004998750312421,0.0014996250937264,-21612400.649817348,159915.0,9157300.0,10472300.0,-1315000.0,19629600.0,0.2441743316757621,0.2580721648847893,956800.0,1315000.0,2.0003202341136874,2.000169993950393,2.0029378091795613,1.9973946697478109
20230825.0,2.023082510375893e+16,2.0,1.999,1.998,1.997,1.996,147500.0,2363700.0,3048100.0,3228400.0,3049800.0,1.611,2.007,2.001,1.992,-196300.0,1394100.0,-847700.0,1230600.0,133000.0,2.001,2.002,2.003,2.004,2.005,452900.0,2152500.0,4186900.0,1709200.0,307300.0,2.0,2.014,-0.0129999999999999,0.0,435248710.038,217691833.0,2.417,315700.0,-544600.0,-46000.0,-69000.0,-4600.0,0.0004499999999998,27285.0,598779.0,-0.0009999999999998,119400.0,849500.0,-893700.0,1161600.0,128400.0,0.0019999999999997,0.0009999999999998,2.001,4.0,3.0,4.001800449999999,9.474614536243314e+17,9.0,11.0,2.001,0.0009999999999998,11850.0,3.7833870083603394e-05,2.0,2.0005,1038.0,2.0,0.0004998750312421,0.0014996250937264,10862259.425311154,159915.0,8808800.0,11837500.0,-3028700.0,20646300.0,0.1701689141357776,0.1766665410810092,299400.0,3028700.0,1.9999298597194388,2.000245669553631,2.0029166174734354,1.9974365955649425
20230825.0,2.023082510385897e+16,1.999,1.998,1.997,1.996,1.995,448200.0,2016600.0,1833000.0,2800000.0,5605900.0,1.611,2.007,2.0,1.992,-645300.0,-6060300.0,-7680500.0,-4172200.0,-6061100.0,2.0,2.001,2.002,2.003,2.004,197100.0,4043700.0,5847500.0,1372200.0,455200.0,2.0,2.014,-0.0139999999999997,-0.0009999999999998,436245694.538,218190333.0,2.417,197100.0,4043700.0,5847500.0,1372200.0,455200.0,0.00095,173090.0,996984.5,-0.0009999999999998,-448200.0,-2016600.0,-1833000.0,-2800000.0,-5605900.0,0.002,0.0010000000000001,2.0,3.0,3.0,4.000200550000001,9.499836420376092e+17,6.0,14.0,2.001,0.0012499999999997,360300.0,-0.0002755585613495,1.999,1.9995,1039.0,2.0,0.0005001250312577,0.0015003750937733,-20517.55159229599,159915.0,11915700.0,12703700.0,-788000.0,24619400.0,0.139202276205049,0.1452558380404011,498500.0,788000.0,1.9999689067201605,1.999694560669456,2.0018191209916325,1.9961263332729835
20230825.0,2.0230825103958904e+16,1.999,1.998,1.997,1.996,1.995,376600.0,1535800.0,1914700.0,2806300.0,5316300.0,1.611,2.007,2.0,1.992,6700.0,-3017900.0,1640700.0,567300.0,-289600.0,2.0,2.001,2.002,2.003,2.004,118800.0,6580800.0,4288500.0,811200.0,455200.0,2.0,2.014,-0.0139999999999997,0.0,436752195.238,218443633.0,2.417,-78300.0,2537100.0,-1559000.0,-561000.0,0.0,0.00045,90075.0,506500.6999999881,-0.0009999999999998,-71600.0,-480800.0,81700.0,6300.0,-289600.0,0.002,0.0010000000000001,2.0,2.0,2.0,3.99820045,9.532516968713308e+17,11.0,9.0,2.0,0.0009999999999998,133275.0,3.2821030556129394e-05,1.999,1.9995,1040.0,2.0,0.0005001250312577,0.0015003750937733,-7433.123211603612,159915.0,12254500.0,11949700.0,304800.0,24204200.0,0.1070388484462519,0.1030091713799006,253300.0,304800.0,1.9996079747334703,1.9997601937828016,2.001584087478069,1.996066930550558
20230825.0,2.02308251040589e+16,1.998,1.997,1.996,1.995,1.994,1015600.0,2545400.0,3332700.0,4914200.0,3730500.0,1.611,2.007,1.998,1.992,-1087400.0,-9008700.0,-9501100.0,-5288100.0,-4248700.0,1.999,2.0,2.001,2.002,2.003,71800.0,6463300.0,6168400.0,373900.0,518200.0,2.0,2.014,-0.0159999999999997,-0.002,438723783.838,219429933.0,2.417,71800.0,6463300.0,6168400.0,373900.0,518200.0,0.0001000000000002,309120.0,1971588.600000024,-0.0009999999999998,-1015600.0,-2545400.0,-3332700.0,-4914200.0,-3730500.0,0.0019999999999997,0.0009999999999998,1.998,0.0,2.0,3.996401,9.571060424314e+17,3.0,17.0,2.0,0.0,875250.0,-0.0004132463352621,1.998,1.9985,1041.0,2.0,0.0005003752814611,0.0015011258443832,-21910394.736933056,159915.0,13595600.0,15538400.0,-1942800.0,29134000.0,0.0728307946067906,0.0732835072436414,986300.0,1942800.0,1.998974551353568,1.9989339709398568,2.000617773397276,1.9954981079132983
20230825.0,2.023082510415891e+16,1.999,1.998,1.997,1.996,1.995,956200.0,1131300.0,3953500.0,3235300.0,4817800.0,1.611,2.007,1.999,1.992,4564700.0,6912800.0,5286400.0,3753800.0,5275900.0,2.0,2.001,2.002,2.003,2.004,3608500.0,5781500.0,1332900.0,518500.0,458100.0,2.0,2.014,-0.0149999999999996,0.0010000000000001,439627455.338,219881933.0,2.417,-3608500.0,-5781500.0,-1332900.0,-518500.0,-458100.0,0.0002499999999998,81245.0,903671.5,-0.0009999999999998,956200.0,1131300.0,3953500.0,3235300.0,4817800.0,0.002,0.0010000000000001,1.999,2.0,2.0,3.99700075,9.645466408486833e+17,5.0,15.0,2.0,0.0002499999999998,112975.0,0.0001378170334456,1.999,1.9995,1042.0,1.999,0.0005001250312577,0.0015003750937733,-24880.406853422523,159915.0,11699500.0,14094100.0,-2394600.0,25793600.0,0.1230587213443088,0.0718263429633448,452000.0,2394600.0,1.999273230088496,1.9992094770740685,2.0010115987862727,1.996302743701265
20230825.0,2.023082510425889e+16,1.999,1.998,1.997,1.996,1.995,597200.0,1215700.0,4001500.0,2919200.0,5223500.0,1.611,2.007,1.999,1.992,-790700.0,588600.0,520400.0,-608100.0,370700.0,2.0,2.001,2.002,2.003,2.004,4040200.0,5277300.0,860500.0,810500.0,493100.0,2.0,2.014,-0.0149999999999996,0.0,441351168.738,220744133.0,2.417,431700.0,-504200.0,-472400.0,292000.0,35000.0,0.0003999999999999,233110.0,1723713.3999999762,-0.0009999999999998,-359000.0,84400.0,48000.0,-316100.0,405700.0,0.002,0.0010000000000001,1.999,3.0,3.0,3.997600600000001,9.71634151430403e+17,8.0,12.0,2.0,0.0009999999999998,478525.0,-4.0365777820405846e-05,1.999,1.9995,1043.0,1.999,0.0005001250312577,0.0015003750937733,-26374.24459729157,159915.0,11481600.0,13957100.0,-2475500.0,25438700.0,0.1186537672311527,0.0702574946585089,862200.0,2475500.0,1.999203665042886,1.9991287790572303,2.0009930845875137,1.996215016013356
20230825.0,2.023082510435891e+16,1.998,1.997,1.996,1.995,1.994,2155700.0,4434300.0,3129400.0,5961300.0,2262600.0,1.611,2.007,1.999,1.992,-2354300.0,-6879000.0,-9495500.0,-7762700.0,-2941600.0,1.999,2.0,2.001,2.002,2.003,198600.0,2444700.0,6366100.0,1801400.0,679000.0,2.0,2.014,-0.0149999999999996,0.0,443630016.438,221884233.0,2.417,198600.0,2444700.0,6366100.0,1801400.0,679000.0,0.0001999999999997,155395.0,2278847.700000048,-0.0009999999999998,-2155700.0,-4434300.0,-3129400.0,-5961300.0,-2262600.0,0.0019999999999997,0.0009999999999998,1.999,3.0,3.0,3.9952016,9.816523716734012e+17,16.0,4.0,1.999,0.0,344450.0,-0.0001066197966508,1.998,1.9985,1044.0,1.999,0.0005003752814611,0.0015011258443832,-15672.738746760411,159915.0,11489800.0,17943300.0,-6453500.0,29433100.0,0.1206223114260203,0.0751459165259288,1140100.0,6453500.0,1.9988138759758327,1.998915643715754,2.001027633205104,1.9959029832862405
20230825.0,2.0230825104458884e+16,1.998,1.997,1.996,1.995,1.994,1096200.0,4573900.0,3137900.0,4489800.0,3752600.0,1.611,2.007,1.999,1.992,-1902600.0,-3842300.0,2195900.0,-447500.0,1635000.0,1.999,2.0,2.001,2.002,2.003,1041700.0,6426600.0,4178700.0,777400.0,534000.0,2.0,2.014,-0.0149999999999996,0.0,444237197.238,222188033.0,2.417,843100.0,3981900.0,-2187400.0,-1024000.0,-145000.0,0.0001500000000005,38790.0,607180.7999999523,-0.0009999999999998,-1059500.0,139600.0,8500.0,-1471500.0,1490000.0,0.0019999999999997,0.0009999999999998,1.999,2.0,2.0,3.99540145,9.860364447238004e+17,17.0,3.0,1.999,0.0,77475.0,-0.000201578377425,1.998,1.9985,1045.0,1.999,0.0005003752814611,0.0015011258443832,-5147.222410008311,159915.0,12958400.0,17050400.0,-4092000.0,30008800.0,0.1100647819443712,0.0452171105445246,303800.0,4092000.0,1.9986201448319687,1.998512746152767,2.0004856926781085,1.9956933385727025
20230825.0,2.023082510455892e+16,1.997,1.996,1.995,1.994,1.993,2560500.0,3092900.0,4716600.0,2527600.0,4122500.0,1.611,2.007,1.997,1.992,-4187700.0,-9193700.0,-13084600.0,-4489600.0,-4205900.0,1.998,1.999,2.0,2.001,2.002,1627200.0,6100800.0,8368000.0,1962000.0,83400.0,2.0,2.014,-0.0169999999999996,-0.002,446994684.138,223568133.0,2.417,1627200.0,6100800.0,8368000.0,1962000.0,83400.0,0.0008000000000001,637650.0,2757486.900000036,-0.0010000000000001,-2560500.0,-3092900.0,-4716600.0,-2527600.0,-4122500.0,0.0020000000000002,0.0010000000000001,1.997,1.0,3.0,3.992803900000001,9.934857612482368e+17,9.0,11.0,1.999,0.0012500000000001,1266025.0,-0.0004510934314151,1.997,1.9975,1046.0,1.999,0.0005006257822277,0.0015018773466834,-22380422.6498409,159915.0,18141400.0,17020100.0,1121300.0,35161500.0,0.051320544736965,0.0582922165278556,1380100.0,1121300.0,1.998034127961768,1.997611433483774,1.999601662495728,1.994849665983161
20230825.0,2.023082510465893e+16,1.997,1.996,1.995,1.994,1.993,2424900.0,5460300.0,4642900.0,3007900.0,4096200.0,1.611,2.007,1.998,1.992,1476800.0,6404400.0,1486800.0,-302600.0,-187300.0,1.998,1.999,2.0,2.001,2.002,14800.0,2063800.0,6807500.0,2744900.0,244400.0,2.0,2.014,-0.0159999999999997,0.0009999999999998,448459742.938,224301633.0,2.417,-1612400.0,-4037000.0,-1560500.0,782900.0,161000.0,0.0007499999999993,233565.0,1465058.800000012,-0.0010000000000001,-135600.0,2367400.0,-73700.0,480300.0,-26300.0,0.0020000000000002,0.0010000000000001,1.998,5.0,4.0,3.991005550000001,1.003879696441746e+18,12.0,8.0,1.999,0.0009999999999998,587700.0,0.0001914604484759,1.997,1.9975,1047.0,1.997,0.0005006257822277,0.0015018773466834,11176617.962645125,159915.0,11875400.0,19632200.0,-7756800.0,31507600.0,0.0675178684524774,0.064373471938851,733500.0,7756800.0,1.997353510565797,1.9979939336803705,2.000096022028732,1.99495465612616
20230825.0,2.0230825104759056e+16,1.999,1.998,1.997,1.996,1.995,593900.0,2290000.0,4582400.0,6145800.0,5610500.0,1.611,2.007,1.999,1.992,2692700.0,4783000.0,6452800.0,7930000.0,6070100.0,2.0,2.001,2.002,2.003,2.004,2098800.0,2493000.0,1870400.0,1784200.0,459600.0,2.0,2.014,-0.0149999999999996,0.0010000000000001,451601726.638,225873733.0,2.417,-2098800.0,-2493000.0,-1870400.0,-1784200.0,-459600.0,0.0001000000000004,312190.0,3141983.699999988,-0.0009999999999998,593900.0,2290000.0,4582400.0,6145800.0,5610500.0,0.002,0.0010000000000001,1.999,1.0,0.0,3.992403700000001,1.0092574968634904e+18,2.0,18.0,1.999,0.0,344850.0,0.0006137402184557,1.998,1.9995,1048.0,1.998,0.0005001250312577,0.0015003750937733,11299141.220611569,159915.0,8706000.0,19222600.0,-10516600.0,27928600.0,0.0874782884344781,0.0877987484307497,1572100.0,10516600.0,1.998590229629151,1.999220559289932,2.00154201699977,1.9962774650671609
20230825.0,2.0230825104858908e+16,1.999,1.998,1.997,1.996,1.995,1148400.0,713800.0,4149200.0,3861800.0,5815100.0,1.611,2.007,2.0,1.992,539100.0,-3646000.0,-545900.0,-2027800.0,180100.0,2.0,2.001,2.002,2.003,2.004,2114200.0,4562800.0,1983100.0,1528000.0,484100.0,2.0,2.014,-0.0139999999999997,0.0009999999999998,452831890.238,226488833.0,2.417,15400.0,2069800.0,112700.0,-256200.0,24500.0,0.0,227680.0,1230163.5999999642,-0.0009999999999998,554500.0,-1576200.0,-433200.0,-2284000.0,204600.0,0.002,0.0010000000000001,2.0,0.0,0.0,4.0,1.0226401602398922e+18,0.0,0.0,2.0,0.0,431950.0,6.573842018853249e-05,2.0,1.9995,1049.0,2.0,0.0005001250312577,0.0015003750937733,0.0,159915.0,10672200.0,15688300.0,-5016100.0,26360500.0,0.0821915321582981,0.082597779621556,615100.0,5016100.0,1.9999408226304085,1.9993519892110585,2.001410149734825,1.9962044134801096
20230825.0,2.023082510495889e+16,1.998,1.997,1.996,1.995,1.994,305300.0,3166900.0,4067400.0,5511100.0,2772300.0,1.611,2.007,1.999,1.992,-459400.0,-7996200.0,-9598800.0,-6522700.0,-3543300.0,1.999,2.0,2.001,2.002,2.003,154100.0,4829300.0,5531400.0,1011600.0,771000.0,2.0,2.014,-0.0149999999999996,-0.0009999999999998,454910808.238,227528733.0,2.417,154100.0,4829300.0,5531400.0,1011600.0,771000.0,0.0001999999999999,187035.0,2078918.0,-0.0009999999999998,-305300.0,-3166900.0,-4067400.0,-5511100.0,-2772300.0,0.0019999999999997,0.0009999999999998,1.999,2.0,3.0,3.9968009,1.0335496056878436e+18,5.0,15.0,2.0,0.0002499999999998,350125.0,-0.0003438838915026,1.998,1.9985,1050.0,2.0,0.0005003752814611,0.0015011258443832,-11388418.747184329,159915.0,12297400.0,15823000.0,-3525600.0,28120400.0,0.0970817228534505,0.0984737621896062,1039900.0,3525600.0,1.999151841523224,1.9986645624727903,2.000789882414169,1.995540024015673
20230825.0,2.023082510505887e+16,1.998,1.997,1.996,1.995,1.994,624500.0,2660600.0,3978400.0,4492600.0,3814300.0,1.611,2.007,1.999,1.992,30100.0,-1972300.0,979000.0,-439400.0,1137000.0,1.999,2.0,2.001,2.002,2.003,443200.0,6295300.0,4463400.0,432500.0,676000.0,2.0,2.014,-0.0149999999999996,0.0,455223006.638,227684933.0,2.417,289100.0,1466000.0,-1068000.0,-579100.0,-95000.0,9.999999999976694e-05,54720.0,312198.40000003576,-0.0009999999999998,319200.0,-506300.0,-89000.0,-1018500.0,1042000.0,0.0019999999999997,0.0009999999999998,1.999,1.0,1.0,3.9956013,1.0362010717757992e+18,18.0,2.0,1.999,0.0,98550.0,-3.985758078950408e-05,1.998,1.9985,1051.0,1.999,0.0005003752814611,0.0015011258443832,-4343.41377395764,159915.0,12310400.0,15570400.0,-3260000.0,27880800.0,0.0918089089991988,0.0999641178467422,156200.0,3260000.0,1.998709346991266,1.998584902126065,2.0005615739537306,1.9954726147048245
20230825.0,2.0230825105158804e+16,1.998,1.997,1.996,1.995,1.994,2281500.0,4254100.0,7206500.0,6895600.0,2372800.0,1.611,2.007,1.999,1.992,1548500.0,6823700.0,5029100.0,1065600.0,-1841500.0,1.999,2.0,2.001,2.002,2.003,551700.0,1065100.0,2662400.0,1769900.0,1076000.0,2.0,2.014,-0.0149999999999996,0.0,458373791.538,229261633.0,2.417,108500.0,-5230200.0,-1801000.0,1337400.0,400000.0,0.0003999999999999,407525.0,3150784.899999976,-0.0009999999999998,1657000.0,1593500.0,3228100.0,2403000.0,-1441500.0,0.0019999999999997,0.0009999999999998,1.999,1.0,1.0,3.994402200000002,1.0459976319048106e+18,12.0,8.0,1.999,0.0010000000000001,733825.0,0.0001102574699087,1.998,1.9985,1052.0,1.999,0.0005003752814611,0.0015011258443832,26458.012965442613,159915.0,7125100.0,23010500.0,-15885400.0,30135600.0,0.088734422733971,0.1020793734486145,1576700.0,15885400.0,1.998341409272516,1.9988052731893264,2.0012460877742067,1.9958772690728144
20230825.0,2.0230825105258944e+16,2.001,2.0,1.999,1.998,1.997,1259900.0,2761400.0,2545500.0,4794200.0,2985700.0,1.611,2.007,2.002,1.992,1396400.0,4873500.0,6042000.0,6095000.0,4089900.0,2.002,2.003,2.004,2.005,2.006,136500.0,2112100.0,3496500.0,1300800.0,1104200.0,2.0,2.014,-0.012,0.0029999999999996,464124495.438,232137033.0,2.417,-136500.0,-2112100.0,-3496500.0,-1300800.0,-1104200.0,0.00065,789205.0,5750703.900000036,-0.0010000000000003,1259900.0,2761400.0,2545500.0,4794200.0,2985700.0,0.0020000000000002,0.0009999999999998,2.002,3.0,0.0,3.99860115,1.0608478709729404e+18,7.0,13.0,2.002,0.0009999999999998,1423900.0,0.0015482141854891,1.999,2.0015,1053.0,1.999,0.0004996252810391,0.0014988758431177,34678135.70227324,159915.0,8150100.0,14346700.0,-6196600.0,22496800.0,0.1301127338017077,0.1495525638773696,2875400.0,6196600.0,1.999966578562995,2.0019022486393583,2.0041379246880404,1.9986177239365148
20230825.0,2.0230825105358924e+16,2.0,1.999,1.998,1.997,1.996,30900.0,791900.0,3568100.0,3061900.0,3852000.0,1.611,2.007,2.0,1.992,-864400.0,-4888000.0,-9904800.0,-4953000.0,-4448300.0,2.001,2.002,2.003,2.004,2.005,833500.0,4096100.0,6336700.0,1891100.0,596300.0,2.0,2.014,-0.0139999999999997,-0.0019999999999997,465506341.138,232827633.0,2.417,833500.0,4096100.0,6336700.0,1891100.0,596300.0,5.000000000032756e-05,132815.0,1381845.699999988,-0.0009999999999998,-30900.0,-791900.0,-3568100.0,-3061900.0,-3852000.0,0.0019999999999997,0.0009999999999998,2.0,2.0,4.0,4.004201549999999,1.081788588401416e+18,5.0,15.0,2.002,0.0002499999999998,151250.0,-0.0009327987776813,2.0,2.0005,1054.0,2.002,0.0004998750312421,0.0014996250937264,-23280244.2078685,159915.0,13753700.0,11304800.0,2448900.0,25058500.0,0.1254296343960506,0.1473278626667405,690600.0,2448900.0,2.0009349840718045,2.0000357473391945,2.0028051869678705,1.9971231866109973
20230825.0,2.023082510545881e+16,1.999,1.998,1.997,1.996,1.995,381400.0,4671000.0,4314500.0,4908900.0,4235100.0,1.611,2.007,2.0,1.992,-411500.0,-6361400.0,-8933100.0,-8580100.0,-5690200.0,2.0,2.001,2.002,2.003,2.004,30100.0,1690400.0,4618600.0,3671200.0,1455100.0,2.0,2.014,-0.0139999999999997,0.0,466044133.838,233096533.0,2.417,30100.0,1690400.0,4618600.0,3671200.0,1455100.0,5.000000000032756e-05,116550.0,537792.6999999881,-0.0009999999999998,-381400.0,-4671000.0,-4314500.0,-4908900.0,-4235100.0,0.002,0.0010000000000001,2.0,3.0,3.0,3.99980015,1.0853784003867236e+18,18.0,2.0,2.001,0.0,186400.0,-5.444769023532636e-05,1.999,1.9995,1055.0,2.0,0.0005001250312577,0.0015003750937733,-15700.932384392248,159915.0,11465400.0,18510900.0,-7045500.0,29976300.0,0.1194625651944318,0.1396615999335767,268900.0,7045500.0,1.9999728523614284,1.9999268529769136,2.0024213372407416,1.996570777217748
20230825.0,2.0230825105558844e+16,1.999,1.998,1.997,1.996,1.995,496500.0,4178600.0,5211300.0,6213500.0,4255900.0,1.611,2.007,2.0,1.992,2236200.0,3885700.0,3583100.0,3061900.0,606400.0,2.001,2.002,2.003,2.004,2.005,2121100.0,4378100.0,2686300.0,1757300.0,585600.0,2.0,2.014,-0.0139999999999997,0.0,466587302.338,233368133.0,2.417,-2121100.0,-4378100.0,-2686300.0,-1757300.0,-585600.0,9.999999999976694e-05,48130.0,543168.5,-0.0009999999999998,115100.0,-492400.0,896800.0,1304600.0,20800.0,0.002,0.0010000000000001,2.0,2.0,2.0,3.9996001,1.088369868229486e+18,18.0,2.0,2.0,0.0,61200.0,-0.0002737964123623,1.999,2.0,1056.0,2.0,0.0009999999999998,0.0019999999999998,-9789.904102046044,159915.0,11528400.0,20355800.0,-8827400.0,31884200.0,0.1267900879340813,0.1469793344569655,271600.0,8827400.0,1.9998840206185569,1.9993793551344743,2.0025062801429514,1.99653066447892
20230825.0,2.023082510565876e+16,1.999,1.998,1.997,1.996,1.995,466200.0,4252900.0,4240200.0,4994600.0,4655000.0,1.611,2.007,2.0,1.992,-295200.0,-2689900.0,-6915900.0,-3217600.0,-106200.0,2.0,2.001,2.002,2.003,2.004,264900.0,2764200.0,5944800.0,1998700.0,505300.0,2.0,2.014,-0.0139999999999997,0.0,466892812.438,233520933.0,2.417,264900.0,2764200.0,5944800.0,1998700.0,505300.0,0.0001999999999999,40705.0,305510.10000002384,-0.0009999999999998,-30300.0,74300.0,-971100.0,-1218900.0,399100.0,0.002,0.0010000000000001,2.0,2.0,1.0,3.9968008,1.090193144879165e+18,4.0,16.0,2.0,0.0,88575.0,0.0001291888130503,1.999,1.9995,1057.0,1.999,0.0005001250312577,0.0015003750937733,11667361.764230832,159915.0,11477900.0,18608900.0,-7131000.0,30086800.0,0.090764412269533,0.0876115245198318,152800.0,7131000.0,1.999411649214816,1.9996376692654905,2.00197519581108,1.9965099495402736
20230825.0,2.0230825105758776e+16,1.999,1.998,1.997,1.996,1.995,509100.0,2937500.0,3181000.0,5519000.0,4347500.0,1.611,2.007,2.0,1.992,-1314100.0,-2859400.0,27400.0,603400.0,-307500.0,2.0,2.001,2.002,2.003,2.004,1621900.0,4308200.0,4858200.0,1919700.0,505300.0,2.0,2.014,-0.0139999999999997,0.0,467145160.738,233647133.0,2.417,1357000.0,1544000.0,-1086600.0,-79000.0,0.0,9.999999999976694e-05,22345.0,252348.29999995232,-0.0009999999999998,42900.0,-1315400.0,-1059200.0,524400.0,-307500.0,0.002,0.0010000000000001,2.0,2.0,2.0,3.9996001,1.0915005872888124e+18,18.0,2.0,2.0,0.0,20000.0,-0.0001994396854887,1.999,1.9995,1058.0,2.0,0.0005001250312577,0.0015003750937733,-11181.397348672152,159915.0,13213300.0,16494100.0,-3280800.0,29707400.0,0.0814292401839727,0.0413573748280786,126200.0,3280800.0,1.9995903328046936,1.9992389019239791,2.001650223638304,1.996378062458697
20230825.0,2.023082510585879e+16,1.998,1.997,1.996,1.995,1.994,10400.0,2636200.0,3971800.0,4599000.0,4076700.0,1.611,2.007,1.998,1.992,-3025800.0,-10314500.0,-9413900.0,-5764500.0,-4745100.0,1.999,2.0,2.001,2.002,2.003,3015400.0,7678300.0,5442100.0,1165500.0,668400.0,2.0,2.014,-0.0159999999999997,-0.002,472939465.838,236546833.0,2.417,3015400.0,7678300.0,5442100.0,1165500.0,668400.0,0.0003500000000005,1138500.0,5794305.100000024,-0.0009999999999998,-10400.0,-2636200.0,-3971800.0,-4599000.0,-4076700.0,0.0019999999999997,0.0009999999999998,1.998,3.0,4.0,3.99460205,1.1078595699632847e+18,13.0,7.0,1.999,0.0010000000000001,2094975.0,-0.0006181585958473,1.998,1.9985,1059.0,1.999,0.0005003752814611,0.0015011258443832,-11848408.001950257,159915.0,17969700.0,15294100.0,2675600.0,33263800.0,0.0928372603295781,0.0821876113012354,2899700.0,2675600.0,1.998242956167888,1.9980034371075417,2.0003763501894856,1.9953399153922105
20230825.0,2.023082510595884e+16,1.997,1.996,1.995,1.994,1.993,2675700.0,5782600.0,4790400.0,3994700.0,2635000.0,1.611,2.007,1.998,1.992,-3998700.0,-9311200.0,-10789900.0,-8101000.0,-3316500.0,1.998,1.999,2.0,2.001,2.002,1323000.0,3528600.0,5999500.0,4106300.0,681500.0,2.0,2.014,-0.0159999999999997,0.0,473469242.838,236812033.0,2.417,1323000.0,3528600.0,5999500.0,4106300.0,681500.0,4.999999999988347e-05,86930.0,529777.0,-0.0010000000000001,-2675700.0,-5782600.0,-4790400.0,-3994700.0,-2635000.0,0.0020000000000002,0.0010000000000001,1.998,2.0,2.0,3.99180445,1.1203661471858042e+18,17.0,3.0,1.999,0.0,136075.0,-0.0001673283435319,1.997,1.9975,1100.0,1.998,0.0005006257822277,0.0015018773466834,-11686.441008679569,159915.0,15638900.0,19878400.0,-4239500.0,35517300.0,0.0670342219191521,0.0607160226580208,265200.0,4239500.0,1.9976508295625943,1.9976691424713031,1.9999549009201407,1.9950940367434
20230825.0,2.0230825110058924e+16,1.997,1.996,1.995,1.994,1.993,2864600.0,4262900.0,4751800.0,3065500.0,4122800.0,1.611,2.007,1.997,1.992,119400.0,-2904900.0,666300.0,1216900.0,1885800.0,1.998,1.999,2.0,2.001,2.002,1392500.0,4913800.0,5294600.0,1960200.0,283500.0,2.0,2.014,-0.0169999999999996,-0.0009999999999998,474009282.538,237082433.0,2.417,69500.0,1385200.0,-704900.0,-2146100.0,-398000.0,0.0004499999999998,49350.0,540039.6999999881,-0.0010000000000001,188900.0,-1519700.0,-38600.0,-929200.0,1487800.0,0.0020000000000002,0.0010000000000001,1.997,6.0,6.0,3.989806750000001,1.1229414401181126e+18,9.0,11.0,1.998,0.0009999999999998,99425.0,1.8806501482782068e-06,1.997,1.9975,1101.0,1.997,0.0005006257822277,0.0015018773466834,-42707.17883631587,159915.0,13844600.0,19067600.0,-5223000.0,32912200.0,0.0518759412731289,0.0606850439905989,270400.0,5223000.0,1.9971882396449263,1.9976728993916049,1.9996264536353523,1.994930825064508
0.0,0.0,0.0,0.0,0.0,0.0,0.0,0.0,0.0,0.0,0.0,0.0,0.0,0.0,0.0,0.0,0.0,0.0,0.0,0.0,0.0,0.0,0.0,0.0,0.0,0.0,0.0,0.0,0.0,0.0,0.0,0.0,0.0,0.0,0.0,0.0,0.0,0.0,0.0,0.0,0.0,0.0,0.0,0.0,0.0,0.0,0.0,0.0,0.0,0.0,0.0,0.0,0.0,0.0,0.0,0.0,0.0,0.0,0.0,0.0,0.0,0.0,0.0,0.0,0.0,0.0,0.0,0.0,0.0,0.0,0.0,0.0,0.0,0.0,0.0,0.0,0.0,0.0,0.0,0.0,0.0,0.0,0.0,0.0,0.0
0.0,0.0,0.0,0.0,0.0,0.0,0.0,0.0,0.0,0.0,0.0,0.0,0.0,0.0,0.0,0.0,0.0,0.0,0.0,0.0,0.0,0.0,0.0,0.0,0.0,0.0,0.0,0.0,0.0,0.0,0.0,0.0,0.0,0.0,0.0,0.0,0.0,0.0,0.0,0.0,0.0,0.0,0.0,0.0,0.0,0.0,0.0,0.0,0.0,0.0,0.0,0.0,0.0,0.0,0.0,0.0,0.0,0.0,0.0,0.0,0.0,0.0,0.0,0.0,0.0,0.0,0.0,0.0,0.0,0.0,0.0,0.0,0.0,0.0,0.0,0.0,0.0,0.0,0.0,0.0,0.0,0.0,0.0,0.0,0.0
20230825.0,2.0230825110358816e+16,1.997,1.996,1.995,1.994,1.993,951900.0,4349900.0,6740800.0,4262500.0,4172500.0,1.611,2.007,1.997,1.992,956200.0,4401400.0,2097800.0,898700.0,-67800.0,1.998,1.999,2.0,2.001,2.002,1418400.0,2618300.0,2988600.0,1954700.0,324900.0,2.0,2.014,-0.0169999999999996,0.0,487675875.638,243926633.0,2.417,-2419600.0,-3635500.0,-268000.0,569500.0,41400.0,0.0,9700.0,12350145.5,-0.0010000000000001,-1463400.0,765900.0,1829800.0,1468200.0,-26400.0,0.0020000000000002,0.0010000000000001,1.997,0.0,0.0,3.988009000000001,4.164682924426654e+17,0.0,0.0,1.997,0.0,18000.0,7.685350175590244e-06,1.997,1.9975,1104.0,1.997,0.0005006257822277,0.0015018773466834,0.0,159915.0,9304900.0,20477600.0,-11172700.0,29782500.0,0.0302938216440471,0.0354526856705498,6185000.0,11172700.0,1.996789894907033,1.997401594734844,1.999693645283668,1.9946897194983788
20230825.0,2.023082511045885e+16,1.997,1.996,1.995,1.994,1.993,997400.0,4762600.0,7582300.0,3912500.0,3254300.0,1.611,2.007,1.998,1.992,952600.0,2937300.0,1673500.0,-298000.0,-1479200.0,1.998,1.999,2.0,2.001,2.002,511300.0,93700.0,2156600.0,1902700.0,885900.0,2.0,2.014,-0.0159999999999997,0.0009999999999998,491348946.138,245765533.0,2.417,-907100.0,-2524600.0,-832000.0,-52000.0,561000.0,0.00045,436790.0,3673070.5,-0.0010000000000001,45500.0,412700.0,841500.0,-350000.0,-918200.0,0.0020000000000002,0.0010000000000001,1.998,3.0,3.0,3.989806750000001,1.1995874463933524e+18,9.0,11.0,1.998,0.0009999999999998,921725.0,0.0001299124668554,1.997,1.9975,1105.0,1.998,0.0005006257822277,0.0015018773466834,7518.577691361308,159915.0,5550200.0,20509100.0,-14958900.0,26059300.0,0.0399574749475128,0.0456776959148087,1838900.0,14958900.0,1.9974280820055468,1.9976610989593688,2.0004609203271952,1.9948213622245727
20230825.0,2.0230825110558816e+16,1.998,1.997,1.996,1.995,1.994,210000.0,1090500.0,3498700.0,5096600.0,3284000.0,1.611,2.007,1.998,1.992,668400.0,7859300.0,8416000.0,6614500.0,4356700.0,1.999,2.0,2.001,2.002,2.003,458400.0,6768800.0,4917300.0,1517900.0,1072700.0,2.0,2.014,-0.0159999999999997,0.0,495851543.638,248019033.0,2.417,-458400.0,-6768800.0,-4917300.0,-1517900.0,-1072700.0,0.0003499999999998,159805.0,4502597.5,-0.0009999999999998,210000.0,1090500.0,3498700.0,5096600.0,3284000.0,0.0019999999999997,0.0009999999999998,1.998,4.0,5.0,3.99340325,1.2159021209084964e+18,6.0,14.0,2.0,0.0010000000000001,158525.0,0.0003268709760303,1.997,1.9985,1106.0,1.998,0.0005003752814611,0.0015011258443832,-26797.24097866565,159915.0,14735100.0,13179800.0,1555300.0,27914900.0,0.1048731165330884,0.1102377899150416,2253500.0,1555300.0,1.9980463723097404,1.998314183123877,2.0007270259448524,1.9952295710101824
20230825.0,2.02308251106588e+16,1.998,1.997,1.996,1.995,1.994,5000.0,1320500.0,5474700.0,7339500.0,2437900.0,1.611,2.007,1.998,1.992,-2277800.0,-2093300.0,4534300.0,2714700.0,-447200.0,1.999,2.0,2.001,2.002,2.003,2531200.0,9092100.0,2359000.0,1046100.0,673800.0,2.0,2.014,-0.0159999999999997,0.0,497001186.838,248594433.0,2.417,2072800.0,2323300.0,-2558300.0,-471800.0,-398900.0,4.999999999988347e-05,81710.0,1149643.199999988,-0.0009999999999998,-205000.0,230000.0,1976000.0,2242900.0,-846100.0,0.0019999999999997,0.0009999999999998,1.998,3.0,3.0,3.99220395,1.2341025709813468e+18,2.0,18.0,1.999,0.0,156900.0,-0.0001562497355471,1.997,1.9985,1107.0,1.998,0.0005003752814611,0.0015011258443832,-20511.712708415464,159915.0,15702200.0,16577600.0,-875400.0,32279800.0,0.1068671799127499,0.1115916944567714,575400.0,875400.0,1.997989572471304,1.9980019714533552,2.0002510094126937,1.9953434031464143
20230825.0,2.0230825110758748e+16,1.997,1.996,1.995,1.994,1.993,1461600.0,4454500.0,6154800.0,4118200.0,2835200.0,1.611,2.007,1.997,1.992,-3804100.0,-6452500.0,-5738500.0,-4058200.0,-2835200.0,1.999,2.0,2.001,2.002,2.003,4873700.0,11090100.0,1942700.0,986100.0,673800.0,2.0,2.014,-0.0169999999999996,-0.0009999999999998,498263381.738,249226133.0,2.417,2342500.0,1998000.0,-416300.0,-60000.0,0.0,0.0001999999999997,178860.0,1262194.8999999762,-0.0009999999999998,-1461600.0,-4454500.0,-6154800.0,-4118200.0,-2835200.0,0.002,0.0010000000000001,1.997,2.0,5.0,3.991205200000001,1.2399120651177746e+18,14.0,6.0,1.999,0.0009999999999998,305200.0,-0.0002705853069164,1.997,1.998,1108.0,1.998,0.001001001001001,0.002002002002002,-12511238.442656873,159915.0,19566400.0,19024300.0,542100.0,38590700.0,0.1104148797920595,0.1010857383371539,631700.0,542100.0,1.9980922906442555,1.9974614146133567,2.000054307384087,1.994873272603985
20230825.0,2.0230825110858736e+16,1.997,1.996,1.995,1.994,1.993,1180800.0,4375000.0,4832100.0,2873100.0,3888300.0,1.611,2.007,1.997,1.992,-2322300.0,-9317700.0,-8570400.0,-2187000.0,756000.0,1.998,1.999,2.0,2.001,2.002,2041500.0,9238200.0,7247700.0,941900.0,297100.0,2.0,2.014,-0.0169999999999996,0.0,498661506.838,249425433.0,2.417,2041500.0,9238200.0,7247700.0,941900.0,297100.0,0.0002499999999998,38450.0,398125.10000002384,-0.0010000000000001,-280800.0,-79500.0,-1322700.0,-1245100.0,1053100.0,0.0020000000000002,0.0010000000000001,1.997,3.0,3.0,3.98900775,1.2434206208677563e+18,5.0,15.0,1.998,0.00025,80175.0,-4.7545621249867054e-05,1.997,1.9975,1109.0,1.997,0.0005006257822277,0.0015018773466834,-22726.78785445169,159915.0,19766400.0,17149300.0,2617100.0,36915700.0,0.1161779433391465,0.1038618377578808,199300.0,2617100.0,1.9976171600603303,1.9973664463271577,1.999403781163996,1.9947718215903856
20230825.0,2.0230825110958744e+16,1.997,1.996,1.995,1.994,1.993,1086200.0,4590200.0,4885100.0,3649500.0,3236100.0,1.611,2.007,1.997,1.992,510100.0,2429200.0,-322000.0,-39300.0,-662200.0,1.998,1.999,2.0,2.001,2.002,1436800.0,7024200.0,7622700.0,1757600.0,307100.0,2.0,2.014,-0.0169999999999996,0.0,500670447.938,250431333.0,2.417,-604700.0,-2214000.0,375000.0,815700.0,10000.0,0.0002499999999998,135470.0,2008941.100000024,-0.0010000000000001,-94600.0,215200.0,53000.0,776400.0,-652200.0,0.0020000000000002,0.0010000000000001,1.997,3.0,3.0,3.98900775,1.2525631676556815e+18,5.0,15.0,1.998,0.00025,149825.0,3.207817395856072e-05,1.997,1.9975,1110.0,1.997,0.0005006257822277,0.0015018773466834,-24234.113908596337,159915.0,18148400.0,17447100.0,701300.0,35595500.0,0.0862671928986012,0.0525514640372574,1005900.0,701300.0,1.9971578685754288,1.9974305192231472,1.9995853077957289,1.9948074694361813
20230825.0,2.0230825111058776e+16,1.997,1.996,1.995,1.994,1.993,957000.0,4887000.0,4922000.0,3665700.0,3189100.0,1.611,2.007,1.997,1.992,-855900.0,1055800.0,1777100.0,110200.0,-47000.0,1.998,1.999,2.0,2.001,2.002,2163500.0,6265200.0,5882500.0,1663600.0,307100.0,2.0,2.014,-0.0169999999999996,0.0,503559490.138,251877933.0,2.417,726700.0,-759000.0,-1740200.0,-94000.0,0.0,0.0004999999999999,91025.0,2889042.199999988,-0.0010000000000001,-129200.0,296800.0,36900.0,16200.0,-47000.0,0.0020000000000002,0.0010000000000001,1.997,3.0,3.0,3.990006500000001,1.2572341065457907e+18,10.0,10.0,1.998,0.0009999999999998,174175.0,-6.200037470582842e-05,1.997,1.9975,1111.0,1.997,0.0005006257822277,0.0015018773466834,-31030.03601999022,159915.0,16281900.0,17620800.0,-1338900.0,33902700.0,0.0709061696733721,0.0521686705337808,1446600.0,1338900.0,1.997125812249404,1.997306681621535,1.9994893470663744,1.994815961817852
20230825.0,2.0230825111158824e+16,1.999,1.998,1.997,1.996,1.995,3469100.0,2398800.0,5065900.0,3078600.0,4283300.0,1.611,2.007,1.999,1.992,3711700.0,4116500.0,6834800.0,6132800.0,5623800.0,2.0,2.001,2.002,2.003,2.004,242600.0,1717700.0,1768900.0,3054200.0,1340500.0,2.0,2.014,-0.0149999999999996,0.002,517672027.838,258939933.0,2.417,-242600.0,-1717700.0,-1768900.0,-3054200.0,-1340500.0,0.0006000000000003,3127180.0,14112537.699999988,-0.0009999999999998,3469100.0,2398800.0,5065900.0,3078600.0,4283300.0,0.002,0.0010000000000001,1.999,3.0,1.0,3.993603500000001,1.3067713268681285e+18,13.0,7.0,2.0,0.002,6487550.0,0.0013148857726519,1.997,1.9995,1112.0,1.997,0.0005001250312577,0.0015003750937733,25450762.473219447,159915.0,8123900.0,18295700.0,-10171800.0,26419600.0,0.0769171308489515,0.1021774869193064,7062000.0,10171800.0,1.9983769045596127,1.9999346391141528,2.002434803481087,1.99687383920812
20230825.0,2.023082511125874e+16,2.0,1.999,1.998,1.997,1.996,2669600.0,2870600.0,4595000.0,1497200.0,2460900.0,1.611,2.007,2.001,1.992,3759700.0,3222400.0,8583800.0,3326700.0,3193200.0,2.001,2.002,2.003,2.004,2.005,1090100.0,351800.0,3988800.0,1829500.0,732300.0,2.0,2.014,-0.0129999999999999,0.0019999999999997,521520042.138,260863933.0,2.417,-1090100.0,-351800.0,-3988800.0,-1829500.0,-732300.0,0.0004500000000002,175860.0,3848014.300000012,-0.0009999999999998,2669600.0,2870600.0,4595000.0,1497200.0,2460900.0,0.0019999999999997,0.0009999999999998,2.001,2.0,0.0,4.002200650000001,1.3518892296265825e+18,12.0,8.0,2.001,0.0009999999999998,323225.0,0.0003876462960253,1.999,2.0005,1113.0,1.999,0.0004998750312421,0.0014996250937264,25960588.00431998,159915.0,7992500.0,14093300.0,-6100800.0,22085800.0,0.0781189522474419,0.1058376910788125,1924000.0,6100800.0,2.000007432432439,2.0007100566534564,2.0030953518924,1.9981270674717773
20230825.0,2.0230825111358704e+16,1.998,1.997,1.996,1.995,1.994,2017200.0,3021800.0,5915800.0,5739900.0,2884900.0,1.611,2.007,1.999,1.992,-4462000.0,-5944100.0,-9425100.0,-7354100.0,-3639100.0,2.0,2.001,2.002,2.003,2.004,2444800.0,2922300.0,3509300.0,1614200.0,754200.0,2.0,2.014,-0.0149999999999996,-0.0019999999999997,525743671.338,262976333.0,2.417,2444800.0,2922300.0,3509300.0,1614200.0,754200.0,0.001,488590.0,4223629.199999988,-0.0009999999999998,-2017200.0,-3021800.0,-5915800.0,-5739900.0,-2884900.0,0.0019999999999997,0.0009999999999998,1.999,2.0,4.0,3.9968018000000014,1.3762578866226153e+18,8.0,12.0,2.001,0.002,629450.0,-0.0009030312126174,1.998,1.999,1114.0,2.001,0.001000500250125,0.00200100050025,-26179091.047560435,159915.0,11244800.0,19579600.0,-8334800.0,30824400.0,0.0956539443347851,0.1256716738194704,2112400.0,8334800.0,1.9994457489111848,1.9989041685342896,2.001582980577689,1.9957725438721936
20230825.0,2.023082511145869e+16,1.998,1.997,1.996,1.995,1.994,2626700.0,2692400.0,3339400.0,5617300.0,2803700.0,1.611,2.007,1.998,1.992,-28200.0,-2929700.0,-7416000.0,-1884300.0,-843500.0,1.999,2.0,2.001,2.002,2.003,637700.0,2600300.0,4839600.0,1761700.0,762300.0,2.0,2.014,-0.0159999999999997,-0.0010000000000001,526074652.038,263141933.0,2.417,637700.0,2600300.0,4839600.0,1761700.0,762300.0,0.0004500000000002,60550.0,330980.6999999881,-0.0009999999999998,609500.0,-329400.0,-2576400.0,-122600.0,-81200.0,0.0019999999999997,0.0009999999999998,1.998,4.0,5.0,3.99420235,1.3840847674054792e+18,11.0,9.0,1.999,0.0010000000000001,120000.0,-4.978770260788412e-05,1.998,1.9985,1115.0,1.999,0.0005003752814611,0.0015011258443832,-13193947.106162176,159915.0,10601600.0,17079500.0,-6477900.0,27681100.0,0.0979728553433558,0.1285891810974422,165600.0,6477900.0,1.9986757246376088,1.998804650165421,2.0009444046181706,1.9958080213121
20230825.0,2.023082511155884e+16,1.997,1.996,1.995,1.994,1.993,713200.0,4370700.0,5147100.0,2606700.0,4177700.0,1.611,2.007,1.997,1.992,-1960100.0,-7178300.0,-10967700.0,-4630800.0,-4616400.0,1.998,1.999,2.0,2.001,2.002,1246900.0,2807600.0,5820600.0,2024100.0,438700.0,2.0,2.014,-0.0169999999999996,-0.0009999999999998,530587023.038,265400633.0,2.417,1246900.0,2807600.0,5820600.0,2024100.0,438700.0,0.0005500000000004,619795.0,4512371.0,-0.0010000000000001,-713200.0,-4370700.0,-5147100.0,-2606700.0,-4177700.0,0.0020000000000002,0.0010000000000001,1.997,2.0,4.0,3.993802950000001,1.3920075110785692e+18,12.0,8.0,1.999,0.0010000000000001,1633475.0,-0.0007210863294502,1.997,1.9975,1116.0,1.999,0.0005006257822277,0.0015018773466834,-26547269.76028113,159915.0,12337900.0,17015400.0,-4677500.0,29353300.0,0.0837669204688554,0.1094007978970444,2258700.0,4677500.0,1.9977734980298405,1.9973638589867864,1.9998054855364369,1.994696451449863
20230825.0,2.023082511165869e+16,1.997,1.996,1.995,1.994,1.993,928200.0,4351200.0,7028400.0,4771200.0,3068700.0,1.611,2.007,1.997,1.992,1440100.0,704500.0,3364500.0,1772700.0,-1072000.0,1.998,1.999,2.0,2.001,2.002,21800.0,2083600.0,4337400.0,2415900.0,401700.0,2.0,2.014,-0.0169999999999996,0.0,535037813.438,267629433.0,2.417,-1225100.0,-724000.0,-1483200.0,391800.0,-37000.0,9.9999999999989e-05,589950.0,4450790.400000036,-0.0010000000000001,215000.0,-19500.0,1881300.0,2164500.0,-1109000.0,0.0020000000000002,0.0010000000000001,1.997,2.0,2.0,3.9884085000000007,1.4154967981124278e+18,2.0,18.0,1.998,0.0,1201875.0,0.0003069543566728,1.997,1.9975,1117.0,1.997,0.0005006257822277,0.0015018773466834,-14976.044296672568,159915.0,9260400.0,20147700.0,-10887300.0,29408100.0,0.102905669782769,0.1296339319884865,2228800.0,10887300.0,1.9969447236181064,1.9979770526315792,2.0001179322707445,1.994766673119016
20230825.0,2.023082511175869e+16,1.997,1.996,1.995,1.994,1.993,295500.0,3093000.0,6482300.0,3927900.0,4352600.0,1.611,2.007,1.998,1.992,-2196100.0,-4189200.0,168400.0,196300.0,1263900.0,1.998,1.999,2.0,2.001,2.002,1585200.0,5014600.0,3622900.0,1376300.0,421700.0,2.0,2.014,-0.0159999999999997,0.0009999999999998,536986440.138,268605233.0,2.417,1563400.0,2931000.0,-714500.0,-1039600.0,20000.0,0.0001999999999999,280230.0,1948626.699999988,-0.0010000000000001,-632700.0,-1258200.0,-546100.0,-843300.0,1283900.0,0.0020000000000002,0.0010000000000001,1.998,4.0,4.0,3.9888082,1.4397537694299617e+18,6.0,14.0,1.998,0.0009999999999998,543575.0,-0.0004104644595738,1.996,1.9975,1118.0,1.997,0.0005006257822277,0.0015018773466834,13409542.09482429,159915.0,12020700.0,18151300.0,-6130600.0,30172000.0,0.11948520649412,0.1234613450733708,975800.0,6130600.0,1.9969529616724613,1.9971571223480624,1.9995037477018809,1.994506971952422
20230825.0,2.0230825111858784e+16,1.996,1.995,1.994,1.993,1.992,2614500.0,6399600.0,2886500.0,2988300.0,4464800.0,1.611,2.007,1.997,1.992,-3220700.0,-11836700.0,-8072700.0,-5423000.0,-5906100.0,1.997,1.998,1.999,2.0,2.001,606200.0,5437100.0,5186200.0,2434700.0,1441300.0,2.0,2.014,-0.0169999999999996,-0.0009999999999998,539461519.038,269844633.0,2.417,606200.0,5437100.0,5186200.0,2434700.0,1441300.0,9.9999999999989e-05,220260.0,2475078.899999976,-0.0009999999999998,-2614500.0,-6399600.0,-2886500.0,-2988300.0,-4464800.0,0.0019999999999997,0.0009999999999998,1.997,3.0,2.0,3.988408600000001,1.445800755587111e+18,3.0,17.0,1.998,0.0,224125.0,-0.0001729318928346,1.996,1.9965,1119.0,1.997,0.0005008765339344,0.0015026296018031,-26917.374578464776,159915.0,15105500.0,19353700.0,-4248200.0,34459200.0,0.1175628151178417,0.1170036941624847,1239400.0,4248200.0,1.9969976601581216,1.996811780047816,1.998911806957731,1.99398505195389
20230825.0,2.023082511195873e+16,1.995,1.994,1.993,1.992,1.991,2691100.0,2784800.0,3345000.0,3406000.0,3919600.0,1.611,2.007,1.996,1.992,-3255500.0,-10482300.0,-8561600.0,-3893000.0,-4054100.0,1.996,1.997,1.998,1.999,2.0,564400.0,7697500.0,5216600.0,487000.0,134500.0,2.0,2.014,-0.0179999999999997,-0.0010000000000001,550455523.938,275353133.0,2.417,564400.0,7697500.0,5216600.0,487000.0,134500.0,9.999999999976694e-05,1639965.0,10994004.899999976,-0.0010000000000001,-2691100.0,-2784800.0,-3345000.0,-3406000.0,-3919600.0,0.0020000000000002,0.0010000000000001,1.996,4.0,4.0,3.984415400000001,1.4961387755418824e+18,3.0,17.0,1.997,0.0,4428950.0,-0.0004934823103869,1.995,1.9955,1120.0,1.996,0.0005011275369581,0.0015033826108745,-85572.50936233066,159915.0,14100000.0,16146500.0,-2046500.0,30246500.0,0.1148231052073524,0.1086776695269208,5508500.0,2046500.0,1.995825524189884,1.9958266318537856,1.9974276382978728,1.9928093580652155
20230825.0,2.023082511205872e+16,1.995,1.994,1.993,1.992,1.991,1654400.0,4191600.0,3435500.0,4801500.0,2526600.0,1.611,2.007,1.996,1.992,-1682600.0,4359000.0,1309500.0,420500.0,-1361000.0,1.996,1.997,1.998,1.999,2.0,1210300.0,4745300.0,3997600.0,1462000.0,102500.0,2.0,2.014,-0.0179999999999997,0.0,555046432.338,277653733.0,2.417,645900.0,-2952200.0,-1219000.0,975000.0,-32000.0,0.0001499999999998,629015.0,4590908.400000095,-0.0010000000000001,-1036700.0,1406800.0,90500.0,1395500.0,-1393000.0,0.0020000000000002,0.0010000000000001,1.996,3.0,3.0,3.983417649999999,1.533808261849242e+18,14.0,6.0,1.997,0.0009999999999998,1121950.0,-0.0001248279380433,1.995,1.9955,1121.0,1.995,0.0005011275369581,0.0015033826108745,13781857.787658324,159915.0,11517700.0,16609600.0,-5091900.0,28127300.0,0.1090796903045064,0.081215293242357,2300600.0,5091900.0,1.995526558289184,1.995577512479492,1.997522569610252,1.992858256670841
20230825.0,2.0230825112158704e+16,1.995,1.994,1.993,1.992,1.991,44000.0,1990600.0,3167700.0,3728100.0,4134400.0,1.611,2.007,1.996,1.992,-4478500.0,-3663500.0,811200.0,-338400.0,1611300.0,1.996,1.997,1.998,1.999,2.0,4078400.0,6207800.0,2918600.0,727000.0,99000.0,2.0,2.014,-0.0179999999999997,0.0,560241080.538,280257233.0,2.417,2868100.0,1462500.0,-1079000.0,-735000.0,-3500.0,0.0002999999999999,294750.0,5194648.1999999285,-0.0010000000000001,-1610400.0,-2201000.0,-267800.0,-1073400.0,1607800.0,0.0020000000000002,0.0010000000000001,1.996,5.0,5.0,3.9828187,1.5565103457078487e+18,14.0,6.0,1.996,0.0009999999999998,605600.0,-0.0002840879904227,1.995,1.9955,1122.0,1.996,0.0005011275369581,0.0015033826108745,18943.215629244223,159915.0,14030800.0,13064800.0,966000.0,27095600.0,0.0764397609569488,0.0666143719832573,2603500.0,966000.0,1.9952556942577024,1.9950106733941395,1.997042135872509,1.992240837976854
20230825.0,2.023082511225873e+16,1.995,1.994,1.993,1.992,1.991,33400.0,1789400.0,4740300.0,4622200.0,4192400.0,1.611,2.007,1.996,1.992,583300.0,3088900.0,1870600.0,890500.0,58000.0,1.996,1.997,1.998,1.999,2.0,3484500.0,2917700.0,2620600.0,730600.0,99000.0,2.0,2.014,-0.0179999999999997,0.0,563183502.238,281732333.0,2.417,-593900.0,-3290100.0,-298000.0,3600.0,0.0,2.220446049250313e-16,354200.0,2942421.700000048,-0.0010000000000001,-10600.0,-201200.0,1572600.0,894100.0,58000.0,0.0020000000000002,0.0010000000000001,1.996,4.0,3.0,3.980025200000001,1.5793700208886976e+18,2.0,18.0,1.996,0.0,665000.0,-5.91021354523491e-07,1.994,1.9955,1123.0,1.995,0.0005011275369581,0.0015033826108745,14080187.239073535,159915.0,9852400.0,15377700.0,-5525300.0,25230100.0,0.1090890849578949,0.067817456460202,1475100.0,5525300.0,1.9947269337672344,1.9950094943005767,1.9970907697616824,1.992274872054989
20230825.0,2.0230825112358704e+16,1.994,1.993,1.992,1.991,1.99,2204900.0,4825800.0,4687400.0,4294400.0,5436800.0,1.611,2.007,1.995,1.992,-2296000.0,-7871700.0,-9833700.0,-6041400.0,-6032300.0,1.995,1.996,1.997,1.998,1.999,91100.0,3045900.0,5146300.0,1747000.0,595500.0,2.0,2.014,-0.0189999999999996,-0.0009999999999998,563634369.738,281958333.0,2.417,91100.0,3045900.0,5146300.0,1747000.0,595500.0,0.0001499999999998,39400.0,450867.5,-0.0009999999999998,-2204900.0,-4825800.0,-4687400.0,-4294400.0,-5436800.0,0.0019999999999997,0.0009999999999998,1.995,4.0,4.0,3.980623949999999,1.5890255470974085e+18,6.0,14.0,1.996,0.0009999999999998,73650.0,-2.4647805967559225e-05,1.994,1.9945,1124.0,1.996,0.0005013787916771,0.0015041363750312,-14161604.676132012,159915.0,10625800.0,21449300.0,-10823500.0,32075100.0,0.1090110221592487,0.0406064730739593,226000.0,10823500.0,1.9949889380530967,1.994960322299652,1.9969726985262288,1.9917234222095828
20230825.0,2.023082511245872e+16,1.994,1.993,1.992,1.991,1.99,2167300.0,4955100.0,3822300.0,4334100.0,5919200.0,1.611,2.007,1.995,1.992,-351300.0,-1046300.0,-1177600.0,684700.0,1040400.0,1.995,1.996,1.997,1.998,1.999,404800.0,4221500.0,5458800.0,1102000.0,37500.0,2.0,2.014,-0.0189999999999996,0.0,563994250.938,282138733.0,2.417,313700.0,1175600.0,312500.0,-645000.0,-558000.0,9.9999999999989e-05,62450.0,359881.1999999285,-0.0009999999999998,-37600.0,129300.0,-865100.0,39700.0,482400.0,0.0019999999999997,0.0009999999999998,1.995,2.0,2.0,3.979626100000001,1.591284137763559e+18,18.0,2.0,1.995,0.0,119275.0,-5.900212601073207e-05,1.994,1.9945,1125.0,1.995,0.0005013787916771,0.0015041363750312,-13762.590176550671,159915.0,11224600.0,21198000.0,-9973400.0,32422600.0,0.0939762465241142,0.0396058905318866,180400.0,9973400.0,1.9949068736137945,1.9948426188717392,1.9966566380984625,1.9916753089914143
20230825.0,2.023082511255868e+16,1.995,1.994,1.993,1.992,1.991,602800.0,3657200.0,5266600.0,3811500.0,4145900.0,1.611,2.007,1.996,1.992,904200.0,7184300.0,8890300.0,4201000.0,4310000.0,1.996,1.997,1.998,1.999,2.0,301400.0,3527100.0,3623700.0,389500.0,164100.0,2.0,2.014,-0.0179999999999997,0.0009999999999998,565090395.138,282688133.0,2.417,-301400.0,-3527100.0,-3623700.0,-389500.0,-164100.0,0.0004499999999998,29055.0,1096144.2000000477,-0.0010000000000001,602800.0,3657200.0,5266600.0,3811500.0,4145900.0,0.0020000000000002,0.0010000000000001,1.996,3.0,2.0,3.982220049999999,1.5967478168067113e+18,11.0,9.0,1.996,0.0009999999999998,66775.0,0.0004130038286727,1.995,1.9955,1126.0,1.995,0.0005011275369581,0.0015033826108745,14142961.993383704,159915.0,8005800.0,17484000.0,-9478200.0,25489800.0,0.0917085114435806,0.0378902996295079,549400.0,9478200.0,1.99516599927202,1.9956666666666667,1.997573784006595,1.9925858785175017
20230825.0,2.023082511265863e+16,1.995,1.994,1.993,1.992,1.991,1234900.0,4438500.0,5277600.0,4813300.0,3135100.0,1.611,2.007,1.996,1.992,528000.0,1291300.0,16000.0,275000.0,-1011800.0,1.996,1.997,1.998,1.999,2.0,405500.0,3017100.0,3618700.0,1116300.0,165100.0,2.0,2.014,-0.0179999999999997,0.0,565711141.538,282999133.0,2.417,104100.0,-510000.0,-5000.0,726800.0,1000.0,5.000000000010552e-05,44960.0,620746.3999999762,-0.0010000000000001,632100.0,781300.0,11000.0,1001800.0,-1010800.0,0.0020000000000002,0.0010000000000001,1.996,1.0,1.0,3.98381645,1.5999464679065226e+18,19.0,1.0,1.996,0.0,88200.0,4.316135052928605e-05,1.995,1.9955,1127.0,1.996,0.0005011275369581,0.0015033826108745,-6853.658017789945,159915.0,8322700.0,18899400.0,-10576700.0,27222100.0,0.0571129333715625,0.0487363482878319,311000.0,10576700.0,1.9959691318327208,1.9957528041940988,1.9977138428634933,1.9927790829338496
20230825.0,2.0230825112758708e+16,1.995,1.994,1.993,1.992,1.991,1348700.0,4439700.0,5403800.0,4818100.0,3015100.0,1.611,2.007,1.996,1.992,172600.0,1368700.0,58700.0,-495200.0,-100000.0,1.996,1.997,1.998,1.999,2.0,346700.0,1649600.0,3686200.0,1616300.0,145100.0,2.0,2.014,-0.0179999999999997,0.0,566488126.238,283388433.0,2.417,-58800.0,-1367500.0,67500.0,500000.0,-20000.0,5.000000000010552e-05,105070.0,776984.7000000477,-0.0010000000000001,113800.0,1200.0,126200.0,4800.0,-120000.0,0.0020000000000002,0.0010000000000001,1.996,1.0,1.0,3.98381645,1.6037041717401503e+18,19.0,1.0,1.996,0.0,212675.0,2.139585344884676e-05,1.995,1.9955,1128.0,1.996,0.0005011275369581,0.0015033826108745,-5948.780593769625,159915.0,7443900.0,19025400.0,-11581500.0,26469300.0,0.0491320277637284,0.0586898848828547,389300.0,11581500.0,1.99585075777048,1.9957955054854315,1.997941361383146,1.992804934456043
20230825.0,2.023082511285865e+16,1.995,1.994,1.993,1.992,1.991,1700200.0,4459400.0,5267100.0,4804300.0,2615200.0,1.611,2.007,1.996,1.992,684600.0,355400.0,-1316700.0,-13800.0,-539800.0,1.996,1.997,1.998,1.999,2.0,13600.0,1313900.0,4866200.0,1616300.0,285000.0,2.0,2.014,-0.0179999999999997,0.0,567471742.738,283881233.0,2.417,-333100.0,-335700.0,1180000.0,0.0,139900.0,9.9999999999989e-05,126340.0,983616.5,-0.0010000000000001,351500.0,19700.0,-136700.0,-13800.0,-399900.0,0.0020000000000002,0.0010000000000001,1.996,2.0,2.0,3.983616899999999,1.6086207834810808e+18,18.0,2.0,1.996,0.0,233650.0,9.84816599267635e-05,1.995,1.9955,1129.0,1.996,0.0005011275369581,0.0015033826108745,-13565.119361532852,159915.0,8095000.0,18846200.0,-10751200.0,26941200.0,0.049535807967883,0.0594469401810969,492800.0,10751200.0,1.995975040584416,1.995992064418252,1.9981044101297096,1.992884597425476
20230825.0,2.023082511295865e+16,1.996,1.995,1.994,1.993,1.992,387200.0,1276200.0,2084600.0,2776800.0,3094000.0,1.611,2.007,1.996,1.992,444500.0,2390200.0,2703900.0,2905000.0,3284100.0,1.997,1.998,1.999,2.0,2.001,57300.0,1114000.0,619300.0,128200.0,190100.0,2.0,2.014,-0.0179999999999997,0.0,567998120.638,284144933.0,2.417,-57300.0,-1114000.0,-619300.0,-128200.0,-190100.0,0.0001999999999999,47170.0,526377.8999999762,-0.0009999999999998,387200.0,1276200.0,2084600.0,2776800.0,3094000.0,0.0019999999999997,0.0009999999999998,1.996,4.0,3.0,3.984814699999999,1.6135712982997596e+18,5.0,15.0,1.997,0.00025,94175.0,0.0004402989410453,1.995,1.9965,1130.0,1.996,0.0005008765339344,0.0015026296018031,-38747.55281510204,159915.0,2108900.0,9618800.0,-7509900.0,11727700.0,0.0592158434043669,0.0602503013643607,263700.0,7509900.0,1.9961240045505355,1.996871091113611,1.9986584949499744,1.993281178525388
20230825.0,2.023082513005865e+16,1.996,1.995,1.994,1.993,1.992,2278100.0,3272500.0,3766300.0,3934800.0,3725500.0,1.611,2.007,1.997,1.992,1619900.0,227000.0,148900.0,-818100.0,502500.0,1.997,1.998,1.999,2.0,2.001,329100.0,1912900.0,2150300.0,2104300.0,319100.0,2.0,2.014,-0.0169999999999996,0.0010000000000001,578865000.938,289586633.0,2.417,271800.0,1798900.0,1532800.0,1976100.0,129000.0,0.0001923076923078,511715.3846153617,10847319.5,-0.0009999999999998,1891700.0,2025900.0,1681700.0,1158000.0,631500.0,0.0019999999999997,0.0009999999999998,1.997,4.0,3.0,3.9847840384615374,2.1717622296228244e+18,7.0,19.0,1.997,0.00075,230025.0,1.4592527097789798e-06,1.995,1.9965,1301.0,1.996,0.0005008765339344,0.0015026296018031,14269511.226384168,159915.0,6815700.0,16977200.0,-10161500.0,23792900.0,0.1175446833869226,0.0767483700984345,5431900.0,10161500.0,1.996965978755132,1.9968737726296408,1.9990251478204728,1.993790477817308
20230825.0,2.023082513015876e+16,2.004,2.003,2.002,2.001,2.0,410100.0,381000.0,2287900.0,505100.0,1506000.0,1.611,2.007,2.004,1.992,2911700.0,5851000.0,4470000.0,1744500.0,2024400.0,2.005,2.006,2.007,2.008,2.009,2501600.0,5470000.0,2182100.0,1239400.0,518400.0,2.0,2.014,-0.0099999999999997,0.0069999999999998,587393636.538,293847933.0,2.417,-2501600.0,-5470000.0,-2182100.0,-1239400.0,-518400.0,0.0016666666666664,898847.6190476418,8528635.600000024,-0.0009999999999998,410100.0,381000.0,2287900.0,505100.0,1506000.0,0.0019999999999997,0.0009999999999998,2.004,7.0,0.0,4.002671809523809,1.7838125396788168e+18,11.0,10.0,2.004,0.004,1459500.0,0.0036326190275755,1.997,2.0045,1302.0,1.997,0.0004988775255674,0.0014966325767022,101958624.8663866,159915.0,11911500.0,5090100.0,6821400.0,17001600.0,0.1607722901265016,0.1565921201381383,4261300.0,6821400.0,2.001416375284544,2.004140845554144,2.006311841497712,2.0015450187619104
20230825.0,2.0230825130258736e+16,2.0,1.999,1.998,1.997,1.996,257100.0,361200.0,669900.0,917300.0,1223300.0,1.611,2.007,2.002,1.992,-2328400.0,-3508900.0,-4697400.0,-2869400.0,-2074000.0,2.002,2.003,2.004,2.005,2.006,2071300.0,3147700.0,4027500.0,1952100.0,850700.0,2.0,2.014,-0.012,-0.0020000000000002,600898914.138,300585533.0,2.417,2071300.0,3147700.0,4027500.0,1952100.0,850700.0,0.0010499999999997,2313940.0,13505277.600000024,-0.0010000000000003,-257100.0,-361200.0,-669900.0,-917300.0,-1223300.0,0.0020000000000002,0.0009999999999998,2.002,5.0,7.0,4.01621865,1.7690635260499748e+18,9.0,11.0,2.006,0.0019999999999997,4584275.0,-0.0019578693294249,2.001,2.001,1303.0,2.004,0.0009995002498749,0.0019990004997501,-30323317.96135983,159915.0,12049300.0,3428800.0,8620500.0,15478100.0,0.2184492078894612,0.2468958950892447,6737600.0,8620500.0,2.004464141534081,2.000220838343928,2.0036981733378703,1.9972742358842743
20230825.0,2.023082513035865e+16,1.995,1.994,1.993,1.992,1.991,718600.0,1785100.0,2930400.0,3459800.0,2909200.0,1.611,2.007,1.995,1.992,-1788100.0,-5526600.0,-7944700.0,-4190800.0,-2922900.0,1.996,1.997,1.998,1.999,2.0,1069500.0,3741500.0,5014300.0,731000.0,13700.0,2.0,2.014,-0.0189999999999996,-0.0069999999999996,605659318.438,302968933.0,2.417,1069500.0,3741500.0,5014300.0,731000.0,13700.0,0.0014499999999999,372690.0,4760404.299999952,-0.0010000000000001,-718600.0,-1785100.0,-2930400.0,-3459800.0,-2909200.0,0.0020000000000002,0.0010000000000001,1.995,0.0,5.0,3.99380595,1.817526891292697e+18,10.0,10.0,2.001,0.0029999999999998,738650.0,-0.0024121204286317,1.995,1.9955,1304.0,2.001,0.0005011275369581,0.0015033826108745,-90644212.88748014,159915.0,10570000.0,11803100.0,-1233100.0,22373100.0,0.2819757558899211,0.3177621703587889,2383400.0,1233100.0,1.9973165645716005,1.9954018790895365,1.9975154115421,1.992486922927028
20230825.0,2.0230825130458576e+16,1.995,1.994,1.993,1.992,1.991,1248400.0,3464300.0,3137200.0,3303800.0,2659900.0,1.611,2.007,1.996,1.992,-1722900.0,3776500.0,3803800.0,315000.0,-251300.0,1.996,1.997,1.998,1.999,2.0,3322200.0,1644200.0,1417300.0,260000.0,15700.0,2.0,2.014,-0.0179999999999997,0.0009999999999998,608554581.138,304419633.0,2.417,2252700.0,-2097300.0,-3597000.0,-471000.0,2000.0,0.0,502155.0,2895262.700000048,-0.0010000000000001,529800.0,1679200.0,206800.0,-156000.0,-249300.0,0.0020000000000002,0.0010000000000001,1.996,2.0,2.0,3.984016099999999,1.8463357878785523e+18,1.0,1.0,1.997,0.0,862050.0,-6.452145713675694e-05,1.995,1.9955,1305.0,1.996,0.0005011275369581,0.0015033826108745,-14991.707935439425,159915.0,6659400.0,13813600.0,-7154200.0,20473000.0,0.2573323134621355,0.2771250365844246,1450700.0,7154200.0,1.9957694216585429,1.9952731370060823,1.996799111031024,1.9928072551688192
20230825.0,2.023082513055852e+16,1.994,1.993,1.992,1.991,1.99,2392400.0,4658000.0,3516500.0,2778800.0,5923100.0,1.611,2.007,1.995,1.992,-3837800.0,-6619000.0,-2548500.0,-2838900.0,-5937000.0,1.996,1.997,1.998,1.999,2.0,4767600.0,3605200.0,449300.0,320100.0,29600.0,2.0,2.014,-0.0189999999999996,-0.0009999999999998,616635879.938,308470533.0,2.417,1445400.0,1961000.0,-968000.0,60100.0,13900.0,0.0001999999999999,865350.0,8081298.799999952,-0.0010000000000001,-2392400.0,-4658000.0,-3516500.0,-2778800.0,-5923100.0,0.002,0.0009999999999998,1.995,3.0,5.0,3.9808233999999993,1.890327196044568e+18,6.0,14.0,1.996,0.0009999999999998,1708000.0,-0.0003031968607402,1.994,1.995,1306.0,1.996,0.0010025062656641,0.0020050125313283,-15345758.207488202,159915.0,9171800.0,19268800.0,-10097000.0,28440600.0,0.2400527688444095,0.2400527688444095,4050900.0,10097000.0,1.9949390999530847,1.9946682681564247,1.996608659150876,1.9917310574607656
20230825.0,2.0230825130658496e+16,1.994,1.993,1.992,1.991,1.99,1284200.0,3941100.0,3579400.0,2760500.0,6148100.0,1.611,2.007,1.994,1.992,-4915500.0,-3268700.0,-1826500.0,-719800.0,90900.0,1.995,1.996,1.997,1.998,1.999,3807300.0,2551800.0,1889400.0,701500.0,134100.0,2.0,2.014,-0.0199999999999997,-0.0010000000000001,625082113.438,312706233.0,2.417,3807300.0,2551800.0,1889400.0,701500.0,134100.0,0.0002999999999997,1650695.0,8446233.5,-0.0009999999999998,-1108200.0,-716900.0,62900.0,-18300.0,225000.0,0.0019999999999997,0.0009999999999998,1.994,3.0,4.0,3.978828299999999,1.925291387842457e+18,14.0,6.0,1.995,0.0010000000000001,2844000.0,-0.0002085997268316,1.994,1.9945,1307.0,1.995,0.0005013787916771,0.0015041363750312,-15703894.938803138,159915.0,9084100.0,17713300.0,-8629200.0,26797400.0,0.2212352097960918,0.2441372837965497,4235700.0,8629200.0,1.9940584791179727,1.9942522242953944,1.995987604715932,1.99151746992373
20230825.0,2.023082513075851e+16,1.992,1.991,1.99,1.989,1.988,2400500.0,4438200.0,6184100.0,1279500.0,2246100.0,1.611,2.007,1.993,1.992,-4279000.0,-10207000.0,-9046600.0,-1620000.0,-2280700.0,1.993,1.994,1.995,1.996,1.997,1878500.0,5768800.0,2862500.0,340500.0,34600.0,2.0,2.014,-0.0209999999999996,-0.0009999999999998,640445467.338,320414733.0,2.417,1878500.0,5768800.0,2862500.0,340500.0,34600.0,0.0002499999999996,1873900.0,15363353.900000095,-0.0009999999999998,-2400500.0,-4438200.0,-6184100.0,-1279500.0,-2246100.0,0.0019999999999997,0.0009999999999998,1.993,3.0,4.0,3.9730460500000016,2.0220152066742607e+18,4.0,16.0,1.995,0.0,2802350.0,-0.0008484113721241,1.992,1.9925,1308.0,1.995,0.0005018820577164,0.0015056461731492,-31588989.907722816,159915.0,10884900.0,16548400.0,-5663500.0,27433300.0,0.1671138839318374,0.1702520909597552,7708500.0,5663500.0,1.993040656418252,1.99256099555971,1.9941625003445136,1.990209536873656
20230825.0,2.023082513085856e+16,1.991,1.99,1.989,1.988,1.987,490100.0,5999500.0,1630700.0,2394100.0,1123800.0,1.611,2.007,1.991,1.991,-3008400.0,-10804400.0,-6997500.0,-2810700.0,-1308700.0,1.992,1.993,1.994,1.995,1.996,2518300.0,4804900.0,5366800.0,416600.0,184900.0,2.0,2.014,-0.0229999999999996,-0.002,655724620.838,328086433.0,2.417,2518300.0,4804900.0,5366800.0,416600.0,184900.0,0.0001000000000002,1589730.0,15279153.5,-0.0010000000000001,-490100.0,-5999500.0,-1630700.0,-2394100.0,-1123800.0,0.0020000000000002,0.0010000000000001,1.991,3.0,5.0,3.967665899999999,2.1252150144318764e+18,16.0,4.0,1.993,0.0,1818750.0,-0.0007018985917962,1.991,1.9915,1309.0,1.993,0.0005021340697965,0.0015064022093899,-32559945.22258908,159915.0,13291500.0,11638200.0,1653300.0,24929700.0,0.1537333805728543,0.1294394612435739,7671700.0,1653300.0,1.991625519767457,1.9911629105172184,1.993318730015424,1.98920089017202
20230825.0,2.023082513095851e+16,1.99,1.989,1.988,1.987,1.986,6814300.0,3394300.0,2703900.0,1261500.0,5916400.0,1.611,2.007,1.991,1.99,-7258000.0,-5594900.0,-6528500.0,-3166500.0,-6045200.0,1.991,1.992,1.993,1.994,1.995,443700.0,2200600.0,3824600.0,1905000.0,128800.0,2.0,2.014,-0.0229999999999996,0.0,662635275.238,331557133.0,2.417,443700.0,2200600.0,3824600.0,1905000.0,128800.0,0.0002499999999996,777250.0,6910654.399999976,-0.0009999999999998,-6814300.0,-3394300.0,-2703900.0,-1261500.0,-5916400.0,0.0019999999999997,0.0009999999999998,1.991,2.0,2.0,3.9650767500000006,2.179203412272592e+18,5.0,15.0,1.992,0.0002499999999998,1458525.0,-0.0001125250299197,1.991,1.9905,1310.0,1.991,0.0005023863350917,0.001507159005275,-76578.48032006994,159915.0,8502700.0,20090400.0,-11587700.0,28593100.0,0.1510064669249116,0.118163075120107,3470700.0,11587700.0,1.991141383582556,1.9909388674566,1.9928911639832056,1.9881955461314853
20230825.0,2.0230825131052536e+16,1.99,1.989,1.988,1.987,1.986,7464200.0,3720900.0,2065300.0,1256100.0,5842800.0,1.611,2.007,1.99,1.99,103000.0,-1105100.0,-1370400.0,381800.0,-471200.0,1.991,1.992,1.993,1.994,1.995,990600.0,3632300.0,4556400.0,1517800.0,526400.0,2.0,2.014,-0.0239999999999998,-0.0010000000000001,672598076.738,336560533.0,2.417,546900.0,1431700.0,731800.0,-387200.0,397600.0,0.0004999999999995,1306200.0,9962801.5,-0.0009999999999998,649900.0,326600.0,-638600.0,-5400.0,-73600.0,0.0019999999999997,0.0009999999999998,1.99,4.0,4.0,3.966072611111111,2.0019432071717304e+18,10.0,8.0,1.992,0.0009999999999998,2694875.0,-2.8143736806818254e-05,1.99,1.9905,1311.0,1.991,0.0005023863350917,0.001507159005275,-17140906.482223675,159915.0,11223500.0,20349300.0,-9125800.0,31572800.0,0.1475868494378739,0.1153509926782646,5003400.0,9125800.0,1.991206279729784,1.9908828357855897,1.9927288813649933,1.9882804813924804
20230825.0,2.023082513115846e+16,1.991,1.99,1.989,1.988,1.987,2611500.0,9383600.0,1719600.0,2529100.0,2824200.0,1.611,2.007,1.992,1.99,3043400.0,11247600.0,6034300.0,3099900.0,3144400.0,1.992,1.993,1.994,1.995,1.996,431900.0,1864000.0,4314700.0,570800.0,320200.0,2.0,2.014,-0.0219999999999997,0.0009999999999998,680675840.738,340616633.0,2.417,-431900.0,-1864000.0,-4314700.0,-570800.0,-320200.0,0.0001111111111107,728233.3333333135,7273113.800000071,-0.0010000000000001,2611500.0,9383600.0,1719600.0,2529100.0,2824200.0,0.0020000000000002,0.0010000000000001,1.992,2.0,1.0,3.9676215555555543,2.076613170867112e+18,15.0,3.0,1.993,0.0,1237125.0,0.0005120168157792,1.991,1.9915,1312.0,1.991,0.0005021340697965,0.0015064022093899,16990958.26950363,159915.0,7501600.0,19068000.0,-11566400.0,26569600.0,0.155328088151249,0.1223548004210154,3651900.0,11566400.0,1.9915971959801944,1.991858086350792,1.9937978297963104,1.98933716698133
20230825.0,2.0230825131258524e+16,1.991,1.99,1.989,1.988,1.987,133400.0,9536800.0,3405500.0,2820600.0,2958500.0,1.611,2.007,1.991,1.99,-4837700.0,-2873400.0,3989100.0,638500.0,224300.0,1.992,1.993,1.994,1.995,1.996,2791500.0,4890600.0,2011500.0,223800.0,230200.0,2.0,2.014,-0.0229999999999996,-0.0009999999999998,687800824.638,344194633.0,2.417,2359600.0,3026600.0,-2303200.0,-347000.0,-90000.0,0.0002999999999997,532995.0,7124983.899999976,-0.0010000000000001,-2478100.0,153200.0,1685900.0,291500.0,134300.0,0.0020000000000002,0.0010000000000001,1.991,4.0,5.0,3.9668691,2.337761658569509e+18,14.0,6.0,1.992,0.0009999999999998,558350.0,-0.0004079827319274,1.991,1.9915,1313.0,1.992,0.0005021340697965,0.0015064022093899,-17298659.574710805,159915.0,10147600.0,18854800.0,-8707200.0,29002400.0,0.1460818051666138,0.0954681398189065,3578000.0,8707200.0,1.991331442146444,1.991045608396868,1.9930352989869529,1.989056537327365
20230825.0,2.023082513135849e+16,1.992,1.991,1.99,1.989,1.988,2205200.0,3978500.0,8471000.0,3015500.0,2199600.0,1.611,2.007,1.993,1.99,2365500.0,5016900.0,13441200.0,4123700.0,2391200.0,1.993,1.994,1.995,1.996,1.997,160300.0,1038400.0,4970200.0,1108200.0,191600.0,2.0,2.014,-0.0209999999999996,0.002,692301110.038,346453233.0,2.417,-160300.0,-1038400.0,-4970200.0,-1108200.0,-191600.0,0.00085,734580.0,4500285.399999976,-0.0009999999999998,2205200.0,3978500.0,8471000.0,3015500.0,2199600.0,0.0019999999999997,0.0009999999999998,1.993,3.0,3.0,3.97145195,2.38709134267309e+18,14.0,6.0,1.994,0.0012500000000001,1150950.0,0.0009471066449943,1.991,1.9925,1314.0,1.992,0.0005018820577164,0.0015056461731492,17274268.302239466,159915.0,7468700.0,19869800.0,-12401100.0,27338500.0,0.1385760276671795,0.1400323436728899,2258600.0,12401100.0,1.9925110245284583,1.9929322341999576,1.9950177273153291,1.9900490291799615
20230825.0,2.023082513145844e+16,1.992,1.991,1.99,1.989,1.988,2099600.0,3917800.0,9764200.0,2971000.0,2111600.0,1.611,2.007,1.992,1.99,-1051100.0,230300.0,2404200.0,12900.0,-148000.0,1.993,1.994,1.995,1.996,1.997,1105800.0,747400.0,3859200.0,1050800.0,251600.0,2.0,2.014,-0.0219999999999997,-0.0010000000000001,699388597.638,350007633.0,2.417,945500.0,-291000.0,-1111000.0,-57400.0,60000.0,0.0007999999999996,669850.0,7087487.600000024,-0.0009999999999998,-105600.0,-60700.0,1293200.0,-44500.0,-88000.0,0.0019999999999997,0.0009999999999998,1.992,4.0,4.0,3.9752393000000006,2.433649882763683e+18,12.0,8.0,1.996,0.0009999999999998,1348275.0,-0.0001391085069351,1.992,1.9925,1315.0,1.993,0.0005018820577164,0.0015056461731492,-17760330.60519857,159915.0,7014800.0,20864200.0,-13849400.0,27879000.0,0.1690256755439452,0.1836987423842877,3554400.0,13849400.0,1.9940039387801105,1.9926550196543331,1.994799709186292,1.9900442288705051
20230825.0,2.0230825131558524e+16,1.993,1.992,1.991,1.99,1.989,1763000.0,2263000.0,2740700.0,9622700.0,1545300.0,1.611,2.007,1.994,1.99,1887400.0,4779700.0,6471700.0,10316500.0,1727500.0,1.995,1.996,1.997,1.998,1.999,124400.0,2516700.0,3731000.0,693800.0,182200.0,2.0,2.014,-0.0199999999999997,0.002,711173328.638,355915833.0,2.417,-124400.0,-2516700.0,-3731000.0,-693800.0,-182200.0,0.0009500000000002,1137380.0,11784731.0,-0.0009999999999998,1763000.0,2263000.0,2740700.0,9622700.0,1545300.0,0.002,0.0010000000000001,1.994,4.0,4.0,3.980225949999999,2.5127919965740283e+18,8.0,12.0,1.997,0.002,1163100.0,0.0011100419531173,1.993,1.994,1316.0,1.993,0.0010030090270812,0.0020060180541624,17359779.514954735,159915.0,7248100.0,17934700.0,-10686600.0,25182800.0,0.2489914026456793,0.3117276756893586,5908200.0,10686600.0,1.9946398226194104,1.9948681784465403,1.9967644486141196,1.990613916039856
20230825.0,2.023082513165847e+16,1.993,1.992,1.991,1.99,1.989,1884200.0,2664100.0,3609900.0,10868300.0,1453000.0,1.611,2.007,1.995,1.99,-394300.0,-3299400.0,2800500.0,1417600.0,-33300.0,1.995,1.996,1.997,1.998,1.999,639900.0,6217200.0,1799700.0,521800.0,123200.0,2.0,2.014,-0.0189999999999996,0.0010000000000001,716164249.638,358417833.0,2.417,515500.0,3700500.0,-1931300.0,-172000.0,-59000.0,0.001,519540.0,4990921.0,-0.0009999999999998,121200.0,401100.0,869200.0,1245600.0,-92300.0,0.002,0.0010000000000001,1.995,4.0,4.0,3.9768348,2.560987981718969e+18,6.0,14.0,1.996,0.002,589250.0,-0.0001881056356609,1.993,1.994,1317.0,1.994,0.0010030090270812,0.0020060180541624,17708203.181423932,159915.0,9301800.0,20479500.0,-11177700.0,29781300.0,0.2379755112511351,0.2930313849003262,2502000.0,11177700.0,1.9947725819344524,1.9944929677905,1.9962766131286416,1.9906415049195536
20230825.0,2.0230825131758604e+16,1.995,1.994,1.993,1.992,1.991,2240700.0,2317900.0,1856600.0,2577500.0,4636900.0,1.611,2.007,1.995,1.99,4155500.0,4819400.0,2339900.0,2829700.0,5341500.0,1.996,1.997,1.998,1.999,2.0,1914800.0,2501500.0,483300.0,252200.0,704600.0,2.0,2.014,-0.0189999999999996,0.0,718912396.438,359795933.0,2.417,-1914800.0,-2501500.0,-483300.0,-252200.0,-704600.0,0.0001999999999999,142005.0,2748146.7999999523,-0.0010000000000001,2240700.0,2317900.0,1856600.0,2577500.0,4636900.0,0.0020000000000002,0.0010000000000001,1.995,4.0,4.0,3.9768339999999993,2.5734876278193265e+18,6.0,14.0,1.995,0.0010000000000001,178225.0,0.0005244295169227,1.993,1.9955,1318.0,1.995,0.0005011275369581,0.0015033826108745,33570.14665586874,159915.0,5856400.0,13629600.0,-7773200.0,19486000.0,0.2506882933893823,0.311371915614957,1378100.0,7773200.0,1.9941563021551063,1.995539213091084,1.9972026330168704,1.9926293361507303
