time,exchg,code,price,open,high,low,settle_price,upper_limit,lower_limit,total_volume,volume,total_turnover,turnover,open_interest,diff_interest,trading_date,action_date,action_time,pre_close,pre_settle,pre_interest,bid_price_0,bid_price_1,bid_price_2,bid_price_3,bid_price_4,bid_price_5,bid_price_6,bid_price_7,bid_price_8,bid_price_9,ask_price_0,ask_price_1,ask_price_2,ask_price_3,ask_price_4,ask_price_5,ask_price_6,ask_price_7,ask_price_8,ask_price_9,bid_qty_0,bid_qty_1,bid_qty_2,bid_qty_3,bid_qty_4,bid_qty_5,bid_qty_6,bid_qty_7,bid_qty_8,bid_qty_9,ask_qty_0,ask_qty_1,ask_qty_2,ask_qty_3,ask_qty_4,ask_qty_5,ask_qty_6,ask_qty_7,ask_qty_8,ask_qty_9
2.02308e+16,SZSE,SZSE.ETF.159919,3.847,3.847,3.851,3.838,0.0,4.245,3.473,33348900.0,4000.0,128254830.0,15388.0,0.0,0.0,20230825,20230825,94557000,3.859,0.0,0.0,3.846,3.845,3.844,3.843,3.842,0.0,0.0,0.0,0.0,0.0,3.847,3.848,3.849,3.85,3.851,0.0,0.0,0.0,0.0,0.0,974400.0,1693300.0,2618100.0,460800.0,511700.0,0.0,0.0,0.0,0.0,0.0,5400.0,1603400.0,2328200.0,2445500.0,1037100.0,0.0,0.0,0.0,0.0,0.0
2.02308e+16,SZSE,SZSE.ETF.159919,3.844,3.847,3.862,3.836,0.0,4.245,3.473,153895378.0,0.0,592286909.6,0.0,0.0,0.0,20230825,20230825,131413538,3.859,0.0,0.0,3.843,3.842,3.841,3.84,3.839,0.0,0.0,0.0,0.0,0.0,3.844,3.845,3.846,3.847,3.848,0.0,0.0,0.0,0.0,0.0,211000.0,2649500.0,1212500.0,674600.0,470100.0,0.0,0.0,0.0,0.0,0.0,1008900.0,750100.0,1632900.0,1404300.0,442700.0,0.0,0.0,0.0,0.0,0.0
2.02308e+16,SZSE,SZSE.ETF.159919,3.844,3.847,3.862,3.836,0.0,4.245,3.473,153895378.0,0.0,592286909.6,0.0,0.0,0.0,20230825,20230825,131416536,3.859,0.0,0.0,3.843,3.842,3.841,3.84,3.839,0.0,0.0,0.0,0.0,0.0,3.844,3.845,3.846,3.847,3.848,0.0,0.0,0.0,0.0,0.0,311400.0,3549500.0,1112500.0,277300.0,570100.0,0.0,0.0,0.0,0.0,0.0,209600.0,1350100.0,2532900.0,1904300.0,442700.0,0.0,0.0,0.0,0.0,0.0
2.02308e+16,SZSE,SZSE.ETF.159919,3.847,3.847,3.862,3.836,0.0,4.245,3.473,161043578.0,88300.0,619786370.0,339690.1,0.0,0.0,20230825,20230825,132513435,3.859,0.0,0.0,3.846,3.845,3.844,3.843,3.842,0.0,0.0,0.0,0.0,0.0,3.847,3.848,3.849,3.85,3.851,0.0,0.0,0.0,0.0,0.0,663700.0,3125500.0,957600.0,469900.0,474100.0,0.0,0.0,0.0,0.0,0.0,3500.0,2235100.0,2497800.0,1171900.0,1122300.0,0.0,0.0,0.0,0.0,0.0
2.02308e+16,SZSE,SZSE.ETF.159919,3.847,3.847,3.862,3.836,0.0,4.245,3.473,161063778.0,20200.0,619864079.4,77709.4,0.0,0.0,20230825,20230825,132516467,3.859,0.0,0.0,3.846,3.845,3.844,3.843,3.842,0.0,0.0,0.0,0.0,0.0,3.847,3.848,3.849,3.85,3.851,0.0,0.0,0.0,0.0,0.0,112700.0,2773500.0,1810600.0,413600.0,256700.0,0.0,0.0,0.0,0.0,0.0,994900.0,2533000.0,1429900.0,1626200.0,226300.0,0.0,0.0,0.0,0.0,0.0
2.02308e+16,SZSE,SZSE.ETF.159919,3.846,3.847,3.862,3.836,0.0,4.245,3.473,161064078.0,300.0,619865233.2,1153.8,0.0,0.0,20230825,20230825,132519486,3.859,0.0,0.0,3.846,3.845,3.844,3.843,3.842,0.0,0.0,0.0,0.0,0.0,3.847,3.848,3.849,3.85,3.851,0.0,0.0,0.0,0.0,0.0,15100.0,2370800.0,1710600.0,813600.0,356900.0,0.0,0.0,0.0,0.0,0.0,1003900.0,2624000.0,1529900.0,1726200.0,100000.0,0.0,0.0,0.0,0.0,0.0
2.02308e+16,SZSE,SZSE.ETF.159919,3.847,3.847,3.862,3.836,0.0,4.245,3.473,161079078.0,15000.0,619922938.2,57705.0,0.0,0.0,20230825,20230825,132522480,3.859,0.0,0.0,3.846,3.845,3.844,3.843,3.842,0.0,0.0,0.0,0.0,0.0,3.847,3.848,3.849,3.85,3.851,0.0,0.0,0.0,0.0,0.0,98900.0,1783100.0,1710600.0,813600.0,356900.0,0.0,0.0,0.0,0.0,0.0,1011600.0,2633000.0,1529900.0,1856000.0,100000.0,0.0,0.0,0.0,0.0,0.0
2.02308e+16,SZSE,SZSE.ETF.159919,3.847,3.847,3.862,3.836,0.0,4.245,3.473,161079078.0,0.0,619922938.2,0.0,0.0,0.0,20230825,20230825,132525527,3.859,0.0,0.0,3.846,3.845,3.844,3.843,3.842,0.0,0.0,0.0,0.0,0.0,3.847,3.848,3.849,3.85,3.851,0.0,0.0,0.0,0.0,0.0,89900.0,1092100.0,2889300.0,913600.0,356900.0,0.0,0.0,0.0,0.0,0.0,1320600.0,2424000.0,1909900.0,1376000.0,400000.0,0.0,0.0,0.0,0.0,0.0
2.02308e+16,SZSE,SZSE.ETF.159919,3.848,3.847,3.862,3.836,0.0,4.245,3.473,160766178.0,700.0,618719027.4,2693.6,0.0,0.0,20230825,20230825,132446370,3.859,0.0,0.0,3.847,3.846,3.845,3.844,3.843,0.0,0.0,0.0,0.0,0.0,3.848,3.849,3.85,3.851,3.852,0.0,0.0,0.0,0.0,0.0,35800.0,1450700.0,2425500.0,954500.0,443600.0,0.0,0.0,0.0,0.0,0.0,1814900.0,2897900.0,897900.0,1402300.0,502400.0,0.0,0.0,0.0,0.0,0.0
2.02308e+16,SZSE,SZSE.ETF.159919,3.848,3.847,3.862,3.836,0.0,4.245,3.473,160766178.0,0.0,618719027.4,0.0,0.0,0.0,20230825,20230825,132449377,3.859,0.0,0.0,3.847,3.846,3.845,3.844,3.843,0.0,0.0,0.0,0.0,0.0,3.848,3.849,3.85,3.851,3.852,0.0,0.0,0.0,0.0,0.0,459000.0,1730500.0,2122500.0,454500.0,443600.0,0.0,0.0,0.0,0.0,0.0,899300.0,2710500.0,1594900.0,1802300.0,502400.0,0.0,0.0,0.0,0.0,0.0
2.02308e+16,SZSE,SZSE.ETF.159919,3.847,3.847,3.862,3.836,0.0,4.245,3.473,160765478.0,0.0,618716333.8,0.0,0.0,0.0,20230825,20230825,132440412,3.859,0.0,0.0,3.847,3.846,3.845,3.844,3.843,0.0,0.0,0.0,0.0,0.0,3.848,3.849,3.85,3.851,3.852,0.0,0.0,0.0,0.0,0.0,35800.0,1450700.0,2425500.0,554500.0,143600.0,0.0,0.0,0.0,0.0,0.0,1715600.0,2897900.0,897900.0,1399800.0,502400.0,0.0,0.0,0.0,0.0,0.0
2.02308e+16,SZSE,SZSE.ETF.159919,3.847,3.847,3.862,3.836,0.0,4.245,3.473,160770478.0,4300.0,618735569.5,16542.1,0.0,0.0,20230825,20230825,132458341,3.859,0.0,0.0,3.847,3.846,3.845,3.844,3.843,0.0,0.0,0.0,0.0,0.0,3.848,3.849,3.85,3.851,3.852,0.0,0.0,0.0,0.0,0.0,81500.0,1750700.0,2725500.0,654500.0,169900.0,0.0,0.0,0.0,0.0,0.0,1814900.0,2897900.0,891900.0,1402300.0,476100.0,0.0,0.0,0.0,0.0,0.0
2.02308e+16,SZSE,SZSE.ETF.159919,3.848,3.847,3.862,3.836,0.0,4.245,3.473,160955278.0,184800.0,619446679.9,711110.4,0.0,0.0,20230825,20230825,132504445,3.859,0.0,0.0,3.847,3.846,3.845,3.844,3.843,0.0,0.0,0.0,0.0,0.0,3.848,3.849,3.85,3.851,3.852,0.0,0.0,0.0,0.0,0.0,1339300.0,2018400.0,1822500.0,154500.0,269900.0,0.0,0.0,0.0,0.0,0.0,714500.0,2099900.0,1894900.0,1417200.0,1356100.0,0.0,0.0,0.0,0.0,0.0
2.02308e+16,SZSE,SZSE.ETF.159919,3.847,3.847,3.862,3.836,0.0,4.245,3.473,160724278.0,10100.0,618557837.4,38854.7,0.0,0.0,20230825,20230825,132355420,3.859,0.0,0.0,3.846,3.845,3.844,3.843,3.842,0.0,0.0,0.0,0.0,0.0,3.847,3.848,3.849,3.85,3.851,0.0,0.0,0.0,0.0,0.0,1419100.0,2552700.0,1054500.0,358400.0,336400.0,0.0,0.0,0.0,0.0,0.0,13900.0,2115600.0,1698200.0,985300.0,1399800.0,0.0,0.0,0.0,0.0,0.0
2.02308e+16,SZSE,SZSE.ETF.159919,3.845,3.847,3.862,3.836,0.0,4.245,3.473,161511178.0,0.0,621584477.2,0.0,0.0,0.0,20230825,20230825,132604500,3.859,0.0,0.0,3.846,3.845,3.844,3.843,3.842,0.0,0.0,0.0,0.0,0.0,3.847,3.848,3.849,3.85,3.851,0.0,0.0,0.0,0.0,0.0,338900.0,951000.0,2523900.0,1015200.0,200600.0,0.0,0.0,0.0,0.0,0.0,719000.0,1666100.0,2977300.0,286900.0,484000.0,0.0,0.0,0.0,0.0,0.0
2.02308e+16,SZSE,SZSE.ETF.159919,3.847,3.847,3.862,3.836,0.0,4.245,3.473,160681278.0,1900.0,618392405.1,7310.3,0.0,0.0,20230825,20230825,132325463,3.859,0.0,0.0,3.847,3.846,3.845,3.844,3.843,0.0,0.0,0.0,0.0,0.0,3.848,3.849,3.85,3.851,3.852,0.0,0.0,0.0,0.0,0.0,11700.0,1719100.0,2752700.0,654500.0,158400.0,0.0,0.0,0.0,0.0,0.0,1213400.0,3707400.0,784300.0,1499800.0,472700.0,0.0,0.0,0.0,0.0,0.0
2.02308e+16,SZSE,SZSE.ETF.159919,3.851,3.847,3.862,3.836,0.0,4.245,3.473,160519678.0,0.0,617770391.7,0.0,0.0,0.0,20230825,20230825,132218000,3.859,0.0,0.0,3.849,3.848,3.847,3.846,3.845,0.0,0.0,0.0,0.0,0.0,3.85,3.851,3.852,3.853,3.854,0.0,0.0,0.0,0.0,0.0,221100.0,2082200.0,1303000.0,900000.0,752600.0,0.0,0.0,0.0,0.0,0.0,100000.0,2046600.0,1105900.0,1858500.0,230800.0,0.0,0.0,0.0,0.0,0.0
2.02308e+16,SZSE,SZSE.ETF.159919,3.848,3.847,3.862,3.836,0.0,4.245,3.473,160955278.0,0.0,619446679.9,0.0,0.0,0.0,20230825,20230825,132507468,3.859,0.0,0.0,3.847,3.846,3.845,3.844,3.843,0.0,0.0,0.0,0.0,0.0,3.848,3.849,3.85,3.851,3.852,0.0,0.0,0.0,0.0,0.0,88300.0,1154300.0,2225500.0,557600.0,69900.0,0.0,0.0,0.0,0.0,0.0,1114400.0,3002900.0,1386800.0,1222300.0,476100.0,0.0,0.0,0.0,0.0,0.0
2.02308e+16,SZSE,SZSE.ETF.159919,3.848,3.847,3.862,3.836,0.0,4.245,3.473,164185878.0,0.0,631878631.7,0.0,0.0,0.0,20230825,20230825,132719415,3.859,0.0,0.0,3.847,3.846,3.845,3.844,3.843,0.0,0.0,0.0,0.0,0.0,3.849,3.85,3.851,3.852,3.853,0.0,0.0,0.0,0.0,0.0,1109000.0,2881700.0,900500.0,257600.0,471500.0,0.0,0.0,0.0,0.0,0.0,1775000.0,2407800.0,1217300.0,1356100.0,181300.0,0.0,0.0,0.0,0.0,0.0
2.02308e+16,SZSE,SZSE.ETF.159919,3.843,3.847,3.862,3.836,0.0,4.245,3.473,152243678.0,0.0,585938379.8,0.0,0.0,0.0,20230825,20230825,131334538,3.859,0.0,0.0,3.842,3.841,3.84,3.839,3.838,0.0,0.0,0.0,0.0,0.0,3.843,3.844,3.845,3.846,3.847,0.0,0.0,0.0,0.0,0.0,1109000.0,2834200.0,1167600.0,702800.0,291500.0,0.0,0.0,0.0,0.0,0.0,135600.0,1322600.0,1283200.0,1384200.0,995400.0,0.0,0.0,0.0,0.0,0.0
2.02308e+16,SZSE,SZSE.ETF.159919,3.848,3.847,3.862,3.836,0.0,4.245,3.473,164192178.0,0.0,631902876.7,0.0,0.0,0.0,20230825,20230825,132801391,3.859,0.0,0.0,3.847,3.846,3.845,3.844,3.843,0.0,0.0,0.0,0.0,0.0,3.848,3.849,3.85,3.851,3.852,0.0,0.0,0.0,0.0,0.0,339000.0,2001300.0,1803500.0,757600.0,172000.0,0.0,0.0,0.0,0.0,0.0,775000.0,2315900.0,1904800.0,1418000.0,476100.0,0.0,0.0,0.0,0.0,0.0
2.02308e+16,SZSE,SZSE.ETF.159919,3.847,3.847,3.862,3.836,0.0,4.245,3.473,160724678.0,0.0,618559376.2,0.0,0.0,0.0,20230825,20230825,132404549,3.859,0.0,0.0,3.846,3.845,3.844,3.843,3.842,0.0,0.0,0.0,0.0,0.0,3.847,3.848,3.849,3.85,3.851,0.0,0.0,0.0,0.0,0.0,189400.0,2463700.0,1807500.0,502100.0,272900.0,0.0,0.0,0.0,0.0,0.0,943000.0,2403000.0,1025200.0,1719600.0,97500.0,0.0,0.0,0.0,0.0,0.0
2.02308e+16,SZSE,SZSE.ETF.159919,3.849,3.847,3.862,3.836,0.0,4.245,3.473,160532178.0,9000.0,617818507.7,34641.0,0.0,0.0,20230825,20230825,132225565,3.859,0.0,0.0,3.847,3.846,3.845,3.844,3.843,0.0,0.0,0.0,0.0,0.0,3.849,3.85,3.851,3.852,3.853,0.0,0.0,0.0,0.0,0.0,2114000.0,1403000.0,1472800.0,374300.0,102100.0,0.0,0.0,0.0,0.0,0.0,1125100.0,3694400.0,1210000.0,1005300.0,29600.0,0.0,0.0,0.0,0.0,0.0
2.02308e+16,SZSE,SZSE.ETF.159919,3.848,3.847,3.862,3.836,0.0,4.245,3.473,160766178.0,0.0,618719027.4,0.0,0.0,0.0,20230825,20230825,132452415,3.859,0.0,0.0,3.847,3.846,3.845,3.844,3.843,0.0,0.0,0.0,0.0,0.0,3.848,3.849,3.85,3.851,3.852,0.0,0.0,0.0,0.0,0.0,35800.0,1750700.0,2525500.0,254500.0,69900.0,0.0,0.0,0.0,0.0,0.0,1714900.0,2713500.0,991900.0,1402300.0,476100.0,0.0,0.0,0.0,0.0,0.0
2.02308e+16,SZSE,SZSE.ETF.159919,3.847,3.847,3.862,3.836,0.0,4.245,3.473,160714178.0,0.0,618518982.7,0.0,0.0,0.0,20230825,20230825,132355394,3.859,0.0,0.0,3.847,3.846,3.845,3.844,3.843,0.0,0.0,0.0,0.0,0.0,3.848,3.849,3.85,3.851,3.852,0.0,0.0,0.0,0.0,0.0,371400.0,2334800.0,1852700.0,454500.0,332100.0,0.0,0.0,0.0,0.0,0.0,900000.0,2027900.0,1280200.0,1899800.0,500400.0,0.0,0.0,0.0,0.0,0.0
2.02308e+16,SZSE,SZSE.ETF.159919,3.849,3.847,3.862,3.836,0.0,4.245,3.473,160567278.0,12000.0,617953607.6,46188.0,0.0,0.0,20230825,20230825,132237500,3.859,0.0,0.0,3.849,3.848,3.847,3.846,3.845,0.0,0.0,0.0,0.0,0.0,3.85,3.851,3.852,3.853,3.854,0.0,0.0,0.0,0.0,0.0,378500.0,1435300.0,2381700.0,150000.0,472800.0,0.0,0.0,0.0,0.0,0.0,600000.0,1109400.0,1655800.0,1119600.0,442800.0,0.0,0.0,0.0,0.0,0.0
2.02308e+16,SZSE,SZSE.ETF.159919,3.847,3.847,3.862,3.836,0.0,4.245,3.473,160714178.0,25600.0,618518982.7,98483.2,0.0,0.0,20230825,20230825,132352364,3.859,0.0,0.0,3.847,3.846,3.845,3.844,3.843,0.0,0.0,0.0,0.0,0.0,3.848,3.849,3.85,3.851,3.852,0.0,0.0,0.0,0.0,0.0,610300.0,2498900.0,1649700.0,554500.0,358400.0,0.0,0.0,0.0,0.0,0.0,900000.0,1324900.0,1983200.0,1899800.0,474100.0,0.0,0.0,0.0,0.0,0.0
2.02308e+16,SZSE,SZSE.ETF.159919,3.849,3.847,3.862,3.836,0.0,4.245,3.473,160580278.0,13000.0,618003649.6,50042.0,0.0,0.0,20230825,20230825,132240431,3.859,0.0,0.0,3.849,3.848,3.847,3.846,3.845,0.0,0.0,0.0,0.0,0.0,3.85,3.851,3.852,3.853,3.854,0.0,0.0,0.0,0.0,0.0,609400.0,1990800.0,1906600.0,550000.0,382800.0,0.0,0.0,0.0,0.0,0.0,50000.0,1709400.0,1555800.0,799600.0,1527100.0,0.0,0.0,0.0,0.0,0.0
2.02308e+16,SZSE,SZSE.ETF.159919,3.851,3.847,3.862,3.836,0.0,4.245,3.473,160519678.0,0.0,617770391.7,0.0,0.0,0.0,20230825,20230825,132219565,3.859,0.0,0.0,3.849,3.848,3.847,3.846,3.845,0.0,0.0,0.0,0.0,0.0,3.85,3.851,3.852,3.853,3.854,0.0,0.0,0.0,0.0,0.0,221100.0,2082200.0,1303000.0,900000.0,752600.0,0.0,0.0,0.0,0.0,0.0,100000.0,2046600.0,1105900.0,1858500.0,230800.0,0.0,0.0,0.0,0.0,0.0
2.02308e+16,SZSE,SZSE.ETF.159919,3.85,3.847,3.862,3.836,0.0,4.245,3.473,160523178.0,3500.0,617783866.7,13475.0,0.0,0.0,20230825,20230825,132222587,3.859,0.0,0.0,3.849,3.848,3.847,3.846,3.845,0.0,0.0,0.0,0.0,0.0,3.85,3.851,3.852,3.853,3.854,0.0,0.0,0.0,0.0,0.0,9000.0,476700.0,2517600.0,1403000.0,698900.0,0.0,0.0,0.0,0.0,0.0,1624100.0,2913900.0,2005300.0,229600.0,1042800.0,0.0,0.0,0.0,0.0,0.0
2.02308e+16,SZSE,SZSE.ETF.159919,3.849,3.847,3.862,3.836,0.0,4.245,3.473,160532178.0,9000.0,617818507.7,34641.0,0.0,0.0,20230825,20230825,132224000,3.859,0.0,0.0,3.847,3.846,3.845,3.844,3.843,0.0,0.0,0.0,0.0,0.0,3.849,3.85,3.851,3.852,3.853,0.0,0.0,0.0,0.0,0.0,2114000.0,1403000.0,1472800.0,374300.0,102100.0,0.0,0.0,0.0,0.0,0.0,1125100.0,3694400.0,1210000.0,1005300.0,29600.0,0.0,0.0,0.0,0.0,0.0
2.02308e+16,SZSE,SZSE.ETF.159919,3.848,3.847,3.862,3.836,0.0,4.245,3.473,160687878.0,3100.0,618417805.2,11928.8,0.0,0.0,20230825,20230825,132343414,3.859,0.0,0.0,3.847,3.846,3.845,3.844,3.843,0.0,0.0,0.0,0.0,0.0,3.849,3.85,3.851,3.852,3.853,0.0,0.0,0.0,0.0,0.0,296000.0,2534800.0,2152700.0,310800.0,221900.0,0.0,0.0,0.0,0.0,0.0,1728100.0,1449200.0,1365500.0,1026400.0,91300.0,0.0,0.0,0.0,0.0,0.0
2.02308e+16,SZSE,SZSE.ETF.159919,3.848,3.847,3.862,3.836,0.0,4.245,3.473,164192178.0,0.0,631902876.7,0.0,0.0,0.0,20230825,20230825,132758435,3.859,0.0,0.0,3.847,3.846,3.845,3.844,3.843,0.0,0.0,0.0,0.0,0.0,3.848,3.849,3.85,3.851,3.852,0.0,0.0,0.0,0.0,0.0,339000.0,2001300.0,1803500.0,757600.0,172000.0,0.0,0.0,0.0,0.0,0.0,775000.0,2315900.0,1904800.0,1418000.0,476100.0,0.0,0.0,0.0,0.0,0.0
2.02308e+16,SZSE,SZSE.ETF.159919,3.849,3.847,3.862,3.836,0.0,4.245,3.473,160677478.0,0.0,618377783.4,0.0,0.0,0.0,20230825,20230825,132301422,3.859,0.0,0.0,3.848,3.847,3.846,3.845,3.844,0.0,0.0,0.0,0.0,0.0,3.849,3.85,3.851,3.852,3.853,0.0,0.0,0.0,0.0,0.0,184300.0,2442300.0,1808100.0,626500.0,236900.0,0.0,0.0,0.0,0.0,0.0,609000.0,1357900.0,950400.0,1925000.0,181300.0,0.0,0.0,0.0,0.0,0.0
2.02308e+16,SZSE,SZSE.ETF.159919,3.849,3.847,3.862,3.836,0.0,4.245,3.473,160677478.0,34200.0,618377783.4,131646.1,0.0,0.0,20230825,20230825,132255377,3.859,0.0,0.0,3.848,3.847,3.846,3.845,3.844,0.0,0.0,0.0,0.0,0.0,3.849,3.85,3.851,3.852,3.853,0.0,0.0,0.0,0.0,0.0,632200.0,2597400.0,1100000.0,756500.0,400600.0,0.0,0.0,0.0,0.0,0.0,576100.0,663900.0,1722900.0,2325200.0,19300.0,0.0,0.0,0.0,0.0,0.0
2.02308e+16,SZSE,SZSE.ETF.159919,3.847,3.847,3.862,3.836,0.0,4.245,3.473,164244178.0,12000.0,632102920.7,46164.0,0.0,0.0,20230825,20230825,132807537,3.859,0.0,0.0,3.846,3.845,3.844,3.843,3.842,0.0,0.0,0.0,0.0,0.0,3.847,3.848,3.849,3.85,3.851,0.0,0.0,0.0,0.0,0.0,422600.0,3782200.0,507600.0,115700.0,230600.0,0.0,0.0,0.0,0.0,0.0,746800.0,1197500.0,1545900.0,1374900.0,1606300.0,0.0,0.0,0.0,0.0,0.0
2.02308e+16,SZSE,SZSE.ETF.159919,3.847,3.847,3.862,3.836,0.0,4.245,3.473,160765478.0,0.0,618716333.8,0.0,0.0,0.0,20230825,20230825,132437385,3.859,0.0,0.0,3.847,3.846,3.845,3.844,3.843,0.0,0.0,0.0,0.0,0.0,3.848,3.849,3.85,3.851,3.852,0.0,0.0,0.0,0.0,0.0,559000.0,1830500.0,2222500.0,454500.0,343600.0,0.0,0.0,0.0,0.0,0.0,900000.0,2315600.0,1995800.0,1899800.0,500400.0,0.0,0.0,0.0,0.0,0.0
2.02308e+16,SZSE,SZSE.ETF.159919,3.849,3.847,3.862,3.836,0.0,4.245,3.473,160688578.0,0.0,618420499.5,0.0,0.0,0.0,20230825,20230825,132349390,3.859,0.0,0.0,3.847,3.846,3.845,3.844,3.843,0.0,0.0,0.0,0.0,0.0,3.848,3.849,3.85,3.851,3.852,0.0,0.0,0.0,0.0,0.0,297000.0,2234800.0,1852700.0,454500.0,538200.0,0.0,0.0,0.0,0.0,0.0,600000.0,1427900.0,1150200.0,1729800.0,262100.0,0.0,0.0,0.0,0.0,0.0
2.02308e+16,SZSE,SZSE.ETF.159919,3.849,3.847,3.862,3.836,0.0,4.245,3.473,160580278.0,0.0,618003649.6,0.0,0.0,0.0,20230825,20230825,132243381,3.859,0.0,0.0,3.849,3.848,3.847,3.846,3.845,0.0,0.0,0.0,0.0,0.0,3.85,3.851,3.852,3.853,3.854,0.0,0.0,0.0,0.0,0.0,270500.0,2329700.0,1906600.0,450000.0,382600.0,0.0,0.0,0.0,0.0,0.0,865600.0,1309400.0,1255800.0,1383900.0,569100.0,0.0,0.0,0.0,0.0,0.0
2.02308e+16,SZSE,SZSE.ETF.159919,3.847,3.847,3.862,3.836,0.0,4.245,3.473,160724678.0,0.0,618559376.2,0.0,0.0,0.0,20230825,20230825,132404487,3.859,0.0,0.0,3.846,3.845,3.844,3.843,3.842,0.0,0.0,0.0,0.0,0.0,3.847,3.848,3.849,3.85,3.851,0.0,0.0,0.0,0.0,0.0,289400.0,2779400.0,1707500.0,402100.0,242700.0,0.0,0.0,0.0,0.0,0.0,929100.0,2403000.0,925200.0,1719600.0,223800.0,0.0,0.0,0.0,0.0,0.0
2.02308e+16,SZSE,SZSE.ETF.159919,3.85,3.847,3.862,3.836,0.0,4.245,3.473,160580978.0,700.0,618006344.6,2695.0,0.0,0.0,20230825,20230825,132246427,3.859,0.0,0.0,3.849,3.848,3.847,3.846,3.845,0.0,0.0,0.0,0.0,0.0,3.85,3.851,3.852,3.853,3.854,0.0,0.0,0.0,0.0,0.0,86200.0,2014000.0,1906600.0,650000.0,382800.0,0.0,0.0,0.0,0.0,0.0,749400.0,1409400.0,1255800.0,1383900.0,442800.0,0.0,0.0,0.0,0.0,0.0
2.02308e+16,SZSE,SZSE.ETF.159919,3.849,3.847,3.862,3.836,0.0,4.245,3.473,160533178.0,800.0,617822356.7,3079.2,0.0,0.0,20230825,20230825,132228534,3.859,0.0,0.0,3.848,3.847,3.846,3.845,3.844,0.0,0.0,0.0,0.0,0.0,3.849,3.85,3.851,3.852,3.853,0.0,0.0,0.0,0.0,0.0,835300.0,2781700.0,1100000.0,716500.0,210600.0,0.0,0.0,0.0,0.0,0.0,108000.0,1212100.0,1258000.0,2713000.0,217900.0,0.0,0.0,0.0,0.0,0.0
2.02308e+16,SZSE,SZSE.ETF.159919,3.849,3.847,3.862,3.836,0.0,4.245,3.473,160678178.0,0.0,618380477.2,0.0,0.0,0.0,20230825,20230825,132316485,3.859,0.0,0.0,3.848,3.847,3.846,3.845,3.844,0.0,0.0,0.0,0.0,0.0,3.849,3.85,3.851,3.852,3.853,0.0,0.0,0.0,0.0,0.0,1200.0,1314500.0,2320200.0,1549700.0,154500.0,0.0,0.0,0.0,0.0,0.0,1224900.0,1852300.0,1465500.0,1025000.0,171300.0,0.0,0.0,0.0,0.0,0.0
2.02308e+16,SZSE,SZSE.ETF.159919,3.848,3.847,3.862,3.836,0.0,4.245,3.473,160679378.0,1200.0,618385094.8,4617.6,0.0,0.0,20230825,20230825,132322439,3.859,0.0,0.0,3.847,3.846,3.845,3.844,3.843,0.0,0.0,0.0,0.0,0.0,3.848,3.849,3.85,3.851,3.852,0.0,0.0,0.0,0.0,0.0,112600.0,2319100.0,2152700.0,210800.0,275600.0,0.0,0.0,0.0,0.0,0.0,598800.0,3428100.0,754300.0,1629800.0,260700.0,0.0,0.0,0.0,0.0,0.0
2.02308e+16,SZSE,SZSE.ETF.159919,3.849,3.847,3.862,3.836,0.0,4.245,3.473,160684778.0,3400.0,618405876.4,13086.6,0.0,0.0,20230825,20230825,132340412,3.859,0.0,0.0,3.848,3.847,3.846,3.845,3.844,0.0,0.0,0.0,0.0,0.0,3.849,3.85,3.851,3.852,3.853,0.0,0.0,0.0,0.0,0.0,100000.0,1234800.0,2198900.0,1249700.0,554500.0,0.0,0.0,0.0,0.0,0.0,609500.0,1967800.0,765500.0,1726400.0,171300.0,0.0,0.0,0.0,0.0,0.0
2.02308e+16,SZSE,SZSE.ETF.159919,3.848,3.847,3.862,3.836,0.0,4.245,3.473,160955278.0,0.0,619446679.9,0.0,0.0,0.0,20230825,20230825,132510497,3.859,0.0,0.0,3.847,3.846,3.845,3.844,3.843,0.0,0.0,0.0,0.0,0.0,3.848,3.849,3.85,3.851,3.852,0.0,0.0,0.0,0.0,0.0,188300.0,1266400.0,2425500.0,457600.0,169900.0,0.0,0.0,0.0,0.0,0.0,1114400.0,3102900.0,891900.0,1502300.0,476100.0,0.0,0.0,0.0,0.0,0.0
2.02308e+16,SZSE,SZSE.ETF.159919,3.845,3.847,3.862,3.836,0.0,4.245,3.473,155525778.0,0.0,598555211.3,0.0,0.0,0.0,20230825,20230825,131607554,3.859,0.0,0.0,3.844,3.843,3.842,3.841,3.84,0.0,0.0,0.0,0.0,0.0,3.845,3.846,3.847,3.848,3.849,0.0,0.0,0.0,0.0,0.0,261800.0,2320100.0,1949500.0,312000.0,328100.0,0.0,0.0,0.0,0.0,0.0,100000.0,2486700.0,1688200.0,1450200.0,494300.0,0.0,0.0,0.0,0.0,0.0
2.02308e+16,SZSE,SZSE.ETF.159919,3.84,3.847,3.862,3.836,0.0,4.245,3.473,151601378.0,193900.0,583470423.0,744576.0,0.0,0.0,20230825,20230825,131255580,3.859,0.0,0.0,3.84,3.839,3.838,3.837,3.836,0.0,0.0,0.0,0.0,0.0,3.841,3.842,3.843,3.844,3.845,0.0,0.0,0.0,0.0,0.0,1922600.0,2803500.0,1611900.0,360300.0,523300.0,0.0,0.0,0.0,0.0,0.0,9000.0,1193000.0,2137300.0,1134700.0,796400.0,0.0,0.0,0.0,0.0,0.0
2.02308e+16,SZSE,SZSE.ETF.159919,3.849,3.847,3.862,3.836,0.0,4.245,3.473,160555278.0,22100.0,617907419.6,85062.9,0.0,0.0,20230825,20230825,132234517,3.859,0.0,0.0,3.849,3.848,3.847,3.846,3.845,0.0,0.0,0.0,0.0,0.0,3.85,3.851,3.852,3.853,3.854,0.0,0.0,0.0,0.0,0.0,106200.0,935300.0,3090700.0,800000.0,616500.0,0.0,0.0,0.0,0.0,0.0,912100.0,1558000.0,1890100.0,717900.0,670700.0,0.0,0.0,0.0,0.0,0.0
2.02308e+16,SZSE,SZSE.ETF.159919,3.841,3.847,3.862,3.838,0.0,4.245,3.473,143174578.0,0.0,551117738.0,0.0,0.0,0.0,20230825,20230825,130655569,3.859,0.0,0.0,3.841,3.84,3.839,3.838,3.837,0.0,0.0,0.0,0.0,0.0,3.842,3.843,3.844,3.845,3.846,0.0,0.0,0.0,0.0,0.0,297100.0,2342600.0,3144900.0,810000.0,25400.0,0.0,0.0,0.0,0.0,0.0,28500.0,2114200.0,1750700.0,1330000.0,892100.0,0.0,0.0,0.0,0.0,0.0
2.02308e+16,SZSE,SZSE.ETF.159919,3.849,3.847,3.862,3.836,0.0,4.245,3.473,163265878.0,0.0,628337552.6,0.0,0.0,0.0,20230825,20230825,132640512,3.859,0.0,0.0,3.849,3.848,3.847,3.846,3.845,0.0,0.0,0.0,0.0,0.0,3.85,3.851,3.852,3.853,3.854,0.0,0.0,0.0,0.0,0.0,100000.0,1425800.0,2601000.0,850000.0,356600.0,0.0,0.0,0.0,0.0,0.0,874800.0,1541000.0,1448600.0,415300.0,1169100.0,0.0,0.0,0.0,0.0,0.0
2.02308e+16,SZSE,SZSE.ETF.159919,3.846,3.847,3.862,3.836,0.0,4.245,3.473,161092378.0,0.0,619974090.0,0.0,0.0,0.0,20230825,20230825,132534489,3.859,0.0,0.0,3.846,3.845,3.844,3.843,3.842,0.0,0.0,0.0,0.0,0.0,3.847,3.848,3.849,3.85,3.851,0.0,0.0,0.0,0.0,0.0,108800.0,783100.0,2889300.0,913600.0,330600.0,0.0,0.0,0.0,0.0,0.0,1716500.0,2048100.0,2814200.0,294700.0,426300.0,0.0,0.0,0.0,0.0,0.0
2.02308e+16,SZSE,SZSE.ETF.159919,3.839,3.847,3.862,3.837,0.0,4.245,3.473,146232778.0,1300.0,562858311.3,4990.5,0.0,0.0,20230825,20230825,130831540,3.859,0.0,0.0,3.837,3.836,3.835,3.834,3.833,0.0,0.0,0.0,0.0,0.0,3.839,3.84,3.841,3.842,3.843,0.0,0.0,0.0,0.0,0.0,1438100.0,2151000.0,774500.0,821700.0,164800.0,0.0,0.0,0.0,0.0,0.0,1574500.0,1213500.0,1230000.0,605000.0,618400.0,0.0,0.0,0.0,0.0,0.0
2.02308e+16,SZSE,SZSE.ETF.159919,3.849,3.847,3.862,3.836,0.0,4.245,3.473,164166078.0,200.0,631802422.4,769.8,0.0,0.0,20230825,20230825,132658416,3.859,0.0,0.0,3.849,3.848,3.847,3.846,3.845,0.0,0.0,0.0,0.0,0.0,3.85,3.851,3.852,3.853,3.854,0.0,0.0,0.0,0.0,0.0,200.0,1088400.0,3001000.0,950000.0,456800.0,0.0,0.0,0.0,0.0,0.0,2489700.0,1336000.0,1743500.0,915300.0,442800.0,0.0,0.0,0.0,0.0,0.0
2.02308e+16,SZSE,SZSE.ETF.159919,3.849,3.847,3.862,3.836,0.0,4.245,3.473,164165878.0,0.0,631801652.6,0.0,0.0,0.0,20230825,20230825,132655442,3.859,0.0,0.0,3.849,3.848,3.847,3.846,3.845,0.0,0.0,0.0,0.0,0.0,3.85,3.851,3.852,3.853,3.854,0.0,0.0,0.0,0.0,0.0,100000.0,3291400.0,1498000.0,450000.0,456800.0,0.0,0.0,0.0,0.0,0.0,2289700.0,733000.0,2346500.0,415300.0,1042800.0,0.0,0.0,0.0,0.0,0.0
2.02308e+16,SZSE,SZSE.ETF.159919,3.849,3.847,3.862,3.836,0.0,4.245,3.473,164165878.0,0.0,631801652.6,0.0,0.0,0.0,20230825,20230825,132652485,3.859,0.0,0.0,3.849,3.848,3.847,3.846,3.845,0.0,0.0,0.0,0.0,0.0,3.85,3.851,3.852,3.853,3.854,0.0,0.0,0.0,0.0,0.0,100000.0,3291400.0,1498000.0,450000.0,456800.0,0.0,0.0,0.0,0.0,0.0,2289700.0,733000.0,2346500.0,415300.0,1042800.0,0.0,0.0,0.0,0.0,0.0
2.02308e+16,SZSE,SZSE.ETF.159919,3.849,3.847,3.862,3.836,0.0,4.245,3.473,164165878.0,0.0,631801652.6,0.0,0.0,0.0,20230825,20230825,132652442,3.859,0.0,0.0,3.849,3.848,3.847,3.846,3.845,0.0,0.0,0.0,0.0,0.0,3.85,3.851,3.852,3.853,3.854,0.0,0.0,0.0,0.0,0.0,100000.0,2391400.0,2198000.0,550000.0,330500.0,0.0,0.0,0.0,0.0,0.0,1874900.0,733000.0,2446500.0,415300.0,1069100.0,0.0,0.0,0.0,0.0,0.0
2.02308e+16,SZSE,SZSE.ETF.159919,3.848,3.847,3.862,3.836,0.0,4.245,3.473,164185178.0,200.0,631875938.1,769.6,0.0,0.0,20230825,20230825,132710500,3.859,0.0,0.0,3.847,3.846,3.845,3.844,3.843,0.0,0.0,0.0,0.0,0.0,3.848,3.849,3.85,3.851,3.852,0.0,0.0,0.0,0.0,0.0,709000.0,2581700.0,1500500.0,313900.0,235000.0,0.0,0.0,0.0,0.0,0.0,1280800.0,499900.0,2772700.0,1243000.0,518600.0,0.0,0.0,0.0,0.0,0.0
2.02308e+16,SZSE,SZSE.ETF.159919,3.848,3.847,3.862,3.836,0.0,4.245,3.473,164185178.0,200.0,631875938.1,769.6,0.0,0.0,20230825,20230825,132707645,3.859,0.0,0.0,3.847,3.846,3.845,3.844,3.843,0.0,0.0,0.0,0.0,0.0,3.848,3.849,3.85,3.851,3.852,0.0,0.0,0.0,0.0,0.0,709000.0,2581700.0,1500500.0,313900.0,235000.0,0.0,0.0,0.0,0.0,0.0,1280800.0,499900.0,2772700.0,1243000.0,518600.0,0.0,0.0,0.0,0.0,0.0
2.02308e+16,SZSE,SZSE.ETF.159919,3.847,3.847,3.862,3.836,0.0,4.245,3.473,161530178.0,19000.0,621657570.2,73093.0,0.0,0.0,20230825,20230825,132607531,3.859,0.0,0.0,3.847,3.846,3.845,3.844,3.843,0.0,0.0,0.0,0.0,0.0,3.848,3.849,3.85,3.851,3.852,0.0,0.0,0.0,0.0,0.0,457200.0,2064300.0,1755900.0,295200.0,615200.0,0.0,0.0,0.0,0.0,0.0,724500.0,2831600.0,1672800.0,1100000.0,560100.0,0.0,0.0,0.0,0.0,0.0
2.02308e+16,SZSE,SZSE.ETF.159919,3.848,3.847,3.862,3.836,0.0,4.245,3.473,164191478.0,0.0,631900183.1,0.0,0.0,0.0,20230825,20230825,132740389,3.859,0.0,0.0,3.847,3.846,3.845,3.844,3.843,0.0,0.0,0.0,0.0,0.0,3.848,3.849,3.85,3.851,3.852,0.0,0.0,0.0,0.0,0.0,441600.0,3581700.0,1300500.0,257600.0,71500.0,0.0,0.0,0.0,0.0,0.0,378200.0,1118000.0,2802700.0,1617300.0,856100.0,0.0,0.0,0.0,0.0,0.0
2.02308e+16,SZSE,SZSE.ETF.159919,3.846,3.847,3.862,3.836,0.0,4.245,3.473,164320078.0,15000.0,632394893.0,57690.0,0.0,0.0,20230825,20230825,132831367,3.859,0.0,0.0,3.846,3.845,3.844,3.843,3.842,0.0,0.0,0.0,0.0,0.0,3.847,3.848,3.849,3.85,3.851,0.0,0.0,0.0,0.0,0.0,43500.0,3391200.0,1107600.0,415700.0,356900.0,0.0,0.0,0.0,0.0,0.0,748900.0,1697400.0,1356000.0,2164200.0,395700.0,0.0,0.0,0.0,0.0,0.0
2.02308e+16,SZSE,SZSE.ETF.159919,3.847,3.847,3.862,3.836,0.0,4.245,3.473,164302078.0,200.0,632325662.0,769.4,0.0,0.0,20230825,20230825,132822437,3.859,0.0,0.0,3.846,3.845,3.844,3.843,3.842,0.0,0.0,0.0,0.0,0.0,3.847,3.848,3.849,3.85,3.851,0.0,0.0,0.0,0.0,0.0,22600.0,3391200.0,1107600.0,415700.0,356900.0,0.0,0.0,0.0,0.0,0.0,314600.0,1302500.0,1850900.0,1959200.0,995700.0,0.0,0.0,0.0,0.0,0.0
2.02308e+16,SZSE,SZSE.ETF.159919,3.839,3.847,3.862,3.836,0.0,4.245,3.473,146965478.0,70100.0,565669950.2,269113.9,0.0,0.0,20230825,20230825,130924000,3.859,0.0,0.0,3.838,3.837,3.836,3.835,3.834,0.0,0.0,0.0,0.0,0.0,3.839,3.84,3.841,3.842,3.843,0.0,0.0,0.0,0.0,0.0,907000.0,1111500.0,2414800.0,354800.0,284400.0,0.0,0.0,0.0,0.0,0.0,50000.0,2012900.0,867300.0,1285000.0,572200.0,0.0,0.0,0.0,0.0,0.0
2.02308e+16,SZSE,SZSE.ETF.159919,3.838,3.847,3.862,3.836,0.0,4.245,3.473,146895378.0,20000.0,565400836.3,76760.0,0.0,0.0,20230825,20230825,130919659,3.859,0.0,0.0,3.838,3.837,3.836,3.835,3.834,0.0,0.0,0.0,0.0,0.0,3.839,3.84,3.841,3.842,3.843,0.0,0.0,0.0,0.0,0.0,1133400.0,1004100.0,1140600.0,54800.0,501900.0,0.0,0.0,0.0,0.0,0.0,100.0,588000.0,2040300.0,1623400.0,450000.0,0.0,0.0,0.0,0.0,0.0
2.02308e+16,SZSE,SZSE.ETF.159919,3.849,3.847,3.862,3.836,0.0,4.245,3.473,160583978.0,3000.0,618017891.6,11547.0,0.0,0.0,20230825,20230825,132249392,3.859,0.0,0.0,3.849,3.848,3.847,3.846,3.845,0.0,0.0,0.0,0.0,0.0,3.85,3.851,3.852,3.853,3.854,0.0,0.0,0.0,0.0,0.0,83200.0,1201900.0,2018700.0,1250000.0,782800.0,0.0,0.0,0.0,0.0,0.0,749400.0,1409400.0,1355800.0,1383600.0,442800.0,0.0,0.0,0.0,0.0,0.0
2.02308e+16,SZSE,SZSE.ETF.159919,3.851,3.847,3.862,3.836,0.0,4.245,3.473,160519678.0,0.0,617770391.7,0.0,0.0,0.0,20230825,20230825,132216543,3.859,0.0,0.0,3.849,3.848,3.847,3.846,3.845,0.0,0.0,0.0,0.0,0.0,3.851,3.852,3.853,3.854,3.855,0.0,0.0,0.0,0.0,0.0,521100.0,2082200.0,1203000.0,850000.0,698900.0,0.0,0.0,0.0,0.0,0.0,1946600.0,3205900.0,1958500.0,230800.0,476900.0,0.0,0.0,0.0,0.0,0.0
2.02308e+16,SZSE,SZSE.ETF.159919,3.848,3.847,3.862,3.836,0.0,4.245,3.473,160766178.0,0.0,618719027.4,0.0,0.0,0.0,20230825,20230825,132452350,3.859,0.0,0.0,3.847,3.846,3.845,3.844,3.843,0.0,0.0,0.0,0.0,0.0,3.848,3.849,3.85,3.851,3.852,0.0,0.0,0.0,0.0,0.0,320100.0,1666400.0,2525500.0,554500.0,369900.0,0.0,0.0,0.0,0.0,0.0,899300.0,3313500.0,891900.0,1902300.0,476100.0,0.0,0.0,0.0,0.0,0.0
2.02308e+16,SZSE,SZSE.ETF.159919,3.839,3.847,3.862,3.836,0.0,4.245,3.473,147520878.0,100.0,567801576.6,383.9000001,0.0,0.0,20230825,20230825,131000000,3.859,0.0,0.0,3.838,3.837,3.836,3.835,3.834,0.0,0.0,0.0,0.0,0.0,3.839,3.84,3.841,3.842,3.843,0.0,0.0,0.0,0.0,0.0,61400.0,1162700.0,1839200.0,1264000.0,958300.0,0.0,0.0,0.0,0.0,0.0,1232900.0,2018900.0,1630000.0,585000.0,892200.0,0.0,0.0,0.0,0.0,0.0
2.02308e+16,SZSE,SZSE.ETF.159919,3.849,3.847,3.862,3.836,0.0,4.245,3.473,160583978.0,3000.0,618017891.6,11547.0,0.0,0.0,20230825,20230825,132246437,3.859,0.0,0.0,3.849,3.848,3.847,3.846,3.845,0.0,0.0,0.0,0.0,0.0,3.85,3.851,3.852,3.853,3.854,0.0,0.0,0.0,0.0,0.0,83200.0,1201900.0,2018700.0,1250000.0,782800.0,0.0,0.0,0.0,0.0,0.0,749400.0,1409400.0,1355800.0,1383600.0,442800.0,0.0,0.0,0.0,0.0,0.0
2.02308e+16,SZSE,SZSE.ETF.159919,3.847,3.847,3.862,3.836,0.0,4.245,3.473,160761078.0,0.0,618699407.0,0.0,0.0,0.0,20230825,20230825,132428393,3.859,0.0,0.0,3.847,3.846,3.845,3.844,3.843,0.0,0.0,0.0,0.0,0.0,3.848,3.849,3.85,3.851,3.852,0.0,0.0,0.0,0.0,0.0,13900.0,533600.0,3060800.0,1254500.0,441600.0,0.0,0.0,0.0,0.0,0.0,2315600.0,2497900.0,797900.0,1399800.0,500400.0,0.0,0.0,0.0,0.0,0.0
2.02308e+16,SZSE,SZSE.ETF.159919,3.838,3.847,3.862,3.836,0.0,4.245,3.473,147520778.0,50000.0,567801192.7,191900.0,0.0,0.0,20230825,20230825,130955525,3.859,0.0,0.0,3.838,3.837,3.836,3.835,3.834,0.0,0.0,0.0,0.0,0.0,3.839,3.84,3.841,3.842,3.843,0.0,0.0,0.0,0.0,0.0,159500.0,1251200.0,2245900.0,1164000.0,831900.0,0.0,0.0,0.0,0.0,0.0,1324000.0,2027900.0,1630000.0,485000.0,618600.0,0.0,0.0,0.0,0.0,0.0
2.02308e+16,SZSE,SZSE.ETF.159919,3.838,3.847,3.862,3.836,0.0,4.245,3.473,147546978.0,26100.0,567901748.4,100171.8,0.0,0.0,20230825,20230825,131003000,3.859,0.0,0.0,3.838,3.837,3.836,3.835,3.834,0.0,0.0,0.0,0.0,0.0,3.839,3.84,3.841,3.842,3.843,0.0,0.0,0.0,0.0,0.0,78900.0,553700.0,2739200.0,1164000.0,631900.0,0.0,0.0,0.0,0.0,0.0,1618800.0,1433000.0,1910000.0,505000.0,918600.0,0.0,0.0,0.0,0.0,0.0
2.02308e+16,SZSE,SZSE.ETF.159919,3.843,3.847,3.862,3.836,0.0,4.245,3.473,154116178.0,111900.0,593135444.0,430031.7,0.0,0.0,20230825,20230825,131422573,3.859,0.0,0.0,3.842,3.841,3.84,3.839,3.838,0.0,0.0,0.0,0.0,0.0,3.843,3.844,3.845,3.846,3.847,0.0,0.0,0.0,0.0,0.0,10800.0,1650200.0,2430300.0,943700.0,492100.0,0.0,0.0,0.0,0.0,0.0,597100.0,3703600.0,1045000.0,2699300.0,40000.0,0.0,0.0,0.0,0.0,0.0
2.02308e+16,SZSE,SZSE.ETF.159919,3.849,3.847,3.862,3.836,0.0,4.245,3.473,163304178.0,38300.0,628484969.3,147416.7,0.0,0.0,20230825,20230825,132646407,3.859,0.0,0.0,3.848,3.847,3.846,3.845,3.844,0.0,0.0,0.0,0.0,0.0,3.849,3.85,3.851,3.852,3.853,0.0,0.0,0.0,0.0,0.0,1388200.0,2401000.0,950000.0,430500.0,403700.0,0.0,0.0,0.0,0.0,0.0,861700.0,1774800.0,1941000.0,1743500.0,915300.0,0.0,0.0,0.0,0.0,0.0
2.02308e+16,SZSE,SZSE.ETF.159919,3.843,3.847,3.862,3.836,0.0,4.245,3.473,154004278.0,108900.0,592705412.3,418502.7,0.0,0.0,20230825,20230825,131422519,3.859,0.0,0.0,3.843,3.842,3.841,3.84,3.839,0.0,0.0,0.0,0.0,0.0,3.844,3.845,3.846,3.847,3.848,0.0,0.0,0.0,0.0,0.0,111500.0,669800.0,2115500.0,627300.0,570100.0,0.0,0.0,0.0,0.0,0.0,1600600.0,1262100.0,1929900.0,1404300.0,442700.0,0.0,0.0,0.0,0.0,0.0
2.02308e+16,SZSE,SZSE.ETF.159919,3.844,3.847,3.862,3.836,0.0,4.245,3.473,154148378.0,700.0,593259189.3,2690.8,0.0,0.0,20230825,20230825,131440460,3.859,0.0,0.0,3.843,3.842,3.841,3.84,3.839,0.0,0.0,0.0,0.0,0.0,3.844,3.845,3.846,3.847,3.848,0.0,0.0,0.0,0.0,0.0,3100.0,670300.0,3294200.0,1024600.0,570100.0,0.0,0.0,0.0,0.0,0.0,1408900.0,1583100.0,1899900.0,1404700.0,442000.0,0.0,0.0,0.0,0.0,0.0
2.02308e+16,SZSE,SZSE.ETF.159919,3.85,3.847,3.862,3.836,0.0,4.245,3.473,160518978.0,223800.0,617767696.0,861640.8,0.0,0.0,20230825,20230825,132210549,3.859,0.0,0.0,3.849,3.848,3.847,3.846,3.845,0.0,0.0,0.0,0.0,0.0,3.85,3.851,3.852,3.853,3.854,0.0,0.0,0.0,0.0,0.0,576700.0,2217600.0,1503000.0,706300.0,466300.0,0.0,0.0,0.0,0.0,0.0,41200.0,1228300.0,3105900.0,1578500.0,710800.0,0.0,0.0,0.0,0.0,0.0
2.02308e+16,SZSE,SZSE.ETF.159919,3.847,3.847,3.862,3.836,0.0,4.245,3.473,160724678.0,0.0,618559376.2,0.0,0.0,0.0,20230825,20230825,132410501,3.859,0.0,0.0,3.846,3.845,3.844,3.843,3.842,0.0,0.0,0.0,0.0,0.0,3.847,3.848,3.849,3.85,3.851,0.0,0.0,0.0,0.0,0.0,189400.0,2679400.0,1707500.0,502100.0,372900.0,0.0,0.0,0.0,0.0,0.0,943000.0,2503000.0,1924900.0,1619600.0,97500.0,0.0,0.0,0.0,0.0,0.0
2.02308e+16,SZSE,SZSE.ETF.159919,3.847,3.847,3.862,3.836,0.0,4.245,3.473,160724678.0,0.0,618559376.2,0.0,0.0,0.0,20230825,20230825,132413429,3.859,0.0,0.0,3.846,3.845,3.844,3.843,3.842,0.0,0.0,0.0,0.0,0.0,3.847,3.848,3.849,3.85,3.851,0.0,0.0,0.0,0.0,0.0,5100.0,2466000.0,1707500.0,911600.0,342900.0,0.0,0.0,0.0,0.0,0.0,943000.0,2318600.0,1924900.0,1619600.0,97500.0,0.0,0.0,0.0,0.0,0.0
2.02308e+16,SZSE,SZSE.ETF.159919,3.847,3.847,3.862,3.836,0.0,4.245,3.473,160725378.0,700.0,618562069.1,2692.9,0.0,0.0,20230825,20230825,132416430,3.859,0.0,0.0,3.846,3.845,3.844,3.843,3.842,0.0,0.0,0.0,0.0,0.0,3.847,3.848,3.849,3.85,3.851,0.0,0.0,0.0,0.0,0.0,289400.0,2466000.0,1707500.0,411600.0,342900.0,0.0,0.0,0.0,0.0,0.0,26700.0,2818600.0,1924900.0,2232200.0,97500.0,0.0,0.0,0.0,0.0,0.0
2.02308e+16,SZSE,SZSE.ETF.159919,3.847,3.847,3.862,3.836,0.0,4.245,3.473,160761078.0,35700.0,618699407.0,137337.9,0.0,0.0,20230825,20230825,132419426,3.859,0.0,0.0,3.847,3.846,3.845,3.844,3.843,0.0,0.0,0.0,0.0,0.0,3.848,3.849,3.85,3.851,3.852,0.0,0.0,0.0,0.0,0.0,193300.0,1756100.0,2848700.0,454500.0,311600.0,0.0,0.0,0.0,0.0,0.0,1500000.0,2643500.0,767900.0,1888100.0,605800.0,0.0,0.0,0.0,0.0,0.0
2.02308e+16,SZSE,SZSE.ETF.159919,3.847,3.847,3.862,3.836,0.0,4.245,3.473,160725378.0,0.0,618562069.1,0.0,0.0,0.0,20230825,20230825,132419424,3.859,0.0,0.0,3.846,3.845,3.844,3.843,3.842,0.0,0.0,0.0,0.0,0.0,3.847,3.848,3.849,3.85,3.851,0.0,0.0,0.0,0.0,0.0,728300.0,3360800.0,1154500.0,311600.0,242700.0,0.0,0.0,0.0,0.0,0.0,26700.0,2015600.0,2527900.0,1952200.0,403800.0,0.0,0.0,0.0,0.0,0.0
2.02308e+16,SZSE,SZSE.ETF.159919,3.847,3.847,3.862,3.836,0.0,4.245,3.473,160761078.0,35700.0,618699407.0,137337.9,0.0,0.0,20230825,20230825,132422381,3.859,0.0,0.0,3.847,3.846,3.845,3.844,3.843,0.0,0.0,0.0,0.0,0.0,3.848,3.849,3.85,3.851,3.852,0.0,0.0,0.0,0.0,0.0,193300.0,1756100.0,2848700.0,454500.0,311600.0,0.0,0.0,0.0,0.0,0.0,1500000.0,2643500.0,767900.0,1888100.0,605800.0,0.0,0.0,0.0,0.0,0.0
2.02308e+16,SZSE,SZSE.ETF.159919,3.847,3.847,3.862,3.836,0.0,4.245,3.473,160761078.0,0.0,618699407.0,0.0,0.0,0.0,20230825,20230825,132425427,3.859,0.0,0.0,3.847,3.846,3.845,3.844,3.843,0.0,0.0,0.0,0.0,0.0,3.848,3.849,3.85,3.851,3.852,0.0,0.0,0.0,0.0,0.0,9000.0,1345700.0,2548700.0,954500.0,467900.0,0.0,0.0,0.0,0.0,0.0,2215600.0,2497900.0,997900.0,1399800.0,474100.0,0.0,0.0,0.0,0.0,0.0
2.02308e+16,SZSE,SZSE.ETF.159919,3.847,3.847,3.862,3.836,0.0,4.245,3.473,160724678.0,400.0,618559376.2,1538.8,0.0,0.0,20230825,20230825,132401377,3.859,0.0,0.0,3.846,3.845,3.844,3.843,3.842,0.0,0.0,0.0,0.0,0.0,3.847,3.848,3.849,3.85,3.851,0.0,0.0,0.0,0.0,0.0,868100.0,2200700.0,1707500.0,302100.0,242700.0,0.0,0.0,0.0,0.0,0.0,13500.0,2518600.0,1225200.0,2019600.0,123800.0,0.0,0.0,0.0,0.0,0.0
2.02308e+16,SZSE,SZSE.ETF.159919,3.848,3.847,3.862,3.836,0.0,4.245,3.473,164185878.0,700.0,631878631.7,2693.6,0.0,0.0,20230825,20230825,132716455,3.859,0.0,0.0,3.847,3.846,3.845,3.844,3.843,0.0,0.0,0.0,0.0,0.0,3.848,3.849,3.85,3.851,3.852,0.0,0.0,0.0,0.0,0.0,9000.0,1678700.0,2103500.0,957600.0,471500.0,0.0,0.0,0.0,0.0,0.0,1380100.0,3697800.0,1704800.0,1597300.0,476100.0,0.0,0.0,0.0,0.0,0.0
2.02308e+16,SZSE,SZSE.ETF.159919,3.839,3.847,3.862,3.836,0.0,4.245,3.473,148416878.0,6400.0,571241170.5,24569.6,0.0,0.0,20230825,20230825,131046595,3.859,0.0,0.0,3.839,3.838,3.837,3.836,3.835,0.0,0.0,0.0,0.0,0.0,3.84,3.841,3.842,3.843,3.844,0.0,0.0,0.0,0.0,0.0,45300.0,362200.0,1742800.0,2665500.0,821500.0,0.0,0.0,0.0,0.0,0.0,2934000.0,781900.0,1725000.0,918400.0,346400.0,0.0,0.0,0.0,0.0,0.0
2.02308e+16,SZSE,SZSE.ETF.159919,3.845,3.847,3.862,3.836,0.0,4.245,3.473,161511178.0,0.0,621584477.2,0.0,0.0,0.0,20230825,20230825,132601436,3.859,0.0,0.0,3.845,3.844,3.843,3.842,3.841,0.0,0.0,0.0,0.0,0.0,3.846,3.847,3.848,3.849,3.85,0.0,0.0,0.0,0.0,0.0,436400.0,2426900.0,1816200.0,300600.0,170300.0,0.0,0.0,0.0,0.0,0.0,311600.0,1530600.0,2364000.0,2574300.0,516700.0,0.0,0.0,0.0,0.0,0.0
2.02308e+16,SZSE,SZSE.ETF.159919,3.848,3.847,3.862,3.836,0.0,4.245,3.473,158403778.0,163200.0,609623941.5,628152.9,0.0,0.0,20230825,20230825,131943662,3.859,0.0,0.0,3.849,3.848,3.847,3.846,3.845,0.0,0.0,0.0,0.0,0.0,3.85,3.851,3.852,3.853,3.854,0.0,0.0,0.0,0.0,0.0,50000.0,1012200.0,3562800.0,1050000.0,613700.0,0.0,0.0,0.0,0.0,0.0,740000.0,1956400.0,1183600.0,1334500.0,879500.0,0.0,0.0,0.0,0.0,0.0
2.02308e+16,SZSE,SZSE.ETF.159919,3.844,3.847,3.862,3.836,0.0,4.245,3.473,154148378.0,0.0,593259189.3,0.0,0.0,0.0,20230825,20230825,131443422,3.859,0.0,0.0,3.843,3.842,3.841,3.84,3.839,0.0,0.0,0.0,0.0,0.0,3.844,3.845,3.846,3.847,3.848,0.0,0.0,0.0,0.0,0.0,3100.0,675300.0,2993700.0,924600.0,543700.0,0.0,0.0,0.0,0.0,0.0,1308900.0,1948000.0,1535000.0,1404700.0,468400.0,0.0,0.0,0.0,0.0,0.0
2.02308e+16,SZSE,SZSE.ETF.159919,3.844,3.847,3.862,3.836,0.0,4.245,3.473,154151378.0,0.0,593270721.3,0.0,0.0,0.0,20230825,20230825,131449521,3.859,0.0,0.0,3.843,3.842,3.841,3.84,3.839,0.0,0.0,0.0,0.0,0.0,3.844,3.845,3.846,3.847,3.848,0.0,0.0,0.0,0.0,0.0,53100.0,775300.0,2893700.0,1071600.0,542800.0,0.0,0.0,0.0,0.0,0.0,1405900.0,2098000.0,1435000.0,1404700.0,468400.0,0.0,0.0,0.0,0.0,0.0
2.02308e+16,SZSE,SZSE.ETF.159919,3.843,3.847,3.862,3.836,0.0,4.245,3.473,154138678.0,0.0,593221911.5,0.0,0.0,0.0,20230825,20230825,131431543,3.859,0.0,0.0,3.842,3.841,3.84,3.839,3.838,0.0,0.0,0.0,0.0,0.0,3.843,3.844,3.845,3.846,3.847,0.0,0.0,0.0,0.0,0.0,410800.0,3253200.0,1324600.0,413700.0,323400.0,0.0,0.0,0.0,0.0,0.0,9000.0,1200600.0,1978000.0,2389300.0,482000.0,0.0,0.0,0.0,0.0,0.0
2.02308e+16,SZSE,SZSE.ETF.159919,3.843,3.847,3.862,3.836,0.0,4.245,3.473,154139178.0,500.0,593223833.0,1921.5,0.0,0.0,20230825,20230825,131431554,3.859,0.0,0.0,3.842,3.841,3.84,3.839,3.838,0.0,0.0,0.0,0.0,0.0,3.843,3.844,3.845,3.846,3.847,0.0,0.0,0.0,0.0,0.0,510800.0,3253200.0,1224600.0,413700.0,323400.0,0.0,0.0,0.0,0.0,0.0,8500.0,1300600.0,1978000.0,1305000.0,1466300.0,0.0,0.0,0.0,0.0,0.0
2.02308e+16,SZSE,SZSE.ETF.159919,3.843,3.847,3.862,3.836,0.0,4.245,3.473,154139178.0,500.0,593223833.0,1921.5,0.0,0.0,20230825,20230825,131434508,3.859,0.0,0.0,3.842,3.841,3.84,3.839,3.838,0.0,0.0,0.0,0.0,0.0,3.843,3.844,3.845,3.846,3.847,0.0,0.0,0.0,0.0,0.0,510800.0,3253200.0,1224600.0,413700.0,323400.0,0.0,0.0,0.0,0.0,0.0,8500.0,1300600.0,1978000.0,1305000.0,1466300.0,0.0,0.0,0.0,0.0,0.0
2.02308e+16,SZSE,SZSE.ETF.159919,3.843,3.847,3.862,3.836,0.0,4.245,3.473,154139178.0,500.0,593223833.0,1921.5,0.0,0.0,20230825,20230825,131433000,3.859,0.0,0.0,3.842,3.841,3.84,3.839,3.838,0.0,0.0,0.0,0.0,0.0,3.843,3.844,3.845,3.846,3.847,0.0,0.0,0.0,0.0,0.0,510800.0,3253200.0,1224600.0,413700.0,323400.0,0.0,0.0,0.0,0.0,0.0,8500.0,1300600.0,1978000.0,1305000.0,1466300.0,0.0,0.0,0.0,0.0,0.0
2.02308e+16,SZSE,SZSE.ETF.159919,3.843,3.847,3.862,3.836,0.0,4.245,3.473,154147678.0,8500.0,593256498.5,32665.5,0.0,0.0,20230825,20230825,131434541,3.859,0.0,0.0,3.843,3.842,3.841,3.84,3.839,0.0,0.0,0.0,0.0,0.0,3.844,3.845,3.846,3.847,3.848,0.0,0.0,0.0,0.0,0.0,291500.0,1622800.0,2350200.0,524600.0,413700.0,0.0,0.0,0.0,0.0,0.0,809700.0,980100.0,2402900.0,1893100.0,573700.0,0.0,0.0,0.0,0.0,0.0
2.02308e+16,SZSE,SZSE.ETF.159919,3.843,3.847,3.862,3.836,0.0,4.245,3.473,154147678.0,8500.0,593256498.5,32665.5,0.0,0.0,20230825,20230825,131436000,3.859,0.0,0.0,3.843,3.842,3.841,3.84,3.839,0.0,0.0,0.0,0.0,0.0,3.844,3.845,3.846,3.847,3.848,0.0,0.0,0.0,0.0,0.0,291500.0,1622800.0,2350200.0,524600.0,413700.0,0.0,0.0,0.0,0.0,0.0,809700.0,980100.0,2402900.0,1893100.0,573700.0,0.0,0.0,0.0,0.0,0.0
2.02308e+16,SZSE,SZSE.ETF.159919,3.843,3.847,3.862,3.836,0.0,4.245,3.473,154147678.0,8500.0,593256498.5,32665.5,0.0,0.0,20230825,20230825,131437495,3.859,0.0,0.0,3.843,3.842,3.841,3.84,3.839,0.0,0.0,0.0,0.0,0.0,3.844,3.845,3.846,3.847,3.848,0.0,0.0,0.0,0.0,0.0,291500.0,1622800.0,2350200.0,524600.0,413700.0,0.0,0.0,0.0,0.0,0.0,809700.0,980100.0,2402900.0,1893100.0,573700.0,0.0,0.0,0.0,0.0,0.0
2.02308e+16,SZSE,SZSE.ETF.159919,3.845,3.847,3.862,3.836,0.0,4.245,3.473,154778678.0,61000.0,595682482.6,234554.0,0.0,0.0,20230825,20230825,131516754,3.859,0.0,0.0,3.845,3.844,3.843,3.842,3.841,0.0,0.0,0.0,0.0,0.0,3.846,3.847,3.848,3.849,3.85,0.0,0.0,0.0,0.0,0.0,400000.0,3526300.0,1500000.0,465800.0,372000.0,0.0,0.0,0.0,0.0,0.0,1177000.0,1510300.0,1353200.0,690000.0,1588200.0,0.0,0.0,0.0,0.0,0.0
2.02308e+16,SZSE,SZSE.ETF.159919,3.846,3.847,3.862,3.836,0.0,4.245,3.473,161092378.0,0.0,619974090.0,0.0,0.0,0.0,20230825,20230825,132528490,3.859,0.0,0.0,3.846,3.845,3.844,3.843,3.842,0.0,0.0,0.0,0.0,0.0,3.847,3.848,3.849,3.85,3.851,0.0,0.0,0.0,0.0,0.0,76600.0,1392100.0,2289300.0,1213600.0,330600.0,0.0,0.0,0.0,0.0,0.0,1725500.0,2029100.0,2814200.0,571700.0,126300.0,0.0,0.0,0.0,0.0,0.0
2.02308e+16,SZSE,SZSE.ETF.159919,3.848,3.847,3.862,3.836,0.0,4.245,3.473,164192178.0,700.0,631902876.7,2693.6,0.0,0.0,20230825,20230825,132749410,3.859,0.0,0.0,3.847,3.846,3.845,3.844,3.843,0.0,0.0,0.0,0.0,0.0,3.849,3.85,3.851,3.852,3.853,0.0,0.0,0.0,0.0,0.0,841600.0,2881700.0,1500500.0,157600.0,171500.0,0.0,0.0,0.0,0.0,0.0,1495500.0,3002700.0,1017300.0,1356100.0,175300.0,0.0,0.0,0.0,0.0,0.0
2.02308e+16,SZSE,SZSE.ETF.159919,3.837,3.847,3.862,3.836,0.0,4.245,3.473,146875378.0,53000.0,565324076.3,203411.0,0.0,0.0,20230825,20230825,130918000,3.859,0.0,0.0,3.837,3.836,3.835,3.834,3.833,0.0,0.0,0.0,0.0,0.0,3.838,3.839,3.84,3.841,3.842,0.0,0.0,0.0,0.0,0.0,376500.0,1551900.0,2033500.0,1051900.0,177000.0,0.0,0.0,0.0,0.0,0.0,169300.0,1806600.0,1481900.0,1420000.0,697000.0,0.0,0.0,0.0,0.0,0.0
2.02308e+16,SZSE,SZSE.ETF.159919,3.846,3.847,3.862,3.836,0.0,4.245,3.473,164367078.0,0.0,632575655.0,0.0,0.0,0.0,20230825,20230825,132837470,3.859,0.0,0.0,3.845,3.844,3.843,3.842,3.841,0.0,0.0,0.0,0.0,0.0,3.846,3.847,3.848,3.849,3.85,0.0,0.0,0.0,0.0,0.0,109500.0,2691900.0,1215700.0,700600.0,44000.0,0.0,0.0,0.0,0.0,0.0,269200.0,1251300.0,1630400.0,1125700.0,2312400.0,0.0,0.0,0.0,0.0,0.0
2.02308e+16,SZSE,SZSE.ETF.159919,3.847,3.847,3.862,3.836,0.0,4.245,3.473,164302178.0,100.0,632326046.7,384.6999999,0.0,0.0,20230825,20230825,132825388,3.859,0.0,0.0,3.846,3.845,3.844,3.843,3.842,0.0,0.0,0.0,0.0,0.0,3.847,3.848,3.849,3.85,3.851,0.0,0.0,0.0,0.0,0.0,22600.0,3091200.0,1857600.0,415700.0,356900.0,0.0,0.0,0.0,0.0,0.0,1341800.0,1097400.0,1356000.0,2164200.0,395700.0,0.0,0.0,0.0,0.0,0.0
2.02308e+16,SZSE,SZSE.ETF.159919,3.848,3.847,3.862,3.836,0.0,4.245,3.473,161531878.0,1700.0,621664110.6,6540.4,0.0,0.0,20230825,20230825,132607602,3.859,0.0,0.0,3.847,3.846,3.845,3.844,3.843,0.0,0.0,0.0,0.0,0.0,3.848,3.849,3.85,3.851,3.852,0.0,0.0,0.0,0.0,0.0,1016000.0,1719300.0,1200500.0,557600.0,371500.0,0.0,0.0,0.0,0.0,0.0,724000.0,2421600.0,1702800.0,1302300.0,1076100.0,0.0,0.0,0.0,0.0,0.0
2.02308e+16,SZSE,SZSE.ETF.159919,3.849,3.847,3.862,3.836,0.0,4.245,3.473,163265878.0,0.0,628337552.6,0.0,0.0,0.0,20230825,20230825,132634565,3.859,0.0,0.0,3.849,3.848,3.847,3.846,3.845,0.0,0.0,0.0,0.0,0.0,3.85,3.851,3.852,3.853,3.854,0.0,0.0,0.0,0.0,0.0,865800.0,2491200.0,1298000.0,450000.0,330500.0,0.0,0.0,0.0,0.0,0.0,74900.0,1638000.0,1751600.0,930200.0,1169100.0,0.0,0.0,0.0,0.0,0.0
2.02308e+16,SZSE,SZSE.ETF.159919,3.848,3.847,3.862,3.836,0.0,4.245,3.473,161531878.0,0.0,621664110.6,0.0,0.0,0.0,20230825,20230825,132613557,3.859,0.0,0.0,3.847,3.846,3.845,3.844,3.843,0.0,0.0,0.0,0.0,0.0,3.848,3.849,3.85,3.851,3.852,0.0,0.0,0.0,0.0,0.0,516000.0,2419300.0,1100500.0,457600.0,371500.0,0.0,0.0,0.0,0.0,0.0,724000.0,2521600.0,1702800.0,1902300.0,476100.0,0.0,0.0,0.0,0.0,0.0
2.02308e+16,SZSE,SZSE.ETF.159919,3.849,3.847,3.862,3.836,0.0,4.245,3.473,162701678.0,300000.0,626165946.8,1154700.0,0.0,0.0,20230825,20230825,132628476,3.859,0.0,0.0,3.848,3.847,3.846,3.845,3.844,0.0,0.0,0.0,0.0,0.0,3.849,3.85,3.851,3.852,3.853,0.0,0.0,0.0,0.0,0.0,1087100.0,3279700.0,1150000.0,400500.0,213900.0,0.0,0.0,0.0,0.0,0.0,564200.0,1006700.0,1871000.0,1513500.0,977300.0,0.0,0.0,0.0,0.0,0.0
2.02308e+16,SZSE,SZSE.ETF.159919,3.848,3.847,3.862,3.836,0.0,4.245,3.473,162223578.0,691000.0,624325772.2,2658968.0,0.0,0.0,20230825,20230825,132622473,3.859,0.0,0.0,3.847,3.846,3.845,3.844,3.843,0.0,0.0,0.0,0.0,0.0,3.848,3.849,3.85,3.851,3.852,0.0,0.0,0.0,0.0,0.0,2117700.0,1300000.0,1200500.0,157600.0,71500.0,0.0,0.0,0.0,0.0,0.0,32300.0,1821600.0,1504900.0,2020200.0,1356100.0,0.0,0.0,0.0,0.0,0.0
2.02308e+16,SZSE,SZSE.ETF.159919,3.846,3.847,3.862,3.836,0.0,4.245,3.473,161092378.0,0.0,619974090.0,0.0,0.0,0.0,20230825,20230825,132537445,3.859,0.0,0.0,3.846,3.845,3.844,3.843,3.842,0.0,0.0,0.0,0.0,0.0,3.847,3.848,3.849,3.85,3.851,0.0,0.0,0.0,0.0,0.0,108800.0,783100.0,2889300.0,913600.0,330600.0,0.0,0.0,0.0,0.0,0.0,1716500.0,2048100.0,2814200.0,294700.0,426300.0,0.0,0.0,0.0,0.0,0.0
2.02308e+16,SZSE,SZSE.ETF.159919,3.846,3.847,3.862,3.836,0.0,4.245,3.473,161097378.0,0.0,619993320.0,0.0,0.0,0.0,20230825,20230825,132543455,3.859,0.0,0.0,3.846,3.845,3.844,3.843,3.842,0.0,0.0,0.0,0.0,0.0,3.847,3.848,3.849,3.85,3.851,0.0,0.0,0.0,0.0,0.0,94800.0,792100.0,2589300.0,913600.0,630600.0,0.0,0.0,0.0,0.0,0.0,1725500.0,2039100.0,2824200.0,574700.0,126300.0,0.0,0.0,0.0,0.0,0.0
2.02308e+16,SZSE,SZSE.ETF.159919,3.846,3.847,3.862,3.836,0.0,4.245,3.473,164393178.0,2100.0,632676011.6,8076.6,0.0,0.0,20230825,20230825,132852454,3.859,0.0,0.0,3.845,3.844,3.843,3.842,3.841,0.0,0.0,0.0,0.0,0.0,3.846,3.847,3.848,3.849,3.85,0.0,0.0,0.0,0.0,0.0,853000.0,3748300.0,915700.0,205600.0,96400.0,0.0,0.0,0.0,0.0,0.0,180200.0,1242400.0,1630400.0,625700.0,2786000.0,0.0,0.0,0.0,0.0,0.0
2.02308e+16,SZSE,SZSE.ETF.159919,3.847,3.847,3.862,3.836,0.0,4.245,3.473,164301878.0,0.0,632324892.6,0.0,0.0,0.0,20230825,20230825,132819473,3.859,0.0,0.0,3.846,3.845,3.844,3.843,3.842,0.0,0.0,0.0,0.0,0.0,3.847,3.848,3.849,3.85,3.851,0.0,0.0,0.0,0.0,0.0,131600.0,3082200.0,1107600.0,715700.0,356900.0,0.0,0.0,0.0,0.0,0.0,603100.0,1311500.0,1745900.0,1659200.0,995700.0,0.0,0.0,0.0,0.0,0.0
2.02308e+16,SZSE,SZSE.ETF.159919,3.848,3.847,3.862,3.836,0.0,4.245,3.473,164191478.0,0.0,631900183.1,0.0,0.0,0.0,20230825,20230825,132743391,3.859,0.0,0.0,3.847,3.846,3.845,3.844,3.843,0.0,0.0,0.0,0.0,0.0,3.848,3.849,3.85,3.851,3.852,0.0,0.0,0.0,0.0,0.0,341600.0,3381700.0,1300500.0,157600.0,71500.0,0.0,0.0,0.0,0.0,0.0,675500.0,1318000.0,2902700.0,1117300.0,756100.0,0.0,0.0,0.0,0.0,0.0
2.02308e+16,SZSE,SZSE.ETF.159919,3.848,3.847,3.862,3.836,0.0,4.245,3.473,164192178.0,0.0,631902876.7,0.0,0.0,0.0,20230825,20230825,132758432,3.859,0.0,0.0,3.847,3.846,3.845,3.844,3.843,0.0,0.0,0.0,0.0,0.0,3.848,3.849,3.85,3.851,3.852,0.0,0.0,0.0,0.0,0.0,441600.0,2998700.0,1203500.0,257600.0,472000.0,0.0,0.0,0.0,0.0,0.0,675000.0,1621000.0,2499700.0,1217300.0,756100.0,0.0,0.0,0.0,0.0,0.0
2.02308e+16,SZSE,SZSE.ETF.159919,3.847,3.847,3.862,3.836,0.0,4.245,3.473,160765478.0,1900.0,618716333.8,7309.3,0.0,0.0,20230825,20230825,132434401,3.859,0.0,0.0,3.847,3.846,3.845,3.844,3.843,0.0,0.0,0.0,0.0,0.0,3.848,3.849,3.85,3.851,3.852,0.0,0.0,0.0,0.0,0.0,659000.0,2225500.0,1822500.0,454500.0,467900.0,0.0,0.0,0.0,0.0,0.0,900000.0,1915600.0,2295800.0,1899800.0,474100.0,0.0,0.0,0.0,0.0,0.0
2.02308e+16,SZSE,SZSE.ETF.159919,3.846,3.847,3.862,3.836,0.0,4.245,3.473,164367078.0,47000.0,632575655.0,180762.0,0.0,0.0,20230825,20230825,132831472,3.859,0.0,0.0,3.845,3.844,3.843,3.842,3.841,0.0,0.0,0.0,0.0,0.0,3.846,3.847,3.848,3.849,3.85,0.0,0.0,0.0,0.0,0.0,1290800.0,2610600.0,915700.0,456900.0,233800.0,0.0,0.0,0.0,0.0,0.0,114500.0,1306000.0,1800400.0,753000.0,2344200.0,0.0,0.0,0.0,0.0,0.0
2.02308e+16,SZSE,SZSE.ETF.159919,3.847,3.847,3.862,3.836,0.0,4.245,3.473,164305078.0,2900.0,632337203.0,11156.3,0.0,0.0,20230825,20230825,132828407,3.859,0.0,0.0,3.846,3.845,3.844,3.843,3.842,0.0,0.0,0.0,0.0,0.0,3.847,3.848,3.849,3.85,3.851,0.0,0.0,0.0,0.0,0.0,22600.0,3391200.0,1107600.0,415700.0,356900.0,0.0,0.0,0.0,0.0,0.0,738900.0,1697400.0,1456000.0,2164200.0,395700.0,0.0,0.0,0.0,0.0,0.0
2.02308e+16,SZSE,SZSE.ETF.159919,3.847,3.847,3.862,3.836,0.0,4.245,3.473,164301178.0,24000.0,632322199.7,92328.0,0.0,0.0,20230825,20230825,132813451,3.859,0.0,0.0,3.846,3.845,3.844,3.843,3.842,0.0,0.0,0.0,0.0,0.0,3.847,3.848,3.849,3.85,3.851,0.0,0.0,0.0,0.0,0.0,331600.0,3082200.0,957600.0,772000.0,420400.0,0.0,0.0,0.0,0.0,0.0,698800.0,1306500.0,1715900.0,1104900.0,1418000.0,0.0,0.0,0.0,0.0,0.0
2.02308e+16,SZSE,SZSE.ETF.159919,3.847,3.847,3.862,3.836,0.0,4.245,3.473,164301878.0,700.0,632324892.6,2692.9,0.0,0.0,20230825,20230825,132816472,3.859,0.0,0.0,3.846,3.845,3.844,3.843,3.842,0.0,0.0,0.0,0.0,0.0,3.847,3.848,3.849,3.85,3.851,0.0,0.0,0.0,0.0,0.0,31600.0,3382200.0,1357600.0,815700.0,256900.0,0.0,0.0,0.0,0.0,0.0,305800.0,1306500.0,1745900.0,1959200.0,995700.0,0.0,0.0,0.0,0.0,0.0
2.02308e+16,SZSE,SZSE.ETF.159919,3.847,3.847,3.862,3.836,0.0,4.245,3.473,164301878.0,0.0,632324892.6,0.0,0.0,0.0,20230825,20230825,132816512,3.859,0.0,0.0,3.846,3.845,3.844,3.843,3.842,0.0,0.0,0.0,0.0,0.0,3.847,3.848,3.849,3.85,3.851,0.0,0.0,0.0,0.0,0.0,131600.0,3082200.0,1107600.0,715700.0,356900.0,0.0,0.0,0.0,0.0,0.0,603100.0,1311500.0,1745900.0,1659200.0,995700.0,0.0,0.0,0.0,0.0,0.0
2.02308e+16,SZSE,SZSE.ETF.159919,3.846,3.847,3.862,3.836,0.0,4.245,3.473,164367078.0,47000.0,632575655.0,180762.0,0.0,0.0,20230825,20230825,132834430,3.859,0.0,0.0,3.845,3.844,3.843,3.842,3.841,0.0,0.0,0.0,0.0,0.0,3.846,3.847,3.848,3.849,3.85,0.0,0.0,0.0,0.0,0.0,1290800.0,2610600.0,915700.0,456900.0,233800.0,0.0,0.0,0.0,0.0,0.0,114500.0,1306000.0,1800400.0,753000.0,2344200.0,0.0,0.0,0.0,0.0,0.0
2.02308e+16,SZSE,SZSE.ETF.159919,3.845,3.847,3.862,3.836,0.0,4.245,3.473,161511178.0,412800.0,621584477.2,1587310.5,0.0,0.0,20230825,20230825,132549460,3.859,0.0,0.0,3.845,3.844,3.843,3.842,3.841,0.0,0.0,0.0,0.0,0.0,3.846,3.847,3.848,3.849,3.85,0.0,0.0,0.0,0.0,0.0,436200.0,2426900.0,1513600.0,330600.0,260100.0,0.0,0.0,0.0,0.0,0.0,911600.0,1325500.0,1939100.0,2604300.0,304700.0,0.0,0.0,0.0,0.0,0.0
2.02308e+16,SZSE,SZSE.ETF.159919,3.837,3.847,3.862,3.836,0.0,4.245,3.473,146822378.0,0.0,565120665.3,0.0,0.0,0.0,20230825,20230825,130916621,3.859,0.0,0.0,3.837,3.836,3.835,3.834,3.833,0.0,0.0,0.0,0.0,0.0,3.838,3.839,3.84,3.841,3.842,0.0,0.0,0.0,0.0,0.0,155100.0,1192800.0,1537800.0,1930600.0,350600.0,0.0,0.0,0.0,0.0,0.0,661200.0,2263100.0,1230000.0,1005000.0,538400.0,0.0,0.0,0.0,0.0,0.0
2.02308e+16,SZSE,SZSE.ETF.159919,3.849,3.847,3.862,3.836,0.0,4.245,3.473,163304178.0,38300.0,628484969.3,147416.7,0.0,0.0,20230825,20230825,132643450,3.859,0.0,0.0,3.848,3.847,3.846,3.845,3.844,0.0,0.0,0.0,0.0,0.0,3.849,3.85,3.851,3.852,3.853,0.0,0.0,0.0,0.0,0.0,1388200.0,2401000.0,950000.0,430500.0,403700.0,0.0,0.0,0.0,0.0,0.0,861700.0,1774800.0,1941000.0,1743500.0,915300.0,0.0,0.0,0.0,0.0,0.0
2.02308e+16,SZSE,SZSE.ETF.159919,3.848,3.847,3.862,3.836,0.0,4.245,3.473,164192178.0,0.0,631902876.7,0.0,0.0,0.0,20230825,20230825,132755389,3.859,0.0,0.0,3.847,3.846,3.845,3.844,3.843,0.0,0.0,0.0,0.0,0.0,3.848,3.849,3.85,3.851,3.852,0.0,0.0,0.0,0.0,0.0,341600.0,3401700.0,1000500.0,157600.0,72000.0,0.0,0.0,0.0,0.0,0.0,675000.0,1218000.0,2902700.0,617300.0,1356100.0,0.0,0.0,0.0,0.0,0.0
2.02308e+16,SZSE,SZSE.ETF.159919,3.845,3.847,3.862,3.836,0.0,4.245,3.473,161511178.0,0.0,621584477.2,0.0,0.0,0.0,20230825,20230825,132558433,3.859,0.0,0.0,3.845,3.844,3.843,3.842,3.841,0.0,0.0,0.0,0.0,0.0,3.846,3.847,3.848,3.849,3.85,0.0,0.0,0.0,0.0,0.0,197500.0,2362800.0,2219200.0,300600.0,150100.0,0.0,0.0,0.0,0.0,0.0,911600.0,1533600.0,1731000.0,2504300.0,304700.0,0.0,0.0,0.0,0.0,0.0
2.02308e+16,SZSE,SZSE.ETF.159919,3.847,3.847,3.862,3.836,0.0,4.245,3.473,160765478.0,0.0,618716333.8,0.0,0.0,0.0,20230825,20230825,132437451,3.859,0.0,0.0,3.847,3.846,3.845,3.844,3.843,0.0,0.0,0.0,0.0,0.0,3.848,3.849,3.85,3.851,3.852,0.0,0.0,0.0,0.0,0.0,35800.0,1450700.0,2425500.0,554500.0,143600.0,0.0,0.0,0.0,0.0,0.0,1715600.0,2897900.0,897900.0,1399800.0,502400.0,0.0,0.0,0.0,0.0,0.0
2.02308e+16,SZSE,SZSE.ETF.159919,3.848,3.847,3.862,3.836,0.0,4.245,3.473,164192178.0,0.0,631902876.7,0.0,0.0,0.0,20230825,20230825,132752373,3.859,0.0,0.0,3.847,3.846,3.845,3.844,3.843,0.0,0.0,0.0,0.0,0.0,3.848,3.849,3.85,3.851,3.852,0.0,0.0,0.0,0.0,0.0,441600.0,3601700.0,1300500.0,257600.0,151800.0,0.0,0.0,0.0,0.0,0.0,277700.0,1318000.0,2772700.0,1047300.0,1144100.0,0.0,0.0,0.0,0.0,0.0
2.02308e+16,SZSE,SZSE.ETF.159919,3.849,3.847,3.862,3.836,0.0,4.245,3.473,164188478.0,0.0,631888639.1,0.0,0.0,0.0,20230825,20230825,132725408,3.859,0.0,0.0,3.848,3.847,3.846,3.845,3.844,0.0,0.0,0.0,0.0,0.0,3.849,3.85,3.851,3.852,3.853,0.0,0.0,0.0,0.0,0.0,2000.0,1116600.0,2881700.0,1200500.0,287600.0,0.0,0.0,0.0,0.0,0.0,1377500.0,2872700.0,1147300.0,1144100.0,123600.0,0.0,0.0,0.0,0.0,0.0
2.02308e+16,SZSE,SZSE.ETF.159919,3.849,3.847,3.862,3.836,0.0,4.245,3.473,164188478.0,2600.0,631888639.1,10007.4,0.0,0.0,20230825,20230825,132722375,3.859,0.0,0.0,3.848,3.847,3.846,3.845,3.844,0.0,0.0,0.0,0.0,0.0,3.849,3.85,3.851,3.852,3.853,0.0,0.0,0.0,0.0,0.0,2000.0,1116600.0,2881700.0,1000500.0,257600.0,0.0,0.0,0.0,0.0,0.0,1272400.0,2977800.0,1247300.0,1144100.0,177300.0,0.0,0.0,0.0,0.0,0.0
2.02308e+16,SZSE,SZSE.ETF.159919,3.845,3.847,3.862,3.836,0.0,4.245,3.473,164391078.0,0.0,632667935.0,0.0,0.0,0.0,20230825,20230825,132849428,3.859,0.0,0.0,3.845,3.844,3.843,3.842,3.841,0.0,0.0,0.0,0.0,0.0,3.846,3.847,3.848,3.849,3.85,0.0,0.0,0.0,0.0,0.0,1462000.0,3139300.0,915700.0,205600.0,70300.0,0.0,0.0,0.0,0.0,0.0,18600.0,1406100.0,1630400.0,725700.0,2886000.0,0.0,0.0,0.0,0.0,0.0
2.02308e+16,SZSE,SZSE.ETF.159919,3.845,3.847,3.862,3.836,0.0,4.245,3.473,164391078.0,0.0,632667935.0,0.0,0.0,0.0,20230825,20230825,132846432,3.859,0.0,0.0,3.845,3.844,3.843,3.842,3.841,0.0,0.0,0.0,0.0,0.0,3.846,3.847,3.848,3.849,3.85,0.0,0.0,0.0,0.0,0.0,304200.0,3648300.0,1215700.0,305600.0,170300.0,0.0,0.0,0.0,0.0,0.0,182300.0,1342400.0,1730400.0,1225700.0,2186000.0,0.0,0.0,0.0,0.0,0.0
2.02308e+16,SZSE,SZSE.ETF.159919,3.849,3.847,3.862,3.836,0.0,4.245,3.473,164184978.0,13700.0,631875168.5,52731.3,0.0,0.0,20230825,20230825,132704533,3.859,0.0,0.0,3.848,3.847,3.846,3.845,3.844,0.0,0.0,0.0,0.0,0.0,3.849,3.85,3.851,3.852,3.853,0.0,0.0,0.0,0.0,0.0,200.0,1487700.0,2603000.0,800500.0,313900.0,0.0,0.0,0.0,0.0,0.0,1381000.0,2672700.0,763000.0,1498600.0,97300.0,0.0,0.0,0.0,0.0,0.0
2.02308e+16,SZSE,SZSE.ETF.159919,3.849,3.847,3.862,3.836,0.0,4.245,3.473,164188478.0,2600.0,631888639.1,10007.4,0.0,0.0,20230825,20230825,132719419,3.859,0.0,0.0,3.848,3.847,3.846,3.845,3.844,0.0,0.0,0.0,0.0,0.0,3.849,3.85,3.851,3.852,3.853,0.0,0.0,0.0,0.0,0.0,2000.0,1116600.0,2881700.0,1000500.0,257600.0,0.0,0.0,0.0,0.0,0.0,1272400.0,2977800.0,1247300.0,1144100.0,177300.0,0.0,0.0,0.0,0.0,0.0
2.02308e+16,SZSE,SZSE.ETF.159919,3.847,3.847,3.862,3.836,0.0,4.245,3.473,164232178.0,40000.0,632056756.7,153880.0,0.0,0.0,20230825,20230825,132804477,3.859,0.0,0.0,3.846,3.845,3.844,3.843,3.842,0.0,0.0,0.0,0.0,0.0,3.847,3.848,3.849,3.85,3.851,0.0,0.0,0.0,0.0,0.0,722600.0,2703500.0,757600.0,172000.0,320400.0,0.0,0.0,0.0,0.0,0.0,237500.0,1197500.0,1715900.0,1604800.0,1418000.0,0.0,0.0,0.0,0.0,0.0
2.02308e+16,SZSE,SZSE.ETF.159919,3.838,3.847,3.862,3.836,0.0,4.245,3.473,147520778.0,0.0,567801192.7,0.0,0.0,0.0,20230825,20230825,130958511,3.859,0.0,0.0,3.838,3.837,3.836,3.835,3.834,0.0,0.0,0.0,0.0,0.0,3.839,3.84,3.841,3.842,3.843,0.0,0.0,0.0,0.0,0.0,59400.0,1151200.0,2246200.0,1164000.0,958300.0,0.0,0.0,0.0,0.0,0.0,724000.0,2627900.0,1630000.0,885000.0,892200.0,0.0,0.0,0.0,0.0,0.0
2.02308e+16,SZSE,SZSE.ETF.159919,3.837,3.847,3.862,3.836,0.0,4.245,3.473,146875378.0,53000.0,565324076.3,203411.0,0.0,0.0,20230825,20230825,130919571,3.859,0.0,0.0,3.837,3.836,3.835,3.834,3.833,0.0,0.0,0.0,0.0,0.0,3.838,3.839,3.84,3.841,3.842,0.0,0.0,0.0,0.0,0.0,376500.0,1551900.0,2033500.0,1051900.0,177000.0,0.0,0.0,0.0,0.0,0.0,169300.0,1806600.0,1481900.0,1420000.0,697000.0,0.0,0.0,0.0,0.0,0.0
2.02308e+16,SZSE,SZSE.ETF.159919,3.849,3.847,3.862,3.836,0.0,4.245,3.473,162701678.0,0.0,626165946.8,0.0,0.0,0.0,20230825,20230825,132631430,3.859,0.0,0.0,3.848,3.847,3.846,3.845,3.844,0.0,0.0,0.0,0.0,0.0,3.849,3.85,3.851,3.852,3.853,0.0,0.0,0.0,0.0,0.0,897100.0,3279700.0,1050000.0,400500.0,213900.0,0.0,0.0,0.0,0.0,0.0,564200.0,1106700.0,1771000.0,1513500.0,1077300.0,0.0,0.0,0.0,0.0,0.0
2.02308e+16,SZSE,SZSE.ETF.159919,3.845,3.847,3.862,3.836,0.0,4.245,3.473,161511178.0,0.0,621584477.2,0.0,0.0,0.0,20230825,20230825,132552438,3.859,0.0,0.0,3.845,3.844,3.843,3.842,3.841,0.0,0.0,0.0,0.0,0.0,3.847,3.848,3.849,3.85,3.851,0.0,0.0,0.0,0.0,0.0,436200.0,3026900.0,1616200.0,300600.0,70300.0,0.0,0.0,0.0,0.0,0.0,1925500.0,1969100.0,2390000.0,516700.0,484000.0,0.0,0.0,0.0,0.0,0.0
2.02308e+16,SZSE,SZSE.ETF.159919,3.846,3.847,3.862,3.836,0.0,4.245,3.473,161092378.0,13300.0,619974090.0,51151.8,0.0,0.0,20230825,20230825,132528443,3.859,0.0,0.0,3.846,3.845,3.844,3.843,3.842,0.0,0.0,0.0,0.0,0.0,3.847,3.848,3.849,3.85,3.851,0.0,0.0,0.0,0.0,0.0,76600.0,1092100.0,2889300.0,913600.0,330600.0,0.0,0.0,0.0,0.0,0.0,1715500.0,2029100.0,2509900.0,776000.0,426300.0,0.0,0.0,0.0,0.0,0.0
2.02308e+16,SZSE,SZSE.ETF.159919,3.849,3.847,3.862,3.836,0.0,4.245,3.473,164166078.0,0.0,631802422.4,0.0,0.0,0.0,20230825,20230825,132701435,3.859,0.0,0.0,3.849,3.848,3.847,3.846,3.845,0.0,0.0,0.0,0.0,0.0,3.85,3.851,3.852,3.853,3.854,0.0,0.0,0.0,0.0,0.0,200.0,400200.0,3390700.0,950000.0,430500.0,0.0,0.0,0.0,0.0,0.0,2489700.0,1630900.0,1348600.0,915300.0,469100.0,0.0,0.0,0.0,0.0,0.0
2.02308e+16,SZSE,SZSE.ETF.159919,3.849,3.847,3.862,3.836,0.0,4.245,3.473,163265878.0,0.0,628337552.6,0.0,0.0,0.0,20230825,20230825,132643425,3.859,0.0,0.0,3.849,3.848,3.847,3.846,3.845,0.0,0.0,0.0,0.0,0.0,3.85,3.851,3.852,3.853,3.854,0.0,0.0,0.0,0.0,0.0,37600.0,1588200.0,2201000.0,950000.0,456800.0,0.0,0.0,0.0,0.0,0.0,2474800.0,1041000.0,1943500.0,915300.0,442800.0,0.0,0.0,0.0,0.0,0.0
2.02308e+16,SZSE,SZSE.ETF.159919,3.848,3.847,3.862,3.836,0.0,4.245,3.473,161531878.0,1700.0,621664110.6,6540.4,0.0,0.0,20230825,20230825,132610558,3.859,0.0,0.0,3.847,3.846,3.845,3.844,3.843,0.0,0.0,0.0,0.0,0.0,3.848,3.849,3.85,3.851,3.852,0.0,0.0,0.0,0.0,0.0,1016000.0,1719300.0,1200500.0,557600.0,371500.0,0.0,0.0,0.0,0.0,0.0,724000.0,2421600.0,1702800.0,1302300.0,1076100.0,0.0,0.0,0.0,0.0,0.0
2.02308e+16,SZSE,SZSE.ETF.159919,3.849,3.847,3.862,3.836,0.0,4.245,3.473,162401678.0,178100.0,625011246.8,685474.6,0.0,0.0,20230825,20230825,132625485,3.859,0.0,0.0,3.848,3.847,3.846,3.845,3.844,0.0,0.0,0.0,0.0,0.0,3.849,3.85,3.851,3.852,3.853,0.0,0.0,0.0,0.0,0.0,1579500.0,2817300.0,950000.0,400500.0,157600.0,0.0,0.0,0.0,0.0,0.0,864200.0,1036700.0,1741000.0,1230600.0,1630200.0,0.0,0.0,0.0,0.0,0.0
2.02308e+16,SZSE,SZSE.ETF.159919,3.848,3.847,3.862,3.836,0.0,4.245,3.473,161532578.0,700.0,621666804.2,2693.6,0.0,0.0,20230825,20230825,132616493,3.859,0.0,0.0,3.847,3.846,3.845,3.844,3.843,0.0,0.0,0.0,0.0,0.0,3.848,3.849,3.85,3.851,3.852,0.0,0.0,0.0,0.0,0.0,416000.0,2419300.0,1200500.0,457600.0,345200.0,0.0,0.0,0.0,0.0,0.0,723300.0,2321600.0,1802800.0,1902300.0,502400.0,0.0,0.0,0.0,0.0,0.0
2.02308e+16,SZSE,SZSE.ETF.159919,3.846,3.847,3.862,3.836,0.0,4.245,3.473,161097378.0,5000.0,619993320.0,19230.0,0.0,0.0,20230825,20230825,132540456,3.859,0.0,0.0,3.846,3.845,3.844,3.843,3.842,0.0,0.0,0.0,0.0,0.0,3.847,3.848,3.849,3.85,3.851,0.0,0.0,0.0,0.0,0.0,103800.0,783100.0,2289300.0,1213600.0,630600.0,0.0,0.0,0.0,0.0,0.0,1716500.0,2048100.0,3004200.0,294700.0,426300.0,0.0,0.0,0.0,0.0,0.0
2.02308e+16,SZSE,SZSE.ETF.159919,3.845,3.847,3.862,3.836,0.0,4.245,3.473,161511178.0,0.0,621584477.2,0.0,0.0,0.0,20230825,20230825,132555449,3.859,0.0,0.0,3.845,3.844,3.843,3.842,3.841,0.0,0.0,0.0,0.0,0.0,3.847,3.848,3.849,3.85,3.851,0.0,0.0,0.0,0.0,0.0,436400.0,2426900.0,1816200.0,300600.0,250100.0,0.0,0.0,0.0,0.0,0.0,1430600.0,2334000.0,2620000.0,789000.0,480000.0,0.0,0.0,0.0,0.0,0.0
2.02308e+16,SZSE,SZSE.ETF.159919,3.847,3.847,3.862,3.836,0.0,4.245,3.473,161098378.0,1000.0,619997166.7,3846.7,0.0,0.0,20230825,20230825,132546448,3.859,0.0,0.0,3.846,3.845,3.844,3.843,3.842,0.0,0.0,0.0,0.0,0.0,3.847,3.848,3.849,3.85,3.851,0.0,0.0,0.0,0.0,0.0,94500.0,792100.0,2289300.0,1213600.0,630600.0,0.0,0.0,0.0,0.0,0.0,1824800.0,2039100.0,2904200.0,304700.0,426300.0,0.0,0.0,0.0,0.0,0.0
2.02308e+16,SZSE,SZSE.ETF.159919,3.848,3.847,3.862,3.836,0.0,4.245,3.473,164185178.0,0.0,631875938.1,0.0,0.0,0.0,20230825,20230825,132713487,3.859,0.0,0.0,3.847,3.846,3.845,3.844,3.843,0.0,0.0,0.0,0.0,0.0,3.848,3.849,3.85,3.851,3.852,0.0,0.0,0.0,0.0,0.0,309000.0,1678700.0,1903500.0,1057600.0,98900.0,0.0,0.0,0.0,0.0,0.0,1380800.0,3597800.0,1704800.0,1597300.0,502400.0,0.0,0.0,0.0,0.0,0.0
2.02308e+16,SZSE,SZSE.ETF.159919,3.848,3.847,3.862,3.836,0.0,4.245,3.473,161532578.0,0.0,621666804.2,0.0,0.0,0.0,20230825,20230825,132619434,3.859,0.0,0.0,3.847,3.846,3.845,3.844,3.843,0.0,0.0,0.0,0.0,0.0,3.848,3.849,3.85,3.851,3.852,0.0,0.0,0.0,0.0,0.0,1053600.0,2681700.0,1000500.0,257600.0,371500.0,0.0,0.0,0.0,0.0,0.0,723300.0,2121600.0,1807900.0,1417200.0,1356100.0,0.0,0.0,0.0,0.0,0.0
2.02308e+16,SZSE,SZSE.ETF.159919,3.847,3.847,3.862,3.836,0.0,4.245,3.473,160763578.0,2500.0,618709024.5,9617.5,0.0,0.0,20230825,20230825,132431385,3.859,0.0,0.0,3.847,3.846,3.845,3.844,3.843,0.0,0.0,0.0,0.0,0.0,3.848,3.849,3.85,3.851,3.852,0.0,0.0,0.0,0.0,0.0,222000.0,1661400.0,2448700.0,554500.0,441600.0,0.0,0.0,0.0,0.0,0.0,1000000.0,3013500.0,1297900.0,1799800.0,500400.0,0.0,0.0,0.0,0.0,0.0
2.02308e+16,SZSE,SZSE.ETF.159919,3.848,3.847,3.862,3.836,0.0,4.245,3.473,164191478.0,0.0,631900183.1,0.0,0.0,0.0,20230825,20230825,132746385,3.859,0.0,0.0,3.847,3.846,3.845,3.844,3.843,0.0,0.0,0.0,0.0,0.0,3.848,3.849,3.85,3.851,3.852,0.0,0.0,0.0,0.0,0.0,141600.0,2681700.0,2200500.0,257600.0,71500.0,0.0,0.0,0.0,0.0,0.0,675500.0,1318000.0,2802700.0,1217300.0,756100.0,0.0,0.0,0.0,0.0,0.0
2.02308e+16,SZSE,SZSE.ETF.159919,3.847,3.847,3.862,3.836,0.0,4.245,3.473,164244178.0,12000.0,632102920.7,46164.0,0.0,0.0,20230825,20230825,132804579,3.859,0.0,0.0,3.846,3.845,3.844,3.843,3.842,0.0,0.0,0.0,0.0,0.0,3.847,3.848,3.849,3.85,3.851,0.0,0.0,0.0,0.0,0.0,422600.0,3782200.0,507600.0,115700.0,230600.0,0.0,0.0,0.0,0.0,0.0,746800.0,1197500.0,1545900.0,1374900.0,1606300.0,0.0,0.0,0.0,0.0,0.0
2.02308e+16,SZSE,SZSE.ETF.159919,3.838,3.847,3.862,3.836,0.0,4.245,3.473,147627578.0,80600.0,568211091.2,309342.8,0.0,0.0,20230825,20230825,131004691,3.859,0.0,0.0,3.837,3.836,3.835,3.834,3.833,0.0,0.0,0.0,0.0,0.0,3.838,3.839,3.84,3.841,3.842,0.0,0.0,0.0,0.0,0.0,53700.0,1427200.0,1748700.0,1131900.0,392100.0,0.0,0.0,0.0,0.0,0.0,157900.0,4423700.0,971000.0,1979800.0,505000.0,0.0,0.0,0.0,0.0,0.0
2.02308e+16,SZSE,SZSE.ETF.159919,3.85,3.847,3.862,3.836,0.0,4.245,3.473,160295178.0,1200.0,616906055.2,4620.2,0.0,0.0,20230825,20230825,132206000,3.859,0.0,0.0,3.85,3.849,3.848,3.847,3.846,0.0,0.0,0.0,0.0,0.0,3.851,3.852,3.853,3.854,3.855,0.0,0.0,0.0,0.0,0.0,313000.0,1202700.0,1782700.0,900000.0,286100.0,0.0,0.0,0.0,0.0,0.0,936100.0,3297900.0,664200.0,1925100.0,34900.0,0.0,0.0,0.0,0.0,0.0
2.02308e+16,SZSE,SZSE.ETF.159919,3.851,3.847,3.862,3.836,0.0,4.245,3.473,160519678.0,700.0,617770391.7,2695.7,0.0,0.0,20230825,20230825,132212000,3.859,0.0,0.0,3.849,3.848,3.847,3.846,3.845,0.0,0.0,0.0,0.0,0.0,3.851,3.852,3.853,3.854,3.855,0.0,0.0,0.0,0.0,0.0,1624600.0,2081700.0,800000.0,450000.0,402600.0,0.0,0.0,0.0,0.0,0.0,1243600.0,3638900.0,1928500.0,569100.0,528600.0,0.0,0.0,0.0,0.0,0.0
2.02308e+16,SZSE,SZSE.ETF.159919,3.849,3.847,3.862,3.836,0.0,4.245,3.473,160677478.0,0.0,618377783.4,0.0,0.0,0.0,20230825,20230825,132307496,3.859,0.0,0.0,3.848,3.847,3.846,3.845,3.844,0.0,0.0,0.0,0.0,0.0,3.849,3.85,3.851,3.852,3.853,0.0,0.0,0.0,0.0,0.0,9000.0,1305500.0,1808100.0,1526500.0,236900.0,0.0,0.0,0.0,0.0,0.0,1215600.0,1756200.0,1155500.0,715200.0,181300.0,0.0,0.0,0.0,0.0,0.0
2.02308e+16,SZSE,SZSE.ETF.159919,3.849,3.847,3.862,3.836,0.0,4.245,3.473,160677478.0,0.0,618377783.4,0.0,0.0,0.0,20230825,20230825,132307559,3.859,0.0,0.0,3.847,3.846,3.845,3.844,3.843,0.0,0.0,0.0,0.0,0.0,3.849,3.85,3.851,3.852,3.853,0.0,0.0,0.0,0.0,0.0,1214500.0,2220200.0,1526500.0,310800.0,221900.0,0.0,0.0,0.0,0.0,0.0,1324600.0,1847200.0,1929800.0,360700.0,381300.0,0.0,0.0,0.0,0.0,0.0
2.02308e+16,SZSE,SZSE.ETF.159919,3.849,3.847,3.862,3.836,0.0,4.245,3.473,160677478.0,0.0,618377783.4,0.0,0.0,0.0,20230825,20230825,132310515,3.859,0.0,0.0,3.847,3.846,3.845,3.844,3.843,0.0,0.0,0.0,0.0,0.0,3.849,3.85,3.851,3.852,3.853,0.0,0.0,0.0,0.0,0.0,1214500.0,2220200.0,1526500.0,310800.0,221900.0,0.0,0.0,0.0,0.0,0.0,1324600.0,1847200.0,1929800.0,360700.0,381300.0,0.0,0.0,0.0,0.0,0.0
2.02308e+16,SZSE,SZSE.ETF.159919,3.849,3.847,3.862,3.836,0.0,4.245,3.473,160677478.0,0.0,618377783.4,0.0,0.0,0.0,20230825,20230825,132313465,3.859,0.0,0.0,3.847,3.846,3.845,3.844,3.843,0.0,0.0,0.0,0.0,0.0,3.849,3.85,3.851,3.852,3.853,0.0,0.0,0.0,0.0,0.0,1314500.0,2020200.0,1826500.0,154500.0,138200.0,0.0,0.0,0.0,0.0,0.0,1224600.0,1847200.0,2129800.0,260700.0,471300.0,0.0,0.0,0.0,0.0,0.0
2.02308e+16,SZSE,SZSE.ETF.159919,3.849,3.847,3.862,3.836,0.0,4.245,3.473,160678178.0,700.0,618380477.2,2693.8,0.0,0.0,20230825,20230825,132316462,3.859,0.0,0.0,3.847,3.846,3.845,3.844,3.843,0.0,0.0,0.0,0.0,0.0,3.849,3.85,3.851,3.852,3.853,0.0,0.0,0.0,0.0,0.0,1314500.0,2620200.0,1549700.0,154500.0,138200.0,0.0,0.0,0.0,0.0,0.0,1224900.0,1852300.0,1849800.0,540700.0,171300.0,0.0,0.0,0.0,0.0,0.0
2.02308e+16,SZSE,SZSE.ETF.159919,3.849,3.847,3.862,3.836,0.0,4.245,3.473,160677478.0,0.0,618377783.4,0.0,0.0,0.0,20230825,20230825,132258402,3.859,0.0,0.0,3.848,3.847,3.846,3.845,3.844,0.0,0.0,0.0,0.0,0.0,3.849,3.85,3.851,3.852,3.853,0.0,0.0,0.0,0.0,0.0,447900.0,2181700.0,1400000.0,726500.0,210800.0,0.0,0.0,0.0,0.0,0.0,100000.0,1363900.0,1753400.0,1595200.0,81300.0,0.0,0.0,0.0,0.0,0.0
2.02308e+16,SZSE,SZSE.ETF.159919,3.837,3.847,3.862,3.836,0.0,4.245,3.473,146822378.0,0.0,565120665.3,0.0,0.0,0.0,20230825,20230825,130912000,3.859,0.0,0.0,3.837,3.836,3.835,3.834,3.833,0.0,0.0,0.0,0.0,0.0,3.838,3.839,3.84,3.841,3.842,0.0,0.0,0.0,0.0,0.0,114100.0,1228800.0,1237800.0,2230600.0,350600.0,0.0,0.0,0.0,0.0,0.0,1863200.0,1363000.0,1230000.0,605000.0,538400.0,0.0,0.0,0.0,0.0,0.0
2.02308e+16,SZSE,SZSE.ETF.159919,3.837,3.847,3.862,3.836,0.0,4.245,3.473,146822378.0,0.0,565120665.3,0.0,0.0,0.0,20230825,20230825,130913644,3.859,0.0,0.0,3.837,3.836,3.835,3.834,3.833,0.0,0.0,0.0,0.0,0.0,3.838,3.839,3.84,3.841,3.842,0.0,0.0,0.0,0.0,0.0,114100.0,1228800.0,1237800.0,2230600.0,350600.0,0.0,0.0,0.0,0.0,0.0,1863200.0,1363000.0,1230000.0,605000.0,538400.0,0.0,0.0,0.0,0.0,0.0
2.02308e+16,SZSE,SZSE.ETF.159919,3.849,3.847,3.862,3.836,0.0,4.245,3.473,164165878.0,0.0,631801652.6,0.0,0.0,0.0,20230825,20230825,132649485,3.859,0.0,0.0,3.849,3.848,3.847,3.846,3.845,0.0,0.0,0.0,0.0,0.0,3.85,3.851,3.852,3.853,3.854,0.0,0.0,0.0,0.0,0.0,100000.0,2391400.0,2198000.0,550000.0,330500.0,0.0,0.0,0.0,0.0,0.0,1874900.0,733000.0,2446500.0,415300.0,1069100.0,0.0,0.0,0.0,0.0,0.0
2.02308e+16,SZSE,SZSE.ETF.159919,3.849,3.847,3.862,3.836,0.0,4.245,3.473,164165878.0,861700.0,631801652.6,3316683.3,0.0,0.0,20230825,20230825,132649411,3.859,0.0,0.0,3.849,3.848,3.847,3.846,3.845,0.0,0.0,0.0,0.0,0.0,3.85,3.851,3.852,3.853,3.854,0.0,0.0,0.0,0.0,0.0,518300.0,2841200.0,1598000.0,550000.0,300500.0,0.0,0.0,0.0,0.0,0.0,1374900.0,1268000.0,2316500.0,477300.0,526800.0,0.0,0.0,0.0,0.0,0.0
2.02308e+16,SZSE,SZSE.ETF.159919,3.848,3.847,3.862,3.836,0.0,4.245,3.473,160679378.0,0.0,618385094.8,0.0,0.0,0.0,20230825,20230825,132325507,3.859,0.0,0.0,3.847,3.846,3.845,3.844,3.843,0.0,0.0,0.0,0.0,0.0,3.848,3.849,3.85,3.851,3.852,0.0,0.0,0.0,0.0,0.0,12600.0,2319100.0,2152700.0,654500.0,158400.0,0.0,0.0,0.0,0.0,0.0,914400.0,4007400.0,784300.0,1599800.0,472700.0,0.0,0.0,0.0,0.0,0.0
2.02308e+16,SZSE,SZSE.ETF.159919,3.847,3.847,3.862,3.836,0.0,4.245,3.473,160681278.0,1900.0,618392405.1,7310.3,0.0,0.0,20230825,20230825,132328410,3.859,0.0,0.0,3.847,3.846,3.845,3.844,3.843,0.0,0.0,0.0,0.0,0.0,3.848,3.849,3.85,3.851,3.852,0.0,0.0,0.0,0.0,0.0,11700.0,1719100.0,2752700.0,654500.0,158400.0,0.0,0.0,0.0,0.0,0.0,1213400.0,3707400.0,784300.0,1499800.0,472700.0,0.0,0.0,0.0,0.0,0.0
2.02308e+16,SZSE,SZSE.ETF.159919,3.847,3.847,3.862,3.836,0.0,4.245,3.473,160681378.0,100.0,618392789.8,384.6999999,0.0,0.0,20230825,20230825,132331403,3.859,0.0,0.0,3.847,3.846,3.845,3.844,3.843,0.0,0.0,0.0,0.0,0.0,3.848,3.849,3.85,3.851,3.852,0.0,0.0,0.0,0.0,0.0,2600.0,1428100.0,2452700.0,804500.0,158400.0,0.0,0.0,0.0,0.0,0.0,922400.0,3998400.0,1868600.0,515500.0,472700.0,0.0,0.0,0.0,0.0,0.0
2.02308e+16,SZSE,SZSE.ETF.159919,3.847,3.847,3.862,3.836,0.0,4.245,3.473,160681378.0,0.0,618392789.8,0.0,0.0,0.0,20230825,20230825,132334447,3.859,0.0,0.0,3.847,3.846,3.845,3.844,3.843,0.0,0.0,0.0,0.0,0.0,3.849,3.85,3.851,3.852,3.853,0.0,0.0,0.0,0.0,0.0,634800.0,2798900.0,1249700.0,554500.0,458400.0,0.0,0.0,0.0,0.0,0.0,1325100.0,1882200.0,1399800.0,1072700.0,475300.0,0.0,0.0,0.0,0.0,0.0
2.02308e+16,SZSE,SZSE.ETF.159919,3.847,3.847,3.862,3.836,0.0,4.245,3.473,160681378.0,0.0,618392789.8,0.0,0.0,0.0,20230825,20230825,132337420,3.859,0.0,0.0,3.847,3.846,3.845,3.844,3.843,0.0,0.0,0.0,0.0,0.0,3.849,3.85,3.851,3.852,3.853,0.0,0.0,0.0,0.0,0.0,634800.0,2798900.0,1349700.0,554500.0,438200.0,0.0,0.0,0.0,0.0,0.0,1325100.0,1852200.0,1849800.0,260700.0,171300.0,0.0,0.0,0.0,0.0,0.0
2.02308e+16,SZSE,SZSE.ETF.159919,3.848,3.847,3.862,3.836,0.0,4.245,3.473,160679378.0,1200.0,618385094.8,4617.6,0.0,0.0,20230825,20230825,132319483,3.859,0.0,0.0,3.847,3.846,3.845,3.844,3.843,0.0,0.0,0.0,0.0,0.0,3.848,3.849,3.85,3.851,3.852,0.0,0.0,0.0,0.0,0.0,112600.0,2319100.0,2152700.0,210800.0,275600.0,0.0,0.0,0.0,0.0,0.0,598800.0,3428100.0,754300.0,1629800.0,260700.0,0.0,0.0,0.0,0.0,0.0
2.02308e+16,SZSE,SZSE.ETF.159919,3.849,3.847,3.862,3.836,0.0,4.245,3.473,160533178.0,800.0,617822356.7,3079.2,0.0,0.0,20230825,20230825,132231489,3.859,0.0,0.0,3.848,3.847,3.846,3.845,3.844,0.0,0.0,0.0,0.0,0.0,3.849,3.85,3.851,3.852,3.853,0.0,0.0,0.0,0.0,0.0,835300.0,2781700.0,1100000.0,716500.0,210600.0,0.0,0.0,0.0,0.0,0.0,108000.0,1212100.0,1258000.0,2713000.0,217900.0,0.0,0.0,0.0,0.0,0.0
2.02308e+16,SZSE,SZSE.ETF.159919,3.846,3.847,3.862,3.836,0.0,4.245,3.473,161092378.0,0.0,619974090.0,0.0,0.0,0.0,20230825,20230825,132531447,3.859,0.0,0.0,3.846,3.845,3.844,3.843,3.842,0.0,0.0,0.0,0.0,0.0,3.847,3.848,3.849,3.85,3.851,0.0,0.0,0.0,0.0,0.0,76600.0,1392100.0,2289300.0,1213600.0,330600.0,0.0,0.0,0.0,0.0,0.0,1725500.0,2029100.0,2814200.0,571700.0,126300.0,0.0,0.0,0.0,0.0,0.0
2.02308e+16,SZSE,SZSE.ETF.159919,3.837,3.847,3.862,3.836,0.0,4.245,3.473,146875378.0,53000.0,565324076.3,203411.0,0.0,0.0,20230825,20230825,130916618,3.859,0.0,0.0,3.837,3.836,3.835,3.834,3.833,0.0,0.0,0.0,0.0,0.0,3.838,3.839,3.84,3.841,3.842,0.0,0.0,0.0,0.0,0.0,376500.0,1551900.0,2033500.0,1051900.0,177000.0,0.0,0.0,0.0,0.0,0.0,169300.0,1806600.0,1481900.0,1420000.0,697000.0,0.0,0.0,0.0,0.0,0.0
2.02308e+16,SZSE,SZSE.ETF.159919,3.838,3.847,3.862,3.836,0.0,4.245,3.473,147546978.0,26100.0,567901748.4,100171.8,0.0,0.0,20230825,20230825,131004570,3.859,0.0,0.0,3.838,3.837,3.836,3.835,3.834,0.0,0.0,0.0,0.0,0.0,3.839,3.84,3.841,3.842,3.843,0.0,0.0,0.0,0.0,0.0,78900.0,553700.0,2739200.0,1164000.0,631900.0,0.0,0.0,0.0,0.0,0.0,1618800.0,1433000.0,1910000.0,505000.0,918600.0,0.0,0.0,0.0,0.0,0.0
2.02308e+16,SZSE,SZSE.ETF.159919,3.848,3.847,3.862,3.836,0.0,4.245,3.473,162223578.0,691000.0,624325772.2,2658968.0,0.0,0.0,20230825,20230825,132619518,3.859,0.0,0.0,3.847,3.846,3.845,3.844,3.843,0.0,0.0,0.0,0.0,0.0,3.848,3.849,3.85,3.851,3.852,0.0,0.0,0.0,0.0,0.0,2117700.0,1300000.0,1200500.0,157600.0,71500.0,0.0,0.0,0.0,0.0,0.0,32300.0,1821600.0,1504900.0,2020200.0,1356100.0,0.0,0.0,0.0,0.0,0.0
2.02308e+16,SZSE,SZSE.ETF.159919,3.837,3.847,3.862,3.836,0.0,4.245,3.473,146822378.0,0.0,565120665.3,0.0,0.0,0.0,20230825,20230825,130910649,3.859,0.0,0.0,3.837,3.836,3.835,3.834,3.833,0.0,0.0,0.0,0.0,0.0,3.838,3.839,3.84,3.841,3.842,0.0,0.0,0.0,0.0,0.0,155000.0,1161300.0,1237200.0,1651900.0,1029300.0,0.0,0.0,0.0,0.0,0.0,1822200.0,1404000.0,1230000.0,834800.0,538400.0,0.0,0.0,0.0,0.0,0.0
2.02308e+16,SZSE,SZSE.ETF.159919,3.849,3.847,3.862,3.836,0.0,4.245,3.473,164171278.0,5200.0,631822437.2,20014.8,0.0,0.0,20230825,20230825,132704491,3.859,0.0,0.0,3.848,3.847,3.846,3.845,3.844,0.0,0.0,0.0,0.0,0.0,3.849,3.85,3.851,3.852,3.853,0.0,0.0,0.0,0.0,0.0,200.0,1487700.0,2753000.0,856800.0,377400.0,0.0,0.0,0.0,0.0,0.0,1394700.0,2687600.0,733000.0,1528600.0,35300.0,0.0,0.0,0.0,0.0,0.0
2.02308e+16,SZSE,SZSE.ETF.159919,3.846,3.847,3.862,3.836,0.0,4.245,3.473,164367078.0,0.0,632575655.0,0.0,0.0,0.0,20230825,20230825,132840472,3.859,0.0,0.0,3.845,3.844,3.843,3.842,3.841,0.0,0.0,0.0,0.0,0.0,3.846,3.847,3.848,3.849,3.85,0.0,0.0,0.0,0.0,0.0,13200.0,3289300.0,1615700.0,400600.0,70300.0,0.0,0.0,0.0,0.0,0.0,269200.0,1351400.0,1730400.0,1225700.0,2186000.0,0.0,0.0,0.0,0.0,0.0
2.02308e+16,SZSE,SZSE.ETF.159919,3.848,3.847,3.862,3.836,0.0,4.245,3.473,164192178.0,700.0,631902876.7,2693.6,0.0,0.0,20230825,20230825,132748000,3.859,0.0,0.0,3.847,3.846,3.845,3.844,3.843,0.0,0.0,0.0,0.0,0.0,3.849,3.85,3.851,3.852,3.853,0.0,0.0,0.0,0.0,0.0,841600.0,2881700.0,1500500.0,157600.0,171500.0,0.0,0.0,0.0,0.0,0.0,1495500.0,3002700.0,1017300.0,1356100.0,175300.0,0.0,0.0,0.0,0.0,0.0
2.02308e+16,SZSE,SZSE.ETF.159919,3.845,3.847,3.862,3.836,0.0,4.245,3.473,164391078.0,0.0,632667935.0,0.0,0.0,0.0,20230825,20230825,132852415,3.859,0.0,0.0,3.845,3.844,3.843,3.842,3.841,0.0,0.0,0.0,0.0,0.0,3.846,3.847,3.848,3.849,3.85,0.0,0.0,0.0,0.0,0.0,1553000.0,3048300.0,915700.0,205600.0,96400.0,0.0,0.0,0.0,0.0,0.0,27600.0,697100.0,2030400.0,1025700.0,2886000.0,0.0,0.0,0.0,0.0,0.0
2.02308e+16,SZSE,SZSE.ETF.159919,3.845,3.847,3.862,3.836,0.0,4.245,3.473,164391078.0,24000.0,632667935.0,92280.0,0.0,0.0,20230825,20230825,132843470,3.859,0.0,0.0,3.845,3.844,3.843,3.842,3.841,0.0,0.0,0.0,0.0,0.0,3.846,3.847,3.848,3.849,3.85,0.0,0.0,0.0,0.0,0.0,4200.0,3348300.0,1515700.0,305600.0,170300.0,0.0,0.0,0.0,0.0,0.0,282300.0,1342400.0,1730400.0,725700.0,2186000.0,0.0,0.0,0.0,0.0,0.0
2.02308e+16,SZSE,SZSE.ETF.159919,3.847,3.847,3.862,3.836,0.0,4.245,3.473,164301178.0,24000.0,632322199.7,92328.0,0.0,0.0,20230825,20230825,132810493,3.859,0.0,0.0,3.846,3.845,3.844,3.843,3.842,0.0,0.0,0.0,0.0,0.0,3.847,3.848,3.849,3.85,3.851,0.0,0.0,0.0,0.0,0.0,331600.0,3082200.0,957600.0,772000.0,420400.0,0.0,0.0,0.0,0.0,0.0,698800.0,1306500.0,1715900.0,1104900.0,1418000.0,0.0,0.0,0.0,0.0,0.0
2.02308e+16,SZSE,SZSE.ETF.159919,3.847,3.847,3.862,3.836,0.0,4.245,3.473,164277178.0,33000.0,632229871.7,126951.0,0.0,0.0,20230825,20230825,132810502,3.859,0.0,0.0,3.847,3.846,3.845,3.844,3.843,0.0,0.0,0.0,0.0,0.0,3.848,3.849,3.85,3.851,3.852,0.0,0.0,0.0,0.0,0.0,51600.0,2773000.0,1779200.0,657600.0,415700.0,0.0,0.0,0.0,0.0,0.0,325700.0,1842900.0,2762200.0,1395700.0,560100.0,0.0,0.0,0.0,0.0,0.0
2.02308e+16,SZSE,SZSE.ETF.159919,3.848,3.847,3.862,3.836,0.0,4.245,3.473,164190478.0,2000.0,631896335.1,7696.0,0.0,0.0,20230825,20230825,132728424,3.859,0.0,0.0,3.847,3.846,3.845,3.844,3.843,0.0,0.0,0.0,0.0,0.0,3.849,3.85,3.851,3.852,3.853,0.0,0.0,0.0,0.0,0.0,1116600.0,2581700.0,1200500.0,287600.0,261300.0,0.0,0.0,0.0,0.0,0.0,1475500.0,2872700.0,1047300.0,1144100.0,123600.0,0.0,0.0,0.0,0.0,0.0
2.02308e+16,SZSE,SZSE.ETF.159919,3.848,3.847,3.862,3.836,0.0,4.245,3.473,164190478.0,0.0,631896335.1,0.0,0.0,0.0,20230825,20230825,132731402,3.859,0.0,0.0,3.847,3.846,3.845,3.844,3.843,0.0,0.0,0.0,0.0,0.0,3.849,3.85,3.851,3.852,3.853,0.0,0.0,0.0,0.0,0.0,1216600.0,2981700.0,1200500.0,157600.0,151300.0,0.0,0.0,0.0,0.0,0.0,1475500.0,2972700.0,1047300.0,1144100.0,177300.0,0.0,0.0,0.0,0.0,0.0
2.02308e+16,SZSE,SZSE.ETF.159919,3.85,3.847,3.862,3.836,0.0,4.245,3.473,160295178.0,1200.0,616906055.2,4620.2,0.0,0.0,20230825,20230825,132207593,3.859,0.0,0.0,3.85,3.849,3.848,3.847,3.846,0.0,0.0,0.0,0.0,0.0,3.851,3.852,3.853,3.854,3.855,0.0,0.0,0.0,0.0,0.0,313000.0,1202700.0,1782700.0,900000.0,286100.0,0.0,0.0,0.0,0.0,0.0,936100.0,3297900.0,664200.0,1925100.0,34900.0,0.0,0.0,0.0,0.0,0.0
2.02308e+16,SZSE,SZSE.ETF.159919,3.848,3.847,3.862,3.836,0.0,4.245,3.473,164185878.0,0.0,631878631.7,0.0,0.0,0.0,20230825,20230825,132716459,3.859,0.0,0.0,3.847,3.846,3.845,3.844,3.843,0.0,0.0,0.0,0.0,0.0,3.849,3.85,3.851,3.852,3.853,0.0,0.0,0.0,0.0,0.0,1109000.0,2881700.0,900500.0,257600.0,471500.0,0.0,0.0,0.0,0.0,0.0,1775000.0,2407800.0,1217300.0,1356100.0,181300.0,0.0,0.0,0.0,0.0,0.0
2.02308e+16,SZSE,SZSE.ETF.159919,3.848,3.847,3.862,3.836,0.0,4.245,3.473,164191478.0,0.0,631900183.1,0.0,0.0,0.0,20230825,20230825,132737395,3.859,0.0,0.0,3.847,3.846,3.845,3.844,3.843,0.0,0.0,0.0,0.0,0.0,3.848,3.849,3.85,3.851,3.852,0.0,0.0,0.0,0.0,0.0,441600.0,3281700.0,1300500.0,157600.0,151300.0,0.0,0.0,0.0,0.0,0.0,278200.0,1218000.0,2972700.0,947300.0,1144100.0,0.0,0.0,0.0,0.0,0.0
2.02308e+16,SZSE,SZSE.ETF.159919,3.848,3.847,3.862,3.836,0.0,4.245,3.473,164191478.0,1000.0,631900183.1,3848.0,0.0,0.0,20230825,20230825,132734402,3.859,0.0,0.0,3.847,3.846,3.845,3.844,3.843,0.0,0.0,0.0,0.0,0.0,3.849,3.85,3.851,3.852,3.853,0.0,0.0,0.0,0.0,0.0,1111600.0,2981700.0,1300500.0,157600.0,151300.0,0.0,0.0,0.0,0.0,0.0,1496200.0,2872700.0,1047300.0,1144100.0,177300.0,0.0,0.0,0.0,0.0,0.0
2.02308e+16,SZSE,SZSE.ETF.159919,3.838,3.847,3.862,3.836,0.0,4.245,3.473,147627578.0,80600.0,568211091.2,309342.8,0.0,0.0,20230825,20230825,131006000,3.859,0.0,0.0,3.837,3.836,3.835,3.834,3.833,0.0,0.0,0.0,0.0,0.0,3.838,3.839,3.84,3.841,3.842,0.0,0.0,0.0,0.0,0.0,53700.0,1427200.0,1748700.0,1131900.0,392100.0,0.0,0.0,0.0,0.0,0.0,157900.0,4423700.0,971000.0,1979800.0,505000.0,0.0,0.0,0.0,0.0,0.0
2.02308e+16,SZSE,SZSE.ETF.159919,3.838,3.847,3.862,3.836,0.0,4.245,3.473,147627578.0,80600.0,568211091.2,309342.8,0.0,0.0,20230825,20230825,131007643,3.859,0.0,0.0,3.837,3.836,3.835,3.834,3.833,0.0,0.0,0.0,0.0,0.0,3.838,3.839,3.84,3.841,3.842,0.0,0.0,0.0,0.0,0.0,53700.0,1427200.0,1748700.0,1131900.0,392100.0,0.0,0.0,0.0,0.0,0.0,157900.0,4423700.0,971000.0,1979800.0,505000.0,0.0,0.0,0.0,0.0,0.0
2.02308e+16,SZSE,SZSE.ETF.159919,3.838,3.847,3.862,3.836,0.0,4.245,3.473,147650478.0,22900.0,568298981.4,87890.2,0.0,0.0,20230825,20230825,131007714,3.859,0.0,0.0,3.838,3.837,3.836,3.835,3.834,0.0,0.0,0.0,0.0,0.0,3.839,3.84,3.841,3.842,3.843,0.0,0.0,0.0,0.0,0.0,57500.0,1358500.0,1962200.0,1845700.0,801900.0,0.0,0.0,0.0,0.0,0.0,1011700.0,2361100.0,1454800.0,938400.0,720200.0,0.0,0.0,0.0,0.0,0.0
2.02308e+16,SZSE,SZSE.ETF.159919,3.845,3.847,3.862,3.836,0.0,4.245,3.473,157422078.0,29500.0,605847393.5,113433.0,0.0,0.0,20230825,20230825,131813490,3.859,0.0,0.0,3.845,3.844,3.843,3.842,3.841,0.0,0.0,0.0,0.0,0.0,3.846,3.847,3.848,3.849,3.85,0.0,0.0,0.0,0.0,0.0,140000.0,1092100.0,2290300.0,1001600.0,166300.0,0.0,0.0,0.0,0.0,0.0,1095100.0,1066400.0,3495000.0,1474300.0,513500.0,0.0,0.0,0.0,0.0,0.0
2.02308e+16,SZSE,SZSE.ETF.159919,3.839,3.847,3.862,3.836,0.0,4.245,3.473,147079378.0,0.0,566107162.3,0.0,0.0,0.0,20230825,20230825,130937588,3.859,0.0,0.0,3.838,3.837,3.836,3.835,3.834,0.0,0.0,0.0,0.0,0.0,3.839,3.84,3.841,3.842,3.843,0.0,0.0,0.0,0.0,0.0,53100.0,781900.0,1085500.0,1767000.0,858000.0,0.0,0.0,0.0,0.0,0.0,4643000.0,570800.0,1131900.0,605000.0,618600.0,0.0,0.0,0.0,0.0,0.0
2.02308e+16,SZSE,SZSE.ETF.159919,3.845,3.847,3.862,3.836,0.0,4.245,3.473,156456678.0,203000.0,602134365.1,780535.0,0.0,0.0,20230825,20230825,131713445,3.859,0.0,0.0,3.844,3.843,3.842,3.841,3.84,0.0,0.0,0.0,0.0,0.0,3.845,3.846,3.847,3.848,3.849,0.0,0.0,0.0,0.0,0.0,161600.0,2975700.0,1251600.0,366300.0,384600.0,0.0,0.0,0.0,0.0,0.0,297000.0,1786000.0,1757900.0,600200.0,1374300.0,0.0,0.0,0.0,0.0,0.0
2.02308e+16,SZSE,SZSE.ETF.159919,3.837,3.847,3.862,3.837,0.0,4.245,3.473,146671278.0,147300.0,564540994.6,565190.1,0.0,0.0,20230825,20230825,130901556,3.859,0.0,0.0,3.836,3.835,3.834,3.833,3.832,0.0,0.0,0.0,0.0,0.0,3.837,3.838,3.839,3.84,3.841,0.0,0.0,0.0,0.0,0.0,390300.0,1926600.0,2333600.0,77000.0,419300.0,0.0,0.0,0.0,0.0,0.0,301500.0,2604500.0,1251000.0,530000.0,505000.0,0.0,0.0,0.0,0.0,0.0
2.02308e+16,SZSE,SZSE.ETF.159919,3.837,3.847,3.862,3.836,0.0,4.245,3.473,146772378.0,101100.0,564928815.3,387820.7,0.0,0.0,20230825,20230825,130904640,3.859,0.0,0.0,3.836,3.835,3.834,3.833,3.832,0.0,0.0,0.0,0.0,0.0,3.837,3.838,3.839,3.84,3.841,0.0,0.0,0.0,0.0,0.0,11100.0,1184200.0,2758000.0,1220600.0,229500.0,0.0,0.0,0.0,0.0,0.0,3905300.0,1498900.0,1032100.0,465000.0,428400.0,0.0,0.0,0.0,0.0,0.0
2.02308e+16,SZSE,SZSE.ETF.159919,3.837,3.847,3.862,3.836,0.0,4.245,3.473,146822378.0,50000.0,565120665.3,191850.0,0.0,0.0,20230825,20230825,130907675,3.859,0.0,0.0,3.837,3.836,3.835,3.834,3.833,0.0,0.0,0.0,0.0,0.0,3.838,3.839,3.84,3.841,3.842,0.0,0.0,0.0,0.0,0.0,50000.0,138900.0,1456600.0,1954900.0,1399300.0,0.0,0.0,0.0,0.0,0.0,2774100.0,582100.0,1285000.0,658200.0,269800.0,0.0,0.0,0.0,0.0,0.0
2.02308e+16,SZSE,SZSE.ETF.159919,3.848,3.847,3.862,3.836,0.0,4.245,3.473,164192178.0,700.0,631902876.7,2693.6,0.0,0.0,20230825,20230825,132746453,3.859,0.0,0.0,3.847,3.846,3.845,3.844,3.843,0.0,0.0,0.0,0.0,0.0,3.849,3.85,3.851,3.852,3.853,0.0,0.0,0.0,0.0,0.0,841600.0,2881700.0,1500500.0,157600.0,171500.0,0.0,0.0,0.0,0.0,0.0,1495500.0,3002700.0,1017300.0,1356100.0,175300.0,0.0,0.0,0.0,0.0,0.0
2.02308e+16,SZSE,SZSE.ETF.159919,3.841,3.847,3.862,3.838,0.0,4.245,3.473,143290678.0,60800.0,551563731.4,233532.8,0.0,0.0,20230825,20230825,130710656,3.859,0.0,0.0,3.84,3.839,3.838,3.837,3.836,0.0,0.0,0.0,0.0,0.0,3.841,3.842,3.843,3.844,3.845,0.0,0.0,0.0,0.0,0.0,742600.0,755800.0,2738700.0,1458400.0,494500.0,0.0,0.0,0.0,0.0,0.0,3117600.0,1795900.0,1375300.0,495000.0,550000.0,0.0,0.0,0.0,0.0,0.0
2.02308e+16,SZSE,SZSE.ETF.159919,3.844,3.847,3.862,3.836,0.0,4.245,3.473,155823378.0,79000.0,599699127.1,303676.0,0.0,0.0,20230825,20230825,131646461,3.859,0.0,0.0,3.843,3.842,3.841,3.84,3.839,0.0,0.0,0.0,0.0,0.0,3.844,3.845,3.846,3.847,3.848,0.0,0.0,0.0,0.0,0.0,1060500.0,2360400.0,1410000.0,421200.0,268600.0,0.0,0.0,0.0,0.0,0.0,21000.0,1368900.0,2625600.0,590400.0,1434500.0,0.0,0.0,0.0,0.0,0.0
2.02308e+16,SZSE,SZSE.ETF.159919,3.849,3.847,3.862,3.836,0.0,4.245,3.473,163265878.0,0.0,628337552.6,0.0,0.0,0.0,20230825,20230825,132637556,3.859,0.0,0.0,3.849,3.848,3.847,3.846,3.845,0.0,0.0,0.0,0.0,0.0,3.85,3.851,3.852,3.853,3.854,0.0,0.0,0.0,0.0,0.0,100000.0,1425800.0,2601000.0,850000.0,356600.0,0.0,0.0,0.0,0.0,0.0,874800.0,1541000.0,1448600.0,415300.0,1169100.0,0.0,0.0,0.0,0.0,0.0
2.02308e+16,SZSE,SZSE.ETF.159919,3.838,3.847,3.862,3.837,0.0,4.245,3.473,146033978.0,408100.0,562095348.9,1565887.9,0.0,0.0,20230825,20230825,130815000,3.859,0.0,0.0,3.837,3.836,3.835,3.834,3.833,0.0,0.0,0.0,0.0,0.0,3.838,3.839,3.84,3.841,3.842,0.0,0.0,0.0,0.0,0.0,30000.0,1390900.0,2463700.0,1141700.0,18600.0,0.0,0.0,0.0,0.0,0.0,896100.0,1909200.0,1086600.0,627000.0,896300.0,0.0,0.0,0.0,0.0,0.0
2.02308e+16,SZSE,SZSE.ETF.159919,3.839,3.847,3.862,3.836,0.0,4.245,3.473,147470778.0,2800.0,567609292.7,10748.4,0.0,0.0,20230825,20230825,130952548,3.859,0.0,0.0,3.838,3.837,3.836,3.835,3.834,0.0,0.0,0.0,0.0,0.0,3.839,3.84,3.841,3.842,3.843,0.0,0.0,0.0,0.0,0.0,702000.0,993200.0,1842900.0,1064000.0,958300.0,0.0,0.0,0.0,0.0,0.0,475900.0,2173000.0,1518000.0,1400000.0,592200.0,0.0,0.0,0.0,0.0,0.0
2.02308e+16,SZSE,SZSE.ETF.159919,3.849,3.847,3.862,3.836,0.0,4.245,3.473,158949078.0,9000.0,611723384.8,34641.0,0.0,0.0,20230825,20230825,132013499,3.859,0.0,0.0,3.849,3.848,3.847,3.846,3.845,0.0,0.0,0.0,0.0,0.0,3.85,3.851,3.852,3.853,3.854,0.0,0.0,0.0,0.0,0.0,147500.0,2063900.0,2103000.0,450000.0,311200.0,0.0,0.0,0.0,0.0,0.0,12700.0,3777200.0,1887700.0,968300.0,499500.0,0.0,0.0,0.0,0.0,0.0
2.02308e+16,SZSE,SZSE.ETF.159919,3.847,3.847,3.862,3.836,0.0,4.245,3.473,160724678.0,0.0,618559376.2,0.0,0.0,0.0,20230825,20230825,132407506,3.859,0.0,0.0,3.846,3.845,3.844,3.843,3.842,0.0,0.0,0.0,0.0,0.0,3.847,3.848,3.849,3.85,3.851,0.0,0.0,0.0,0.0,0.0,189400.0,2463700.0,1807500.0,502100.0,272900.0,0.0,0.0,0.0,0.0,0.0,943000.0,2403000.0,1025200.0,1719600.0,97500.0,0.0,0.0,0.0,0.0,0.0
2.02308e+16,SZSE,SZSE.ETF.159919,3.838,3.847,3.862,3.836,0.0,4.245,3.473,147520778.0,0.0,567801192.7,0.0,0.0,0.0,20230825,20230825,130957000,3.859,0.0,0.0,3.838,3.837,3.836,3.835,3.834,0.0,0.0,0.0,0.0,0.0,3.839,3.84,3.841,3.842,3.843,0.0,0.0,0.0,0.0,0.0,59400.0,1151200.0,2246200.0,1164000.0,958300.0,0.0,0.0,0.0,0.0,0.0,724000.0,2627900.0,1630000.0,885000.0,892200.0,0.0,0.0,0.0,0.0,0.0
2.02308e+16,SZSE,SZSE.ETF.159919,3.84,3.847,3.862,3.838,0.0,4.245,3.473,144865878.0,0.0,557612524.9,0.0,0.0,0.0,20230825,20230825,130804536,3.859,0.0,0.0,3.839,3.838,3.837,3.836,3.835,0.0,0.0,0.0,0.0,0.0,3.84,3.841,3.842,3.843,3.844,0.0,0.0,0.0,0.0,0.0,107300.0,1747200.0,2508600.0,1065800.0,111500.0,0.0,0.0,0.0,0.0,0.0,449900.0,3344300.0,630000.0,1110500.0,638400.0,0.0,0.0,0.0,0.0,0.0
2.02308e+16,SZSE,SZSE.ETF.159919,3.846,3.847,3.862,3.836,0.0,4.245,3.473,161092378.0,0.0,619974090.0,0.0,0.0,0.0,20230825,20230825,132534468,3.859,0.0,0.0,3.846,3.845,3.844,3.843,3.842,0.0,0.0,0.0,0.0,0.0,3.847,3.848,3.849,3.85,3.851,0.0,0.0,0.0,0.0,0.0,76600.0,792100.0,2289300.0,1213600.0,630600.0,0.0,0.0,0.0,0.0,0.0,1725500.0,2039100.0,2994200.0,291700.0,426300.0,0.0,0.0,0.0,0.0,0.0
2.02308e+16,SZSE,SZSE.ETF.159919,3.838,3.847,3.862,3.836,0.0,4.245,3.473,147015478.0,50000.0,565861850.2,191900.0,0.0,0.0,20230825,20230825,130928535,3.859,0.0,0.0,3.838,3.837,3.836,3.835,3.834,0.0,0.0,0.0,0.0,0.0,3.839,3.84,3.841,3.842,3.843,0.0,0.0,0.0,0.0,0.0,9000.0,1211500.0,1862800.0,1054900.0,258000.0,0.0,0.0,0.0,0.0,0.0,547600.0,2158200.0,931900.0,905000.0,718600.0,0.0,0.0,0.0,0.0,0.0
2.02308e+16,SZSE,SZSE.ETF.159919,3.84,3.847,3.862,3.836,0.0,4.245,3.473,148470678.0,1000.0,571447709.7,3840.0,0.0,0.0,20230825,20230825,131104602,3.859,0.0,0.0,3.839,3.838,3.837,3.836,3.835,0.0,0.0,0.0,0.0,0.0,3.84,3.841,3.842,3.843,3.844,0.0,0.0,0.0,0.0,0.0,245000.0,2341700.0,1945000.0,535000.0,421500.0,0.0,0.0,0.0,0.0,0.0,327200.0,2582600.0,1493000.0,1865200.0,594800.0,0.0,0.0,0.0,0.0,0.0
2.02308e+16,SZSE,SZSE.ETF.159919,3.839,3.847,3.862,3.836,0.0,4.245,3.473,148469678.0,0.0,571443869.7,0.0,0.0,0.0,20230825,20230825,131101577,3.859,0.0,0.0,3.838,3.837,3.836,3.835,3.834,0.0,0.0,0.0,0.0,0.0,3.84,3.841,3.842,3.843,3.844,0.0,0.0,0.0,0.0,0.0,1456700.0,1849300.0,1663700.0,521500.0,631900.0,0.0,0.0,0.0,0.0,0.0,1278200.0,2365600.0,1545000.0,668600.0,572500.0,0.0,0.0,0.0,0.0,0.0
2.02308e+16,SZSE,SZSE.ETF.159919,3.838,3.847,3.862,3.836,0.0,4.245,3.473,147015478.0,0.0,565861850.2,0.0,0.0,0.0,20230825,20230825,130931596,3.859,0.0,0.0,3.838,3.837,3.836,3.835,3.834,0.0,0.0,0.0,0.0,0.0,3.839,3.84,3.841,3.842,3.843,0.0,0.0,0.0,0.0,0.0,50000.0,722500.0,2362800.0,854900.0,958300.0,0.0,0.0,0.0,0.0,0.0,1558500.0,1699200.0,1411900.0,525000.0,292200.0,0.0,0.0,0.0,0.0,0.0
2.02308e+16,SZSE,SZSE.ETF.159919,3.84,3.847,3.862,3.836,0.0,4.245,3.473,149081678.0,94400.0,573793985.1,362496.0,0.0,0.0,20230825,20230825,131125562,3.859,0.0,0.0,3.839,3.838,3.837,3.836,3.835,0.0,0.0,0.0,0.0,0.0,3.84,3.841,3.842,3.843,3.844,0.0,0.0,0.0,0.0,0.0,162800.0,1637100.0,2448000.0,1340000.0,367700.0,0.0,0.0,0.0,0.0,0.0,599000.0,4236000.0,621900.0,1725000.0,342700.0,0.0,0.0,0.0,0.0,0.0
2.02308e+16,SZSE,SZSE.ETF.159919,3.839,3.847,3.862,3.838,0.0,4.245,3.473,144315778.0,1600.0,555500085.5,6143.0,0.0,0.0,20230825,20230825,130743597,3.859,0.0,0.0,3.839,3.838,3.837,3.836,3.835,0.0,0.0,0.0,0.0,0.0,3.84,3.841,3.842,3.843,3.844,0.0,0.0,0.0,0.0,0.0,1373400.0,1349600.0,2105600.0,665800.0,215400.0,0.0,0.0,0.0,0.0,0.0,74900.0,1131000.0,2870900.0,1570500.0,512000.0,0.0,0.0,0.0,0.0,0.0
2.02308e+16,SZSE,SZSE.ETF.159919,3.838,3.847,3.862,3.837,0.0,4.245,3.473,146523978.0,14000.0,563975804.5,53727.1,0.0,0.0,20230825,20230825,130857000,3.859,0.0,0.0,3.837,3.836,3.835,3.834,3.833,0.0,0.0,0.0,0.0,0.0,3.838,3.839,3.84,3.841,3.842,0.0,0.0,0.0,0.0,0.0,99000.0,1562400.0,1657200.0,2029600.0,20600.0,0.0,0.0,0.0,0.0,0.0,856100.0,4179400.0,1300000.0,553400.0,669800.0,0.0,0.0,0.0,0.0,0.0
2.02308e+16,SZSE,SZSE.ETF.159919,3.84,3.847,3.862,3.838,0.0,4.245,3.473,144271078.0,3000.0,555328465.8,11517.4,0.0,0.0,20230825,20230825,130722622,3.859,0.0,0.0,3.839,3.838,3.837,3.836,3.835,0.0,0.0,0.0,0.0,0.0,3.84,3.841,3.842,3.843,3.844,0.0,0.0,0.0,0.0,0.0,1095800.0,1745200.0,2508600.0,518300.0,111100.0,0.0,0.0,0.0,0.0,0.0,81300.0,2179000.0,1562600.0,1335100.0,777000.0,0.0,0.0,0.0,0.0,0.0
2.02308e+16,SZSE,SZSE.ETF.159919,3.841,3.847,3.862,3.838,0.0,4.245,3.473,143174578.0,114500.0,551117738.0,439794.5,0.0,0.0,20230825,20230825,130655523,3.859,0.0,0.0,3.84,3.839,3.838,3.837,3.836,0.0,0.0,0.0,0.0,0.0,3.842,3.843,3.844,3.845,3.846,0.0,0.0,0.0,0.0,0.0,1320700.0,3344900.0,1260000.0,211800.0,338100.0,0.0,0.0,0.0,0.0,0.0,728500.0,1786700.0,1192700.0,1415000.0,527000.0,0.0,0.0,0.0,0.0,0.0
2.02308e+16,SZSE,SZSE.ETF.159919,3.839,3.847,3.862,3.836,0.0,4.245,3.473,146965478.0,70100.0,565669950.2,269113.9,0.0,0.0,20230825,20230825,130922641,3.859,0.0,0.0,3.838,3.837,3.836,3.835,3.834,0.0,0.0,0.0,0.0,0.0,3.839,3.84,3.841,3.842,3.843,0.0,0.0,0.0,0.0,0.0,907000.0,1111500.0,2414800.0,354800.0,284400.0,0.0,0.0,0.0,0.0,0.0,50000.0,2012900.0,867300.0,1285000.0,572200.0,0.0,0.0,0.0,0.0,0.0
2.02308e+16,SZSE,SZSE.ETF.159919,3.839,3.847,3.862,3.837,0.0,4.245,3.473,146231478.0,77600.0,562853320.8,297906.4,0.0,0.0,20230825,20230825,130828538,3.859,0.0,0.0,3.838,3.837,3.836,3.835,3.834,0.0,0.0,0.0,0.0,0.0,3.839,3.84,3.841,3.842,3.843,0.0,0.0,0.0,0.0,0.0,700200.0,778500.0,2447500.0,774500.0,274200.0,0.0,0.0,0.0,0.0,0.0,311300.0,2469000.0,530000.0,925000.0,672000.0,0.0,0.0,0.0,0.0,0.0
2.02308e+16,SZSE,SZSE.ETF.159919,3.837,3.847,3.862,3.837,0.0,4.245,3.473,146153878.0,0.0,562555414.4,0.0,0.0,0.0,20230825,20230825,130825573,3.859,0.0,0.0,3.838,3.837,3.836,3.835,3.834,0.0,0.0,0.0,0.0,0.0,3.839,3.84,3.841,3.842,3.843,0.0,0.0,0.0,0.0,0.0,1440500.0,1516100.0,1444500.0,380200.0,274200.0,0.0,0.0,0.0,0.0,0.0,27300.0,870600.0,2128400.0,1325000.0,672000.0,0.0,0.0,0.0,0.0,0.0
2.02308e+16,SZSE,SZSE.ETF.159919,3.84,3.847,3.862,3.838,0.0,4.245,3.473,144784978.0,469200.0,557301922.6,1801837.1,0.0,0.0,20230825,20230825,130743628,3.859,0.0,0.0,3.839,3.838,3.837,3.836,3.835,0.0,0.0,0.0,0.0,0.0,3.841,3.842,3.843,3.844,3.845,0.0,0.0,0.0,0.0,0.0,1476200.0,2149900.0,1029900.0,365800.0,115400.0,0.0,0.0,0.0,0.0,0.0,966300.0,844700.0,1931800.0,212000.0,1001200.0,0.0,0.0,0.0,0.0,0.0
2.02308e+16,SZSE,SZSE.ETF.159919,3.838,3.847,3.862,3.838,0.0,4.245,3.473,145563078.0,581100.0,560288497.4,2230261.8,0.0,0.0,20230825,20230825,130810670,3.859,0.0,0.0,3.837,3.836,3.835,3.834,3.833,0.0,0.0,0.0,0.0,0.0,3.838,3.839,3.84,3.841,3.842,0.0,0.0,0.0,0.0,0.0,126900.0,1465800.0,1310100.0,620700.0,194800.0,0.0,0.0,0.0,0.0,0.0,1227200.0,2169600.0,1135500.0,30000.0,465000.0,0.0,0.0,0.0,0.0,0.0
2.02308e+16,SZSE,SZSE.ETF.159919,3.84,3.847,3.862,3.838,0.0,4.245,3.473,144784978.0,0.0,557301922.6,0.0,0.0,0.0,20230825,20230825,130749536,3.859,0.0,0.0,3.839,3.838,3.837,3.836,3.835,0.0,0.0,0.0,0.0,0.0,3.84,3.841,3.842,3.843,3.844,0.0,0.0,0.0,0.0,0.0,996000.0,1036000.0,1529900.0,1165800.0,195200.0,0.0,0.0,0.0,0.0,0.0,849900.0,3838100.0,1348900.0,415500.0,485000.0,0.0,0.0,0.0,0.0,0.0
2.02308e+16,SZSE,SZSE.ETF.159919,3.838,3.847,3.862,3.836,0.0,4.245,3.473,147467978.0,254600.0,567598544.3,977154.8,0.0,0.0,20230825,20230825,130949515,3.859,0.0,0.0,3.838,3.837,3.836,3.835,3.834,0.0,0.0,0.0,0.0,0.0,3.839,3.84,3.841,3.842,3.843,0.0,0.0,0.0,0.0,0.0,300.0,1330200.0,1666200.0,1742700.0,801900.0,0.0,0.0,0.0,0.0,0.0,883900.0,2550000.0,1385000.0,978400.0,420200.0,0.0,0.0,0.0,0.0,0.0
2.02308e+16,SZSE,SZSE.ETF.159919,3.837,3.847,3.862,3.837,0.0,4.245,3.473,145625878.0,62800.0,560529461.0,240963.6,0.0,0.0,20230825,20230825,130813719,3.859,0.0,0.0,3.836,3.835,3.834,3.833,3.832,0.0,0.0,0.0,0.0,0.0,3.837,3.838,3.839,3.84,3.841,0.0,0.0,0.0,0.0,0.0,1990800.0,1482000.0,1020400.0,175000.0,448800.0,0.0,0.0,0.0,0.0,0.0,795300.0,999000.0,676200.0,1116600.0,865000.0,0.0,0.0,0.0,0.0,0.0
2.02308e+16,SZSE,SZSE.ETF.159919,3.84,3.847,3.862,3.838,0.0,4.245,3.473,144784978.0,469200.0,557301922.6,1801837.1,0.0,0.0,20230825,20230825,130746581,3.859,0.0,0.0,3.839,3.838,3.837,3.836,3.835,0.0,0.0,0.0,0.0,0.0,3.841,3.842,3.843,3.844,3.845,0.0,0.0,0.0,0.0,0.0,1476200.0,2149900.0,1029900.0,365800.0,115400.0,0.0,0.0,0.0,0.0,0.0,966300.0,844700.0,1931800.0,212000.0,1001200.0,0.0,0.0,0.0,0.0,0.0
2.02308e+16,SZSE,SZSE.ETF.159919,3.838,3.847,3.862,3.836,0.0,4.245,3.473,147467978.0,254600.0,567598544.3,977154.8,0.0,0.0,20230825,20230825,130948000,3.859,0.0,0.0,3.838,3.837,3.836,3.835,3.834,0.0,0.0,0.0,0.0,0.0,3.839,3.84,3.841,3.842,3.843,0.0,0.0,0.0,0.0,0.0,300.0,1330200.0,1666200.0,1742700.0,801900.0,0.0,0.0,0.0,0.0,0.0,883900.0,2550000.0,1385000.0,978400.0,420200.0,0.0,0.0,0.0,0.0,0.0
2.02308e+16,SZSE,SZSE.ETF.159919,3.837,3.847,3.862,3.837,0.0,4.245,3.473,146509978.0,8100.0,563922077.4,31079.7,0.0,0.0,20230825,20230825,130854000,3.859,0.0,0.0,3.836,3.835,3.834,3.833,3.832,0.0,0.0,0.0,0.0,0.0,3.837,3.838,3.839,3.84,3.841,0.0,0.0,0.0,0.0,0.0,1553400.0,1657200.0,2029600.0,120600.0,229000.0,0.0,0.0,0.0,0.0,0.0,100900.0,1851600.0,3284000.0,1100000.0,553400.0,0.0,0.0,0.0,0.0,0.0
2.02308e+16,SZSE,SZSE.ETF.159919,3.838,3.847,3.862,3.837,0.0,4.245,3.473,146341778.0,99000.0,563276653.3,379962.0,0.0,0.0,20230825,20230825,130842000,3.859,0.0,0.0,3.838,3.837,3.836,3.835,3.834,0.0,0.0,0.0,0.0,0.0,3.839,3.84,3.841,3.842,3.843,0.0,0.0,0.0,0.0,0.0,9000.0,1243100.0,1507200.0,1752900.0,799700.0,0.0,0.0,0.0,0.0,0.0,1170200.0,1738900.0,1100000.0,817000.0,750300.0,0.0,0.0,0.0,0.0,0.0
2.02308e+16,SZSE,SZSE.ETF.159919,3.838,3.847,3.862,3.837,0.0,4.245,3.473,146341778.0,99000.0,563276653.3,379962.0,0.0,0.0,20230825,20230825,130843547,3.859,0.0,0.0,3.838,3.837,3.836,3.835,3.834,0.0,0.0,0.0,0.0,0.0,3.839,3.84,3.841,3.842,3.843,0.0,0.0,0.0,0.0,0.0,9000.0,1243100.0,1507200.0,1752900.0,799700.0,0.0,0.0,0.0,0.0,0.0,1170200.0,1738900.0,1100000.0,817000.0,750300.0,0.0,0.0,0.0,0.0,0.0
2.02308e+16,SZSE,SZSE.ETF.159919,3.838,3.847,3.862,3.837,0.0,4.245,3.473,146350878.0,9100.0,563311579.1,34925.8,0.0,0.0,20230825,20230825,130846562,3.859,0.0,0.0,3.837,3.836,3.835,3.834,3.833,0.0,0.0,0.0,0.0,0.0,3.838,3.839,3.84,3.841,3.842,0.0,0.0,0.0,0.0,0.0,486800.0,1471700.0,2152900.0,956100.0,240400.0,0.0,0.0,0.0,0.0,0.0,100000.0,1765600.0,1513500.0,630000.0,505000.0,0.0,0.0,0.0,0.0,0.0
2.02308e+16,SZSE,SZSE.ETF.159919,3.838,3.847,3.862,3.837,0.0,4.245,3.473,146372478.0,21600.0,563394479.9,82900.8,0.0,0.0,20230825,20230825,130846602,3.859,0.0,0.0,3.837,3.836,3.835,3.834,3.833,0.0,0.0,0.0,0.0,0.0,3.838,3.839,3.84,3.842,3.843,0.0,0.0,0.0,0.0,0.0,114400.0,1593100.0,2535900.0,1149700.0,103100.0,0.0,0.0,0.0,0.0,0.0,659400.0,4159500.0,1340500.0,817000.0,750300.0,0.0,0.0,0.0,0.0,0.0
2.02308e+16,SZSE,SZSE.ETF.159919,3.838,3.847,3.862,3.837,0.0,4.245,3.473,146372478.0,21600.0,563394479.9,82900.8,0.0,0.0,20230825,20230825,130849554,3.859,0.0,0.0,3.837,3.836,3.835,3.834,3.833,0.0,0.0,0.0,0.0,0.0,3.838,3.839,3.84,3.842,3.843,0.0,0.0,0.0,0.0,0.0,114400.0,1593100.0,2535900.0,1149700.0,103100.0,0.0,0.0,0.0,0.0,0.0,659400.0,4159500.0,1340500.0,817000.0,750300.0,0.0,0.0,0.0,0.0,0.0
2.02308e+16,SZSE,SZSE.ETF.159919,3.837,3.847,3.862,3.837,0.0,4.245,3.473,146501878.0,129400.0,563890997.7,496517.8,0.0,0.0,20230825,20230825,130849607,3.859,0.0,0.0,3.836,3.835,3.834,3.833,3.832,0.0,0.0,0.0,0.0,0.0,3.837,3.838,3.839,3.84,3.841,0.0,0.0,0.0,0.0,0.0,580000.0,1776600.0,2331400.0,77000.0,448800.0,0.0,0.0,0.0,0.0,0.0,117800.0,2351100.0,2751000.0,1191600.0,465000.0,0.0,0.0,0.0,0.0,0.0
2.02308e+16,SZSE,SZSE.ETF.159919,3.846,3.847,3.862,3.836,0.0,4.245,3.473,154717678.0,34000.0,595447928.6,130749.0,0.0,0.0,20230825,20230825,131516748,3.859,0.0,0.0,3.845,3.844,3.843,3.842,3.841,0.0,0.0,0.0,0.0,0.0,3.846,3.847,3.848,3.849,3.85,0.0,0.0,0.0,0.0,0.0,717400.0,3852800.0,1400000.0,265800.0,98300.0,0.0,0.0,0.0,0.0,0.0,1236000.0,1260300.0,1153200.0,790000.0,1432000.0,0.0,0.0,0.0,0.0,0.0
2.02308e+16,SZSE,SZSE.ETF.159919,3.838,3.847,3.862,3.837,0.0,4.245,3.473,146242778.0,10000.0,562896691.3,38380.0,0.0,0.0,20230825,20230825,130837569,3.859,0.0,0.0,3.837,3.836,3.835,3.834,3.833,0.0,0.0,0.0,0.0,0.0,3.838,3.839,3.84,3.841,3.842,0.0,0.0,0.0,0.0,0.0,138800.0,1392900.0,2556900.0,1049700.0,254800.0,0.0,0.0,0.0,0.0,0.0,90000.0,2377500.0,1261600.0,410000.0,340000.0,0.0,0.0,0.0,0.0,0.0
2.02308e+16,SZSE,SZSE.ETF.159919,3.837,3.847,3.862,3.837,0.0,4.245,3.473,145625878.0,62800.0,560529461.0,240963.6,0.0,0.0,20230825,20230825,130811049,3.859,0.0,0.0,3.836,3.835,3.834,3.833,3.832,0.0,0.0,0.0,0.0,0.0,3.837,3.838,3.839,3.84,3.841,0.0,0.0,0.0,0.0,0.0,1990800.0,1482000.0,1020400.0,175000.0,448800.0,0.0,0.0,0.0,0.0,0.0,795300.0,999000.0,676200.0,1116600.0,865000.0,0.0,0.0,0.0,0.0,0.0
2.02308e+16,SZSE,SZSE.ETF.159919,3.837,3.847,3.862,3.837,0.0,4.245,3.473,146153878.0,0.0,562555414.4,0.0,0.0,0.0,20230825,20230825,130824000,3.859,0.0,0.0,3.838,3.837,3.836,3.835,3.834,0.0,0.0,0.0,0.0,0.0,3.839,3.84,3.841,3.842,3.843,0.0,0.0,0.0,0.0,0.0,1440500.0,1516100.0,1444500.0,380200.0,274200.0,0.0,0.0,0.0,0.0,0.0,27300.0,870600.0,2128400.0,1325000.0,672000.0,0.0,0.0,0.0,0.0,0.0
2.02308e+16,SZSE,SZSE.ETF.159919,3.837,3.847,3.862,3.837,0.0,4.245,3.473,146153878.0,800.0,562555414.4,3069.7,0.0,0.0,20230825,20230825,130822585,3.859,0.0,0.0,3.838,3.837,3.836,3.835,3.834,0.0,0.0,0.0,0.0,0.0,3.839,3.84,3.841,3.842,3.843,0.0,0.0,0.0,0.0,0.0,924900.0,844400.0,1544500.0,82000.0,491700.0,0.0,0.0,0.0,0.0,0.0,27300.0,751700.0,2098400.0,1432100.0,396100.0,0.0,0.0,0.0,0.0,0.0
2.02308e+16,SZSE,SZSE.ETF.159919,3.84,3.847,3.862,3.838,0.0,4.245,3.473,144863878.0,78900.0,557604844.9,302922.3,0.0,0.0,20230825,20230825,130752542,3.859,0.0,0.0,3.839,3.838,3.837,3.836,3.835,0.0,0.0,0.0,0.0,0.0,3.84,3.841,3.842,3.843,3.844,0.0,0.0,0.0,0.0,0.0,644300.0,1035500.0,2408600.0,1315800.0,115400.0,0.0,0.0,0.0,0.0,0.0,524700.0,5214500.0,630000.0,790500.0,492000.0,0.0,0.0,0.0,0.0,0.0
2.02308e+16,SZSE,SZSE.ETF.159919,3.84,3.847,3.862,3.838,0.0,4.245,3.473,144865878.0,2000.0,557612524.9,7680.0,0.0,0.0,20230825,20230825,130752566,3.859,0.0,0.0,3.839,3.838,3.837,3.836,3.835,0.0,0.0,0.0,0.0,0.0,3.841,3.842,3.843,3.844,3.845,0.0,0.0,0.0,0.0,0.0,1020900.0,1763400.0,1605600.0,815800.0,115400.0,0.0,0.0,0.0,0.0,0.0,2579700.0,2281900.0,2068200.0,677000.0,506400.0,0.0,0.0,0.0,0.0,0.0
2.02308e+16,SZSE,SZSE.ETF.159919,3.84,3.847,3.862,3.838,0.0,4.245,3.473,144865878.0,2000.0,557612524.9,7680.0,0.0,0.0,20230825,20230825,130755519,3.859,0.0,0.0,3.839,3.838,3.837,3.836,3.835,0.0,0.0,0.0,0.0,0.0,3.841,3.842,3.843,3.844,3.845,0.0,0.0,0.0,0.0,0.0,1020900.0,1763400.0,1605600.0,815800.0,115400.0,0.0,0.0,0.0,0.0,0.0,2579700.0,2281900.0,2068200.0,677000.0,506400.0,0.0,0.0,0.0,0.0,0.0
2.02308e+16,SZSE,SZSE.ETF.159919,3.838,3.847,3.862,3.837,0.0,4.245,3.473,146242778.0,0.0,562896691.3,0.0,0.0,0.0,20230825,20230825,130840548,3.859,0.0,0.0,3.837,3.836,3.835,3.834,3.833,0.0,0.0,0.0,0.0,0.0,3.838,3.839,3.84,3.841,3.842,0.0,0.0,0.0,0.0,0.0,1453800.0,1282800.0,1953900.0,799700.0,74700.0,0.0,0.0,0.0,0.0,0.0,90000.0,1279100.0,1738900.0,1200000.0,843400.0,0.0,0.0,0.0,0.0,0.0
2.02308e+16,SZSE,SZSE.ETF.159919,3.839,3.847,3.862,3.837,0.0,4.245,3.473,146232778.0,0.0,562858311.3,0.0,0.0,0.0,20230825,20230825,130834558,3.859,0.0,0.0,3.837,3.836,3.835,3.834,3.833,0.0,0.0,0.0,0.0,0.0,3.839,3.84,3.841,3.842,3.843,0.0,0.0,0.0,0.0,0.0,235800.0,2171600.0,1877500.0,1194700.0,154800.0,0.0,0.0,0.0,0.0,0.0,2477500.0,810500.0,1010000.0,525000.0,372100.0,0.0,0.0,0.0,0.0,0.0
2.02308e+16,SZSE,SZSE.ETF.159919,3.84,3.847,3.862,3.836,0.0,4.245,3.473,149166278.0,2000.0,574118849.1,7680.0,0.0,0.0,20230825,20230825,131131567,3.859,0.0,0.0,3.839,3.838,3.837,3.836,3.835,0.0,0.0,0.0,0.0,0.0,3.84,3.841,3.842,3.843,3.844,0.0,0.0,0.0,0.0,0.0,1037900.0,2326100.0,1545000.0,810000.0,153000.0,0.0,0.0,0.0,0.0,0.0,173000.0,1077200.0,1949800.0,1670000.0,706100.0,0.0,0.0,0.0,0.0,0.0
2.02308e+16,SZSE,SZSE.ETF.159919,3.845,3.847,3.862,3.836,0.0,4.245,3.473,154778678.0,61000.0,595682482.6,234554.0,0.0,0.0,20230825,20230825,131519709,3.859,0.0,0.0,3.845,3.844,3.843,3.842,3.841,0.0,0.0,0.0,0.0,0.0,3.846,3.847,3.848,3.849,3.85,0.0,0.0,0.0,0.0,0.0,400000.0,3526300.0,1500000.0,465800.0,372000.0,0.0,0.0,0.0,0.0,0.0,1177000.0,1510300.0,1353200.0,690000.0,1588200.0,0.0,0.0,0.0,0.0,0.0
2.02308e+16,SZSE,SZSE.ETF.159919,3.84,3.847,3.862,3.838,0.0,4.245,3.473,144865878.0,0.0,557612524.9,0.0,0.0,0.0,20230825,20230825,130800000,3.859,0.0,0.0,3.839,3.838,3.837,3.836,3.835,0.0,0.0,0.0,0.0,0.0,3.84,3.841,3.842,3.843,3.844,0.0,0.0,0.0,0.0,0.0,800100.0,1835500.0,2508600.0,815800.0,111500.0,0.0,0.0,0.0,0.0,0.0,50000.0,1632700.0,2341600.0,985500.0,863400.0,0.0,0.0,0.0,0.0,0.0
