time,exchg,code,price,open,high,low,settle_price,upper_limit,lower_limit,total_volume,volume,total_turnover,turnover,open_interest,diff_interest,trading_date,action_date,action_time,pre_close,pre_settle,pre_interest,bid_price_0,bid_price_1,bid_price_2,bid_price_3,bid_price_4,bid_price_5,bid_price_6,bid_price_7,bid_price_8,bid_price_9,ask_price_0,ask_price_1,ask_price_2,ask_price_3,ask_price_4,ask_price_5,ask_price_6,ask_price_7,ask_price_8,ask_price_9,bid_qty_0,bid_qty_1,bid_qty_2,bid_qty_3,bid_qty_4,bid_qty_5,bid_qty_6,bid_qty_7,bid_qty_8,bid_qty_9,ask_qty_0,ask_qty_1,ask_qty_2,ask_qty_3,ask_qty_4,ask_qty_5,ask_qty_6,ask_qty_7,ask_qty_8,ask_qty_9
20230831132910368,SSE,SSE.ETF.510050,2.583,2.6,2.609,2.582,0.0,2.859,2.339,356684250.0,1585300.0,925965518.0,4094829.0,0.0,0.0,20230831,20230831,132910370,2.599,0.0,0.0,2.583,2.582,2.581,2.58,2.579,0.0,0.0,0.0,0.0,0.0,2.584,2.585,2.586,2.587,2.588,0.0,0.0,0.0,0.0,0.0,184000.0,2487200.0,3677600.0,9744300.0,2831800.0,0.0,0.0,0.0,0.0,0.0,2197100.0,2754600.0,2650100.0,755200.0,1327360.0,0.0,0.0,0.0,0.0,0.0
20230831133027924,SSE,SSE.ETF.510050,2.583,2.6,2.609,2.582,0.0,2.859,2.339,362180150.0,12300.0,940158432.0,31775.0,0.0,0.0,20230831,20230831,133027924,2.599,0.0,0.0,2.583,2.582,2.581,2.58,2.579,0.0,0.0,0.0,0.0,0.0,2.584,2.585,2.586,2.587,2.588,0.0,0.0,0.0,0.0,0.0,1910100.0,4440800.0,4590200.0,7192400.0,1769500.0,0.0,0.0,0.0,0.0,0.0,101300.0,4586100.0,3010000.0,1061100.0,1572360.0,0.0,0.0,0.0,0.0,0.0
20230831133030888,SSE,SSE.ETF.510050,2.584,2.6,2.609,2.582,0.0,2.859,2.339,362182150.0,2000.0,940163600.0,5168.0,0.0,0.0,20230831,20230831,133030887,2.599,0.0,0.0,2.583,2.582,2.581,2.58,2.579,0.0,0.0,0.0,0.0,0.0,2.584,2.585,2.586,2.587,2.588,0.0,0.0,0.0,0.0,0.0,1905100.0,2945800.0,4606400.0,7192500.0,1769100.0,0.0,0.0,0.0,0.0,0.0,114400.0,4530400.0,3010200.0,1961100.0,1573060.0,0.0,0.0,0.0,0.0,0.0
20230831133033880,SSE,SSE.ETF.510050,2.584,2.6,2.609,2.582,0.0,2.859,2.339,362199850.0,17700.0,940209330.0,45730.0,0.0,0.0,20230831,20230831,133033878,2.599,0.0,0.0,2.583,2.582,2.581,2.58,2.579,0.0,0.0,0.0,0.0,0.0,2.584,2.585,2.586,2.587,2.588,0.0,0.0,0.0,0.0,0.0,2058900.0,2579800.0,4306400.0,7086500.0,1769100.0,0.0,0.0,0.0,0.0,0.0,1597800.0,4237600.0,2889200.0,1123100.0,1489060.0,0.0,0.0,0.0,0.0,0.0
20230831133036968,SSE,SSE.ETF.510050,2.584,2.6,2.609,2.582,0.0,2.859,2.339,362202850.0,3000.0,940217082.0,7752.0,0.0,0.0,20230831,20230831,133036968,2.599,0.0,0.0,2.583,2.582,2.581,2.58,2.579,0.0,0.0,0.0,0.0,0.0,2.584,2.585,2.586,2.587,2.588,0.0,0.0,0.0,0.0,0.0,1926900.0,2906300.0,4784400.0,8580500.0,1774700.0,0.0,0.0,0.0,0.0,0.0,1594800.0,4530600.0,3357200.0,1061100.0,1480360.0,0.0,0.0,0.0,0.0,0.0
20230831133039888,SSE,SSE.ETF.510050,2.584,2.6,2.609,2.582,0.0,2.859,2.339,363103050.0,900200.0,942543199.0,2326117.0,0.0,0.0,20230831,20230831,133039888,2.599,0.0,0.0,2.583,2.582,2.581,2.58,2.579,0.0,0.0,0.0,0.0,0.0,2.584,2.585,2.586,2.587,2.588,0.0,0.0,0.0,0.0,0.0,2772200.0,3922200.0,4784400.0,7080500.0,1854700.0,0.0,0.0,0.0,0.0,0.0,50200.0,3630600.0,3357200.0,2561100.0,1480360.0,0.0,0.0,0.0,0.0,0.0
20230831133042880,SSE,SSE.ETF.510050,2.584,2.6,2.609,2.582,0.0,2.859,2.339,363606050.0,503000.0,943842451.0,1299252.0,0.0,0.0,20230831,20230831,133042879,2.599,0.0,0.0,2.583,2.582,2.581,2.58,2.579,0.0,0.0,0.0,0.0,0.0,2.584,2.585,2.586,2.587,2.588,0.0,0.0,0.0,0.0,0.0,3337100.0,4834200.0,3574400.0,6782100.0,1858100.0,0.0,0.0,0.0,0.0,0.0,25000.0,3020600.0,3098500.0,3021300.0,1781060.0,0.0,0.0,0.0,0.0,0.0
20230831133045900,SSE,SSE.ETF.510050,2.584,2.6,2.609,2.582,0.0,2.859,2.339,363657150.0,51100.0,943974493.0,132042.0,0.0,0.0,20230831,20230831,133045900,2.599,0.0,0.0,2.583,2.582,2.581,2.58,2.579,0.0,0.0,0.0,0.0,0.0,2.584,2.585,2.586,2.587,2.588,0.0,0.0,0.0,0.0,0.0,3597100.0,3934200.0,4694400.0,7084100.0,1936100.0,0.0,0.0,0.0,0.0,0.0,233600.0,3630600.0,3098500.0,2623300.0,1403060.0,0.0,0.0,0.0,0.0,0.0
20230831133048904,SSE,SSE.ETF.510050,2.584,2.6,2.609,2.582,0.0,2.859,2.339,364718150.0,1061000.0,946715117.0,2740624.0,0.0,0.0,20230831,20230831,133048906,2.599,0.0,0.0,2.583,2.582,2.581,2.58,2.579,0.0,0.0,0.0,0.0,0.0,2.584,2.585,2.586,2.587,2.588,0.0,0.0,0.0,0.0,0.0,2757000.0,3939200.0,4746400.0,7086000.0,1867900.0,0.0,0.0,0.0,0.0,0.0,172600.0,3630600.0,3010500.0,2711300.0,1481060.0,0.0,0.0,0.0,0.0,0.0
20230831133051876,SSE,SSE.ETF.510050,2.584,2.6,2.609,2.582,0.0,2.859,2.339,364859850.0,141700.0,947081270.0,366153.0,0.0,0.0,20230831,20230831,133051875,2.599,0.0,0.0,2.583,2.582,2.581,2.58,2.579,0.0,0.0,0.0,0.0,0.0,2.584,2.585,2.586,2.587,2.588,0.0,0.0,0.0,0.0,0.0,3057000.0,3946500.0,4731400.0,7190000.0,1867900.0,0.0,0.0,0.0,0.0,0.0,80900.0,3630600.0,3098500.0,2711300.0,1481060.0,0.0,0.0,0.0,0.0,0.0
20230831133054888,SSE,SSE.ETF.510050,2.584,2.6,2.609,2.582,0.0,2.859,2.339,364893850.0,34000.0,947169098.0,87828.0,0.0,0.0,20230831,20230831,133054889,2.599,0.0,0.0,2.583,2.582,2.581,2.58,2.579,0.0,0.0,0.0,0.0,0.0,2.584,2.585,2.586,2.587,2.588,0.0,0.0,0.0,0.0,0.0,3778500.0,4866500.0,3917400.0,7195000.0,1867900.0,0.0,0.0,0.0,0.0,0.0,75400.0,3630600.0,3098500.0,2567700.0,1576060.0,0.0,0.0,0.0,0.0,0.0
20230831133057888,SSE,SSE.ETF.510050,2.583,2.6,2.609,2.582,0.0,2.859,2.339,364926650.0,32800.0,947253820.0,84722.0,0.0,0.0,20230831,20230831,133057886,2.599,0.0,0.0,2.583,2.582,2.581,2.58,2.579,0.0,0.0,0.0,0.0,0.0,2.584,2.585,2.586,2.587,2.588,0.0,0.0,0.0,0.0,0.0,3747900.0,3966300.0,4824300.0,7015000.0,1945900.0,0.0,0.0,0.0,0.0,0.0,81900.0,3630600.0,3098500.0,2479700.0,1403060.0,0.0,0.0,0.0,0.0,0.0
20230831133100944,SSE,SSE.ETF.510050,2.583,2.6,2.609,2.582,0.0,2.859,2.339,364935750.0,9100.0,947277332.0,23512.0,0.0,0.0,20230831,20230831,133100943,2.599,0.0,0.0,2.583,2.582,2.581,2.58,2.579,0.0,0.0,0.0,0.0,0.0,2.584,2.585,2.586,2.587,2.588,0.0,0.0,0.0,0.0,0.0,3756400.0,3966300.0,4834300.0,7253000.0,1945900.0,0.0,0.0,0.0,0.0,0.0,175100.0,3630600.0,3098500.0,2567700.0,1403060.0,0.0,0.0,0.0,0.0,0.0
20230831133103880,SSE,SSE.ETF.510050,2.583,2.6,2.609,2.582,0.0,2.859,2.339,364943850.0,8100.0,947298257.0,20925.0,0.0,0.0,20230831,20230831,133103880,2.599,0.0,0.0,2.583,2.582,2.581,2.58,2.579,0.0,0.0,0.0,0.0,0.0,2.584,2.585,2.586,2.587,2.588,0.0,0.0,0.0,0.0,0.0,3864400.0,3975300.0,4834300.0,7103000.0,1867900.0,0.0,0.0,0.0,0.0,0.0,72600.0,3629900.0,3098500.0,2717700.0,1481060.0,0.0,0.0,0.0,0.0,0.0
20230831133106904,SSE,SSE.ETF.510050,2.584,2.6,2.609,2.582,0.0,2.859,2.339,364943950.0,100.0,947298515.0,258.0,0.0,0.0,20230831,20230831,133106904,2.599,0.0,0.0,2.583,2.582,2.581,2.58,2.579,0.0,0.0,0.0,0.0,0.0,2.584,2.585,2.586,2.587,2.588,0.0,0.0,0.0,0.0,0.0,3714800.0,3976000.0,4834300.0,7105500.0,1945900.0,0.0,0.0,0.0,0.0,0.0,23200.0,3879900.0,3098500.0,2567700.0,1403060.0,0.0,0.0,0.0,0.0,0.0
20230831133109880,SSE,SSE.ETF.510050,2.584,2.6,2.609,2.582,0.0,2.859,2.339,364955450.0,11500.0,947328231.0,29716.0,0.0,0.0,20230831,20230831,133109882,2.599,0.0,0.0,2.583,2.582,2.581,2.58,2.579,0.0,0.0,0.0,0.0,0.0,2.584,2.585,2.586,2.587,2.588,0.0,0.0,0.0,0.0,0.0,4174800.0,4865300.0,3627300.0,7105800.0,1867900.0,0.0,0.0,0.0,0.0,0.0,11700.0,3609900.0,3098500.0,3027700.0,1481060.0,0.0,0.0,0.0,0.0,0.0
20230831133112928,SSE,SSE.ETF.510050,2.584,2.6,2.609,2.582,0.0,2.859,2.339,364978950.0,23500.0,947388955.0,60724.0,0.0,0.0,20230831,20230831,133112928,2.599,0.0,0.0,2.584,2.583,2.582,2.581,2.58,0.0,0.0,0.0,0.0,0.0,2.585,2.586,2.587,2.588,2.589,0.0,0.0,0.0,0.0,0.0,1232200.0,5170300.0,5262800.0,3209400.0,6108800.0,0.0,0.0,0.0,0.0,0.0,2324700.0,2118500.0,2939700.0,3203060.0,1969600.0,0.0,0.0,0.0,0.0,0.0
20230831133115872,SSE,SSE.ETF.510050,2.584,2.6,2.609,2.582,0.0,2.859,2.339,364978950.0,0.0,947388955.0,0.0,0.0,0.0,20230831,20230831,133115874,2.599,0.0,0.0,2.584,2.583,2.582,2.581,2.58,0.0,0.0,0.0,0.0,0.0,2.585,2.586,2.587,2.588,2.589,0.0,0.0,0.0,0.0,0.0,1237800.0,6179300.0,5262900.0,3257300.0,6006800.0,0.0,0.0,0.0,0.0,0.0,1224700.0,1930400.0,3027800.0,3118060.0,2064600.0,0.0,0.0,0.0,0.0,0.0
20230831133118940,SSE,SSE.ETF.510050,2.585,2.6,2.609,2.582,0.0,2.859,2.339,364983950.0,5000.0,947401880.0,12925.0,0.0,0.0,20230831,20230831,133118939,2.599,0.0,0.0,2.584,2.583,2.582,2.581,2.58,0.0,0.0,0.0,0.0,0.0,2.585,2.586,2.587,2.588,2.589,0.0,0.0,0.0,0.0,0.0,943900.0,6079200.0,5157100.0,3307300.0,5793800.0,0.0,0.0,0.0,0.0,0.0,1369700.0,2010400.0,3115800.0,3118060.0,1986600.0,0.0,0.0,0.0,0.0,0.0
20230831133121876,SSE,SSE.ETF.510050,2.585,2.6,2.609,2.582,0.0,2.859,2.339,364983950.0,0.0,947401880.0,0.0,0.0,0.0,20230831,20230831,133121876,2.599,0.0,0.0,2.584,2.583,2.582,2.581,2.58,0.0,0.0,0.0,0.0,0.0,2.585,2.586,2.587,2.588,2.589,0.0,0.0,0.0,0.0,0.0,947000.0,5780200.0,5161000.0,3307300.0,6006800.0,0.0,0.0,0.0,0.0,0.0,1351200.0,2010400.0,3115800.0,3150560.0,1984600.0,0.0,0.0,0.0,0.0,0.0
20230831133124944,SSE,SSE.ETF.510050,2.584,2.6,2.609,2.582,0.0,2.859,2.339,366263350.0,1279400.0,950707602.0,3305722.0,0.0,0.0,20230831,20230831,133124944,2.599,0.0,0.0,2.583,2.582,2.581,2.58,2.579,0.0,0.0,0.0,0.0,0.0,2.584,2.585,2.586,2.587,2.588,0.0,0.0,0.0,0.0,0.0,5535200.0,5141000.0,4807300.0,6015100.0,1866900.0,0.0,0.0,0.0,0.0,0.0,7600.0,1405800.0,2910400.0,3115800.0,1650560.0,0.0,0.0,0.0,0.0,0.0
20230831133127944,SSE,SSE.ETF.510050,2.584,2.6,2.609,2.582,0.0,2.859,2.339,366303050.0,39700.0,950810187.0,102585.0,0.0,0.0,20230831,20230831,133127942,2.599,0.0,0.0,2.584,2.583,2.582,2.581,2.58,0.0,0.0,0.0,0.0,0.0,2.585,2.586,2.587,2.588,2.589,0.0,0.0,0.0,0.0,0.0,949000.0,7440600.0,4503900.0,2972400.0,6209900.0,0.0,0.0,0.0,0.0,0.0,549300.0,2171600.0,3116700.0,1885560.0,1864600.0,0.0,0.0,0.0,0.0,0.0
20230831133130884,SSE,SSE.ETF.510050,2.584,2.6,2.609,2.582,0.0,2.859,2.339,366563050.0,260000.0,951482037.0,671850.0,0.0,0.0,20230831,20230831,133130884,2.599,0.0,0.0,2.584,2.583,2.582,2.581,2.58,0.0,0.0,0.0,0.0,0.0,2.585,2.586,2.587,2.588,2.589,0.0,0.0,0.0,0.0,0.0,1599000.0,7437600.0,3616000.0,4564300.0,6112900.0,0.0,0.0,0.0,0.0,0.0,603600.0,2071500.0,3028800.0,1905560.0,1864600.0,0.0,0.0,0.0,0.0,0.0
20230831133133864,SSE,SSE.ETF.510050,2.584,2.6,2.609,2.582,0.0,2.859,2.339,366574650.0,11600.0,951512011.0,29974.0,0.0,0.0,20230831,20230831,133133864,2.599,0.0,0.0,2.584,2.583,2.582,2.581,2.58,0.0,0.0,0.0,0.0,0.0,2.585,2.586,2.587,2.588,2.589,0.0,0.0,0.0,0.0,0.0,1890600.0,7447900.0,3710500.0,4669300.0,6022900.0,0.0,0.0,0.0,0.0,0.0,646700.0,3510400.0,3116800.0,1810560.0,1959600.0,0.0,0.0,0.0,0.0,0.0
20230831133136888,SSE,SSE.ETF.510050,2.585,2.6,2.609,2.582,0.0,2.859,2.339,366594650.0,20000.0,951563711.0,51700.0,0.0,0.0,20230831,20230831,133136890,2.599,0.0,0.0,2.584,2.583,2.582,2.581,2.58,0.0,0.0,0.0,0.0,0.0,2.585,2.586,2.587,2.588,2.589,0.0,0.0,0.0,0.0,0.0,250500.0,7447900.0,3416500.0,4819300.0,6024700.0,0.0,0.0,0.0,0.0,0.0,776700.0,3510400.0,3116800.0,1660560.0,2039600.0,0.0,0.0,0.0,0.0,0.0
20230831133139892,SSE,SSE.ETF.510050,2.584,2.6,2.609,2.582,0.0,2.859,2.339,366614650.0,20000.0,951615391.0,51680.0,0.0,0.0,20230831,20230831,133139891,2.599,0.0,0.0,2.584,2.583,2.582,2.581,2.58,0.0,0.0,0.0,0.0,0.0,2.585,2.586,2.587,2.588,2.589,0.0,0.0,0.0,0.0,0.0,245700.0,7347900.0,3366500.0,4819100.0,5724900.0,0.0,0.0,0.0,0.0,0.0,796700.0,3510400.0,3028800.0,1660560.0,1961600.0,0.0,0.0,0.0,0.0,0.0
20230831133142880,SSE,SSE.ETF.510050,2.585,2.6,2.609,2.582,0.0,2.859,2.339,366619850.0,5200.0,951628829.0,13438.0,0.0,0.0,20230831,20230831,133142881,2.599,0.0,0.0,2.584,2.583,2.582,2.581,2.58,0.0,0.0,0.0,0.0,0.0,2.585,2.586,2.587,2.588,2.589,0.0,0.0,0.0,0.0,0.0,241500.0,7364000.0,3356500.0,4907100.0,6016200.0,0.0,0.0,0.0,0.0,0.0,839100.0,3510400.0,3028800.0,1748560.0,1961600.0,0.0,0.0,0.0,0.0,0.0
20230831133145880,SSE,SSE.ETF.510050,2.585,2.6,2.609,2.582,0.0,2.859,2.339,366619850.0,0.0,951628829.0,0.0,0.0,0.0,20230831,20230831,133145881,2.599,0.0,0.0,2.584,2.583,2.582,2.581,2.58,0.0,0.0,0.0,0.0,0.0,2.585,2.586,2.587,2.588,2.589,0.0,0.0,0.0,0.0,0.0,341200.0,7369000.0,3268700.0,4907100.0,6018500.0,0.0,0.0,0.0,0.0,0.0,839100.0,3510400.0,2940800.0,1748560.0,1961600.0,0.0,0.0,0.0,0.0,0.0
20230831133148880,SSE,SSE.ETF.510050,2.585,2.6,2.609,2.582,0.0,2.859,2.339,366619850.0,0.0,951628829.0,0.0,0.0,0.0,20230831,20230831,133148882,2.599,0.0,0.0,2.584,2.583,2.582,2.581,2.58,0.0,0.0,0.0,0.0,0.0,2.585,2.586,2.587,2.588,2.589,0.0,0.0,0.0,0.0,0.0,371200.0,7369000.0,3358700.0,4907100.0,5992100.0,0.0,0.0,0.0,0.0,0.0,1129900.0,3430400.0,3028800.0,1748560.0,1881600.0,0.0,0.0,0.0,0.0,0.0
20230831133151868,SSE,SSE.ETF.510050,2.585,2.6,2.609,2.582,0.0,2.859,2.339,366621450.0,1600.0,951632965.0,4136.0,0.0,0.0,20230831,20230831,133151868,2.599,0.0,0.0,2.584,2.583,2.582,2.581,2.58,0.0,0.0,0.0,0.0,0.0,2.585,2.586,2.587,2.588,2.589,0.0,0.0,0.0,0.0,0.0,158500.0,7349000.0,3261700.0,4919600.0,6003100.0,0.0,0.0,0.0,0.0,0.0,1128300.0,3510400.0,3028800.0,1660560.0,1961600.0,0.0,0.0,0.0,0.0,0.0
20230831133154872,SSE,SSE.ETF.510050,2.584,2.6,2.609,2.582,0.0,2.859,2.339,366662150.0,40700.0,951738139.0,105174.0,0.0,0.0,20230831,20230831,133154873,2.599,0.0,0.0,2.584,2.583,2.582,2.581,2.58,0.0,0.0,0.0,0.0,0.0,2.585,2.586,2.587,2.588,2.589,0.0,0.0,0.0,0.0,0.0,423500.0,7355100.0,3353100.0,4907600.0,6003100.0,0.0,0.0,0.0,0.0,0.0,1123100.0,3430400.0,3028800.0,1748560.0,1961600.0,0.0,0.0,0.0,0.0,0.0
20230831133157872,SSE,SSE.ETF.510050,2.585,2.6,2.609,2.582,0.0,2.859,2.339,366664150.0,2000.0,951743309.0,5170.0,0.0,0.0,20230831,20230831,133157870,2.599,0.0,0.0,2.584,2.583,2.582,2.581,2.58,0.0,0.0,0.0,0.0,0.0,2.585,2.586,2.587,2.588,2.589,0.0,0.0,0.0,0.0,0.0,423500.0,7470100.0,3336800.0,3407600.0,6003100.0,0.0,0.0,0.0,0.0,0.0,1121100.0,3477300.0,3028800.0,1748560.0,1881600.0,0.0,0.0,0.0,0.0,0.0
20230831133200880,SSE,SSE.ETF.510050,2.584,2.6,2.609,2.582,0.0,2.859,2.339,366665950.0,1800.0,951747961.0,4652.0,0.0,0.0,20230831,20230831,133200880,2.599,0.0,0.0,2.584,2.583,2.582,2.581,2.58,0.0,0.0,0.0,0.0,0.0,2.585,2.586,2.587,2.588,2.589,0.0,0.0,0.0,0.0,0.0,1868000.0,7470100.0,3248900.0,3414600.0,6020700.0,0.0,0.0,0.0,0.0,0.0,1120200.0,3481100.0,2940800.0,1660560.0,2056600.0,0.0,0.0,0.0,0.0,0.0
20230831133203876,SSE,SSE.ETF.510050,2.585,2.6,2.609,2.582,0.0,2.859,2.339,367045650.0,379700.0,952729430.0,981469.0,0.0,0.0,20230831,20230831,133203875,2.599,0.0,0.0,2.584,2.583,2.582,2.581,2.58,0.0,0.0,0.0,0.0,0.0,2.585,2.586,2.587,2.588,2.589,0.0,0.0,0.0,0.0,0.0,2585800.0,8179700.0,2729000.0,2349100.0,6020700.0,0.0,0.0,0.0,0.0,0.0,536700.0,1041200.0,2728800.0,3410660.0,1961600.0,0.0,0.0,0.0,0.0,0.0
20230831133206892,SSE,SSE.ETF.510050,2.585,2.6,2.609,2.582,0.0,2.859,2.339,367058150.0,12500.0,952761742.0,32312.0,0.0,0.0,20230831,20230831,133206892,2.599,0.0,0.0,2.584,2.583,2.582,2.581,2.58,0.0,0.0,0.0,0.0,0.0,2.585,2.586,2.587,2.588,2.589,0.0,0.0,0.0,0.0,0.0,3199900.0,8779700.0,3033500.0,2349100.0,5947100.0,0.0,0.0,0.0,0.0,0.0,524200.0,1041200.0,3028800.0,3710660.0,2181600.0,0.0,0.0,0.0,0.0,0.0
20230831133209932,SSE,SSE.ETF.510050,2.585,2.6,2.609,2.582,0.0,2.859,2.339,367596350.0,538200.0,954152979.0,1391237.0,0.0,0.0,20230831,20230831,133209931,2.599,0.0,0.0,2.585,2.584,2.583,2.582,2.581,0.0,0.0,0.0,0.0,0.0,2.586,2.587,2.588,2.589,2.59,0.0,0.0,0.0,0.0,0.0,2297000.0,3372400.0,7629000.0,1967500.0,2259400.0,0.0,0.0,0.0,0.0,0.0,600100.0,2194100.0,3710660.0,2331600.0,1621000.0,0.0,0.0,0.0,0.0,0.0
20230831133212956,SSE,SSE.ETF.510050,2.585,2.6,2.609,2.582,0.0,2.859,2.339,367596350.0,0.0,954152979.0,0.0,0.0,0.0,20230831,20230831,133212956,2.599,0.0,0.0,2.585,2.584,2.583,2.582,2.581,0.0,0.0,0.0,0.0,0.0,2.586,2.587,2.588,2.589,2.59,0.0,0.0,0.0,0.0,0.0,2831500.0,4721800.0,5337800.0,1962400.0,2064400.0,0.0,0.0,0.0,0.0,0.0,604200.0,2994000.0,3710760.0,2169300.0,1793300.0,0.0,0.0,0.0,0.0,0.0
20230831133215864,SSE,SSE.ETF.510050,2.585,2.6,2.609,2.582,0.0,2.859,2.339,367749950.0,153600.0,954550035.0,397056.0,0.0,0.0,20230831,20230831,133215865,2.599,0.0,0.0,2.585,2.584,2.583,2.582,2.581,0.0,0.0,0.0,0.0,0.0,2.586,2.587,2.588,2.589,2.59,0.0,0.0,0.0,0.0,0.0,2120300.0,4352400.0,5417800.0,2272400.0,2016400.0,0.0,0.0,0.0,0.0,0.0,586200.0,3206000.0,3710760.0,2257300.0,1493300.0,0.0,0.0,0.0,0.0,0.0
20230831133218920,SSE,SSE.ETF.510050,2.586,2.6,2.609,2.582,0.0,2.859,2.339,368752550.0,1002600.0,957141759.0,2591724.0,0.0,0.0,20230831,20230831,133218922,2.599,0.0,0.0,2.585,2.584,2.583,2.582,2.581,0.0,0.0,0.0,0.0,0.0,2.586,2.587,2.588,2.589,2.59,0.0,0.0,0.0,0.0,0.0,2102900.0,4721800.0,6317800.0,1082400.0,2034000.0,0.0,0.0,0.0,0.0,0.0,214300.0,2006000.0,3710760.0,3649500.0,1713300.0,0.0,0.0,0.0,0.0,0.0
20230831133221924,SSE,SSE.ETF.510050,2.586,2.6,2.609,2.582,0.0,2.859,2.339,368752550.0,0.0,957141759.0,0.0,0.0,0.0,20230831,20230831,133221924,2.599,0.0,0.0,2.585,2.584,2.583,2.582,2.581,0.0,0.0,0.0,0.0,0.0,2.586,2.587,2.588,2.589,2.59,0.0,0.0,0.0,0.0,0.0,1127000.0,3455400.0,5422800.0,2433400.0,2034000.0,0.0,0.0,0.0,0.0,0.0,735600.0,2306000.0,3710760.0,1999500.0,1413300.0,0.0,0.0,0.0,0.0,0.0
20230831133224868,SSE,SSE.ETF.510050,2.586,2.6,2.609,2.582,0.0,2.859,2.339,368796950.0,44400.0,957256541.0,114782.0,0.0,0.0,20230831,20230831,133224867,2.599,0.0,0.0,2.585,2.584,2.583,2.582,2.581,0.0,0.0,0.0,0.0,0.0,2.586,2.587,2.588,2.589,2.59,0.0,0.0,0.0,0.0,0.0,195200.0,3375900.0,5414100.0,3945400.0,2031000.0,0.0,0.0,0.0,0.0,0.0,813700.0,3306000.0,3710760.0,1999500.0,1413300.0,0.0,0.0,0.0,0.0,0.0
20230831133227892,SSE,SSE.ETF.510050,2.586,2.6,2.609,2.582,0.0,2.859,2.339,368840750.0,43800.0,957369805.0,113264.0,0.0,0.0,20230831,20230831,133227893,2.599,0.0,0.0,2.585,2.584,2.583,2.582,2.581,0.0,0.0,0.0,0.0,0.0,2.586,2.587,2.588,2.589,2.59,0.0,0.0,0.0,0.0,0.0,2231300.0,4755300.0,5016100.0,1457400.0,2189100.0,0.0,0.0,0.0,0.0,0.0,353500.0,2093000.0,3622760.0,2221500.0,1340300.0,0.0,0.0,0.0,0.0,0.0
20230831133230864,SSE,SSE.ETF.510050,2.586,2.6,2.609,2.582,0.0,2.859,2.339,368865850.0,25100.0,957434713.0,64908.0,0.0,0.0,20230831,20230831,133230863,2.599,0.0,0.0,2.585,2.584,2.583,2.582,2.581,0.0,0.0,0.0,0.0,0.0,2.586,2.587,2.588,2.589,2.59,0.0,0.0,0.0,0.0,0.0,4501600.0,5110300.0,5194100.0,1296400.0,2111200.0,0.0,0.0,0.0,0.0,0.0,178500.0,1402200.0,3710760.0,3959500.0,1723300.0,0.0,0.0,0.0,0.0,0.0
20230831133233880,SSE,SSE.ETF.510050,2.585,2.6,2.609,2.582,0.0,2.859,2.339,368882050.0,16200.0,957476600.0,41887.0,0.0,0.0,20230831,20230831,133233879,2.599,0.0,0.0,2.585,2.584,2.583,2.582,2.581,0.0,0.0,0.0,0.0,0.0,2.586,2.587,2.588,2.589,2.59,0.0,0.0,0.0,0.0,0.0,4789300.0,5110300.0,5194100.0,1376400.0,2186600.0,0.0,0.0,0.0,0.0,0.0,168500.0,1402200.0,3710760.0,3959500.0,1568000.0,0.0,0.0,0.0,0.0,0.0
20230831133236872,SSE,SSE.ETF.510050,2.586,2.6,2.609,2.582,0.0,2.859,2.339,369050550.0,168500.0,957912341.0,435741.0,0.0,0.0,20230831,20230831,133236874,2.599,0.0,0.0,2.586,2.585,2.584,2.583,2.582,0.0,0.0,0.0,0.0,0.0,2.587,2.588,2.589,2.59,2.591,0.0,0.0,0.0,0.0,0.0,38300.0,4790100.0,5111200.0,4378500.0,1377800.0,0.0,0.0,0.0,0.0,0.0,1402900.0,3712160.0,3959600.0,1570800.0,924600.0,0.0,0.0,0.0,0.0,0.0
20230831133239928,SSE,SSE.ETF.510050,2.586,2.6,2.609,2.582,0.0,2.859,2.339,369056350.0,5800.0,957927340.0,14999.0,0.0,0.0,20230831,20230831,133239926,2.599,0.0,0.0,2.586,2.585,2.584,2.583,2.582,0.0,0.0,0.0,0.0,0.0,2.587,2.588,2.589,2.59,2.591,0.0,0.0,0.0,0.0,0.0,32500.0,4790100.0,4912500.0,4313400.0,1259100.0,0.0,0.0,0.0,0.0,0.0,1452900.0,3632060.0,3959700.0,1607200.0,941700.0,0.0,0.0,0.0,0.0,0.0
20230831133242928,SSE,SSE.ETF.510050,2.587,2.6,2.609,2.582,0.0,2.859,2.339,369066150.0,9800.0,957952688.0,25348.0,0.0,0.0,20230831,20230831,133242927,2.599,0.0,0.0,2.586,2.585,2.584,2.583,2.582,0.0,0.0,0.0,0.0,0.0,2.587,2.588,2.589,2.59,2.591,0.0,0.0,0.0,0.0,0.0,72500.0,4483500.0,4612500.0,4535700.0,1175100.0,0.0,0.0,0.0,0.0,0.0,2048300.0,3544060.0,3561700.0,1607200.0,650700.0,0.0,0.0,0.0,0.0,0.0
20230831133245936,SSE,SSE.ETF.510050,2.586,2.6,2.609,2.582,0.0,2.859,2.339,369143550.0,77400.0,958152847.0,200159.0,0.0,0.0,20230831,20230831,133245937,2.599,0.0,0.0,2.585,2.584,2.583,2.582,2.581,0.0,0.0,0.0,0.0,0.0,2.586,2.587,2.588,2.589,2.59,0.0,0.0,0.0,0.0,0.0,4344000.0,4512500.0,4320500.0,1625100.0,2011800.0,0.0,0.0,0.0,0.0,0.0,76200.0,2288500.0,3624060.0,3716700.0,1307200.0,0.0,0.0,0.0,0.0,0.0
20230831133248864,SSE,SSE.ETF.510050,2.587,2.6,2.609,2.582,0.0,2.859,2.339,369150550.0,7000.0,958170956.0,18109.0,0.0,0.0,20230831,20230831,133248864,2.599,0.0,0.0,2.586,2.585,2.584,2.583,2.582,0.0,0.0,0.0,0.0,0.0,2.587,2.588,2.589,2.59,2.591,0.0,0.0,0.0,0.0,0.0,13800.0,4034000.0,4510400.0,4466100.0,1369200.0,0.0,0.0,0.0,0.0,0.0,2541500.0,3812160.0,3494600.0,1392200.0,633600.0,0.0,0.0,0.0,0.0,0.0
20230831133251860,SSE,SSE.ETF.510050,2.587,2.6,2.609,2.582,0.0,2.859,2.339,369150550.0,0.0,958170956.0,0.0,0.0,0.0,20230831,20230831,133251860,2.599,0.0,0.0,2.586,2.585,2.584,2.583,2.582,0.0,0.0,0.0,0.0,0.0,2.587,2.588,2.589,2.59,2.591,0.0,0.0,0.0,0.0,0.0,30200.0,4494000.0,4510500.0,4651000.0,1253800.0,0.0,0.0,0.0,0.0,0.0,2591500.0,3717060.0,3954700.0,1307200.0,650700.0,0.0,0.0,0.0,0.0,0.0
20230831133254908,SSE,SSE.ETF.510050,2.587,2.6,2.609,2.582,0.0,2.859,2.339,369203650.0,53100.0,958308299.0,137343.0,0.0,0.0,20230831,20230831,133254907,2.599,0.0,0.0,2.586,2.585,2.584,2.583,2.582,0.0,0.0,0.0,0.0,0.0,2.587,2.588,2.589,2.59,2.591,0.0,0.0,0.0,0.0,0.0,35600.0,4794000.0,4610500.0,4341000.0,953800.0,0.0,0.0,0.0,0.0,0.0,1663400.0,3730960.0,3954700.0,1607200.0,951700.0,0.0,0.0,0.0,0.0,0.0
20230831133257864,SSE,SSE.ETF.510050,2.587,2.6,2.609,2.582,0.0,2.859,2.339,369203850.0,200.0,958308817.0,518.0,0.0,0.0,20230831,20230831,133257866,2.599,0.0,0.0,2.586,2.585,2.584,2.583,2.582,0.0,0.0,0.0,0.0,0.0,2.587,2.588,2.589,2.59,2.591,0.0,0.0,0.0,0.0,0.0,39300.0,4609300.0,4613500.0,4253000.0,1544900.0,0.0,0.0,0.0,0.0,0.0,1963200.0,3642960.0,3954700.0,1323900.0,951700.0,0.0,0.0,0.0,0.0,0.0
20230831133300860,SSE,SSE.ETF.510050,2.586,2.6,2.609,2.582,0.0,2.859,2.339,369282150.0,78300.0,958511305.0,202488.0,0.0,0.0,20230831,20230831,133300860,2.599,0.0,0.0,2.585,2.584,2.583,2.582,2.581,0.0,0.0,0.0,0.0,0.0,2.586,2.587,2.588,2.589,2.59,0.0,0.0,0.0,0.0,0.0,4302400.0,4700000.0,4563000.0,1165900.0,2011600.0,0.0,0.0,0.0,0.0,0.0,295000.0,2570100.0,3562960.0,2144700.0,1395900.0,0.0,0.0,0.0,0.0,0.0
20230831133303928,SSE,SSE.ETF.510050,2.587,2.6,2.609,2.582,0.0,2.859,2.339,369282350.0,200.0,958511822.0,517.0,0.0,0.0,20230831,20230831,133303926,2.599,0.0,0.0,2.585,2.584,2.583,2.582,2.581,0.0,0.0,0.0,0.0,0.0,2.586,2.587,2.588,2.589,2.59,0.0,0.0,0.0,0.0,0.0,4913900.0,4879900.0,4068100.0,1366000.0,2100800.0,0.0,0.0,0.0,0.0,0.0,6700.0,1548600.0,3663060.0,4052600.0,1858200.0,0.0,0.0,0.0,0.0,0.0
20230831133306856,SSE,SSE.ETF.510050,2.587,2.6,2.609,2.582,0.0,2.859,2.339,369423250.0,140900.0,958876192.0,364370.0,0.0,0.0,20230831,20230831,133306858,2.599,0.0,0.0,2.586,2.585,2.584,2.583,2.582,0.0,0.0,0.0,0.0,0.0,2.587,2.588,2.589,2.59,2.591,0.0,0.0,0.0,0.0,0.0,768600.0,3464600.0,3222500.0,4378100.0,1887000.0,0.0,0.0,0.0,0.0,0.0,2436600.0,3663060.0,3566600.0,1481000.0,643600.0,0.0,0.0,0.0,0.0,0.0
20230831133309864,SSE,SSE.ETF.510050,2.585,2.6,2.609,2.582,0.0,2.859,2.339,370422350.0,999100.0,961459765.0,2583573.0,0.0,0.0,20230831,20230831,133309865,2.599,0.0,0.0,2.585,2.584,2.583,2.582,2.581,0.0,0.0,0.0,0.0,0.0,2.586,2.587,2.588,2.589,2.59,0.0,0.0,0.0,0.0,0.0,821700.0,3408900.0,4751000.0,3807900.0,2010400.0,0.0,0.0,0.0,0.0,0.0,727600.0,2242600.0,3730960.0,2004700.0,1396000.0,0.0,0.0,0.0,0.0,0.0
20230831133312968,SSE,SSE.ETF.510050,2.586,2.6,2.609,2.582,0.0,2.859,2.339,370450450.0,28100.0,961532412.0,72647.0,0.0,0.0,20230831,20230831,133312969,2.599,0.0,0.0,2.585,2.584,2.583,2.582,2.581,0.0,0.0,0.0,0.0,0.0,2.586,2.587,2.588,2.589,2.59,0.0,0.0,0.0,0.0,0.0,210500.0,2509300.0,4976100.0,3935500.0,2327900.0,0.0,0.0,0.0,0.0,0.0,1068800.0,3753200.0,3831060.0,1704600.0,1636300.0,0.0,0.0,0.0,0.0,0.0
20230831133315868,SSE,SSE.ETF.510050,2.586,2.6,2.609,2.582,0.0,2.859,2.339,370450450.0,0.0,961532412.0,0.0,0.0,0.0,20230831,20230831,133315867,2.599,0.0,0.0,2.585,2.584,2.583,2.582,2.581,0.0,0.0,0.0,0.0,0.0,2.586,2.587,2.588,2.589,2.59,0.0,0.0,0.0,0.0,0.0,240700.0,2809300.0,4976100.0,3935500.0,2485800.0,0.0,0.0,0.0,0.0,0.0,1068800.0,3754200.0,3831060.0,1699600.0,1558300.0,0.0,0.0,0.0,0.0,0.0
20230831133318864,SSE,SSE.ETF.510050,2.586,2.6,2.609,2.582,0.0,2.859,2.339,370458950.0,8500.0,961554393.0,21981.0,0.0,0.0,20230831,20230831,133318862,2.599,0.0,0.0,2.585,2.584,2.583,2.582,2.581,0.0,0.0,0.0,0.0,0.0,2.586,2.587,2.588,2.589,2.59,0.0,0.0,0.0,0.0,0.0,243700.0,2831500.0,4888200.0,3944500.0,2485800.0,0.0,0.0,0.0,0.0,0.0,1060300.0,3769300.0,3743060.0,1699600.0,1558300.0,0.0,0.0,0.0,0.0,0.0
20230831133321872,SSE,SSE.ETF.510050,2.586,2.6,2.609,2.582,0.0,2.859,2.339,370718950.0,260000.0,962226477.0,672084.0,0.0,0.0,20230831,20230831,133321872,2.599,0.0,0.0,2.585,2.584,2.583,2.582,2.581,0.0,0.0,0.0,0.0,0.0,2.586,2.587,2.588,2.589,2.59,0.0,0.0,0.0,0.0,0.0,10000.0,3117100.0,4976200.0,3944500.0,2166200.0,0.0,0.0,0.0,0.0,0.0,501000.0,3777100.0,3831060.0,1999700.0,1558300.0,0.0,0.0,0.0,0.0,0.0
20230831133324872,SSE,SSE.ETF.510050,2.585,2.6,2.609,2.582,0.0,2.859,2.339,370755650.0,36700.0,962321355.0,94878.0,0.0,0.0,20230831,20230831,133324874,2.599,0.0,0.0,2.584,2.583,2.582,2.581,2.58,0.0,0.0,0.0,0.0,0.0,2.586,2.587,2.588,2.589,2.59,0.0,0.0,0.0,0.0,0.0,4016000.0,4976200.0,3944500.0,2093300.0,5881900.0,0.0,0.0,0.0,0.0,0.0,510600.0,3777100.0,3831060.0,1999800.0,1636300.0,0.0,0.0,0.0,0.0,0.0
20230831133327904,SSE,SSE.ETF.510050,2.586,2.6,2.609,2.582,0.0,2.859,2.339,370775850.0,20200.0,962373592.0,52237.0,0.0,0.0,20230831,20230831,133327905,2.599,0.0,0.0,2.585,2.584,2.583,2.582,2.581,0.0,0.0,0.0,0.0,0.0,2.586,2.587,2.588,2.589,2.59,0.0,0.0,0.0,0.0,0.0,600000.0,3936000.0,5376200.0,3804500.0,2093300.0,0.0,0.0,0.0,0.0,0.0,49000.0,3777100.0,3845360.0,1999800.0,1636300.0,0.0,0.0,0.0,0.0,0.0
20230831133330860,SSE,SSE.ETF.510050,2.586,2.6,2.609,2.582,0.0,2.859,2.339,370776850.0,1000.0,962376178.0,2586.0,0.0,0.0,20230831,20230831,133330860,2.599,0.0,0.0,2.585,2.584,2.583,2.582,2.581,0.0,0.0,0.0,0.0,0.0,2.586,2.587,2.588,2.589,2.59,0.0,0.0,0.0,0.0,0.0,610800.0,4015300.0,5088200.0,3856500.0,2248200.0,0.0,0.0,0.0,0.0,0.0,198000.0,3777100.0,3757360.0,1911800.0,1481100.0,0.0,0.0,0.0,0.0,0.0
20230831133333868,SSE,SSE.ETF.510050,2.585,2.6,2.609,2.582,0.0,2.859,2.339,370887250.0,110400.0,962661566.0,285388.0,0.0,0.0,20230831,20230831,133333867,2.599,0.0,0.0,2.585,2.584,2.583,2.582,2.581,0.0,0.0,0.0,0.0,0.0,2.586,2.587,2.588,2.589,2.59,0.0,0.0,0.0,0.0,0.0,2455600.0,4905300.0,5177200.0,2294500.0,2169700.0,0.0,0.0,0.0,0.0,0.0,56700.0,2277800.0,3845360.0,2149800.0,1558400.0,0.0,0.0,0.0,0.0,0.0
20230831133336856,SSE,SSE.ETF.510050,2.586,2.6,2.609,2.582,0.0,2.859,2.339,370889250.0,2000.0,962666738.0,5172.0,0.0,0.0,20230831,20230831,133336855,2.599,0.0,0.0,2.585,2.584,2.583,2.582,2.581,0.0,0.0,0.0,0.0,0.0,2.586,2.587,2.588,2.589,2.59,0.0,0.0,0.0,0.0,0.0,1258700.0,4883800.0,5177200.0,3794500.0,2247200.0,0.0,0.0,0.0,0.0,0.0,54700.0,2277800.0,3845360.0,3649800.0,1481100.0,0.0,0.0,0.0,0.0,0.0
20230831133339864,SSE,SSE.ETF.510050,2.585,2.6,2.609,2.582,0.0,2.859,2.339,370913250.0,24000.0,962728778.0,62040.0,0.0,0.0,20230831,20230831,133339865,2.599,0.0,0.0,2.585,2.584,2.583,2.582,2.581,0.0,0.0,0.0,0.0,0.0,2.586,2.587,2.588,2.589,2.59,0.0,0.0,0.0,0.0,0.0,1084700.0,4873100.0,5177200.0,4039500.0,2169300.0,0.0,0.0,0.0,0.0,0.0,274700.0,3777800.0,3846860.0,1999800.0,1654100.0,0.0,0.0,0.0,0.0,0.0
20230831133342884,SSE,SSE.ETF.510050,2.586,2.6,2.609,2.582,0.0,2.859,2.339,370940450.0,27200.0,962799113.0,70335.0,0.0,0.0,20230831,20230831,133342885,2.599,0.0,0.0,2.585,2.584,2.583,2.582,2.581,0.0,0.0,0.0,0.0,0.0,2.586,2.587,2.588,2.589,2.59,0.0,0.0,0.0,0.0,0.0,942300.0,4893100.0,5177200.0,3800700.0,2091800.0,0.0,0.0,0.0,0.0,0.0,201600.0,3177800.0,3849360.0,2149800.0,1636400.0,0.0,0.0,0.0,0.0,0.0
20230831133345896,SSE,SSE.ETF.510050,2.586,2.6,2.609,2.582,0.0,2.859,2.339,370940450.0,0.0,962799113.0,0.0,0.0,0.0,20230831,20230831,133345898,2.599,0.0,0.0,2.585,2.584,2.583,2.582,2.581,0.0,0.0,0.0,0.0,0.0,2.586,2.587,2.588,2.589,2.59,0.0,0.0,0.0,0.0,0.0,493200.0,4896900.0,5096200.0,3711000.0,2091800.0,0.0,0.0,0.0,0.0,0.0,201600.0,3767200.0,3761360.0,1911800.0,1636400.0,0.0,0.0,0.0,0.0,0.0
20230831133348964,SSE,SSE.ETF.510050,2.586,2.6,2.609,2.582,0.0,2.859,2.339,370945450.0,5000.0,962812043.0,12930.0,0.0,0.0,20230831,20230831,133348963,2.599,0.0,0.0,2.585,2.584,2.583,2.582,2.581,0.0,0.0,0.0,0.0,0.0,2.586,2.587,2.588,2.589,2.59,0.0,0.0,0.0,0.0,0.0,493200.0,4901900.0,5184200.0,3949300.0,2169700.0,0.0,0.0,0.0,0.0,0.0,646600.0,3767200.0,3849360.0,1999800.0,1558400.0,0.0,0.0,0.0,0.0,0.0
20230831133351852,SSE,SSE.ETF.510050,2.586,2.6,2.609,2.582,0.0,2.859,2.339,371008250.0,62800.0,962974444.0,162401.0,0.0,0.0,20230831,20230831,133351853,2.599,0.0,0.0,2.585,2.584,2.583,2.582,2.581,0.0,0.0,0.0,0.0,0.0,2.586,2.587,2.588,2.589,2.59,0.0,0.0,0.0,0.0,0.0,1545200.0,4901900.0,5185700.0,3804500.0,2168700.0,0.0,0.0,0.0,0.0,0.0,334800.0,2267400.0,3849360.0,3649800.0,1558400.0,0.0,0.0,0.0,0.0,0.0
20230831133354856,SSE,SSE.ETF.510050,2.585,2.6,2.609,2.582,0.0,2.859,2.339,371038750.0,30500.0,963053286.0,78842.0,0.0,0.0,20230831,20230831,133354854,2.599,0.0,0.0,2.585,2.584,2.583,2.582,2.581,0.0,0.0,0.0,0.0,0.0,2.586,2.587,2.588,2.589,2.59,0.0,0.0,0.0,0.0,0.0,1374500.0,4911300.0,5185700.0,3954500.0,2090800.0,0.0,0.0,0.0,0.0,0.0,545800.0,3767400.0,3849360.0,1999800.0,1636400.0,0.0,0.0,0.0,0.0,0.0
20230831133357872,SSE,SSE.ETF.510050,2.586,2.6,2.609,2.582,0.0,2.859,2.339,371048750.0,10000.0,963079146.0,25860.0,0.0,0.0,20230831,20230831,133357870,2.599,0.0,0.0,2.585,2.584,2.583,2.582,2.581,0.0,0.0,0.0,0.0,0.0,2.586,2.587,2.588,2.589,2.59,0.0,0.0,0.0,0.0,0.0,1385100.0,4911300.0,5185700.0,3876500.0,2089800.0,0.0,0.0,0.0,0.0,0.0,643100.0,3767400.0,3849360.0,1911800.0,1667600.0,0.0,0.0,0.0,0.0,0.0
20230831133400864,SSE,SSE.ETF.510050,2.586,2.6,2.609,2.582,0.0,2.859,2.339,371063950.0,15200.0,963118452.0,39306.0,0.0,0.0,20230831,20230831,133400863,2.599,0.0,0.0,2.585,2.584,2.583,2.582,2.581,0.0,0.0,0.0,0.0,0.0,2.586,2.587,2.588,2.589,2.59,0.0,0.0,0.0,0.0,0.0,3662100.0,6891300.0,4187700.0,1336400.0,2089800.0,0.0,0.0,0.0,0.0,0.0,443300.0,1857400.0,3761360.0,3871800.0,1667600.0,0.0,0.0,0.0,0.0,0.0
20230831133403952,SSE,SSE.ETF.510050,2.585,2.6,2.609,2.582,0.0,2.859,2.339,371364050.0,300100.0,963894506.0,776054.0,0.0,0.0,20230831,20230831,133403951,2.599,0.0,0.0,2.585,2.584,2.583,2.582,2.581,0.0,0.0,0.0,0.0,0.0,2.586,2.587,2.588,2.589,2.59,0.0,0.0,0.0,0.0,0.0,4276000.0,5999300.0,4275700.0,1417100.0,2167700.0,0.0,0.0,0.0,0.0,0.0,148300.0,1266400.0,3849360.0,3959800.0,1889600.0,0.0,0.0,0.0,0.0,0.0
20230831133406912,SSE,SSE.ETF.510050,2.585,2.6,2.609,2.582,0.0,2.859,2.339,371364050.0,0.0,963894506.0,0.0,0.0,0.0,20230831,20230831,133406910,2.599,0.0,0.0,2.585,2.584,2.583,2.582,2.581,0.0,0.0,0.0,0.0,0.0,2.586,2.587,2.588,2.589,2.59,0.0,0.0,0.0,0.0,0.0,3998000.0,5699300.0,4675700.0,1131100.0,2245200.0,0.0,0.0,0.0,0.0,0.0,152700.0,1870200.0,3849360.0,3649800.0,1904300.0,0.0,0.0,0.0,0.0,0.0
20230831133409912,SSE,SSE.ETF.510050,2.586,2.6,2.609,2.582,0.0,2.859,2.339,371386850.0,22800.0,963953444.0,58938.0,0.0,0.0,20230831,20230831,133409911,2.599,0.0,0.0,2.585,2.584,2.583,2.582,2.581,0.0,0.0,0.0,0.0,0.0,2.586,2.587,2.588,2.589,2.59,0.0,0.0,0.0,0.0,0.0,3537300.0,5109300.0,4585700.0,1421100.0,2245200.0,0.0,0.0,0.0,0.0,0.0,152400.0,2170200.0,3849360.0,3499800.0,1509300.0,0.0,0.0,0.0,0.0,0.0
20230831133412928,SSE,SSE.ETF.510050,2.586,2.6,2.609,2.582,0.0,2.859,2.339,371391650.0,4800.0,963965857.0,12413.0,0.0,0.0,20230831,20230831,133412927,2.599,0.0,0.0,2.585,2.584,2.583,2.582,2.581,0.0,0.0,0.0,0.0,0.0,2.586,2.587,2.588,2.589,2.59,0.0,0.0,0.0,0.0,0.0,3837300.0,4809300.0,4497700.0,1933100.0,2245200.0,0.0,0.0,0.0,0.0,0.0,159600.0,1871100.0,3761360.0,3411800.0,1809300.0,0.0,0.0,0.0,0.0,0.0
20230831133415868,SSE,SSE.ETF.510050,2.586,2.6,2.609,2.582,0.0,2.859,2.339,371395450.0,3800.0,963975684.0,9827.0,0.0,0.0,20230831,20230831,133415868,2.599,0.0,0.0,2.585,2.584,2.583,2.582,2.581,0.0,0.0,0.0,0.0,0.0,2.586,2.587,2.588,2.589,2.59,0.0,0.0,0.0,0.0,0.0,3687300.0,4809300.0,5576400.0,1332100.0,2245200.0,0.0,0.0,0.0,0.0,0.0,155800.0,2171100.0,3849360.0,3649800.0,1509300.0,0.0,0.0,0.0,0.0,0.0
20230831133418896,SSE,SSE.ETF.510050,2.586,2.6,2.609,2.582,0.0,2.859,2.339,371395450.0,0.0,963975684.0,0.0,0.0,0.0,20230831,20230831,133418894,2.599,0.0,0.0,2.585,2.584,2.583,2.582,2.581,0.0,0.0,0.0,0.0,0.0,2.586,2.587,2.588,2.589,2.59,0.0,0.0,0.0,0.0,0.0,4297300.0,6009300.0,4277500.0,1413100.0,2245200.0,0.0,0.0,0.0,0.0,0.0,159700.0,1561100.0,3849360.0,3959800.0,1809300.0,0.0,0.0,0.0,0.0,0.0
20230831133421872,SSE,SSE.ETF.510050,2.586,2.6,2.609,2.582,0.0,2.859,2.339,371395450.0,0.0,963975684.0,0.0,0.0,0.0,20230831,20230831,133421873,2.599,0.0,0.0,2.585,2.584,2.583,2.582,2.581,0.0,0.0,0.0,0.0,0.0,2.586,2.587,2.588,2.589,2.59,0.0,0.0,0.0,0.0,0.0,4306500.0,6023000.0,4277500.0,1417000.0,2245200.0,0.0,0.0,0.0,0.0,0.0,159700.0,1270100.0,3849360.0,3959800.0,1809300.0,0.0,0.0,0.0,0.0,0.0
20230831133424928,SSE,SSE.ETF.510050,2.585,2.6,2.609,2.582,0.0,2.859,2.339,371436450.0,41000.0,964081679.0,105995.0,0.0,0.0,20230831,20230831,133424930,2.599,0.0,0.0,2.585,2.584,2.583,2.582,2.581,0.0,0.0,0.0,0.0,0.0,2.586,2.587,2.588,2.589,2.59,0.0,0.0,0.0,0.0,0.0,3815500.0,5739000.0,3687500.0,2176000.0,2248500.0,0.0,0.0,0.0,0.0,0.0,299700.0,1871100.0,3849360.0,3499800.0,1809300.0,0.0,0.0,0.0,0.0,0.0
20230831133427864,SSE,SSE.ETF.510050,2.586,2.6,2.609,2.582,0.0,2.859,2.339,371449450.0,13000.0,964115295.0,33616.0,0.0,0.0,20230831,20230831,133427864,2.599,0.0,0.0,2.585,2.584,2.583,2.582,2.581,0.0,0.0,0.0,0.0,0.0,2.586,2.587,2.588,2.589,2.59,0.0,0.0,0.0,0.0,0.0,4141000.0,6039000.0,4367500.0,1327000.0,2172000.0,0.0,0.0,0.0,0.0,0.0,138700.0,1270100.0,3849360.0,3809800.0,1886600.0,0.0,0.0,0.0,0.0,0.0
20230831133430880,SSE,SSE.ETF.510050,2.586,2.6,2.609,2.582,0.0,2.859,2.339,371449450.0,0.0,964115295.0,0.0,0.0,0.0,20230831,20230831,133430881,2.599,0.0,0.0,2.585,2.584,2.583,2.582,2.581,0.0,0.0,0.0,0.0,0.0,2.586,2.587,2.588,2.589,2.59,0.0,0.0,0.0,0.0,0.0,5218700.0,6039000.0,4367500.0,1327000.0,2249500.0,0.0,0.0,0.0,0.0,0.0,138700.0,1270100.0,3849360.0,3959800.0,1809300.0,0.0,0.0,0.0,0.0,0.0
20230831133433896,SSE,SSE.ETF.510050,2.586,2.6,2.609,2.582,0.0,2.859,2.339,371487050.0,37600.0,964212498.0,97203.0,0.0,0.0,20230831,20230831,133433897,2.599,0.0,0.0,2.585,2.584,2.583,2.582,2.581,0.0,0.0,0.0,0.0,0.0,2.586,2.587,2.588,2.589,2.59,0.0,0.0,0.0,0.0,0.0,5188100.0,6110600.0,4277500.0,1417000.0,2247700.0,0.0,0.0,0.0,0.0,0.0,131700.0,1270100.0,3849360.0,3959800.0,1857400.0,0.0,0.0,0.0,0.0,0.0
20230831133436908,SSE,SSE.ETF.510050,2.586,2.6,2.609,2.582,0.0,2.859,2.339,371622750.0,135700.0,964563418.0,350920.0,0.0,0.0,20230831,20230831,133436908,2.599,0.0,0.0,2.586,2.585,2.584,2.583,2.582,0.0,0.0,0.0,0.0,0.0,2.587,2.588,2.589,2.59,2.591,0.0,0.0,0.0,0.0,0.0,165300.0,5296200.0,6160600.0,4367500.0,1327000.0,0.0,0.0,0.0,0.0,0.0,1270100.0,3849360.0,3959800.0,1857400.0,934600.0,0.0,0.0,0.0,0.0,0.0
20230831133439928,SSE,SSE.ETF.510050,2.586,2.6,2.609,2.582,0.0,2.859,2.339,371624750.0,2000.0,964568590.0,5172.0,0.0,0.0,20230831,20230831,133439929,2.599,0.0,0.0,2.586,2.585,2.584,2.583,2.582,0.0,0.0,0.0,0.0,0.0,2.587,2.588,2.589,2.59,2.591,0.0,0.0,0.0,0.0,0.0,768800.0,5296200.0,5860700.0,2835600.0,1211900.0,0.0,0.0,0.0,0.0,0.0,1370100.0,2161260.0,3871900.0,1772400.0,1041700.0,0.0,0.0,0.0,0.0,0.0
20230831133442884,SSE,SSE.ETF.510050,2.586,2.6,2.609,2.582,0.0,2.859,2.339,371624750.0,0.0,964568590.0,0.0,0.0,0.0,20230831,20230831,133442884,2.599,0.0,0.0,2.586,2.585,2.584,2.583,2.582,0.0,0.0,0.0,0.0,0.0,2.587,2.588,2.589,2.59,2.591,0.0,0.0,0.0,0.0,0.0,788800.0,5295000.0,5349600.0,4423600.0,1211900.0,0.0,0.0,0.0,0.0,0.0,1729800.0,3661260.0,3959900.0,1560400.0,1041700.0,0.0,0.0,0.0,0.0,0.0
20230831133445940,SSE,SSE.ETF.510050,2.586,2.6,2.609,2.582,0.0,2.859,2.339,371627750.0,3000.0,964576348.0,7758.0,0.0,0.0,20230831,20230831,133445941,2.599,0.0,0.0,2.586,2.585,2.584,2.583,2.582,0.0,0.0,0.0,0.0,0.0,2.587,2.588,2.589,2.59,2.591,0.0,0.0,0.0,0.0,0.0,787900.0,5295000.0,5449600.0,4323600.0,1211900.0,0.0,0.0,0.0,0.0,0.0,1729800.0,3661260.0,3959900.0,1560400.0,1041700.0,0.0,0.0,0.0,0.0,0.0
20230831133448864,SSE,SSE.ETF.510050,2.586,2.6,2.609,2.582,0.0,2.859,2.339,371660750.0,33000.0,964661686.0,85338.0,0.0,0.0,20230831,20230831,133448862,2.599,0.0,0.0,2.586,2.585,2.584,2.583,2.582,0.0,0.0,0.0,0.0,0.0,2.587,2.588,2.589,2.59,2.591,0.0,0.0,0.0,0.0,0.0,455000.0,5380200.0,5349600.0,4513600.0,1122000.0,0.0,0.0,0.0,0.0,0.0,1379800.0,3661260.0,3959900.0,1860400.0,951700.0,0.0,0.0,0.0,0.0,0.0
20230831133451864,SSE,SSE.ETF.510050,2.586,2.6,2.609,2.582,0.0,2.859,2.339,371673750.0,13000.0,964695307.0,33621.0,0.0,0.0,20230831,20230831,133451865,2.599,0.0,0.0,2.586,2.585,2.584,2.583,2.582,0.0,0.0,0.0,0.0,0.0,2.587,2.588,2.589,2.59,2.591,0.0,0.0,0.0,0.0,0.0,456800.0,5281900.0,5299600.0,4513600.0,1122000.0,0.0,0.0,0.0,0.0,0.0,1717800.0,3661260.0,3959900.0,1860400.0,660700.0,0.0,0.0,0.0,0.0,0.0
20230831133454896,SSE,SSE.ETF.510050,2.586,2.6,2.609,2.582,0.0,2.859,2.339,371716550.0,42800.0,964805989.0,110682.0,0.0,0.0,20230831,20230831,133454896,2.599,0.0,0.0,2.586,2.585,2.584,2.583,2.582,0.0,0.0,0.0,0.0,0.0,2.587,2.588,2.589,2.59,2.591,0.0,0.0,0.0,0.0,0.0,163800.0,4981900.0,5211600.0,4429600.0,1422000.0,0.0,0.0,0.0,0.0,0.0,1725500.0,3661260.0,3871900.0,1472600.0,951700.0,0.0,0.0,0.0,0.0,0.0
20230831133457880,SSE,SSE.ETF.510050,2.587,2.6,2.609,2.582,0.0,2.859,2.339,371822750.0,106200.0,965080724.0,274735.0,0.0,0.0,20230831,20230831,133457882,2.599,0.0,0.0,2.586,2.585,2.584,2.583,2.582,0.0,0.0,0.0,0.0,0.0,2.587,2.588,2.589,2.59,2.591,0.0,0.0,0.0,0.0,0.0,461100.0,5381900.0,5299600.0,4517600.0,1125500.0,0.0,0.0,0.0,0.0,0.0,1269300.0,3661260.0,3959900.0,1860600.0,951700.0,0.0,0.0,0.0,0.0,0.0
20230831133500896,SSE,SSE.ETF.510050,2.587,2.6,2.609,2.582,0.0,2.859,2.339,371832850.0,10100.0,965106853.0,26129.0,0.0,0.0,20230831,20230831,133500897,2.599,0.0,0.0,2.586,2.585,2.584,2.583,2.582,0.0,0.0,0.0,0.0,0.0,2.587,2.588,2.589,2.59,2.591,0.0,0.0,0.0,0.0,0.0,461100.0,5394000.0,5211600.0,4429600.0,1125500.0,0.0,0.0,0.0,0.0,0.0,1313100.0,3661260.0,3871900.0,1772600.0,951700.0,0.0,0.0,0.0,0.0,0.0
20230831133503876,SSE,SSE.ETF.510050,2.587,2.6,2.609,2.582,0.0,2.859,2.339,371832850.0,0.0,965106853.0,0.0,0.0,0.0,20230831,20230831,133503876,2.599,0.0,0.0,2.586,2.585,2.584,2.583,2.582,0.0,0.0,0.0,0.0,0.0,2.587,2.588,2.589,2.59,2.591,0.0,0.0,0.0,0.0,0.0,2271000.0,7004000.0,3489600.0,2777600.0,1215500.0,0.0,0.0,0.0,0.0,0.0,413100.0,2354560.0,3959900.0,3080600.0,1041700.0,0.0,0.0,0.0,0.0,0.0
20230831133506852,SSE,SSE.ETF.510050,2.587,2.6,2.609,2.582,0.0,2.859,2.339,372275950.0,443100.0,966253123.0,1146270.0,0.0,0.0,20230831,20230831,133506851,2.599,0.0,0.0,2.587,2.586,2.585,2.584,2.583,0.0,0.0,0.0,0.0,0.0,2.588,2.589,2.59,2.591,2.592,0.0,0.0,0.0,0.0,0.0,186400.0,3005600.0,7009600.0,4092600.0,1070100.0,0.0,0.0,0.0,0.0,0.0,1764260.0,3959900.0,3831100.0,1444400.0,1797500.0,0.0,0.0,0.0,0.0,0.0
20230831133509860,SSE,SSE.ETF.510050,2.587,2.6,2.609,2.582,0.0,2.859,2.339,372363050.0,87100.0,966478451.0,225328.0,0.0,0.0,20230831,20230831,133509860,2.599,0.0,0.0,2.587,2.586,2.585,2.584,2.583,0.0,0.0,0.0,0.0,0.0,2.588,2.589,2.59,2.591,2.592,0.0,0.0,0.0,0.0,0.0,99900.0,2277700.0,5108700.0,5387500.0,867000.0,0.0,0.0,0.0,0.0,0.0,2725260.0,3959800.0,3371200.0,886500.0,1681500.0,0.0,0.0,0.0,0.0,0.0
20230831133512920,SSE,SSE.ETF.510050,2.587,2.6,2.609,2.582,0.0,2.859,2.339,373463150.0,1100100.0,969323409.0,2844958.0,0.0,0.0,20230831,20230831,133512922,2.599,0.0,0.0,2.586,2.585,2.584,2.583,2.582,0.0,0.0,0.0,0.0,0.0,2.587,2.588,2.589,2.59,2.591,0.0,0.0,0.0,0.0,0.0,544800.0,4347500.0,4587500.0,3179100.0,1113600.0,0.0,0.0,0.0,0.0,0.0,652800.0,4379560.0,3959800.0,2021200.0,796500.0,0.0,0.0,0.0,0.0,0.0
20230831133515956,SSE,SSE.ETF.510050,2.587,2.6,2.609,2.582,0.0,2.859,2.339,373463150.0,0.0,969323409.0,0.0,0.0,0.0,20230831,20230831,133515955,2.599,0.0,0.0,2.586,2.585,2.584,2.583,2.582,0.0,0.0,0.0,0.0,0.0,2.587,2.588,2.589,2.59,2.591,0.0,0.0,0.0,0.0,0.0,914800.0,4047400.0,4307600.0,3524100.0,1128200.0,0.0,0.0,0.0,0.0,0.0,852800.0,4317260.0,4059900.0,1871100.0,1036600.0,0.0,0.0,0.0,0.0,0.0
20230831133518860,SSE,SSE.ETF.510050,2.587,2.6,2.609,2.582,0.0,2.859,2.339,373511150.0,48000.0,969447585.0,124176.0,0.0,0.0,20230831,20230831,133518861,2.599,0.0,0.0,2.586,2.585,2.584,2.583,2.582,0.0,0.0,0.0,0.0,0.0,2.587,2.588,2.589,2.59,2.591,0.0,0.0,0.0,0.0,0.0,915300.0,4047400.0,4307600.0,3518600.0,1206200.0,0.0,0.0,0.0,0.0,0.0,1055800.0,4317260.0,4059900.0,1881100.0,958700.0,0.0,0.0,0.0,0.0,0.0
20230831133521936,SSE,SSE.ETF.510050,2.586,2.6,2.609,2.582,0.0,2.859,2.339,373661150.0,150000.0,969835485.0,387900.0,0.0,0.0,20230831,20230831,133521934,2.599,0.0,0.0,2.586,2.585,2.584,2.583,2.582,0.0,0.0,0.0,0.0,0.0,2.587,2.588,2.589,2.59,2.591,0.0,0.0,0.0,0.0,0.0,1078000.0,4147400.0,3307600.0,1968600.0,1129300.0,0.0,0.0,0.0,0.0,0.0,905800.0,4209560.0,4059900.0,1881100.0,1036600.0,0.0,0.0,0.0,0.0,0.0
20230831133524908,SSE,SSE.ETF.510050,2.586,2.6,2.609,2.582,0.0,2.859,2.339,373726450.0,65300.0,970004351.0,168866.0,0.0,0.0,20230831,20230831,133524907,2.599,0.0,0.0,2.586,2.585,2.584,2.583,2.582,0.0,0.0,0.0,0.0,0.0,2.587,2.588,2.589,2.59,2.591,0.0,0.0,0.0,0.0,0.0,423700.0,3973900.0,4207600.0,3618600.0,1207200.0,0.0,0.0,0.0,0.0,0.0,855800.0,4309560.0,4058900.0,1881100.0,958700.0,0.0,0.0,0.0,0.0,0.0
20230831133527860,SSE,SSE.ETF.510050,2.586,2.6,2.609,2.582,0.0,2.859,2.339,373726450.0,0.0,970004351.0,0.0,0.0,0.0,20230831,20230831,133527861,2.599,0.0,0.0,2.586,2.585,2.584,2.583,2.582,0.0,0.0,0.0,0.0,0.0,2.587,2.588,2.589,2.59,2.591,0.0,0.0,0.0,0.0,0.0,178700.0,3373900.0,4719600.0,3530600.0,1207500.0,0.0,0.0,0.0,0.0,0.0,913500.0,4309560.0,3970900.0,1793100.0,958700.0,0.0,0.0,0.0,0.0,0.0
20230831133530848,SSE,SSE.ETF.510050,2.587,2.6,2.609,2.582,0.0,2.859,2.339,373731450.0,5000.0,970017286.0,12935.0,0.0,0.0,20230831,20230831,133530850,2.599,0.0,0.0,2.586,2.585,2.584,2.583,2.582,0.0,0.0,0.0,0.0,0.0,2.587,2.588,2.589,2.59,2.591,0.0,0.0,0.0,0.0,0.0,223100.0,3373900.0,4902600.0,3518600.0,1207500.0,0.0,0.0,0.0,0.0,0.0,808500.0,4309560.0,4058900.0,1881100.0,958700.0,0.0,0.0,0.0,0.0,0.0
20230831133533864,SSE,SSE.ETF.510050,2.586,2.6,2.609,2.582,0.0,2.859,2.339,373736750.0,5300.0,970030992.0,13706.0,0.0,0.0,20230831,20230831,133533866,2.599,0.0,0.0,2.586,2.585,2.584,2.583,2.582,0.0,0.0,0.0,0.0,0.0,2.587,2.588,2.589,2.59,2.591,0.0,0.0,0.0,0.0,0.0,226000.0,3473200.0,4814600.0,3519100.0,1207500.0,0.0,0.0,0.0,0.0,0.0,869500.0,4309560.0,3970900.0,1881100.0,958700.0,0.0,0.0,0.0,0.0,0.0
20230831133536868,SSE,SSE.ETF.510050,2.586,2.6,2.609,2.582,0.0,2.859,2.339,373736750.0,0.0,970030992.0,0.0,0.0,0.0,20230831,20230831,133536867,2.599,0.0,0.0,2.586,2.585,2.584,2.583,2.582,0.0,0.0,0.0,0.0,0.0,2.587,2.588,2.589,2.59,2.591,0.0,0.0,0.0,0.0,0.0,236000.0,3473400.0,4902600.0,3519100.0,1214000.0,0.0,0.0,0.0,0.0,0.0,819500.0,4230060.0,4058900.0,1881100.0,958700.0,0.0,0.0,0.0,0.0,0.0
20230831133539868,SSE,SSE.ETF.510050,2.586,2.6,2.609,2.582,0.0,2.859,2.339,373736750.0,0.0,970030992.0,0.0,0.0,0.0,20230831,20230831,133539868,2.599,0.0,0.0,2.586,2.585,2.584,2.583,2.582,0.0,0.0,0.0,0.0,0.0,2.587,2.588,2.589,2.59,2.591,0.0,0.0,0.0,0.0,0.0,236200.0,3473400.0,4902600.0,3519100.0,1214000.0,0.0,0.0,0.0,0.0,0.0,919500.0,4310160.0,4058900.0,1881100.0,958700.0,0.0,0.0,0.0,0.0,0.0
20230831133542864,SSE,SSE.ETF.510050,2.587,2.6,2.609,2.582,0.0,2.859,2.339,373780050.0,43300.0,970143005.0,112013.0,0.0,0.0,20230831,20230831,133542862,2.599,0.0,0.0,2.586,2.585,2.584,2.583,2.582,0.0,0.0,0.0,0.0,0.0,2.587,2.588,2.589,2.59,2.591,0.0,0.0,0.0,0.0,0.0,244900.0,3473400.0,4902600.0,3614100.0,1214100.0,0.0,0.0,0.0,0.0,0.0,794900.0,4310160.0,4058900.0,1881100.0,1053700.0,0.0,0.0,0.0,0.0,0.0
20230831133545896,SSE,SSE.ETF.510050,2.587,2.6,2.609,2.582,0.0,2.859,2.339,373780050.0,0.0,970143005.0,0.0,0.0,0.0,20230831,20230831,133545895,2.599,0.0,0.0,2.586,2.585,2.584,2.583,2.582,0.0,0.0,0.0,0.0,0.0,2.587,2.588,2.589,2.59,2.591,0.0,0.0,0.0,0.0,0.0,265200.0,3473400.0,4902600.0,3431100.0,1136200.0,0.0,0.0,0.0,0.0,0.0,849900.0,4230160.0,4058900.0,1776400.0,1036600.0,0.0,0.0,0.0,0.0,0.0
20230831133548928,SSE,SSE.ETF.510050,2.587,2.6,2.609,2.582,0.0,2.859,2.339,373804750.0,24700.0,970206902.0,63897.0,0.0,0.0,20230831,20230831,133548926,2.599,0.0,0.0,2.586,2.585,2.584,2.583,2.582,0.0,0.0,0.0,0.0,0.0,2.587,2.588,2.589,2.59,2.591,0.0,0.0,0.0,0.0,0.0,263800.0,3383400.0,4814600.0,3520600.0,1214100.0,0.0,0.0,0.0,0.0,0.0,876600.0,4230160.0,3970900.0,1864400.0,958700.0,0.0,0.0,0.0,0.0,0.0
20230831133551856,SSE,SSE.ETF.510050,2.587,2.6,2.609,2.582,0.0,2.859,2.339,373804750.0,0.0,970206902.0,0.0,0.0,0.0,20230831,20230831,133551858,2.599,0.0,0.0,2.586,2.585,2.584,2.583,2.582,0.0,0.0,0.0,0.0,0.0,2.587,2.588,2.589,2.59,2.591,0.0,0.0,0.0,0.0,0.0,751600.0,3383400.0,4902600.0,3520600.0,1214100.0,0.0,0.0,0.0,0.0,0.0,986300.0,4230160.0,4058900.0,1867400.0,958700.0,0.0,0.0,0.0,0.0,0.0
20230831133554912,SSE,SSE.ETF.510050,2.587,2.6,2.609,2.582,0.0,2.859,2.339,373839650.0,34900.0,970297154.0,90252.0,0.0,0.0,20230831,20230831,133554911,2.599,0.0,0.0,2.586,2.585,2.584,2.583,2.582,0.0,0.0,0.0,0.0,0.0,2.587,2.588,2.589,2.59,2.591,0.0,0.0,0.0,0.0,0.0,722500.0,3083400.0,4852600.0,3523600.0,1514100.0,0.0,0.0,0.0,0.0,0.0,1244100.0,4310160.0,4058900.0,1572400.0,958700.0,0.0,0.0,0.0,0.0,0.0
20230831133557896,SSE,SSE.ETF.510050,2.586,2.6,2.609,2.582,0.0,2.859,2.339,373849650.0,10000.0,970323019.0,25865.0,0.0,0.0,20230831,20230831,133557897,2.599,0.0,0.0,2.586,2.585,2.584,2.583,2.582,0.0,0.0,0.0,0.0,0.0,2.587,2.588,2.589,2.59,2.591,0.0,0.0,0.0,0.0,0.0,717500.0,3087400.0,4855800.0,3435600.0,1514100.0,0.0,0.0,0.0,0.0,0.0,1239100.0,4230160.0,4058900.0,1484400.0,978700.0,0.0,0.0,0.0,0.0,0.0
20230831133600864,SSE,SSE.ETF.510050,2.587,2.6,2.609,2.582,0.0,2.859,2.339,373869750.0,20100.0,970375001.0,51982.0,0.0,0.0,20230831,20230831,133600866,2.599,0.0,0.0,2.586,2.585,2.584,2.583,2.582,0.0,0.0,0.0,0.0,0.0,2.587,2.588,2.589,2.59,2.591,0.0,0.0,0.0,0.0,0.0,1150500.0,3494000.0,4855800.0,3373600.0,1214100.0,0.0,0.0,0.0,0.0,0.0,686000.0,4310160.0,4058900.0,2022400.0,978700.0,0.0,0.0,0.0,0.0,0.0
20230831133603960,SSE,SSE.ETF.510050,2.586,2.6,2.609,2.582,0.0,2.859,2.339,373875450.0,5700.0,970389741.0,14740.0,0.0,0.0,20230831,20230831,133603962,2.599,0.0,0.0,2.586,2.585,2.584,2.583,2.582,0.0,0.0,0.0,0.0,0.0,2.587,2.588,2.589,2.59,2.591,0.0,0.0,0.0,0.0,0.0,1294800.0,3494000.0,4767800.0,3523600.0,1138700.0,0.0,0.0,0.0,0.0,0.0,886000.0,4230160.0,3970900.0,1872400.0,1056600.0,0.0,0.0,0.0,0.0,0.0
20230831133606864,SSE,SSE.ETF.510050,2.586,2.6,2.609,2.582,0.0,2.859,2.339,373875450.0,0.0,970389741.0,0.0,0.0,0.0,20230831,20230831,133606864,2.599,0.0,0.0,2.586,2.585,2.584,2.583,2.582,0.0,0.0,0.0,0.0,0.0,2.587,2.588,2.589,2.59,2.591,0.0,0.0,0.0,0.0,0.0,1343100.0,3494000.0,3956100.0,3523600.0,1216600.0,0.0,0.0,0.0,0.0,0.0,886000.0,4230160.0,4058900.0,1872400.0,978700.0,0.0,0.0,0.0,0.0,0.0
20230831133609864,SSE,SSE.ETF.510050,2.587,2.6,2.609,2.582,0.0,2.859,2.339,373876450.0,1000.0,970392328.0,2587.0,0.0,0.0,20230831,20230831,133609865,2.599,0.0,0.0,2.586,2.585,2.584,2.583,2.582,0.0,0.0,0.0,0.0,0.0,2.587,2.588,2.589,2.59,2.591,0.0,0.0,0.0,0.0,0.0,1907100.0,3494000.0,4856100.0,3434600.0,1218700.0,0.0,0.0,0.0,0.0,0.0,984500.0,4230160.0,4058900.0,1784400.0,978700.0,0.0,0.0,0.0,0.0,0.0
20230831133612860,SSE,SSE.ETF.510050,2.586,2.6,2.609,2.582,0.0,2.859,2.339,374403050.0,526600.0,971754116.0,1361788.0,0.0,0.0,20230831,20230831,133612860,2.599,0.0,0.0,2.586,2.585,2.584,2.583,2.582,0.0,0.0,0.0,0.0,0.0,2.587,2.588,2.589,2.59,2.591,0.0,0.0,0.0,0.0,0.0,180500.0,3701500.0,3868000.0,4644600.0,927700.0,0.0,0.0,0.0,0.0,0.0,2019200.0,3629460.0,3660900.0,1484400.0,687700.0,0.0,0.0,0.0,0.0,0.0
20230831133615912,SSE,SSE.ETF.510050,2.587,2.6,2.609,2.582,0.0,2.859,2.339,374416150.0,13100.0,971788006.0,33890.0,0.0,0.0,20230831,20230831,133615914,2.599,0.0,0.0,2.586,2.585,2.584,2.583,2.582,0.0,0.0,0.0,0.0,0.0,2.587,2.588,2.589,2.59,2.591,0.0,0.0,0.0,0.0,0.0,184800.0,4000500.0,4556000.0,3532600.0,927700.0,0.0,0.0,0.0,0.0,0.0,2006100.0,3629460.0,3748900.0,1572400.0,687700.0,0.0,0.0,0.0,0.0,0.0
20230831133618864,SSE,SSE.ETF.510050,2.587,2.6,2.609,2.582,0.0,2.859,2.339,374416150.0,0.0,971788006.0,0.0,0.0,0.0,20230831,20230831,133618866,2.599,0.0,0.0,2.586,2.585,2.584,2.583,2.582,0.0,0.0,0.0,0.0,0.0,2.587,2.588,2.589,2.59,2.591,0.0,0.0,0.0,0.0,0.0,184800.0,4310500.0,4768000.0,3434600.0,932700.0,0.0,0.0,0.0,0.0,0.0,1405100.0,3629460.0,3970900.0,1484400.0,1028700.0,0.0,0.0,0.0,0.0,0.0
20230831133621888,SSE,SSE.ETF.510050,2.586,2.6,2.609,2.582,0.0,2.859,2.339,374417150.0,1000.0,971790592.0,2586.0,0.0,0.0,20230831,20230831,133621886,2.599,0.0,0.0,2.586,2.585,2.584,2.583,2.582,0.0,0.0,0.0,0.0,0.0,2.587,2.588,2.589,2.59,2.591,0.0,0.0,0.0,0.0,0.0,188800.0,4309000.0,4856000.0,3522600.0,1223700.0,0.0,0.0,0.0,0.0,0.0,1685600.0,3709460.0,4058900.0,1572400.0,737700.0,0.0,0.0,0.0,0.0,0.0
20230831133624864,SSE,SSE.ETF.510050,2.587,2.6,2.609,2.582,0.0,2.859,2.339,374445350.0,28200.0,971863517.0,72925.0,0.0,0.0,20230831,20230831,133624862,2.599,0.0,0.0,2.586,2.585,2.584,2.583,2.582,0.0,0.0,0.0,0.0,0.0,2.587,2.588,2.589,2.59,2.591,0.0,0.0,0.0,0.0,0.0,165700.0,4308500.0,4856000.0,3522600.0,1223700.0,0.0,0.0,0.0,0.0,0.0,1414500.0,3629460.0,4058900.0,1572400.0,1028700.0,0.0,0.0,0.0,0.0,0.0
20230831133627864,SSE,SSE.ETF.510050,2.587,2.6,2.609,2.582,0.0,2.859,2.339,374508350.0,63000.0,972026498.0,162981.0,0.0,0.0,20230831,20230831,133627862,2.599,0.0,0.0,2.586,2.585,2.584,2.583,2.582,0.0,0.0,0.0,0.0,0.0,2.587,2.588,2.589,2.59,2.591,0.0,0.0,0.0,0.0,0.0,166100.0,4308500.0,4866000.0,3434600.0,1223700.0,0.0,0.0,0.0,0.0,0.0,1351500.0,3629460.0,4058900.0,1484400.0,1028700.0,0.0,0.0,0.0,0.0,0.0
20230831133630864,SSE,SSE.ETF.510050,2.586,2.6,2.609,2.582,0.0,2.859,2.339,374584050.0,75700.0,972222316.0,195818.0,0.0,0.0,20230831,20230831,133630863,2.599,0.0,0.0,2.586,2.585,2.584,2.583,2.582,0.0,0.0,0.0,0.0,0.0,2.587,2.588,2.589,2.59,2.591,0.0,0.0,0.0,0.0,0.0,151300.0,4308500.0,4866000.0,3372600.0,1223800.0,0.0,0.0,0.0,0.0,0.0,993800.0,3629460.0,4058900.0,1572400.0,1028700.0,0.0,0.0,0.0,0.0,0.0
20230831133633872,SSE,SSE.ETF.510050,2.586,2.6,2.609,2.582,0.0,2.859,2.339,374589150.0,5100.0,972235504.0,13188.0,0.0,0.0,20230831,20230831,133633873,2.599,0.0,0.0,2.586,2.585,2.584,2.583,2.582,0.0,0.0,0.0,0.0,0.0,2.587,2.588,2.589,2.59,2.591,0.0,0.0,0.0,0.0,0.0,3596700.0,4709500.0,4846000.0,1572600.0,1226800.0,0.0,0.0,0.0,0.0,0.0,693800.0,1829460.0,4058900.0,2922400.0,1028700.0,0.0,0.0,0.0,0.0,0.0
20230831133636864,SSE,SSE.ETF.510050,2.587,2.6,2.609,2.582,0.0,2.859,2.339,374590650.0,1500.0,972239385.0,3881.0,0.0,0.0,20230831,20230831,133636864,2.599,0.0,0.0,2.586,2.585,2.584,2.583,2.582,0.0,0.0,0.0,0.0,0.0,2.587,2.588,2.589,2.59,2.591,0.0,0.0,0.0,0.0,0.0,5696200.0,5709500.0,4036800.0,1482600.0,1226800.0,0.0,0.0,0.0,0.0,0.0,692300.0,1834460.0,4058900.0,3522400.0,1328700.0,0.0,0.0,0.0,0.0,0.0
20230831133639856,SSE,SSE.ETF.510050,2.587,2.6,2.609,2.582,0.0,2.859,2.339,374590750.0,100.0,972239644.0,259.0,0.0,0.0,20230831,20230831,133639858,2.599,0.0,0.0,2.586,2.585,2.584,2.583,2.582,0.0,0.0,0.0,0.0,0.0,2.587,2.588,2.589,2.59,2.591,0.0,0.0,0.0,0.0,0.0,6024200.0,5719500.0,3948800.0,1489600.0,1226800.0,0.0,0.0,0.0,0.0,0.0,692200.0,1834460.0,3970900.0,3434400.0,1423700.0,0.0,0.0,0.0,0.0,0.0
20230831133642912,SSE,SSE.ETF.510050,2.587,2.6,2.609,2.582,0.0,2.859,2.339,374761150.0,170400.0,972680468.0,440824.0,0.0,0.0,20230831,20230831,133642911,2.599,0.0,0.0,2.587,2.586,2.585,2.584,2.583,0.0,0.0,0.0,0.0,0.0,2.588,2.589,2.59,2.591,2.592,0.0,0.0,0.0,0.0,0.0,211800.0,6034700.0,6618800.0,3936800.0,963600.0,0.0,0.0,0.0,0.0,0.0,1141960.0,4658900.0,3832400.0,1328700.0,1888200.0,0.0,0.0,0.0,0.0,0.0
20230831133645864,SSE,SSE.ETF.510050,2.588,2.6,2.609,2.582,0.0,2.859,2.339,374831150.0,70000.0,972861608.0,181140.0,0.0,0.0,20230831,20230831,133645865,2.599,0.0,0.0,2.587,2.586,2.585,2.584,2.583,0.0,0.0,0.0,0.0,0.0,2.588,2.589,2.59,2.591,2.592,0.0,0.0,0.0,0.0,0.0,222300.0,5215400.0,6318900.0,4311700.0,756500.0,0.0,0.0,0.0,0.0,0.0,1242660.0,4558800.0,3832500.0,1166500.0,1892500.0,0.0,0.0,0.0,0.0,0.0
20230831133648896,SSE,SSE.ETF.510050,2.588,2.6,2.609,2.582,0.0,2.859,2.339,374831150.0,0.0,972861608.0,0.0,0.0,0.0,20230831,20230831,133648894,2.599,0.0,0.0,2.587,2.586,2.585,2.584,2.583,0.0,0.0,0.0,0.0,0.0,2.588,2.589,2.59,2.591,2.592,0.0,0.0,0.0,0.0,0.0,522300.0,5215400.0,6318900.0,4221700.0,758500.0,0.0,0.0,0.0,0.0,0.0,1243560.0,4567700.0,3744500.0,1166500.0,1982500.0,0.0,0.0,0.0,0.0,0.0
20230831133651876,SSE,SSE.ETF.510050,2.588,2.6,2.609,2.582,0.0,2.859,2.339,374843950.0,12800.0,972894735.0,33127.0,0.0,0.0,20230831,20230831,133651876,2.599,0.0,0.0,2.587,2.586,2.585,2.584,2.583,0.0,0.0,0.0,0.0,0.0,2.588,2.589,2.59,2.591,2.592,0.0,0.0,0.0,0.0,0.0,540200.0,5215400.0,6318900.0,4404700.0,748600.0,0.0,0.0,0.0,0.0,0.0,1481360.0,4567700.0,3729500.0,1254500.0,1892500.0,0.0,0.0,0.0,0.0,0.0
20230831133654872,SSE,SSE.ETF.510050,2.588,2.6,2.609,2.582,0.0,2.859,2.339,374894750.0,50800.0,973026172.0,131437.0,0.0,0.0,20230831,20230831,133654870,2.599,0.0,0.0,2.587,2.586,2.585,2.584,2.583,0.0,0.0,0.0,0.0,0.0,2.588,2.589,2.59,2.591,2.592,0.0,0.0,0.0,0.0,0.0,208400.0,5215400.0,6323300.0,4306700.0,748600.0,0.0,0.0,0.0,0.0,0.0,1463360.0,4479700.0,3729500.0,1254500.0,1892500.0,0.0,0.0,0.0,0.0,0.0
20230831133657864,SSE,SSE.ETF.510050,2.588,2.6,2.609,2.582,0.0,2.859,2.339,374904750.0,10000.0,973052052.0,25880.0,0.0,0.0,20230831,20230831,133657865,2.599,0.0,0.0,2.587,2.586,2.585,2.584,2.583,0.0,0.0,0.0,0.0,0.0,2.588,2.589,2.59,2.591,2.592,0.0,0.0,0.0,0.0,0.0,228400.0,5215400.0,6411300.0,4296700.0,748600.0,0.0,0.0,0.0,0.0,0.0,1453360.0,4479700.0,3817500.0,1254500.0,1892500.0,0.0,0.0,0.0,0.0,0.0
20230831133700880,SSE,SSE.ETF.510050,2.587,2.6,2.609,2.582,0.0,2.859,2.339,374914750.0,10000.0,973077922.0,25870.0,0.0,0.0,20230831,20230831,133700882,2.599,0.0,0.0,2.587,2.586,2.585,2.584,2.583,0.0,0.0,0.0,0.0,0.0,2.588,2.589,2.59,2.591,2.592,0.0,0.0,0.0,0.0,0.0,219600.0,5215900.0,6518600.0,4188000.0,749600.0,0.0,0.0,0.0,0.0,0.0,1454360.0,4479700.0,3817500.0,1254500.0,1887500.0,0.0,0.0,0.0,0.0,0.0
20230831133703880,SSE,SSE.ETF.510050,2.588,2.6,2.609,2.582,0.0,2.859,2.339,374932750.0,18000.0,973124500.0,46578.0,0.0,0.0,20230831,20230831,133703881,2.599,0.0,0.0,2.587,2.586,2.585,2.584,2.583,0.0,0.0,0.0,0.0,0.0,2.588,2.589,2.59,2.591,2.592,0.0,0.0,0.0,0.0,0.0,2764200.0,5116000.0,6418600.0,1250100.0,749600.0,0.0,0.0,0.0,0.0,0.0,1132360.0,2679700.0,3817500.0,2816500.0,2187500.0,0.0,0.0,0.0,0.0,0.0
20230831133706852,SSE,SSE.ETF.510050,2.587,2.6,2.609,2.582,0.0,2.859,2.339,375916450.0,983700.0,975670306.0,2545806.0,0.0,0.0,20230831,20230831,133706851,2.599,0.0,0.0,2.587,2.586,2.585,2.584,2.583,0.0,0.0,0.0,0.0,0.0,2.588,2.589,2.59,2.591,2.592,0.0,0.0,0.0,0.0,0.0,3673900.0,5715900.0,5308600.0,1627700.0,750100.0,0.0,0.0,0.0,0.0,0.0,473660.0,1678700.0,4417500.0,2915000.0,1887500.0,0.0,0.0,0.0,0.0,0.0
20230831133709864,SSE,SSE.ETF.510050,2.588,2.6,2.609,2.582,0.0,2.859,2.339,375933950.0,17500.0,975715596.0,45290.0,0.0,0.0,20230831,20230831,133709864,2.599,0.0,0.0,2.587,2.586,2.585,2.584,2.583,0.0,0.0,0.0,0.0,0.0,2.588,2.589,2.59,2.591,2.592,0.0,0.0,0.0,0.0,0.0,3415500.0,4517300.0,5321700.0,1336700.0,1127700.0,0.0,0.0,0.0,0.0,0.0,456460.0,2280400.0,4418900.0,2607100.0,1810300.0,0.0,0.0,0.0,0.0,0.0
20230831133712848,SSE,SSE.ETF.510050,2.588,2.6,2.609,2.582,0.0,2.859,2.339,376259950.0,326000.0,976558977.0,843381.0,0.0,0.0,20230831,20230831,133712848,2.599,0.0,0.0,2.587,2.586,2.585,2.584,2.583,0.0,0.0,0.0,0.0,0.0,2.588,2.589,2.59,2.591,2.592,0.0,0.0,0.0,0.0,0.0,1623400.0,4117300.0,5833700.0,3894700.0,829700.0,0.0,0.0,0.0,0.0,0.0,151200.0,4481400.0,3730900.0,1169100.0,1905300.0,0.0,0.0,0.0,0.0,0.0
20230831133715896,SSE,SSE.ETF.510050,2.587,2.6,2.609,2.582,0.0,2.859,2.339,376280650.0,20700.0,976612539.0,53562.0,0.0,0.0,20230831,20230831,133715897,2.599,0.0,0.0,2.587,2.586,2.585,2.584,2.583,0.0,0.0,0.0,0.0,0.0,2.588,2.589,2.59,2.591,2.592,0.0,0.0,0.0,0.0,0.0,2963500.0,4121300.0,5921700.0,2227700.0,756100.0,0.0,0.0,0.0,0.0,0.0,1300.0,4481400.0,3818900.0,1407100.0,1888200.0,0.0,0.0,0.0,0.0,0.0
20230831133718864,SSE,SSE.ETF.510050,2.588,2.6,2.609,2.582,0.0,2.859,2.339,376338450.0,57800.0,976762125.0,149586.0,0.0,0.0,20230831,20230831,133718866,2.599,0.0,0.0,2.587,2.586,2.585,2.584,2.583,0.0,0.0,0.0,0.0,0.0,2.588,2.589,2.59,2.591,2.592,0.0,0.0,0.0,0.0,0.0,3263500.0,4821400.0,5026700.0,2227700.0,756100.0,0.0,0.0,0.0,0.0,0.0,14500.0,2881400.0,3833900.0,2907100.0,1888200.0,0.0,0.0,0.0,0.0,0.0
20230831133721860,SSE,SSE.ETF.510050,2.588,2.6,2.609,2.582,0.0,2.859,2.339,376350750.0,12300.0,976793955.0,31830.0,0.0,0.0,20230831,20230831,133721861,2.599,0.0,0.0,2.587,2.586,2.585,2.584,2.583,0.0,0.0,0.0,0.0,0.0,2.588,2.589,2.59,2.591,2.592,0.0,0.0,0.0,0.0,0.0,3212400.0,3921400.0,5925500.0,2227700.0,834100.0,0.0,0.0,0.0,0.0,0.0,5200.0,2883900.0,3833900.0,2307100.0,1810300.0,0.0,0.0,0.0,0.0,0.0
20230831133724892,SSE,SSE.ETF.510050,2.587,2.6,2.609,2.582,0.0,2.859,2.339,376381250.0,30500.0,976872859.0,78904.0,0.0,0.0,20230831,20230831,133724892,2.599,0.0,0.0,2.587,2.586,2.585,2.584,2.583,0.0,0.0,0.0,0.0,0.0,2.588,2.589,2.59,2.591,2.592,0.0,0.0,0.0,0.0,0.0,1782000.0,3921400.0,5925500.0,3727700.0,834100.0,0.0,0.0,0.0,0.0,0.0,5200.0,2883900.0,3863900.0,2907100.0,1810300.0,0.0,0.0,0.0,0.0,0.0
20230831133727932,SSE,SSE.ETF.510050,2.588,2.6,2.609,2.582,0.0,2.859,2.339,376387250.0,6000.0,976888387.0,15528.0,0.0,0.0,20230831,20230831,133727933,2.599,0.0,0.0,2.587,2.586,2.585,2.584,2.583,0.0,0.0,0.0,0.0,0.0,2.588,2.589,2.59,2.591,2.592,0.0,0.0,0.0,0.0,0.0,3296900.0,3921400.0,5926500.0,2227700.0,756200.0,0.0,0.0,0.0,0.0,0.0,94100.0,2939800.0,3863900.0,2907100.0,1888200.0,0.0,0.0,0.0,0.0,0.0
20230831133730872,SSE,SSE.ETF.510050,2.588,2.6,2.609,2.582,0.0,2.859,2.339,376387250.0,0.0,976888387.0,0.0,0.0,0.0,20230831,20230831,133730872,2.599,0.0,0.0,2.587,2.586,2.585,2.584,2.583,0.0,0.0,0.0,0.0,0.0,2.588,2.589,2.59,2.591,2.592,0.0,0.0,0.0,0.0,0.0,3906900.0,4824600.0,5618500.0,849700.0,834100.0,0.0,0.0,0.0,0.0,0.0,98800.0,2329800.0,3775900.0,3129100.0,2110300.0,0.0,0.0,0.0,0.0,0.0
20230831133733852,SSE,SSE.ETF.510050,2.587,2.6,2.609,2.582,0.0,2.859,2.339,376406150.0,18900.0,976937293.0,48906.0,0.0,0.0,20230831,20230831,133733851,2.599,0.0,0.0,2.587,2.586,2.585,2.584,2.583,0.0,0.0,0.0,0.0,0.0,2.588,2.589,2.59,2.591,2.592,0.0,0.0,0.0,0.0,0.0,3902400.0,5126600.0,5706500.0,1288700.0,754100.0,0.0,0.0,0.0,0.0,0.0,110300.0,2033800.0,3865400.0,3217100.0,2110300.0,0.0,0.0,0.0,0.0,0.0
20230831133736848,SSE,SSE.ETF.510050,2.588,2.6,2.609,2.582,0.0,2.859,2.339,376434750.0,28600.0,977011310.0,74017.0,0.0,0.0,20230831,20230831,133736846,2.599,0.0,0.0,2.587,2.586,2.585,2.584,2.583,0.0,0.0,0.0,0.0,0.0,2.588,2.589,2.59,2.591,2.592,0.0,0.0,0.0,0.0,0.0,3902400.0,5126500.0,5708500.0,1288700.0,754100.0,0.0,0.0,0.0,0.0,0.0,81700.0,2033800.0,3865400.0,3217100.0,2110300.0,0.0,0.0,0.0,0.0,0.0
20230831133739848,SSE,SSE.ETF.510050,2.588,2.6,2.609,2.582,0.0,2.859,2.339,376440150.0,5400.0,977025284.0,13974.0,0.0,0.0,20230831,20230831,133739850,2.599,0.0,0.0,2.587,2.586,2.585,2.584,2.583,0.0,0.0,0.0,0.0,0.0,2.588,2.589,2.59,2.591,2.592,0.0,0.0,0.0,0.0,0.0,3591800.0,5146500.0,5840500.0,1087700.0,754100.0,0.0,0.0,0.0,0.0,0.0,77100.0,2634800.0,3777400.0,2907100.0,2110300.0,0.0,0.0,0.0,0.0,0.0
20230831133742904,SSE,SSE.ETF.510050,2.588,2.6,2.609,2.582,0.0,2.859,2.339,376440150.0,0.0,977025284.0,0.0,0.0,0.0,20230831,20230831,133742904,2.599,0.0,0.0,2.587,2.586,2.585,2.584,2.583,0.0,0.0,0.0,0.0,0.0,2.588,2.589,2.59,2.591,2.592,0.0,0.0,0.0,0.0,0.0,3912800.0,5146500.0,5710500.0,1288700.0,754100.0,0.0,0.0,0.0,0.0,0.0,93600.0,2324800.0,3865400.0,3217100.0,2106300.0,0.0,0.0,0.0,0.0,0.0
20230831133745848,SSE,SSE.ETF.510050,2.588,2.6,2.609,2.582,0.0,2.859,2.339,376440350.0,200.0,977025802.0,518.0,0.0,0.0,20230831,20230831,133745846,2.599,0.0,0.0,2.587,2.586,2.585,2.584,2.583,0.0,0.0,0.0,0.0,0.0,2.588,2.589,2.59,2.591,2.592,0.0,0.0,0.0,0.0,0.0,3209600.0,4846500.0,6020500.0,1297700.0,753100.0,0.0,0.0,0.0,0.0,0.0,114200.0,2934800.0,3865400.0,2907100.0,1806300.0,0.0,0.0,0.0,0.0,0.0
20230831133748856,SSE,SSE.ETF.510050,2.588,2.6,2.609,2.582,0.0,2.859,2.339,376452550.0,12200.0,977057376.0,31574.0,0.0,0.0,20230831,20230831,133748854,2.599,0.0,0.0,2.587,2.586,2.585,2.584,2.583,0.0,0.0,0.0,0.0,0.0,2.588,2.589,2.59,2.591,2.592,0.0,0.0,0.0,0.0,0.0,3510500.0,4846500.0,6020700.0,1297700.0,753100.0,0.0,0.0,0.0,0.0,0.0,102000.0,2937800.0,3865400.0,2907100.0,1806300.0,0.0,0.0,0.0,0.0,0.0
20230831133751944,SSE,SSE.ETF.510050,2.588,2.6,2.609,2.582,0.0,2.859,2.339,376465050.0,12500.0,977089726.0,32350.0,0.0,0.0,20230831,20230831,133751942,2.599,0.0,0.0,2.587,2.586,2.585,2.584,2.583,0.0,0.0,0.0,0.0,0.0,2.588,2.589,2.59,2.591,2.592,0.0,0.0,0.0,0.0,0.0,3510500.0,4555200.0,6012100.0,1209700.0,753100.0,0.0,0.0,0.0,0.0,0.0,89500.0,2937800.0,3865400.0,2819100.0,1806300.0,0.0,0.0,0.0,0.0,0.0
20230831133754880,SSE,SSE.ETF.510050,2.587,2.6,2.609,2.582,0.0,2.859,2.339,376505550.0,40500.0,977194512.0,104786.0,0.0,0.0,20230831,20230831,133754879,2.599,0.0,0.0,2.587,2.586,2.585,2.584,2.583,0.0,0.0,0.0,0.0,0.0,2.588,2.589,2.59,2.591,2.592,0.0,0.0,0.0,0.0,0.0,3492600.0,3655200.0,6822100.0,1297700.0,753100.0,0.0,0.0,0.0,0.0,0.0,82700.0,2955700.0,3777400.0,2907100.0,1806300.0,0.0,0.0,0.0,0.0,0.0
20230831133757856,SSE,SSE.ETF.510050,2.588,2.6,2.609,2.582,0.0,2.859,2.339,376570650.0,65100.0,977362991.0,168479.0,0.0,0.0,20230831,20230831,133757858,2.599,0.0,0.0,2.587,2.586,2.585,2.584,2.583,0.0,0.0,0.0,0.0,0.0,2.588,2.589,2.59,2.591,2.592,0.0,0.0,0.0,0.0,0.0,3491600.0,3655200.0,6010100.0,2197700.0,753100.0,0.0,0.0,0.0,0.0,0.0,17600.0,2960700.0,3865400.0,2907100.0,1806300.0,0.0,0.0,0.0,0.0,0.0
20230831133800864,SSE,SSE.ETF.510050,2.588,2.6,2.609,2.582,0.0,2.859,2.339,376721650.0,151000.0,977753779.0,390788.0,0.0,0.0,20230831,20230831,133800866,2.599,0.0,0.0,2.587,2.586,2.585,2.584,2.583,0.0,0.0,0.0,0.0,0.0,2.588,2.589,2.59,2.591,2.592,0.0,0.0,0.0,0.0,0.0,1841700.0,3555200.0,5922100.0,3009700.0,753100.0,0.0,0.0,0.0,0.0,0.0,426000.0,4560700.0,3777400.0,869100.0,1806300.0,0.0,0.0,0.0,0.0,0.0
20230831133803864,SSE,SSE.ETF.510050,2.587,2.6,2.609,2.582,0.0,2.859,2.339,376735550.0,13900.0,977789746.0,35967.0,0.0,0.0,20230831,20230831,133803866,2.599,0.0,0.0,2.587,2.586,2.585,2.584,2.583,0.0,0.0,0.0,0.0,0.0,2.588,2.589,2.59,2.591,2.592,0.0,0.0,0.0,0.0,0.0,1239500.0,3596100.0,6010100.0,3847700.0,675200.0,0.0,0.0,0.0,0.0,0.0,776000.0,4560700.0,3865400.0,957100.0,1884200.0,0.0,0.0,0.0,0.0,0.0
20230831133806856,SSE,SSE.ETF.510050,2.588,2.6,2.609,2.582,0.0,2.859,2.339,376736550.0,1000.0,977792334.0,2588.0,0.0,0.0,20230831,20230831,133806855,2.599,0.0,0.0,2.587,2.586,2.585,2.584,2.583,0.0,0.0,0.0,0.0,0.0,2.588,2.589,2.59,2.591,2.592,0.0,0.0,0.0,0.0,0.0,1243500.0,3306100.0,5925100.0,3937700.0,897700.0,0.0,0.0,0.0,0.0,0.0,875000.0,4560700.0,3865400.0,957100.0,1961400.0,0.0,0.0,0.0,0.0,0.0
20230831133809856,SSE,SSE.ETF.510050,2.587,2.6,2.609,2.582,0.0,2.859,2.339,376952050.0,215500.0,978349846.0,557512.0,0.0,0.0,20230831,20230831,133809858,2.599,0.0,0.0,2.587,2.586,2.585,2.584,2.583,0.0,0.0,0.0,0.0,0.0,2.588,2.589,2.59,2.591,2.592,0.0,0.0,0.0,0.0,0.0,142100.0,1057300.0,4125100.0,5042700.0,1584600.0,0.0,0.0,0.0,0.0,0.0,3744500.0,3960700.0,2055400.0,957100.0,1687500.0,0.0,0.0,0.0,0.0,0.0
20230831133812924,SSE,SSE.ETF.510050,2.586,2.6,2.609,2.582,0.0,2.859,2.339,377412150.0,460100.0,979539826.0,1189980.0,0.0,0.0,20230831,20230831,133812925,2.599,0.0,0.0,2.585,2.584,2.583,2.582,2.581,0.0,0.0,0.0,0.0,0.0,2.586,2.587,2.588,2.589,2.59,0.0,0.0,0.0,0.0,0.0,3825100.0,4377700.0,3426700.0,1429200.0,2218000.0,0.0,0.0,0.0,0.0,0.0,242000.0,741000.0,3811100.0,3660000.0,1604000.0,0.0,0.0,0.0,0.0,0.0
20230831133815948,SSE,SSE.ETF.510050,2.587,2.6,2.609,2.582,0.0,2.859,2.339,377415150.0,3000.0,979547587.0,7761.0,0.0,0.0,20230831,20230831,133815947,2.599,0.0,0.0,2.586,2.585,2.584,2.583,2.582,0.0,0.0,0.0,0.0,0.0,2.587,2.588,2.589,2.59,2.591,0.0,0.0,0.0,0.0,0.0,452000.0,4137700.0,4944100.0,2716800.0,1523800.0,0.0,0.0,0.0,0.0,0.0,645600.0,3669500.0,3960000.0,2128200.0,1415000.0,0.0,0.0,0.0,0.0,0.0
20230831133818912,SSE,SSE.ETF.510050,2.587,2.6,2.609,2.582,0.0,2.859,2.339,377425150.0,10000.0,979573457.0,25870.0,0.0,0.0,20230831,20230831,133818910,2.599,0.0,0.0,2.586,2.585,2.584,2.583,2.582,0.0,0.0,0.0,0.0,0.0,2.587,2.588,2.589,2.59,2.591,0.0,0.0,0.0,0.0,0.0,2102000.0,4447700.0,4658200.0,1491700.0,1321700.0,0.0,0.0,0.0,0.0,0.0,35600.0,1769400.0,3960100.0,3315900.0,1331300.0,0.0,0.0,0.0,0.0,0.0
20230831133821928,SSE,SSE.ETF.510050,2.586,2.6,2.609,2.582,0.0,2.859,2.339,377480750.0,55600.0,979717275.0,143818.0,0.0,0.0,20230831,20230831,133821930,2.599,0.0,0.0,2.586,2.585,2.584,2.583,2.582,0.0,0.0,0.0,0.0,0.0,2.588,2.589,2.59,2.591,2.592,0.0,0.0,0.0,0.0,0.0,3731600.0,5447000.0,3746200.0,1789700.0,1404200.0,0.0,0.0,0.0,0.0,0.0,2268200.0,4044100.0,3553900.0,1254100.0,1585400.0,0.0,0.0,0.0,0.0,0.0
20230831133824912,SSE,SSE.ETF.510050,2.586,2.6,2.609,2.582,0.0,2.859,2.339,377515350.0,34600.0,979806750.0,89475.0,0.0,0.0,20230831,20230831,133824911,2.599,0.0,0.0,2.586,2.585,2.584,2.583,2.582,0.0,0.0,0.0,0.0,0.0,2.587,2.588,2.589,2.59,2.591,0.0,0.0,0.0,0.0,0.0,3525500.0,4272100.0,4641100.0,1404700.0,1498300.0,0.0,0.0,0.0,0.0,0.0,600000.0,2338200.0,3744000.0,3254000.0,1259100.0,0.0,0.0,0.0,0.0,0.0
20230831133827860,SSE,SSE.ETF.510050,2.587,2.6,2.609,2.582,0.0,2.859,2.339,377815350.0,300000.0,980582850.0,776100.0,0.0,0.0,20230831,20230831,133827859,2.599,0.0,0.0,2.586,2.585,2.584,2.583,2.582,0.0,0.0,0.0,0.0,0.0,2.587,2.588,2.589,2.59,2.591,0.0,0.0,0.0,0.0,0.0,3526500.0,4572000.0,5136200.0,1290700.0,1643200.0,0.0,0.0,0.0,0.0,0.0,626000.0,2488200.0,4144300.0,3253900.0,1035300.0,0.0,0.0,0.0,0.0,0.0
20230831133830848,SSE,SSE.ETF.510050,2.587,2.6,2.609,2.582,0.0,2.859,2.339,377815950.0,600.0,980584402.0,1552.0,0.0,0.0,20230831,20230831,133830850,2.599,0.0,0.0,2.586,2.585,2.584,2.583,2.582,0.0,0.0,0.0,0.0,0.0,2.587,2.588,2.589,2.59,2.591,0.0,0.0,0.0,0.0,0.0,3531500.0,4572000.0,5046200.0,1001700.0,1643200.0,0.0,0.0,0.0,0.0,0.0,1146400.0,2489200.0,4144300.0,3165900.0,1035300.0,0.0,0.0,0.0,0.0,0.0
20230831133833880,SSE,SSE.ETF.510050,2.586,2.6,2.609,2.582,0.0,2.859,2.339,377871150.0,55200.0,980727150.0,142748.0,0.0,0.0,20230831,20230831,133833881,2.599,0.0,0.0,2.586,2.585,2.584,2.583,2.582,0.0,0.0,0.0,0.0,0.0,2.587,2.588,2.589,2.59,2.591,0.0,0.0,0.0,0.0,0.0,3476300.0,4572000.0,4056200.0,1089700.0,1643200.0,0.0,0.0,0.0,0.0,0.0,1148800.0,2494300.0,4139300.0,3253900.0,1035300.0,0.0,0.0,0.0,0.0,0.0
20230831133836848,SSE,SSE.ETF.510050,2.587,2.6,2.609,2.582,0.0,2.859,2.339,377875850.0,4700.0,980739308.0,12158.0,0.0,0.0,20230831,20230831,133836849,2.599,0.0,0.0,2.586,2.585,2.584,2.583,2.582,0.0,0.0,0.0,0.0,0.0,2.587,2.588,2.589,2.59,2.591,0.0,0.0,0.0,0.0,0.0,3476300.0,5482000.0,4056200.0,1196100.0,1661200.0,0.0,0.0,0.0,0.0,0.0,1146100.0,2398700.0,4139300.0,3253900.0,1035300.0,0.0,0.0,0.0,0.0,0.0
20230831133839864,SSE,SSE.ETF.510050,2.587,2.6,2.609,2.582,0.0,2.859,2.339,377875950.0,100.0,980739567.0,259.0,0.0,0.0,20230831,20230831,133839866,2.599,0.0,0.0,2.586,2.585,2.584,2.583,2.582,0.0,0.0,0.0,0.0,0.0,2.587,2.588,2.589,2.59,2.591,0.0,0.0,0.0,0.0,0.0,3481300.0,4582000.0,4156200.0,1996100.0,1670200.0,0.0,0.0,0.0,0.0,0.0,1196000.0,2035960.0,4140300.0,3253900.0,1035300.0,0.0,0.0,0.0,0.0,0.0
20230831133842892,SSE,SSE.ETF.510050,2.586,2.6,2.609,2.582,0.0,2.859,2.339,377900950.0,25000.0,980804217.0,64650.0,0.0,0.0,20230831,20230831,133842892,2.599,0.0,0.0,2.586,2.585,2.584,2.583,2.582,0.0,0.0,0.0,0.0,0.0,2.587,2.588,2.589,2.59,2.591,0.0,0.0,0.0,0.0,0.0,3762200.0,4582000.0,4156200.0,1996100.0,1670200.0,0.0,0.0,0.0,0.0,0.0,1216800.0,3447160.0,4140300.0,1753900.0,1035300.0,0.0,0.0,0.0,0.0,0.0
20230831133845884,SSE,SSE.ETF.510050,2.586,2.6,2.609,2.582,0.0,2.859,2.339,377900950.0,0.0,980804217.0,0.0,0.0,0.0,20230831,20230831,133845884,2.599,0.0,0.0,2.586,2.585,2.584,2.583,2.582,0.0,0.0,0.0,0.0,0.0,2.587,2.588,2.589,2.59,2.591,0.0,0.0,0.0,0.0,0.0,3771200.0,4582000.0,4156200.0,2006100.0,1670200.0,0.0,0.0,0.0,0.0,0.0,1266800.0,3553060.0,4140300.0,1753900.0,1035300.0,0.0,0.0,0.0,0.0,0.0
20230831133848864,SSE,SSE.ETF.510050,2.587,2.6,2.609,2.582,0.0,2.859,2.339,377913950.0,13000.0,980837848.0,33631.0,0.0,0.0,20230831,20230831,133848862,2.599,0.0,0.0,2.586,2.585,2.584,2.583,2.582,0.0,0.0,0.0,0.0,0.0,2.587,2.588,2.589,2.59,2.591,0.0,0.0,0.0,0.0,0.0,1972300.0,4482000.0,4156200.0,3506100.0,1670200.0,0.0,0.0,0.0,0.0,0.0,1253800.0,3467160.0,4140300.0,1753900.0,1035300.0,0.0,0.0,0.0,0.0,0.0
20230831133851852,SSE,SSE.ETF.510050,2.587,2.6,2.609,2.582,0.0,2.859,2.339,377917850.0,3900.0,980847935.0,10087.0,0.0,0.0,20230831,20230831,133851852,2.599,0.0,0.0,2.586,2.585,2.584,2.583,2.582,0.0,0.0,0.0,0.0,0.0,2.587,2.588,2.589,2.59,2.591,0.0,0.0,0.0,0.0,0.0,3165200.0,4482000.0,4078200.0,1917100.0,1670200.0,0.0,0.0,0.0,0.0,0.0,1201900.0,3597260.0,4052300.0,1665900.0,1035300.0,0.0,0.0,0.0,0.0,0.0
20230831133854920,SSE,SSE.ETF.510050,2.586,2.6,2.609,2.582,0.0,2.859,2.339,377943050.0,25200.0,980913103.0,65168.0,0.0,0.0,20230831,20230831,133854919,2.599,0.0,0.0,2.586,2.585,2.584,2.583,2.582,0.0,0.0,0.0,0.0,0.0,2.587,2.588,2.589,2.59,2.591,0.0,0.0,0.0,0.0,0.0,3144000.0,4482000.0,4166200.0,2100100.0,1670200.0,0.0,0.0,0.0,0.0,0.0,1251900.0,3607260.0,4084400.0,1753900.0,1110300.0,0.0,0.0,0.0,0.0,0.0
20230831133857852,SSE,SSE.ETF.510050,2.586,2.6,2.609,2.582,0.0,2.859,2.339,377943050.0,0.0,980913103.0,0.0,0.0,0.0,20230831,20230831,133857851,2.599,0.0,0.0,2.586,2.585,2.584,2.583,2.582,0.0,0.0,0.0,0.0,0.0,2.587,2.588,2.589,2.59,2.591,0.0,0.0,0.0,0.0,0.0,3144000.0,4482000.0,4166200.0,2005100.0,1670200.0,0.0,0.0,0.0,0.0,0.0,1304900.0,3628960.0,4084400.0,1753900.0,1015300.0,0.0,0.0,0.0,0.0,0.0
20230831133900920,SSE,SSE.ETF.510050,2.586,2.6,2.609,2.582,0.0,2.859,2.339,377961550.0,18500.0,980960957.0,47854.0,0.0,0.0,20230831,20230831,133900920,2.599,0.0,0.0,2.586,2.585,2.584,2.583,2.582,0.0,0.0,0.0,0.0,0.0,2.587,2.588,2.589,2.59,2.591,0.0,0.0,0.0,0.0,0.0,3142100.0,4481900.0,4166200.0,2005100.0,1682200.0,0.0,0.0,0.0,0.0,0.0,1291400.0,3513860.0,4084400.0,1753900.0,1015300.0,0.0,0.0,0.0,0.0,0.0
20230831133903944,SSE,SSE.ETF.510050,2.586,2.6,2.609,2.582,0.0,2.859,2.339,377967050.0,5500.0,980975180.0,14223.0,0.0,0.0,20230831,20230831,133903942,2.599,0.0,0.0,2.586,2.585,2.584,2.583,2.582,0.0,0.0,0.0,0.0,0.0,2.587,2.588,2.589,2.59,2.591,0.0,0.0,0.0,0.0,0.0,1486700.0,4481900.0,4166200.0,3585100.0,1613200.0,0.0,0.0,0.0,0.0,0.0,1291400.0,3649660.0,4084400.0,1603900.0,1015300.0,0.0,0.0,0.0,0.0,0.0
20230831133906860,SSE,SSE.ETF.510050,2.586,2.6,2.609,2.582,0.0,2.859,2.339,377967650.0,600.0,980976732.0,1552.0,0.0,0.0,20230831,20230831,133906859,2.599,0.0,0.0,2.586,2.585,2.584,2.583,2.582,0.0,0.0,0.0,0.0,0.0,2.587,2.588,2.589,2.59,2.591,0.0,0.0,0.0,0.0,0.0,1332100.0,4481900.0,4078200.0,3417100.0,1693200.0,0.0,0.0,0.0,0.0,0.0,1291400.0,3794360.0,3996400.0,1665900.0,1015300.0,0.0,0.0,0.0,0.0,0.0
20230831133909856,SSE,SSE.ETF.510050,2.587,2.6,2.609,2.582,0.0,2.859,2.339,377968050.0,400.0,980977767.0,1035.0,0.0,0.0,20230831,20230831,133909857,2.599,0.0,0.0,2.586,2.585,2.584,2.583,2.582,0.0,0.0,0.0,0.0,0.0,2.587,2.588,2.589,2.59,2.591,0.0,0.0,0.0,0.0,0.0,1352100.0,4481900.0,4165400.0,3505900.0,1693200.0,0.0,0.0,0.0,0.0,0.0,1341000.0,3794360.0,4084400.0,1753900.0,1015300.0,0.0,0.0,0.0,0.0,0.0
20230831133912848,SSE,SSE.ETF.510050,2.587,2.6,2.609,2.582,0.0,2.859,2.339,377975050.0,7000.0,980995876.0,18109.0,0.0,0.0,20230831,20230831,133912846,2.599,0.0,0.0,2.586,2.585,2.584,2.583,2.582,0.0,0.0,0.0,0.0,0.0,2.587,2.588,2.589,2.59,2.591,0.0,0.0,0.0,0.0,0.0,1352100.0,4481900.0,4077400.0,3417900.0,1693200.0,0.0,0.0,0.0,0.0,0.0,1354600.0,3784160.0,3996400.0,1665900.0,1015300.0,0.0,0.0,0.0,0.0,0.0
20230831133915940,SSE,SSE.ETF.510050,2.586,2.6,2.609,2.582,0.0,2.859,2.339,378975050.0,1000000.0,983581876.0,2586000.0,0.0,0.0,20230831,20230831,133915939,2.599,0.0,0.0,2.586,2.585,2.584,2.583,2.582,0.0,0.0,0.0,0.0,0.0,2.587,2.588,2.589,2.59,2.591,0.0,0.0,0.0,0.0,0.0,361100.0,4390700.0,4215400.0,3505900.0,1615300.0,0.0,0.0,0.0,0.0,0.0,1356600.0,3784160.0,4084400.0,1753900.0,1093200.0,0.0,0.0,0.0,0.0,0.0
20230831133918848,SSE,SSE.ETF.510050,2.586,2.6,2.609,2.582,0.0,2.859,2.339,378985050.0,10000.0,983607736.0,25860.0,0.0,0.0,20230831,20230831,133918850,2.599,0.0,0.0,2.586,2.585,2.584,2.583,2.582,0.0,0.0,0.0,0.0,0.0,2.587,2.588,2.589,2.59,2.591,0.0,0.0,0.0,0.0,0.0,351100.0,4391400.0,4214200.0,3505900.0,1693200.0,0.0,0.0,0.0,0.0,0.0,1352300.0,3783460.0,4084400.0,1753900.0,1015300.0,0.0,0.0,0.0,0.0,0.0
20230831133921856,SSE,SSE.ETF.510050,2.587,2.6,2.609,2.582,0.0,2.859,2.339,378988050.0,3000.0,983615497.0,7761.0,0.0,0.0,20230831,20230831,133921858,2.599,0.0,0.0,2.586,2.585,2.584,2.583,2.582,0.0,0.0,0.0,0.0,0.0,2.587,2.588,2.589,2.59,2.591,0.0,0.0,0.0,0.0,0.0,354100.0,3791400.0,4814600.0,3498600.0,1690200.0,0.0,0.0,0.0,0.0,0.0,1449300.0,3625760.0,4084400.0,1753900.0,1015300.0,0.0,0.0,0.0,0.0,0.0
20230831133924852,SSE,SSE.ETF.510050,2.586,2.6,2.609,2.582,0.0,2.859,2.339,379023850.0,35800.0,983708075.0,92578.0,0.0,0.0,20230831,20230831,133924852,2.599,0.0,0.0,2.586,2.585,2.584,2.583,2.582,0.0,0.0,0.0,0.0,0.0,2.587,2.588,2.589,2.59,2.591,0.0,0.0,0.0,0.0,0.0,322300.0,3764900.0,4816600.0,3320600.0,1730600.0,0.0,0.0,0.0,0.0,0.0,1745300.0,3740760.0,3996400.0,1665900.0,724300.0,0.0,0.0,0.0,0.0,0.0
20230831133927860,SSE,SSE.ETF.510050,2.586,2.6,2.609,2.582,0.0,2.859,2.339,379234850.0,211000.0,984253721.0,545646.0,0.0,0.0,20230831,20230831,133927859,2.599,0.0,0.0,2.585,2.584,2.583,2.582,2.581,0.0,0.0,0.0,0.0,0.0,2.587,2.588,2.589,2.59,2.591,0.0,0.0,0.0,0.0,0.0,4064900.0,4814600.0,3498600.0,1433900.0,1956000.0,0.0,0.0,0.0,0.0,0.0,1404300.0,3820760.0,4084400.0,1603900.0,1015300.0,0.0,0.0,0.0,0.0,0.0
20230831133930864,SSE,SSE.ETF.510050,2.586,2.6,2.609,2.582,0.0,2.859,2.339,379318650.0,83800.0,984470428.0,216707.0,0.0,0.0,20230831,20230831,133930865,2.599,0.0,0.0,2.585,2.584,2.583,2.582,2.581,0.0,0.0,0.0,0.0,0.0,2.587,2.588,2.589,2.59,2.591,0.0,0.0,0.0,0.0,0.0,4069100.0,5014600.0,3508600.0,1356000.0,2123900.0,0.0,0.0,0.0,0.0,0.0,1404800.0,3821760.0,4084400.0,1603900.0,1093200.0,0.0,0.0,0.0,0.0,0.0
20230831133933860,SSE,SSE.ETF.510050,2.585,2.6,2.609,2.582,0.0,2.859,2.339,379323550.0,4900.0,984483095.0,12667.0,0.0,0.0,20230831,20230831,133933861,2.599,0.0,0.0,2.586,2.585,2.584,2.583,2.582,0.0,0.0,0.0,0.0,0.0,2.587,2.588,2.589,2.59,2.591,0.0,0.0,0.0,0.0,0.0,19300.0,4054200.0,5014600.0,3508600.0,1356000.0,0.0,0.0,0.0,0.0,0.0,1099800.0,3821760.0,4084400.0,1903900.0,1093200.0,0.0,0.0,0.0,0.0,0.0
20230831133936928,SSE,SSE.ETF.510050,2.586,2.6,2.609,2.582,0.0,2.859,2.339,379334350.0,10800.0,984511025.0,27930.0,0.0,0.0,20230831,20230831,133936928,2.599,0.0,0.0,2.586,2.585,2.584,2.583,2.582,0.0,0.0,0.0,0.0,0.0,2.587,2.588,2.589,2.59,2.591,0.0,0.0,0.0,0.0,0.0,10800.0,3954600.0,4817100.0,3493600.0,1433900.0,0.0,0.0,0.0,0.0,0.0,1431000.0,3821760.0,4084400.0,1903900.0,724300.0,0.0,0.0,0.0,0.0,0.0
20230831133939880,SSE,SSE.ETF.510050,2.586,2.6,2.609,2.582,0.0,2.859,2.339,379334350.0,0.0,984511025.0,0.0,0.0,0.0,20230831,20230831,133939881,2.599,0.0,0.0,2.586,2.585,2.584,2.583,2.582,0.0,0.0,0.0,0.0,0.0,2.587,2.588,2.589,2.59,2.591,0.0,0.0,0.0,0.0,0.0,11300.0,4299900.0,4729100.0,3555600.0,1433900.0,0.0,0.0,0.0,0.0,0.0,1581000.0,3741760.0,3996400.0,1815900.0,724300.0,0.0,0.0,0.0,0.0,0.0
20230831133942880,SSE,SSE.ETF.510050,2.587,2.6,2.609,2.582,0.0,2.859,2.339,379342450.0,8100.0,984531975.0,20950.0,0.0,0.0,20230831,20230831,133942881,2.599,0.0,0.0,2.586,2.585,2.584,2.583,2.582,0.0,0.0,0.0,0.0,0.0,2.587,2.588,2.589,2.59,2.591,0.0,0.0,0.0,0.0,0.0,7100.0,4300400.0,4817100.0,3653600.0,1433900.0,0.0,0.0,0.0,0.0,0.0,1600400.0,3741760.0,4084400.0,1903900.0,724300.0,0.0,0.0,0.0,0.0,0.0
20230831133945840,SSE,SSE.ETF.510050,2.587,2.6,2.609,2.582,0.0,2.859,2.339,379342450.0,0.0,984531975.0,0.0,0.0,0.0,20230831,20230831,133945841,2.599,0.0,0.0,2.586,2.585,2.584,2.583,2.582,0.0,0.0,0.0,0.0,0.0,2.587,2.588,2.589,2.59,2.591,0.0,0.0,0.0,0.0,0.0,15100.0,4300400.0,4907100.0,3563600.0,1433900.0,0.0,0.0,0.0,0.0,0.0,1209400.0,3629360.0,4084400.0,1903900.0,1015300.0,0.0,0.0,0.0,0.0,0.0
20230831133948848,SSE,SSE.ETF.510050,2.586,2.6,2.609,2.582,0.0,2.859,2.339,379348050.0,5600.0,984546458.0,14483.0,0.0,0.0,20230831,20230831,133948846,2.599,0.0,0.0,2.586,2.585,2.584,2.583,2.582,0.0,0.0,0.0,0.0,0.0,2.587,2.588,2.589,2.59,2.591,0.0,0.0,0.0,0.0,0.0,1209500.0,4310400.0,4911100.0,3563600.0,1435400.0,0.0,0.0,0.0,0.0,0.0,1261800.0,3738060.0,4084400.0,1903900.0,1015300.0,0.0,0.0,0.0,0.0,0.0
20230831133951848,SSE,SSE.ETF.510050,2.586,2.6,2.609,2.582,0.0,2.859,2.339,379482950.0,134900.0,984895309.0,348851.0,0.0,0.0,20230831,20230831,133951846,2.599,0.0,0.0,2.586,2.585,2.584,2.583,2.582,0.0,0.0,0.0,0.0,0.0,2.587,2.588,2.589,2.59,2.591,0.0,0.0,0.0,0.0,0.0,325200.0,4306400.0,4733100.0,3510600.0,1357500.0,0.0,0.0,0.0,0.0,0.0,1181800.0,3738060.0,3996400.0,1965900.0,1188200.0,0.0,0.0,0.0,0.0,0.0
20230831133954856,SSE,SSE.ETF.510050,2.586,2.6,2.609,2.582,0.0,2.859,2.339,379509350.0,26400.0,984963579.0,68270.0,0.0,0.0,20230831,20230831,133954858,2.599,0.0,0.0,2.586,2.585,2.584,2.583,2.582,0.0,0.0,0.0,0.0,0.0,2.587,2.588,2.589,2.59,2.591,0.0,0.0,0.0,0.0,0.0,298800.0,4307400.0,4819100.0,3503600.0,1435400.0,0.0,0.0,0.0,0.0,0.0,1181800.0,3733060.0,4084400.0,2053900.0,1015300.0,0.0,0.0,0.0,0.0,0.0
20230831133957896,SSE,SSE.ETF.510050,2.586,2.6,2.609,2.582,0.0,2.859,2.339,379809350.0,300000.0,985739379.0,775800.0,0.0,0.0,20230831,20230831,133957895,2.599,0.0,0.0,2.585,2.584,2.583,2.582,2.581,0.0,0.0,0.0,0.0,0.0,2.587,2.588,2.589,2.59,2.591,0.0,0.0,0.0,0.0,0.0,4307400.0,4820100.0,3503600.0,1435400.0,1956000.0,0.0,0.0,0.0,0.0,0.0,1431800.0,3733060.0,4084400.0,1753900.0,1015300.0,0.0,0.0,0.0,0.0,0.0
20230831134000848,SSE,SSE.ETF.510050,2.586,2.6,2.609,2.582,0.0,2.859,2.339,379809350.0,0.0,985739379.0,0.0,0.0,0.0,20230831,20230831,134000848,2.599,0.0,0.0,2.586,2.585,2.584,2.583,2.582,0.0,0.0,0.0,0.0,0.0,2.587,2.588,2.589,2.59,2.591,0.0,0.0,0.0,0.0,0.0,300000.0,4607400.0,5024100.0,3213600.0,1357500.0,0.0,0.0,0.0,0.0,0.0,1181300.0,3733060.0,4079400.0,1989900.0,1093200.0,0.0,0.0,0.0,0.0,0.0
20230831134003864,SSE,SSE.ETF.510050,2.586,2.6,2.609,2.582,0.0,2.859,2.339,379815150.0,5800.0,985754378.0,14999.0,0.0,0.0,20230831,20230831,134003865,2.599,0.0,0.0,2.586,2.585,2.584,2.583,2.582,0.0,0.0,0.0,0.0,0.0,2.587,2.588,2.589,2.59,2.591,0.0,0.0,0.0,0.0,0.0,294200.0,4607400.0,4824600.0,3363600.0,1435400.0,0.0,0.0,0.0,0.0,0.0,1331300.0,3733060.0,4079400.0,1979900.0,1015300.0,0.0,0.0,0.0,0.0,0.0
20230831134006928,SSE,SSE.ETF.510050,2.587,2.6,2.609,2.582,0.0,2.859,2.339,379815850.0,700.0,985756189.0,1811.0,0.0,0.0,20230831,20230831,134006928,2.599,0.0,0.0,2.586,2.585,2.584,2.583,2.582,0.0,0.0,0.0,0.0,0.0,2.587,2.588,2.589,2.59,2.591,0.0,0.0,0.0,0.0,0.0,1194100.0,4607400.0,4736600.0,3275600.0,1436400.0,0.0,0.0,0.0,0.0,0.0,1330600.0,3733060.0,3991400.0,1891900.0,1015300.0,0.0,0.0,0.0,0.0,0.0
20230831134009904,SSE,SSE.ETF.510050,2.587,2.6,2.609,2.582,0.0,2.859,2.339,379987250.0,171400.0,986199601.0,443412.0,0.0,0.0,20230831,20230831,134009903,2.599,0.0,0.0,2.586,2.585,2.584,2.583,2.582,0.0,0.0,0.0,0.0,0.0,2.587,2.588,2.589,2.59,2.591,0.0,0.0,0.0,0.0,0.0,5263400.0,6607400.0,3826600.0,1016600.0,1358500.0,0.0,0.0,0.0,0.0,0.0,909200.0,1714360.0,3991400.0,3851900.0,1093200.0,0.0,0.0,0.0,0.0,0.0
20230831134012852,SSE,SSE.ETF.510050,2.587,2.6,2.609,2.582,0.0,2.859,2.339,380372250.0,385000.0,987195596.0,995995.0,0.0,0.0,20230831,20230831,134012851,2.599,0.0,0.0,2.586,2.585,2.584,2.583,2.582,0.0,0.0,0.0,0.0,0.0,2.587,2.588,2.589,2.59,2.591,0.0,0.0,0.0,0.0,0.0,7073400.0,6609000.0,4004600.0,1014600.0,1436400.0,0.0,0.0,0.0,0.0,0.0,528400.0,523360.0,4679400.0,3939900.0,1315300.0,0.0,0.0,0.0,0.0,0.0
20230831134015844,SSE,SSE.ETF.510050,2.587,2.6,2.609,2.582,0.0,2.859,2.339,380374850.0,2600.0,987202322.0,6726.0,0.0,0.0,20230831,20230831,134015844,2.599,0.0,0.0,2.586,2.585,2.584,2.583,2.582,0.0,0.0,0.0,0.0,0.0,2.587,2.588,2.589,2.59,2.591,0.0,0.0,0.0,0.0,0.0,6175900.0,6309000.0,4004600.0,723600.0,1447800.0,0.0,0.0,0.0,0.0,0.0,525800.0,523360.0,4679400.0,3939900.0,1315300.0,0.0,0.0,0.0,0.0,0.0
20230831134018856,SSE,SSE.ETF.510050,2.587,2.6,2.609,2.582,0.0,2.859,2.339,380389750.0,14900.0,987240854.0,38532.0,0.0,0.0,20230831,20230831,134018854,2.599,0.0,0.0,2.586,2.585,2.584,2.583,2.582,0.0,0.0,0.0,0.0,0.0,2.587,2.588,2.589,2.59,2.591,0.0,0.0,0.0,0.0,0.0,4965700.0,6309000.0,4224600.0,813600.0,1447800.0,0.0,0.0,0.0,0.0,0.0,525000.0,1124360.0,4689400.0,3629900.0,1315300.0,0.0,0.0,0.0,0.0,0.0
20230831134021856,SSE,SSE.ETF.510050,2.587,2.6,2.609,2.582,0.0,2.859,2.339,380409750.0,20000.0,987292594.0,51740.0,0.0,0.0,20230831,20230831,134021858,2.599,0.0,0.0,2.586,2.585,2.584,2.583,2.582,0.0,0.0,0.0,0.0,0.0,2.587,2.588,2.589,2.59,2.591,0.0,0.0,0.0,0.0,0.0,4960700.0,6310000.0,4226600.0,635600.0,1447800.0,0.0,0.0,0.0,0.0,0.0,505000.0,1124360.0,4601400.0,3541900.0,1265300.0,0.0,0.0,0.0,0.0,0.0
20230831134024852,SSE,SSE.ETF.510050,2.586,2.6,2.609,2.582,0.0,2.859,2.339,380443250.0,33500.0,987379225.0,86631.0,0.0,0.0,20230831,20230831,134024853,2.599,0.0,0.0,2.586,2.585,2.584,2.583,2.582,0.0,0.0,0.0,0.0,0.0,2.587,2.588,2.589,2.59,2.591,0.0,0.0,0.0,0.0,0.0,4929200.0,6308000.0,4824600.0,813600.0,1447800.0,0.0,0.0,0.0,0.0,0.0,505000.0,1108060.0,4689400.0,2129900.0,1265300.0,0.0,0.0,0.0,0.0,0.0
20230831134027848,SSE,SSE.ETF.510050,2.587,2.6,2.609,2.582,0.0,2.859,2.339,380443750.0,500.0,987380519.0,1294.0,0.0,0.0,20230831,20230831,134027850,2.599,0.0,0.0,2.586,2.585,2.584,2.583,2.582,0.0,0.0,0.0,0.0,0.0,2.587,2.588,2.589,2.59,2.591,0.0,0.0,0.0,0.0,0.0,4992600.0,6693000.0,4604600.0,1314600.0,1447800.0,0.0,0.0,0.0,0.0,0.0,504500.0,1098060.0,4699400.0,3939900.0,965300.0,0.0,0.0,0.0,0.0,0.0
20230831134030856,SSE,SSE.ETF.510050,2.587,2.6,2.609,2.582,0.0,2.859,2.339,380443750.0,0.0,987380519.0,0.0,0.0,0.0,20230831,20230831,134030854,2.599,0.0,0.0,2.586,2.585,2.584,2.583,2.582,0.0,0.0,0.0,0.0,0.0,2.587,2.588,2.589,2.59,2.591,0.0,0.0,0.0,0.0,0.0,4532800.0,5493000.0,4736600.0,2075600.0,1447800.0,0.0,0.0,0.0,0.0,0.0,654500.0,1408060.0,4611400.0,1891900.0,965300.0,0.0,0.0,0.0,0.0,0.0
20230831134033884,SSE,SSE.ETF.510050,2.586,2.6,2.609,2.582,0.0,2.859,2.339,380450350.0,6600.0,987397586.0,17067.0,0.0,0.0,20230831,20230831,134033883,2.599,0.0,0.0,2.586,2.585,2.584,2.583,2.582,0.0,0.0,0.0,0.0,0.0,2.587,2.588,2.589,2.59,2.591,0.0,0.0,0.0,0.0,0.0,4826200.0,5193000.0,3624600.0,1863600.0,1447800.0,0.0,0.0,0.0,0.0,0.0,654500.0,2608060.0,4699400.0,1679900.0,965300.0,0.0,0.0,0.0,0.0,0.0
20230831134036840,SSE,SSE.ETF.510050,2.586,2.6,2.609,2.582,0.0,2.859,2.339,380450350.0,0.0,987397586.0,0.0,0.0,0.0,20230831,20230831,134036841,2.599,0.0,0.0,2.586,2.585,2.584,2.583,2.582,0.0,0.0,0.0,0.0,0.0,2.587,2.588,2.589,2.59,2.591,0.0,0.0,0.0,0.0,0.0,4976200.0,5493000.0,5724600.0,813600.0,1447800.0,0.0,0.0,0.0,0.0,0.0,504500.0,1108060.0,4689200.0,2124900.0,1265300.0,0.0,0.0,0.0,0.0,0.0
20230831134039872,SSE,SSE.ETF.510050,2.587,2.6,2.609,2.582,0.0,2.859,2.339,380454350.0,4000.0,987407934.0,10348.0,0.0,0.0,20230831,20230831,134039872,2.599,0.0,0.0,2.586,2.585,2.584,2.583,2.582,0.0,0.0,0.0,0.0,0.0,2.587,2.588,2.589,2.59,2.591,0.0,0.0,0.0,0.0,0.0,4526200.0,5493000.0,4824600.0,1113600.0,1447800.0,0.0,0.0,0.0,0.0,0.0,500500.0,2958060.0,4689200.0,1974900.0,965300.0,0.0,0.0,0.0,0.0,0.0
20230831134042848,SSE,SSE.ETF.510050,2.587,2.6,2.609,2.582,0.0,2.859,2.339,380455750.0,1400.0,987411556.0,3622.0,0.0,0.0,20230831,20230831,134042849,2.599,0.0,0.0,2.586,2.585,2.584,2.583,2.582,0.0,0.0,0.0,0.0,0.0,2.587,2.588,2.589,2.59,2.591,0.0,0.0,0.0,0.0,0.0,2728300.0,5496900.0,4736600.0,2075600.0,1457800.0,0.0,0.0,0.0,0.0,0.0,726500.0,3558060.0,4001200.0,1886900.0,965300.0,0.0,0.0,0.0,0.0,0.0
20230831134045864,SSE,SSE.ETF.510050,2.587,2.6,2.609,2.582,0.0,2.859,2.339,380456250.0,500.0,987412850.0,1294.0,0.0,0.0,20230831,20230831,134045864,2.599,0.0,0.0,2.586,2.585,2.584,2.583,2.582,0.0,0.0,0.0,0.0,0.0,2.587,2.588,2.589,2.59,2.591,0.0,0.0,0.0,0.0,0.0,335600.0,4386900.0,5374600.0,3966600.0,1088900.0,0.0,0.0,0.0,0.0,0.0,2327000.0,3675760.0,2279200.0,1974900.0,752200.0,0.0,0.0,0.0,0.0,0.0
20230831134048836,SSE,SSE.ETF.510050,2.586,2.6,2.609,2.582,0.0,2.859,2.339,380497850.0,41600.0,987520428.0,107578.0,0.0,0.0,20230831,20230831,134048836,2.599,0.0,0.0,2.585,2.584,2.583,2.582,2.581,0.0,0.0,0.0,0.0,0.0,2.586,2.587,2.588,2.589,2.59,0.0,0.0,0.0,0.0,0.0,4256900.0,4474600.0,4961600.0,1316800.0,1954300.0,0.0,0.0,0.0,0.0,0.0,109400.0,2326000.0,3675760.0,2129200.0,1974900.0,0.0,0.0,0.0,0.0,0.0
20230831134051864,SSE,SSE.ETF.510050,2.586,2.6,2.609,2.582,0.0,2.859,2.339,380499850.0,2000.0,987525600.0,5172.0,0.0,0.0,20230831,20230831,134051862,2.599,0.0,0.0,2.585,2.584,2.583,2.582,2.581,0.0,0.0,0.0,0.0,0.0,2.586,2.587,2.588,2.589,2.59,0.0,0.0,0.0,0.0,0.0,4716900.0,5306900.0,3171700.0,1574900.0,2127200.0,0.0,0.0,0.0,0.0,0.0,8300.0,671700.0,3475860.0,3689100.0,1759900.0,0.0,0.0,0.0,0.0,0.0
20230831134054840,SSE,SSE.ETF.510050,2.586,2.6,2.609,2.582,0.0,2.859,2.339,380544950.0,45100.0,987642229.0,116629.0,0.0,0.0,20230831,20230831,134054841,2.599,0.0,0.0,2.586,2.585,2.584,2.583,2.582,0.0,0.0,0.0,0.0,0.0,2.587,2.588,2.589,2.59,2.591,0.0,0.0,0.0,0.0,0.0,1455000.0,6016900.0,5356900.0,1821700.0,1574900.0,0.0,0.0,0.0,0.0,0.0,521700.0,3855860.0,3989100.0,2059900.0,948200.0,0.0,0.0,0.0,0.0,0.0
20230831134057856,SSE,SSE.ETF.510050,2.586,2.6,2.609,2.582,0.0,2.859,2.339,380544950.0,0.0,987642229.0,0.0,0.0,0.0,20230831,20230831,134057856,2.599,0.0,0.0,2.586,2.585,2.584,2.583,2.582,0.0,0.0,0.0,0.0,0.0,2.587,2.588,2.589,2.59,2.591,0.0,0.0,0.0,0.0,0.0,2502100.0,6012700.0,5757000.0,3506600.0,1379900.0,0.0,0.0,0.0,0.0,0.0,678400.0,3685760.0,3989200.0,2040900.0,1043200.0,0.0,0.0,0.0,0.0,0.0
20230831134100856,SSE,SSE.ETF.510050,2.586,2.6,2.609,2.582,0.0,2.859,2.339,380544950.0,0.0,987642229.0,0.0,0.0,0.0,20230831,20230831,134100857,2.599,0.0,0.0,2.586,2.585,2.584,2.583,2.582,0.0,0.0,0.0,0.0,0.0,2.587,2.588,2.589,2.59,2.591,0.0,0.0,0.0,0.0,0.0,2416400.0,6072700.0,5457000.0,3506600.0,1389900.0,0.0,0.0,0.0,0.0,0.0,628400.0,3685760.0,3999200.0,2040900.0,1043200.0,0.0,0.0,0.0,0.0,0.0
20230831134103868,SSE,SSE.ETF.510050,2.586,2.6,2.609,2.582,0.0,2.859,2.339,380551950.0,7000.0,987660331.0,18102.0,0.0,0.0,20230831,20230831,134103867,2.599,0.0,0.0,2.586,2.585,2.584,2.583,2.582,0.0,0.0,0.0,0.0,0.0,2.587,2.588,2.589,2.59,2.591,0.0,0.0,0.0,0.0,0.0,1955900.0,6076600.0,5457000.0,3656600.0,1389900.0,0.0,0.0,0.0,0.0,0.0,879800.0,3685760.0,3999200.0,1890900.0,1043200.0,0.0,0.0,0.0,0.0,0.0
20230831134106856,SSE,SSE.ETF.510050,2.586,2.6,2.609,2.582,0.0,2.859,2.339,380551950.0,0.0,987660331.0,0.0,0.0,0.0,20230831,20230831,134106854,2.599,0.0,0.0,2.586,2.585,2.584,2.583,2.582,0.0,0.0,0.0,0.0,0.0,2.587,2.588,2.589,2.59,2.591,0.0,0.0,0.0,0.0,0.0,1955900.0,5976600.0,5457000.0,3656600.0,1467800.0,0.0,0.0,0.0,0.0,0.0,1470800.0,3685760.0,3999200.0,1590900.0,681300.0,0.0,0.0,0.0,0.0,0.0
20230831134109928,SSE,SSE.ETF.510050,2.586,2.6,2.609,2.582,0.0,2.859,2.339,380556050.0,4100.0,987670938.0,10607.0,0.0,0.0,20230831,20230831,134109929,2.599,0.0,0.0,2.586,2.585,2.584,2.583,2.582,0.0,0.0,0.0,0.0,0.0,2.587,2.588,2.589,2.59,2.591,0.0,0.0,0.0,0.0,0.0,465700.0,6876600.0,5319000.0,3568600.0,1176800.0,0.0,0.0,0.0,0.0,0.0,1185400.0,3685760.0,3911200.0,1502900.0,972300.0,0.0,0.0,0.0,0.0,0.0
20230831134112952,SSE,SSE.ETF.510050,2.586,2.6,2.609,2.582,0.0,2.859,2.339,380556050.0,0.0,987670938.0,0.0,0.0,0.0,20230831,20230831,134112952,2.599,0.0,0.0,2.586,2.585,2.584,2.583,2.582,0.0,0.0,0.0,0.0,0.0,2.587,2.588,2.589,2.59,2.591,0.0,0.0,0.0,0.0,0.0,465800.0,6566600.0,5407000.0,3966600.0,1176800.0,0.0,0.0,0.0,0.0,0.0,1790600.0,3685760.0,3689200.0,1590900.0,681300.0,0.0,0.0,0.0,0.0,0.0
20230831134115848,SSE,SSE.ETF.510050,2.586,2.6,2.609,2.582,0.0,2.859,2.339,380556050.0,0.0,987670938.0,0.0,0.0,0.0,20230831,20230831,134115849,2.599,0.0,0.0,2.586,2.585,2.584,2.583,2.582,0.0,0.0,0.0,0.0,0.0,2.587,2.588,2.589,2.59,2.591,0.0,0.0,0.0,0.0,0.0,217800.0,6566600.0,4507000.0,4866600.0,1176800.0,0.0,0.0,0.0,0.0,0.0,1790600.0,3685760.0,3689200.0,1590900.0,681300.0,0.0,0.0,0.0,0.0,0.0
20230831134118844,SSE,SSE.ETF.510050,2.587,2.6,2.609,2.582,0.0,2.859,2.339,380575950.0,19900.0,987722410.0,51472.0,0.0,0.0,20230831,20230831,134118845,2.599,0.0,0.0,2.586,2.585,2.584,2.583,2.582,0.0,0.0,0.0,0.0,0.0,2.587,2.588,2.589,2.59,2.591,0.0,0.0,0.0,0.0,0.0,208600.0,6556600.0,4507000.0,4866600.0,1176800.0,0.0,0.0,0.0,0.0,0.0,1780000.0,3765760.0,3689200.0,1590900.0,681300.0,0.0,0.0,0.0,0.0,0.0
20230831134121860,SSE,SSE.ETF.510050,2.587,2.6,2.609,2.582,0.0,2.859,2.339,380575950.0,0.0,987722410.0,0.0,0.0,0.0,20230831,20230831,134121861,2.599,0.0,0.0,2.586,2.585,2.584,2.583,2.582,0.0,0.0,0.0,0.0,0.0,2.587,2.588,2.589,2.59,2.591,0.0,0.0,0.0,0.0,0.0,233600.0,6876700.0,5407000.0,3656600.0,1176800.0,0.0,0.0,0.0,0.0,0.0,1470000.0,3685760.0,3999200.0,1590900.0,681300.0,0.0,0.0,0.0,0.0,0.0
20230831134124844,SSE,SSE.ETF.510050,2.586,2.6,2.609,2.582,0.0,2.859,2.339,380609650.0,33700.0,987809558.0,87148.0,0.0,0.0,20230831,20230831,134124845,2.599,0.0,0.0,2.586,2.585,2.584,2.583,2.582,0.0,0.0,0.0,0.0,0.0,2.587,2.588,2.589,2.59,2.591,0.0,0.0,0.0,0.0,0.0,199900.0,6876700.0,5319000.0,3663600.0,1467800.0,0.0,0.0,0.0,0.0,0.0,1429000.0,3685760.0,3911200.0,1502900.0,1067300.0,0.0,0.0,0.0,0.0,0.0
20230831134127880,SSE,SSE.ETF.510050,2.586,2.6,2.609,2.582,0.0,2.859,2.339,380609650.0,0.0,987809558.0,0.0,0.0,0.0,20230831,20230831,134127881,2.599,0.0,0.0,2.586,2.585,2.584,2.583,2.582,0.0,0.0,0.0,0.0,0.0,2.587,2.588,2.589,2.59,2.591,0.0,0.0,0.0,0.0,0.0,206400.0,7776700.0,5407000.0,3656600.0,1467800.0,0.0,0.0,0.0,0.0,0.0,1181000.0,3773760.0,3999200.0,1890900.0,972300.0,0.0,0.0,0.0,0.0,0.0
20230831134130892,SSE,SSE.ETF.510050,2.586,2.6,2.609,2.582,0.0,2.859,2.339,380609650.0,0.0,987809558.0,0.0,0.0,0.0,20230831,20230831,134130892,2.599,0.0,0.0,2.586,2.585,2.584,2.583,2.582,0.0,0.0,0.0,0.0,0.0,2.587,2.588,2.589,2.59,2.591,0.0,0.0,0.0,0.0,0.0,206400.0,7778700.0,5407000.0,3656700.0,1467800.0,0.0,0.0,0.0,0.0,0.0,1231000.0,3773760.0,3999200.0,1790900.0,972300.0,0.0,0.0,0.0,0.0,0.0
20230831134133852,SSE,SSE.ETF.510050,2.586,2.6,2.609,2.582,0.0,2.859,2.339,380664150.0,54500.0,987950495.0,140937.0,0.0,0.0,20230831,20230831,134133851,2.599,0.0,0.0,2.586,2.585,2.584,2.583,2.582,0.0,0.0,0.0,0.0,0.0,2.587,2.588,2.589,2.59,2.591,0.0,0.0,0.0,0.0,0.0,152000.0,7478700.0,5407000.0,3656700.0,1771800.0,0.0,0.0,0.0,0.0,0.0,1481000.0,3773760.0,3999200.0,1490900.0,972300.0,0.0,0.0,0.0,0.0,0.0
20230831134136840,SSE,SSE.ETF.510050,2.586,2.6,2.609,2.582,0.0,2.859,2.339,380682950.0,18800.0,987999112.0,48617.0,0.0,0.0,20230831,20230831,134136842,2.599,0.0,0.0,2.586,2.585,2.584,2.583,2.582,0.0,0.0,0.0,0.0,0.0,2.587,2.588,2.589,2.59,2.591,0.0,0.0,0.0,0.0,0.0,3821100.0,7978700.0,4507000.0,821700.0,1471800.0,0.0,0.0,0.0,0.0,0.0,860500.0,1873760.0,3999200.0,1940900.0,1272300.0,0.0,0.0,0.0,0.0,0.0
20230831134139868,SSE,SSE.ETF.510050,2.586,2.6,2.609,2.582,0.0,2.859,2.339,380692950.0,10000.0,988024972.0,25860.0,0.0,0.0,20230831,20230831,134139867,2.599,0.0,0.0,2.586,2.585,2.584,2.583,2.582,0.0,0.0,0.0,0.0,0.0,2.587,2.588,2.589,2.59,2.591,0.0,0.0,0.0,0.0,0.0,1865200.0,7878700.0,5307000.0,3771800.0,1471800.0,0.0,0.0,0.0,0.0,0.0,1084000.0,3783760.0,3999200.0,1790900.0,972300.0,0.0,0.0,0.0,0.0,0.0
20230831134142856,SSE,SSE.ETF.510050,2.586,2.6,2.609,2.582,0.0,2.859,2.339,380700250.0,7300.0,988043850.0,18878.0,0.0,0.0,20230831,20230831,134142858,2.599,0.0,0.0,2.586,2.585,2.584,2.583,2.582,0.0,0.0,0.0,0.0,0.0,2.587,2.588,2.589,2.59,2.591,0.0,0.0,0.0,0.0,0.0,1858100.0,7878700.0,5407000.0,3671800.0,1471800.0,0.0,0.0,0.0,0.0,0.0,907000.0,3783760.0,3999200.0,1790900.0,972300.0,0.0,0.0,0.0,0.0,0.0
20230831134145904,SSE,SSE.ETF.510050,2.587,2.6,2.609,2.582,0.0,2.859,2.339,381240250.0,540000.0,989440790.0,1396940.0,0.0,0.0,20230831,20230831,134145905,2.599,0.0,0.0,2.586,2.585,2.584,2.583,2.582,0.0,0.0,0.0,0.0,0.0,2.587,2.588,2.589,2.59,2.591,0.0,0.0,0.0,0.0,0.0,338000.0,7478700.0,5407000.0,3671800.0,1471800.0,0.0,0.0,0.0,0.0,0.0,1048000.0,3783760.0,3999200.0,1490900.0,681300.0,0.0,0.0,0.0,0.0,0.0
20230831134148860,SSE,SSE.ETF.510050,2.586,2.6,2.609,2.582,0.0,2.859,2.339,381241250.0,1000.0,989443376.0,2586.0,0.0,0.0,20230831,20230831,134148859,2.599,0.0,0.0,2.586,2.585,2.584,2.583,2.582,0.0,0.0,0.0,0.0,0.0,2.587,2.588,2.589,2.59,2.591,0.0,0.0,0.0,0.0,0.0,119800.0,7478000.0,5319000.0,3583800.0,1471800.0,0.0,0.0,0.0,0.0,0.0,1048000.0,3784460.0,3911200.0,1402900.0,681300.0,0.0,0.0,0.0,0.0,0.0
20230831134151880,SSE,SSE.ETF.510050,2.586,2.6,2.609,2.582,0.0,2.859,2.339,381241250.0,0.0,989443376.0,0.0,0.0,0.0,20230831,20230831,134151880,2.599,0.0,0.0,2.586,2.585,2.584,2.583,2.582,0.0,0.0,0.0,0.0,0.0,2.587,2.588,2.589,2.59,2.591,0.0,0.0,0.0,0.0,0.0,119800.0,7478000.0,5407000.0,3671800.0,1471800.0,0.0,0.0,0.0,0.0,0.0,1098000.0,3784460.0,3999200.0,1490900.0,681300.0,0.0,0.0,0.0,0.0,0.0
20230831134154908,SSE,SSE.ETF.510050,2.586,2.6,2.609,2.582,0.0,2.859,2.339,381270750.0,29500.0,989519667.0,76291.0,0.0,0.0,20230831,20230831,134154907,2.599,0.0,0.0,2.586,2.585,2.584,2.583,2.582,0.0,0.0,0.0,0.0,0.0,2.587,2.588,2.589,2.59,2.591,0.0,0.0,0.0,0.0,0.0,994300.0,7478000.0,5407000.0,3671800.0,1471800.0,0.0,0.0,0.0,0.0,0.0,753000.0,3784460.0,3999200.0,1490900.0,681300.0,0.0,0.0,0.0,0.0,0.0
20230831134157848,SSE,SSE.ETF.510050,2.586,2.6,2.609,2.582,0.0,2.859,2.339,381270750.0,0.0,989519667.0,0.0,0.0,0.0,20230831,20230831,134157849,2.599,0.0,0.0,2.586,2.585,2.584,2.583,2.582,0.0,0.0,0.0,0.0,0.0,2.587,2.588,2.589,2.59,2.591,0.0,0.0,0.0,0.0,0.0,1242200.0,7478000.0,5407000.0,3671800.0,1387400.0,0.0,0.0,0.0,0.0,0.0,753000.0,3704460.0,3999200.0,1490900.0,1050200.0,0.0,0.0,0.0,0.0,0.0
20230831134200904,SSE,SSE.ETF.510050,2.587,2.6,2.609,2.582,0.0,2.859,2.339,381271750.0,1000.0,989522254.0,2587.0,0.0,0.0,20230831,20230831,134200902,2.599,0.0,0.0,2.586,2.585,2.584,2.583,2.582,0.0,0.0,0.0,0.0,0.0,2.587,2.588,2.589,2.59,2.591,0.0,0.0,0.0,0.0,0.0,1650900.0,7478000.0,5407000.0,3672300.0,1393700.0,0.0,0.0,0.0,0.0,0.0,702000.0,3784460.0,3999200.0,1490900.0,1050200.0,0.0,0.0,0.0,0.0,0.0
20230831134203928,SSE,SSE.ETF.510050,2.586,2.6,2.609,2.582,0.0,2.859,2.339,381278550.0,6800.0,989539838.0,17584.0,0.0,0.0,20230831,20230831,134203930,2.599,0.0,0.0,2.586,2.585,2.584,2.583,2.582,0.0,0.0,0.0,0.0,0.0,2.587,2.588,2.589,2.59,2.591,0.0,0.0,0.0,0.0,0.0,4204000.0,8328000.0,4409000.0,1025300.0,1396500.0,0.0,0.0,0.0,0.0,0.0,178500.0,1341760.0,3911200.0,3662900.0,1350200.0,0.0,0.0,0.0,0.0,0.0
20230831134206852,SSE,SSE.ETF.510050,2.586,2.6,2.609,2.582,0.0,2.859,2.339,381278550.0,0.0,989539838.0,0.0,0.0,0.0,20230831,20230831,134206851,2.599,0.0,0.0,2.586,2.585,2.584,2.583,2.582,0.0,0.0,0.0,0.0,0.0,2.587,2.588,2.589,2.59,2.591,0.0,0.0,0.0,0.0,0.0,3144100.0,7034000.0,4807000.0,1722300.0,1549100.0,0.0,0.0,0.0,0.0,0.0,229000.0,3674460.0,3999200.0,1790900.0,895100.0,0.0,0.0,0.0,0.0,0.0
20230831134209928,SSE,SSE.ETF.510050,2.587,2.6,2.609,2.582,0.0,2.859,2.339,381284550.0,6000.0,989555355.0,15517.0,0.0,0.0,20230831,20230831,134209930,2.599,0.0,0.0,2.586,2.585,2.584,2.583,2.582,0.0,0.0,0.0,0.0,0.0,2.587,2.588,2.589,2.59,2.591,0.0,0.0,0.0,0.0,0.0,4788700.0,8032400.0,4807000.0,822300.0,1471200.0,0.0,0.0,0.0,0.0,0.0,198300.0,3674460.0,3999200.0,1937900.0,973000.0,0.0,0.0,0.0,0.0,0.0
20230831134212848,SSE,SSE.ETF.510050,2.587,2.6,2.609,2.582,0.0,2.859,2.339,381297950.0,13400.0,989590021.0,34666.0,0.0,0.0,20230831,20230831,134212846,2.599,0.0,0.0,2.586,2.585,2.584,2.583,2.582,0.0,0.0,0.0,0.0,0.0,2.587,2.588,2.589,2.59,2.591,0.0,0.0,0.0,0.0,0.0,4792700.0,8032400.0,4719000.0,734300.0,1549100.0,0.0,0.0,0.0,0.0,0.0,189000.0,3674460.0,3911200.0,1849900.0,895100.0,0.0,0.0,0.0,0.0,0.0
20230831134215912,SSE,SSE.ETF.510050,2.587,2.6,2.609,2.582,0.0,2.859,2.339,381307950.0,10000.0,989615891.0,25870.0,0.0,0.0,20230831,20230831,134215911,2.599,0.0,0.0,2.586,2.585,2.584,2.583,2.582,0.0,0.0,0.0,0.0,0.0,2.587,2.588,2.589,2.59,2.591,0.0,0.0,0.0,0.0,0.0,4792700.0,8032400.0,4807000.0,822300.0,1549100.0,0.0,0.0,0.0,0.0,0.0,368900.0,3674460.0,3999200.0,1937900.0,895100.0,0.0,0.0,0.0,0.0,0.0
20230831134218928,SSE,SSE.ETF.510050,2.587,2.6,2.609,2.582,0.0,2.859,2.339,381313350.0,5400.0,989629856.0,13965.0,0.0,0.0,20230831,20230831,134218926,2.599,0.0,0.0,2.586,2.585,2.584,2.583,2.582,0.0,0.0,0.0,0.0,0.0,2.587,2.588,2.589,2.59,2.591,0.0,0.0,0.0,0.0,0.0,5100300.0,8032400.0,4497000.0,822300.0,1549100.0,0.0,0.0,0.0,0.0,0.0,369500.0,1273460.0,3999200.0,2247900.0,1195100.0,0.0,0.0,0.0,0.0,0.0
20230831134221844,SSE,SSE.ETF.510050,2.587,2.6,2.609,2.582,0.0,2.859,2.339,381333350.0,20000.0,989681596.0,51740.0,0.0,0.0,20230831,20230831,134221845,2.599,0.0,0.0,2.586,2.585,2.584,2.583,2.582,0.0,0.0,0.0,0.0,0.0,2.587,2.588,2.589,2.59,2.591,0.0,0.0,0.0,0.0,0.0,4800300.0,8032700.0,4497000.0,1217300.0,1549100.0,0.0,0.0,0.0,0.0,0.0,349500.0,1573460.0,3999200.0,3747900.0,990100.0,0.0,0.0,0.0,0.0,0.0
20230831134224848,SSE,SSE.ETF.510050,2.586,2.6,2.609,2.582,0.0,2.859,2.339,381361950.0,28600.0,989755555.0,73959.0,0.0,0.0,20230831,20230831,134224849,2.599,0.0,0.0,2.586,2.585,2.584,2.583,2.582,0.0,0.0,0.0,0.0,0.0,2.587,2.588,2.589,2.59,2.591,0.0,0.0,0.0,0.0,0.0,4781700.0,8032900.0,4497000.0,1034300.0,1549100.0,0.0,0.0,0.0,0.0,0.0,392500.0,1653460.0,3999200.0,3659900.0,895100.0,0.0,0.0,0.0,0.0,0.0
20230831134227848,SSE,SSE.ETF.510050,2.587,2.6,2.609,2.582,0.0,2.859,2.339,381365850.0,3900.0,989765645.0,10090.0,0.0,0.0,20230831,20230831,134227849,2.599,0.0,0.0,2.586,2.585,2.584,2.583,2.582,0.0,0.0,0.0,0.0,0.0,2.587,2.588,2.589,2.59,2.591,0.0,0.0,0.0,0.0,0.0,4471700.0,7732900.0,4507000.0,1122300.0,1549100.0,0.0,0.0,0.0,0.0,0.0,388600.0,1583460.0,3999200.0,3437900.0,895100.0,0.0,0.0,0.0,0.0,0.0
20230831134230844,SSE,SSE.ETF.510050,2.587,2.6,2.609,2.582,0.0,2.859,2.339,381365850.0,0.0,989765645.0,0.0,0.0,0.0,20230831,20230831,134230844,2.599,0.0,0.0,2.586,2.585,2.584,2.583,2.582,0.0,0.0,0.0,0.0,0.0,2.587,2.588,2.589,2.59,2.591,0.0,0.0,0.0,0.0,0.0,4491700.0,7132900.0,5707000.0,1122300.0,1549100.0,0.0,0.0,0.0,0.0,0.0,388600.0,3674460.0,3999200.0,1942900.0,895100.0,0.0,0.0,0.0,0.0,0.0
20230831134233856,SSE,SSE.ETF.510050,2.587,2.6,2.609,2.582,0.0,2.859,2.339,381381050.0,15200.0,989804962.0,39317.0,0.0,0.0,20230831,20230831,134233856,2.599,0.0,0.0,2.586,2.585,2.584,2.583,2.582,0.0,0.0,0.0,0.0,0.0,2.587,2.588,2.589,2.59,2.591,0.0,0.0,0.0,0.0,0.0,3586600.0,7132900.0,5707000.0,1122300.0,1549100.0,0.0,0.0,0.0,0.0,0.0,379600.0,3674460.0,4004200.0,1942900.0,895100.0,0.0,0.0,0.0,0.0,0.0
20230831134236880,SSE,SSE.ETF.510050,2.587,2.6,2.609,2.582,0.0,2.859,2.339,381381050.0,0.0,989804962.0,0.0,0.0,0.0,20230831,20230831,134236881,2.599,0.0,0.0,2.586,2.585,2.584,2.583,2.582,0.0,0.0,0.0,0.0,0.0,2.587,2.588,2.589,2.59,2.591,0.0,0.0,0.0,0.0,0.0,3586600.0,8032900.0,4807000.0,1124400.0,1471200.0,0.0,0.0,0.0,0.0,0.0,379600.0,3674460.0,4004200.0,1942900.0,973000.0,0.0,0.0,0.0,0.0,0.0
20230831134239844,SSE,SSE.ETF.510050,2.587,2.6,2.609,2.582,0.0,2.859,2.339,381381050.0,0.0,989804962.0,0.0,0.0,0.0,20230831,20230831,134239844,2.599,0.0,0.0,2.586,2.585,2.584,2.583,2.582,0.0,0.0,0.0,0.0,0.0,2.587,2.588,2.589,2.59,2.591,0.0,0.0,0.0,0.0,0.0,3586600.0,8033900.0,4807000.0,1124400.0,1471200.0,0.0,0.0,0.0,0.0,0.0,379600.0,3674460.0,4004200.0,1942900.0,973000.0,0.0,0.0,0.0,0.0,0.0
20230831134242892,SSE,SSE.ETF.510050,2.587,2.6,2.609,2.582,0.0,2.859,2.339,381381050.0,0.0,989804962.0,0.0,0.0,0.0,20230831,20230831,134242891,2.599,0.0,0.0,2.586,2.585,2.584,2.583,2.582,0.0,0.0,0.0,0.0,0.0,2.587,2.588,2.589,2.59,2.591,0.0,0.0,0.0,0.0,0.0,3606600.0,8033900.0,4807000.0,1124400.0,1471100.0,0.0,0.0,0.0,0.0,0.0,433400.0,1883460.0,4004200.0,3442900.0,973000.0,0.0,0.0,0.0,0.0,0.0
