time,exchg,code,price,open,high,low,settle_price,upper_limit,lower_limit,total_volume,volume,total_turnover,turnover,open_interest,diff_interest,trading_date,action_date,action_time,pre_close,pre_settle,pre_interest,bid_price_0,bid_price_1,bid_price_2,bid_price_3,bid_price_4,bid_price_5,bid_price_6,bid_price_7,bid_price_8,bid_price_9,ask_price_0,ask_price_1,ask_price_2,ask_price_3,ask_price_4,ask_price_5,ask_price_6,ask_price_7,ask_price_8,ask_price_9,bid_qty_0,bid_qty_1,bid_qty_2,bid_qty_3,bid_qty_4,bid_qty_5,bid_qty_6,bid_qty_7,bid_qty_8,bid_qty_9,ask_qty_0,ask_qty_1,ask_qty_2,ask_qty_3,ask_qty_4,ask_qty_5,ask_qty_6,ask_qty_7,ask_qty_8,ask_qty_9
20230824133624084,SZSE,SZSE.ETF.159949,0.881,0.869,0.885,0.867,0.0,1.038,0.692,546041674.0,29100.0,478333023.068,25637.5,0.0,0.0,20230824,20230824,133624083,0.865,0.0,0.0,0.881,0.88,0.879,0.878,0.877,0.0,0.0,0.0,0.0,0.0,0.882,0.883,0.884,0.885,0.886,0.0,0.0,0.0,0.0,0.0,6278200.0,5577100.0,3047500.0,3263900.0,2860800.0,0.0,0.0,0.0,0.0,0.0,1084500.0,3515900.0,7059000.0,10090500.0,7687800.0,0.0,0.0,0.0,0.0,0.0
20230824133622336,SZSE,SZSE.ETF.159949,0.881,0.869,0.885,0.867,0.0,1.038,0.692,546041674.0,29100.0,478333023.068,25637.5,0.0,0.0,20230824,20230824,133622334,0.865,0.0,0.0,0.881,0.88,0.879,0.878,0.877,0.0,0.0,0.0,0.0,0.0,0.882,0.883,0.884,0.885,0.886,0.0,0.0,0.0,0.0,0.0,6278200.0,5577100.0,3047500.0,3263900.0,2860800.0,0.0,0.0,0.0,0.0,0.0,1084500.0,3515900.0,7059000.0,10090500.0,7687800.0,0.0,0.0,0.0,0.0,0.0
20230824133627076,SZSE,SZSE.ETF.159949,0.882,0.869,0.885,0.867,0.0,1.038,0.692,546052674.0,11000.0,478342725.068,9702.0,0.0,0.0,20230824,20230824,133627077,0.865,0.0,0.0,0.881,0.88,0.879,0.878,0.877,0.0,0.0,0.0,0.0,0.0,0.882,0.883,0.884,0.885,0.886,0.0,0.0,0.0,0.0,0.0,6278200.0,5717300.0,3047500.0,3263900.0,2860800.0,0.0,0.0,0.0,0.0,0.0,1073500.0,5925900.0,4769000.0,10072500.0,7677800.0,0.0,0.0,0.0,0.0,0.0
20230824133630048,SZSE,SZSE.ETF.159949,0.882,0.869,0.885,0.867,0.0,1.038,0.692,546052674.0,0.0,478342725.068,0.0,0.0,0.0,20230824,20230824,133630049,0.865,0.0,0.0,0.881,0.88,0.879,0.878,0.877,0.0,0.0,0.0,0.0,0.0,0.882,0.883,0.884,0.885,0.886,0.0,0.0,0.0,0.0,0.0,5968200.0,5597300.0,3047500.0,3253900.0,2860800.0,0.0,0.0,0.0,0.0,0.0,1083500.0,3515900.0,6770000.0,10102500.0,7677800.0,0.0,0.0,0.0,0.0,0.0
20230824133628300,SZSE,SZSE.ETF.159949,0.882,0.869,0.885,0.867,0.0,1.038,0.692,546052674.0,0.0,478342725.068,0.0,0.0,0.0,20230824,20230824,133628301,0.865,0.0,0.0,0.881,0.88,0.879,0.878,0.877,0.0,0.0,0.0,0.0,0.0,0.882,0.883,0.884,0.885,0.886,0.0,0.0,0.0,0.0,0.0,5968200.0,5597300.0,3047500.0,3253900.0,2860800.0,0.0,0.0,0.0,0.0,0.0,1083500.0,3515900.0,6770000.0,10102500.0,7677800.0,0.0,0.0,0.0,0.0,0.0
20230824133633052,SZSE,SZSE.ETF.159949,0.881,0.869,0.885,0.867,0.0,1.038,0.692,546173274.0,120600.0,478448973.668,106248.59999996424,0.0,0.0,20230824,20230824,133633053,0.865,0.0,0.0,0.881,0.88,0.879,0.878,0.877,0.0,0.0,0.0,0.0,0.0,0.882,0.883,0.884,0.885,0.886,0.0,0.0,0.0,0.0,0.0,6137600.0,6007300.0,3047500.0,3253900.0,2860800.0,0.0,0.0,0.0,0.0,0.0,793200.0,4204900.0,6770000.0,10102500.0,7677800.0,0.0,0.0,0.0,0.0,0.0
20230824133631304,SZSE,SZSE.ETF.159949,0.881,0.869,0.885,0.867,0.0,1.038,0.692,546173274.0,120600.0,478448973.668,106248.59999996424,0.0,0.0,20230824,20230824,133631305,0.865,0.0,0.0,0.881,0.88,0.879,0.878,0.877,0.0,0.0,0.0,0.0,0.0,0.882,0.883,0.884,0.885,0.886,0.0,0.0,0.0,0.0,0.0,6137600.0,6007300.0,3047500.0,3253900.0,2860800.0,0.0,0.0,0.0,0.0,0.0,793200.0,4204900.0,6770000.0,10102500.0,7677800.0,0.0,0.0,0.0,0.0,0.0
20230824133706132,SZSE,SZSE.ETF.159949,0.881,0.869,0.885,0.867,0.0,1.038,0.692,546483474.0,22400.0,478722384.768,19754.400000035763,0.0,0.0,20230824,20230824,133706132,0.865,0.0,0.0,0.881,0.88,0.879,0.878,0.877,0.0,0.0,0.0,0.0,0.0,0.882,0.883,0.884,0.885,0.886,0.0,0.0,0.0,0.0,0.0,5021500.0,7218700.0,3067500.0,3253900.0,2860800.0,0.0,0.0,0.0,0.0,0.0,1312700.0,5962700.0,4736500.0,10161700.0,7607000.0,0.0,0.0,0.0,0.0,0.0
20230824133709112,SZSE,SZSE.ETF.159949,0.881,0.869,0.885,0.867,0.0,1.038,0.692,546483474.0,0.0,478722384.768,0.0,0.0,0.0,20230824,20230824,133709113,0.865,0.0,0.0,0.881,0.88,0.879,0.878,0.877,0.0,0.0,0.0,0.0,0.0,0.882,0.883,0.884,0.885,0.886,0.0,0.0,0.0,0.0,0.0,5039200.0,6928700.0,3067500.0,3253900.0,2745100.0,0.0,0.0,0.0,0.0,0.0,1314700.0,5672700.0,4846500.0,10161700.0,7607000.0,0.0,0.0,0.0,0.0,0.0
20230824133707364,SZSE,SZSE.ETF.159949,0.881,0.869,0.885,0.867,0.0,1.038,0.692,546483474.0,0.0,478722384.768,0.0,0.0,0.0,20230824,20230824,133707364,0.865,0.0,0.0,0.881,0.88,0.879,0.878,0.877,0.0,0.0,0.0,0.0,0.0,0.882,0.883,0.884,0.885,0.886,0.0,0.0,0.0,0.0,0.0,5039200.0,6928700.0,3067500.0,3253900.0,2745100.0,0.0,0.0,0.0,0.0,0.0,1314700.0,5672700.0,4846500.0,10161700.0,7607000.0,0.0,0.0,0.0,0.0,0.0
20230824133712056,SZSE,SZSE.ETF.159949,0.882,0.869,0.885,0.867,0.0,1.038,0.692,546495474.0,12000.0,478732957.868,10573.099999964237,0.0,0.0,20230824,20230824,133712057,0.865,0.0,0.0,0.881,0.88,0.879,0.878,0.877,0.0,0.0,0.0,0.0,0.0,0.882,0.883,0.884,0.885,0.886,0.0,0.0,0.0,0.0,0.0,4538300.0,7538700.0,3067500.0,3253900.0,2795100.0,0.0,0.0,0.0,0.0,0.0,1533600.0,5510000.0,4834500.0,10201300.0,7607000.0,0.0,0.0,0.0,0.0,0.0
20230824133710308,SZSE,SZSE.ETF.159949,0.882,0.869,0.885,0.867,0.0,1.038,0.692,546495474.0,12000.0,478732957.868,10573.099999964237,0.0,0.0,20230824,20230824,133710308,0.865,0.0,0.0,0.881,0.88,0.879,0.878,0.877,0.0,0.0,0.0,0.0,0.0,0.882,0.883,0.884,0.885,0.886,0.0,0.0,0.0,0.0,0.0,4538300.0,7538700.0,3067500.0,3253900.0,2795100.0,0.0,0.0,0.0,0.0,0.0,1533600.0,5510000.0,4834500.0,10201300.0,7607000.0,0.0,0.0,0.0,0.0,0.0
20230824133715052,SZSE,SZSE.ETF.159949,0.881,0.869,0.885,0.867,0.0,1.038,0.692,546496474.0,1000.0,478733838.868,881.0,0.0,0.0,20230824,20230824,133715053,0.865,0.0,0.0,0.881,0.88,0.879,0.878,0.877,0.0,0.0,0.0,0.0,0.0,0.882,0.883,0.884,0.885,0.886,0.0,0.0,0.0,0.0,0.0,4541700.0,7418700.0,3067500.0,3233900.0,2795100.0,0.0,0.0,0.0,0.0,0.0,1534100.0,5401700.0,4836800.0,10201300.0,7607000.0,0.0,0.0,0.0,0.0,0.0
20230824133713304,SZSE,SZSE.ETF.159949,0.881,0.869,0.885,0.867,0.0,1.038,0.692,546496474.0,1000.0,478733838.868,881.0,0.0,0.0,20230824,20230824,133713304,0.865,0.0,0.0,0.881,0.88,0.879,0.878,0.877,0.0,0.0,0.0,0.0,0.0,0.882,0.883,0.884,0.885,0.886,0.0,0.0,0.0,0.0,0.0,4541700.0,7418700.0,3067500.0,3233900.0,2795100.0,0.0,0.0,0.0,0.0,0.0,1534100.0,5401700.0,4836800.0,10201300.0,7607000.0,0.0,0.0,0.0,0.0,0.0
20230824133718080,SZSE,SZSE.ETF.159949,0.881,0.869,0.885,0.867,0.0,1.038,0.692,546594574.0,98100.0,478820264.968,86426.10000002384,0.0,0.0,20230824,20230824,133718078,0.865,0.0,0.0,0.881,0.88,0.879,0.878,0.877,0.0,0.0,0.0,0.0,0.0,0.882,0.883,0.884,0.885,0.886,0.0,0.0,0.0,0.0,0.0,3741600.0,7538700.0,3067500.0,3233900.0,2795100.0,0.0,0.0,0.0,0.0,0.0,1647800.0,5811700.0,4836800.0,10192000.0,7607000.0,0.0,0.0,0.0,0.0,0.0
20230824133719336,SZSE,SZSE.ETF.159949,0.881,0.869,0.885,0.867,0.0,1.038,0.692,546594674.0,100.0,478820353.068,88.10000002384186,0.0,0.0,20230824,20230824,133719335,0.865,0.0,0.0,0.881,0.88,0.879,0.878,0.877,0.0,0.0,0.0,0.0,0.0,0.882,0.883,0.884,0.885,0.886,0.0,0.0,0.0,0.0,0.0,3741500.0,7418700.0,3067500.0,3233900.0,2795100.0,0.0,0.0,0.0,0.0,0.0,1781200.0,5686700.0,4845900.0,10172000.0,7636500.0,0.0,0.0,0.0,0.0,0.0
20230824133721156,SZSE,SZSE.ETF.159949,0.881,0.869,0.885,0.867,0.0,1.038,0.692,546594674.0,100.0,478820353.068,88.10000002384186,0.0,0.0,20230824,20230824,133721157,0.865,0.0,0.0,0.881,0.88,0.879,0.878,0.877,0.0,0.0,0.0,0.0,0.0,0.882,0.883,0.884,0.885,0.886,0.0,0.0,0.0,0.0,0.0,3741500.0,7418700.0,3067500.0,3233900.0,2795100.0,0.0,0.0,0.0,0.0,0.0,1781200.0,5686700.0,4845900.0,10172000.0,7636500.0,0.0,0.0,0.0,0.0,0.0
20230824133724036,SZSE,SZSE.ETF.159949,0.881,0.869,0.885,0.867,0.0,1.038,0.692,546626974.0,32300.0,478848809.368,28456.299999952316,0.0,0.0,20230824,20230824,133724035,0.865,0.0,0.0,0.881,0.88,0.879,0.878,0.877,0.0,0.0,0.0,0.0,0.0,0.882,0.883,0.884,0.885,0.886,0.0,0.0,0.0,0.0,0.0,3710200.0,6539700.0,4066500.0,3233900.0,2795100.0,0.0,0.0,0.0,0.0,0.0,1836200.0,5821200.0,4854500.0,10098500.0,7736500.0,0.0,0.0,0.0,0.0,0.0
20230824133722284,SZSE,SZSE.ETF.159949,0.881,0.869,0.885,0.867,0.0,1.038,0.692,546626974.0,32300.0,478848809.368,28456.299999952316,0.0,0.0,20230824,20230824,133722285,0.865,0.0,0.0,0.881,0.88,0.879,0.878,0.877,0.0,0.0,0.0,0.0,0.0,0.882,0.883,0.884,0.885,0.886,0.0,0.0,0.0,0.0,0.0,3710200.0,6539700.0,4066500.0,3233900.0,2795100.0,0.0,0.0,0.0,0.0,0.0,1836200.0,5821200.0,4854500.0,10098500.0,7736500.0,0.0,0.0,0.0,0.0,0.0
20230824133727028,SZSE,SZSE.ETF.159949,0.881,0.869,0.885,0.867,0.0,1.038,0.692,546633174.0,6200.0,478854271.568,5462.200000047684,0.0,0.0,20230824,20230824,133727028,0.865,0.0,0.0,0.881,0.88,0.879,0.878,0.877,0.0,0.0,0.0,0.0,0.0,0.882,0.883,0.884,0.885,0.886,0.0,0.0,0.0,0.0,0.0,3644000.0,7418700.0,4066500.0,3233900.0,2795100.0,0.0,0.0,0.0,0.0,0.0,1836200.0,5701500.0,4854500.0,10098500.0,7748500.0,0.0,0.0,0.0,0.0,0.0
20230824133725280,SZSE,SZSE.ETF.159949,0.881,0.869,0.885,0.867,0.0,1.038,0.692,546633174.0,6200.0,478854271.568,5462.200000047684,0.0,0.0,20230824,20230824,133725278,0.865,0.0,0.0,0.881,0.88,0.879,0.878,0.877,0.0,0.0,0.0,0.0,0.0,0.882,0.883,0.884,0.885,0.886,0.0,0.0,0.0,0.0,0.0,3644000.0,7418700.0,4066500.0,3233900.0,2795100.0,0.0,0.0,0.0,0.0,0.0,1836200.0,5701500.0,4854500.0,10098500.0,7748500.0,0.0,0.0,0.0,0.0,0.0
20230824133730036,SZSE,SZSE.ETF.159949,0.881,0.869,0.885,0.867,0.0,1.038,0.692,546648174.0,15000.0,478867486.568,13215.0,0.0,0.0,20230824,20230824,133730035,0.865,0.0,0.0,0.881,0.88,0.879,0.878,0.877,0.0,0.0,0.0,0.0,0.0,0.882,0.883,0.884,0.885,0.886,0.0,0.0,0.0,0.0,0.0,2339000.0,8828700.0,4181900.0,3233900.0,2795100.0,0.0,0.0,0.0,0.0,0.0,1837400.0,5821500.0,4867500.0,10098500.0,7748500.0,0.0,0.0,0.0,0.0,0.0
20230824133728288,SZSE,SZSE.ETF.159949,0.881,0.869,0.885,0.867,0.0,1.038,0.692,546648174.0,15000.0,478867486.568,13215.0,0.0,0.0,20230824,20230824,133728286,0.865,0.0,0.0,0.881,0.88,0.879,0.878,0.877,0.0,0.0,0.0,0.0,0.0,0.882,0.883,0.884,0.885,0.886,0.0,0.0,0.0,0.0,0.0,2339000.0,8828700.0,4181900.0,3233900.0,2795100.0,0.0,0.0,0.0,0.0,0.0,1837400.0,5821500.0,4867500.0,10098500.0,7748500.0,0.0,0.0,0.0,0.0,0.0
20230824133733060,SZSE,SZSE.ETF.159949,0.881,0.869,0.885,0.867,0.0,1.038,0.692,546648574.0,400.0,478867838.968,352.39999997615814,0.0,0.0,20230824,20230824,133733061,0.865,0.0,0.0,0.881,0.88,0.879,0.878,0.877,0.0,0.0,0.0,0.0,0.0,0.882,0.883,0.884,0.885,0.886,0.0,0.0,0.0,0.0,0.0,2338800.0,8708700.0,4181900.0,3233900.0,2795100.0,0.0,0.0,0.0,0.0,0.0,2357400.0,5201500.0,4894000.0,10098500.0,7750100.0,0.0,0.0,0.0,0.0,0.0
20230824133736072,SZSE,SZSE.ETF.159949,0.881,0.869,0.885,0.867,0.0,1.038,0.692,546682074.0,33500.0,478897352.468,29513.5,0.0,0.0,20230824,20230824,133736072,0.865,0.0,0.0,0.881,0.88,0.879,0.878,0.877,0.0,0.0,0.0,0.0,0.0,0.882,0.883,0.884,0.885,0.886,0.0,0.0,0.0,0.0,0.0,2305600.0,8538800.0,4181900.0,3233900.0,2795100.0,0.0,0.0,0.0,0.0,0.0,2462000.0,5031500.0,4894000.0,10099500.0,7750100.0,0.0,0.0,0.0,0.0,0.0
20230824133739024,SZSE,SZSE.ETF.159949,0.882,0.869,0.885,0.867,0.0,1.038,0.692,546682274.0,200.0,478897528.868,176.39999997615814,0.0,0.0,20230824,20230824,133739022,0.865,0.0,0.0,0.881,0.88,0.879,0.878,0.877,0.0,0.0,0.0,0.0,0.0,0.882,0.883,0.884,0.885,0.886,0.0,0.0,0.0,0.0,0.0,2308600.0,8708800.0,4181900.0,3233900.0,2795100.0,0.0,0.0,0.0,0.0,0.0,2491800.0,5201500.0,4904000.0,10109500.0,7759100.0,0.0,0.0,0.0,0.0,0.0
20230824133737272,SZSE,SZSE.ETF.159949,0.882,0.869,0.885,0.867,0.0,1.038,0.692,546682274.0,200.0,478897528.868,176.39999997615814,0.0,0.0,20230824,20230824,133737273,0.865,0.0,0.0,0.881,0.88,0.879,0.878,0.877,0.0,0.0,0.0,0.0,0.0,0.882,0.883,0.884,0.885,0.886,0.0,0.0,0.0,0.0,0.0,2308600.0,8708800.0,4181900.0,3233900.0,2795100.0,0.0,0.0,0.0,0.0,0.0,2491800.0,5201500.0,4904000.0,10109500.0,7759100.0,0.0,0.0,0.0,0.0,0.0
20230824133742024,SZSE,SZSE.ETF.159949,0.881,0.869,0.885,0.867,0.0,1.038,0.692,546707674.0,25400.0,478919906.268,22377.400000035763,0.0,0.0,20230824,20230824,133742025,0.865,0.0,0.0,0.881,0.88,0.879,0.878,0.877,0.0,0.0,0.0,0.0,0.0,0.882,0.883,0.884,0.885,0.886,0.0,0.0,0.0,0.0,0.0,3283200.0,7248800.0,4181900.0,3233900.0,2795100.0,0.0,0.0,0.0,0.0,0.0,2522600.0,4841500.0,4904000.0,10109500.0,7749100.0,0.0,0.0,0.0,0.0,0.0
20230824133740276,SZSE,SZSE.ETF.159949,0.881,0.869,0.885,0.867,0.0,1.038,0.692,546707674.0,25400.0,478919906.268,22377.400000035763,0.0,0.0,20230824,20230824,133740276,0.865,0.0,0.0,0.881,0.88,0.879,0.878,0.877,0.0,0.0,0.0,0.0,0.0,0.882,0.883,0.884,0.885,0.886,0.0,0.0,0.0,0.0,0.0,3283200.0,7248800.0,4181900.0,3233900.0,2795100.0,0.0,0.0,0.0,0.0,0.0,2522600.0,4841500.0,4904000.0,10109500.0,7749100.0,0.0,0.0,0.0,0.0,0.0
20230824133745016,SZSE,SZSE.ETF.159949,0.881,0.869,0.885,0.867,0.0,1.038,0.692,546717674.0,10000.0,478928716.268,8810.0,0.0,0.0,20230824,20230824,133745018,0.865,0.0,0.0,0.881,0.88,0.879,0.878,0.877,0.0,0.0,0.0,0.0,0.0,0.882,0.883,0.884,0.885,0.886,0.0,0.0,0.0,0.0,0.0,3273200.0,7708800.0,4181900.0,3233900.0,2795100.0,0.0,0.0,0.0,0.0,0.0,2529000.0,5301500.0,4904000.0,10107000.0,7749100.0,0.0,0.0,0.0,0.0,0.0
20230824133743268,SZSE,SZSE.ETF.159949,0.881,0.869,0.885,0.867,0.0,1.038,0.692,546717674.0,10000.0,478928716.268,8810.0,0.0,0.0,20230824,20230824,133743268,0.865,0.0,0.0,0.881,0.88,0.879,0.878,0.877,0.0,0.0,0.0,0.0,0.0,0.882,0.883,0.884,0.885,0.886,0.0,0.0,0.0,0.0,0.0,3273200.0,7708800.0,4181900.0,3233900.0,2795100.0,0.0,0.0,0.0,0.0,0.0,2529000.0,5301500.0,4904000.0,10107000.0,7749100.0,0.0,0.0,0.0,0.0,0.0
20230824133748024,SZSE,SZSE.ETF.159949,0.881,0.869,0.885,0.867,0.0,1.038,0.692,546757674.0,40000.0,478963956.268,35240.0,0.0,0.0,20230824,20230824,133748026,0.865,0.0,0.0,0.881,0.88,0.879,0.878,0.877,0.0,0.0,0.0,0.0,0.0,0.882,0.883,0.884,0.885,0.886,0.0,0.0,0.0,0.0,0.0,2233200.0,8684600.0,4181900.0,3233900.0,2795100.0,0.0,0.0,0.0,0.0,0.0,2549000.0,5403500.0,4904000.0,10157100.0,7749100.0,0.0,0.0,0.0,0.0,0.0
20230824133746276,SZSE,SZSE.ETF.159949,0.881,0.869,0.885,0.867,0.0,1.038,0.692,546757674.0,40000.0,478963956.268,35240.0,0.0,0.0,20230824,20230824,133746276,0.865,0.0,0.0,0.881,0.88,0.879,0.878,0.877,0.0,0.0,0.0,0.0,0.0,0.882,0.883,0.884,0.885,0.886,0.0,0.0,0.0,0.0,0.0,2233200.0,8684600.0,4181900.0,3233900.0,2795100.0,0.0,0.0,0.0,0.0,0.0,2549000.0,5403500.0,4904000.0,10157100.0,7749100.0,0.0,0.0,0.0,0.0,0.0
20230824133751040,SZSE,SZSE.ETF.159949,0.881,0.869,0.885,0.867,0.0,1.038,0.692,546777674.0,20000.0,478981576.268,17620.0,0.0,0.0,20230824,20230824,133751041,0.865,0.0,0.0,0.881,0.88,0.879,0.878,0.877,0.0,0.0,0.0,0.0,0.0,0.882,0.883,0.884,0.885,0.886,0.0,0.0,0.0,0.0,0.0,2213200.0,8684600.0,4181900.0,3233900.0,2795100.0,0.0,0.0,0.0,0.0,0.0,2549000.0,5294500.0,4910000.0,10157100.0,7749100.0,0.0,0.0,0.0,0.0,0.0
20230824133749292,SZSE,SZSE.ETF.159949,0.881,0.869,0.885,0.867,0.0,1.038,0.692,546777674.0,20000.0,478981576.268,17620.0,0.0,0.0,20230824,20230824,133749292,0.865,0.0,0.0,0.881,0.88,0.879,0.878,0.877,0.0,0.0,0.0,0.0,0.0,0.882,0.883,0.884,0.885,0.886,0.0,0.0,0.0,0.0,0.0,2213200.0,8684600.0,4181900.0,3233900.0,2795100.0,0.0,0.0,0.0,0.0,0.0,2549000.0,5294500.0,4910000.0,10157100.0,7749100.0,0.0,0.0,0.0,0.0,0.0
20230824133754044,SZSE,SZSE.ETF.159949,0.881,0.869,0.885,0.867,0.0,1.038,0.692,546830274.0,52600.0,479027916.868,46340.59999996424,0.0,0.0,20230824,20230824,133754045,0.865,0.0,0.0,0.881,0.88,0.879,0.878,0.877,0.0,0.0,0.0,0.0,0.0,0.882,0.883,0.884,0.885,0.886,0.0,0.0,0.0,0.0,0.0,1940600.0,7685600.0,4181900.0,3233900.0,2795100.0,0.0,0.0,0.0,0.0,0.0,2574000.0,5414500.0,4910000.0,10153100.0,7543900.0,0.0,0.0,0.0,0.0,0.0
20230824133752296,SZSE,SZSE.ETF.159949,0.881,0.869,0.885,0.867,0.0,1.038,0.692,546830274.0,52600.0,479027916.868,46340.59999996424,0.0,0.0,20230824,20230824,133752296,0.865,0.0,0.0,0.881,0.88,0.879,0.878,0.877,0.0,0.0,0.0,0.0,0.0,0.882,0.883,0.884,0.885,0.886,0.0,0.0,0.0,0.0,0.0,1940600.0,7685600.0,4181900.0,3233900.0,2795100.0,0.0,0.0,0.0,0.0,0.0,2574000.0,5414500.0,4910000.0,10153100.0,7543900.0,0.0,0.0,0.0,0.0,0.0
20230824140539080,SZSE,SZSE.ETF.159949,0.88,0.869,0.885,0.867,0.0,1.038,0.692,568259392.0,4600.0,497894237.208,4048.0,0.0,0.0,20230824,20230824,140539082,0.865,0.0,0.0,0.88,0.879,0.878,0.877,0.876,0.0,0.0,0.0,0.0,0.0,0.881,0.882,0.883,0.884,0.885,0.0,0.0,0.0,0.0,0.0,5746600.0,9035900.0,5290300.0,3084000.0,2201300.0,0.0,0.0,0.0,0.0,0.0,4442800.0,6460100.0,4957700.0,5856700.0,10716500.0,0.0,0.0,0.0,0.0,0.0
20230824140537220,SZSE,SZSE.ETF.159949,0.88,0.869,0.885,0.867,0.0,1.038,0.692,568259392.0,4600.0,497894237.208,4048.0,0.0,0.0,20230824,20230824,140537219,0.865,0.0,0.0,0.88,0.879,0.878,0.877,0.876,0.0,0.0,0.0,0.0,0.0,0.881,0.882,0.883,0.884,0.885,0.0,0.0,0.0,0.0,0.0,5746600.0,9035900.0,5290300.0,3084000.0,2201300.0,0.0,0.0,0.0,0.0,0.0,4442800.0,6460100.0,4957700.0,5856700.0,10716500.0,0.0,0.0,0.0,0.0,0.0
20230824140542088,SZSE,SZSE.ETF.159949,0.88,0.869,0.885,0.867,0.0,1.038,0.692,568288092.0,28700.0,497919493.208,25256.0,0.0,0.0,20230824,20230824,140542087,0.865,0.0,0.0,0.88,0.879,0.878,0.877,0.876,0.0,0.0,0.0,0.0,0.0,0.881,0.882,0.883,0.884,0.885,0.0,0.0,0.0,0.0,0.0,5917900.0,8665900.0,5290300.0,3084000.0,2201300.0,0.0,0.0,0.0,0.0,0.0,4231300.0,6258700.0,4949800.0,5857500.0,10716500.0,0.0,0.0,0.0,0.0,0.0
20230824140540224,SZSE,SZSE.ETF.159949,0.88,0.869,0.885,0.867,0.0,1.038,0.692,568288092.0,28700.0,497919493.208,25256.0,0.0,0.0,20230824,20230824,140540224,0.865,0.0,0.0,0.88,0.879,0.878,0.877,0.876,0.0,0.0,0.0,0.0,0.0,0.881,0.882,0.883,0.884,0.885,0.0,0.0,0.0,0.0,0.0,5917900.0,8665900.0,5290300.0,3084000.0,2201300.0,0.0,0.0,0.0,0.0,0.0,4231300.0,6258700.0,4949800.0,5857500.0,10716500.0,0.0,0.0,0.0,0.0,0.0
20230824140545080,SZSE,SZSE.ETF.159949,0.88,0.869,0.885,0.867,0.0,1.038,0.692,568332892.0,44800.0,497958917.208,39424.0,0.0,0.0,20230824,20230824,140545081,0.865,0.0,0.0,0.88,0.879,0.878,0.877,0.876,0.0,0.0,0.0,0.0,0.0,0.881,0.882,0.883,0.884,0.885,0.0,0.0,0.0,0.0,0.0,5653100.0,8745900.0,5290300.0,3084000.0,2201300.0,0.0,0.0,0.0,0.0,0.0,4150300.0,6468700.0,4949800.0,5857500.0,10716500.0,0.0,0.0,0.0,0.0,0.0
20230824140543216,SZSE,SZSE.ETF.159949,0.88,0.869,0.885,0.867,0.0,1.038,0.692,568332892.0,44800.0,497958917.208,39424.0,0.0,0.0,20230824,20230824,140543217,0.865,0.0,0.0,0.88,0.879,0.878,0.877,0.876,0.0,0.0,0.0,0.0,0.0,0.881,0.882,0.883,0.884,0.885,0.0,0.0,0.0,0.0,0.0,5653100.0,8745900.0,5290300.0,3084000.0,2201300.0,0.0,0.0,0.0,0.0,0.0,4150300.0,6468700.0,4949800.0,5857500.0,10716500.0,0.0,0.0,0.0,0.0,0.0
20230824140548080,SZSE,SZSE.ETF.159949,0.88,0.869,0.885,0.867,0.0,1.038,0.692,568332892.0,0.0,497958917.208,0.0,0.0,0.0,20230824,20230824,140548078,0.865,0.0,0.0,0.88,0.879,0.878,0.877,0.876,0.0,0.0,0.0,0.0,0.0,0.881,0.882,0.883,0.884,0.885,0.0,0.0,0.0,0.0,0.0,4653100.0,10155900.0,5290300.0,3084000.0,2201300.0,0.0,0.0,0.0,0.0,0.0,4498100.0,6348700.0,4949800.0,5857500.0,10716500.0,0.0,0.0,0.0,0.0,0.0
20230824140546212,SZSE,SZSE.ETF.159949,0.88,0.869,0.885,0.867,0.0,1.038,0.692,568332892.0,0.0,497958917.208,0.0,0.0,0.0,20230824,20230824,140546213,0.865,0.0,0.0,0.88,0.879,0.878,0.877,0.876,0.0,0.0,0.0,0.0,0.0,0.881,0.882,0.883,0.884,0.885,0.0,0.0,0.0,0.0,0.0,4653100.0,10155900.0,5290300.0,3084000.0,2201300.0,0.0,0.0,0.0,0.0,0.0,4498100.0,6348700.0,4949800.0,5857500.0,10716500.0,0.0,0.0,0.0,0.0,0.0
20230824140551104,SZSE,SZSE.ETF.159949,0.88,0.869,0.885,0.867,0.0,1.038,0.692,568332892.0,0.0,497958917.208,0.0,0.0,0.0,20230824,20230824,140551104,0.865,0.0,0.0,0.88,0.879,0.878,0.877,0.876,0.0,0.0,0.0,0.0,0.0,0.881,0.882,0.883,0.884,0.885,0.0,0.0,0.0,0.0,0.0,4653100.0,10035900.0,5312300.0,3084000.0,2201300.0,0.0,0.0,0.0,0.0,0.0,4592700.0,6468700.0,4949800.0,5857500.0,10696500.0,0.0,0.0,0.0,0.0,0.0
20230824140549240,SZSE,SZSE.ETF.159949,0.88,0.869,0.885,0.867,0.0,1.038,0.692,568332892.0,0.0,497958917.208,0.0,0.0,0.0,20230824,20230824,140549239,0.865,0.0,0.0,0.88,0.879,0.878,0.877,0.876,0.0,0.0,0.0,0.0,0.0,0.881,0.882,0.883,0.884,0.885,0.0,0.0,0.0,0.0,0.0,4653100.0,10035900.0,5312300.0,3084000.0,2201300.0,0.0,0.0,0.0,0.0,0.0,4592700.0,6468700.0,4949800.0,5857500.0,10696500.0,0.0,0.0,0.0,0.0,0.0
20230824140554084,SZSE,SZSE.ETF.159949,0.88,0.869,0.885,0.867,0.0,1.038,0.692,568332892.0,0.0,497958917.208,0.0,0.0,0.0,20230824,20230824,140554085,0.865,0.0,0.0,0.88,0.879,0.878,0.877,0.876,0.0,0.0,0.0,0.0,0.0,0.881,0.882,0.883,0.884,0.885,0.0,0.0,0.0,0.0,0.0,3933100.0,10855900.0,5312300.0,3084000.0,2201300.0,0.0,0.0,0.0,0.0,0.0,4592700.0,6348700.0,4949800.0,5857500.0,10697500.0,0.0,0.0,0.0,0.0,0.0
20230824140552224,SZSE,SZSE.ETF.159949,0.88,0.869,0.885,0.867,0.0,1.038,0.692,568332892.0,0.0,497958917.208,0.0,0.0,0.0,20230824,20230824,140552222,0.865,0.0,0.0,0.88,0.879,0.878,0.877,0.876,0.0,0.0,0.0,0.0,0.0,0.881,0.882,0.883,0.884,0.885,0.0,0.0,0.0,0.0,0.0,3933100.0,10855900.0,5312300.0,3084000.0,2201300.0,0.0,0.0,0.0,0.0,0.0,4592700.0,6348700.0,4949800.0,5857500.0,10697500.0,0.0,0.0,0.0,0.0,0.0
20230824140557096,SZSE,SZSE.ETF.159949,0.88,0.869,0.885,0.867,0.0,1.038,0.692,568383092.0,50200.0,498003143.208,44226.0,0.0,0.0,20230824,20230824,140557097,0.865,0.0,0.0,0.88,0.879,0.878,0.877,0.876,0.0,0.0,0.0,0.0,0.0,0.881,0.882,0.883,0.884,0.885,0.0,0.0,0.0,0.0,0.0,3958600.0,10245900.0,5732300.0,3084000.0,2201300.0,0.0,0.0,0.0,0.0,0.0,4742700.0,5978700.0,4949800.0,5847500.0,10697500.0,0.0,0.0,0.0,0.0,0.0
20230824140555232,SZSE,SZSE.ETF.159949,0.88,0.869,0.885,0.867,0.0,1.038,0.692,568383092.0,50200.0,498003143.208,44226.0,0.0,0.0,20230824,20230824,140555232,0.865,0.0,0.0,0.88,0.879,0.878,0.877,0.876,0.0,0.0,0.0,0.0,0.0,0.881,0.882,0.883,0.884,0.885,0.0,0.0,0.0,0.0,0.0,3958600.0,10245900.0,5732300.0,3084000.0,2201300.0,0.0,0.0,0.0,0.0,0.0,4742700.0,5978700.0,4949800.0,5847500.0,10697500.0,0.0,0.0,0.0,0.0,0.0
20230824140600056,SZSE,SZSE.ETF.159949,0.88,0.869,0.885,0.867,0.0,1.038,0.692,568399392.0,16300.0,498017487.208,14344.0,0.0,0.0,20230824,20230824,140600056,0.865,0.0,0.0,0.88,0.879,0.878,0.877,0.876,0.0,0.0,0.0,0.0,0.0,0.881,0.882,0.883,0.884,0.885,0.0,0.0,0.0,0.0,0.0,3942300.0,10855900.0,5532300.0,3084000.0,2201300.0,0.0,0.0,0.0,0.0,0.0,4542700.0,6348700.0,4950300.0,5847500.0,10697500.0,0.0,0.0,0.0,0.0,0.0
20230824140558192,SZSE,SZSE.ETF.159949,0.88,0.869,0.885,0.867,0.0,1.038,0.692,568399392.0,16300.0,498017487.208,14344.0,0.0,0.0,20230824,20230824,140558192,0.865,0.0,0.0,0.88,0.879,0.878,0.877,0.876,0.0,0.0,0.0,0.0,0.0,0.881,0.882,0.883,0.884,0.885,0.0,0.0,0.0,0.0,0.0,3942300.0,10855900.0,5532300.0,3084000.0,2201300.0,0.0,0.0,0.0,0.0,0.0,4542700.0,6348700.0,4950300.0,5847500.0,10697500.0,0.0,0.0,0.0,0.0,0.0
20230824140603128,SZSE,SZSE.ETF.159949,0.88,0.869,0.885,0.867,0.0,1.038,0.692,568399392.0,0.0,498017487.208,0.0,0.0,0.0,20230824,20230824,140603129,0.865,0.0,0.0,0.88,0.879,0.878,0.877,0.876,0.0,0.0,0.0,0.0,0.0,0.881,0.882,0.883,0.884,0.885,0.0,0.0,0.0,0.0,0.0,5062300.0,10235900.0,5312300.0,3084000.0,2201300.0,0.0,0.0,0.0,0.0,0.0,4542700.0,6468700.0,4950300.0,5847500.0,10697500.0,0.0,0.0,0.0,0.0,0.0
20230824140601264,SZSE,SZSE.ETF.159949,0.88,0.869,0.885,0.867,0.0,1.038,0.692,568399392.0,0.0,498017487.208,0.0,0.0,0.0,20230824,20230824,140601265,0.865,0.0,0.0,0.88,0.879,0.878,0.877,0.876,0.0,0.0,0.0,0.0,0.0,0.881,0.882,0.883,0.884,0.885,0.0,0.0,0.0,0.0,0.0,5062300.0,10235900.0,5312300.0,3084000.0,2201300.0,0.0,0.0,0.0,0.0,0.0,4542700.0,6468700.0,4950300.0,5847500.0,10697500.0,0.0,0.0,0.0,0.0,0.0
20230824140606136,SZSE,SZSE.ETF.159949,0.88,0.869,0.885,0.867,0.0,1.038,0.692,568400692.0,1300.0,498018631.208,1144.0,0.0,0.0,20230824,20230824,140606135,0.865,0.0,0.0,0.88,0.879,0.878,0.877,0.876,0.0,0.0,0.0,0.0,0.0,0.881,0.882,0.883,0.884,0.885,0.0,0.0,0.0,0.0,0.0,4841000.0,10299700.0,5312300.0,3084000.0,2201300.0,0.0,0.0,0.0,0.0,0.0,5002700.0,6348700.0,4950300.0,5847500.0,10702500.0,0.0,0.0,0.0,0.0,0.0
20230824140604272,SZSE,SZSE.ETF.159949,0.88,0.869,0.885,0.867,0.0,1.038,0.692,568400692.0,1300.0,498018631.208,1144.0,0.0,0.0,20230824,20230824,140604271,0.865,0.0,0.0,0.88,0.879,0.878,0.877,0.876,0.0,0.0,0.0,0.0,0.0,0.881,0.882,0.883,0.884,0.885,0.0,0.0,0.0,0.0,0.0,4841000.0,10299700.0,5312300.0,3084000.0,2201300.0,0.0,0.0,0.0,0.0,0.0,5002700.0,6348700.0,4950300.0,5847500.0,10702500.0,0.0,0.0,0.0,0.0,0.0
20230824140609112,SZSE,SZSE.ETF.159949,0.88,0.869,0.885,0.867,0.0,1.038,0.692,568400692.0,0.0,498018631.208,0.0,0.0,0.0,20230824,20230824,140609110,0.865,0.0,0.0,0.88,0.879,0.878,0.877,0.876,0.0,0.0,0.0,0.0,0.0,0.881,0.882,0.883,0.884,0.885,0.0,0.0,0.0,0.0,0.0,4530100.0,10189700.0,5562300.0,3084000.0,2201300.0,0.0,0.0,0.0,0.0,0.0,4802700.0,6378700.0,4950300.0,5847500.0,10702500.0,0.0,0.0,0.0,0.0,0.0
20230824140607336,SZSE,SZSE.ETF.159949,0.88,0.869,0.885,0.867,0.0,1.038,0.692,568400692.0,0.0,498018631.208,0.0,0.0,0.0,20230824,20230824,140607334,0.865,0.0,0.0,0.88,0.879,0.878,0.877,0.876,0.0,0.0,0.0,0.0,0.0,0.881,0.882,0.883,0.884,0.885,0.0,0.0,0.0,0.0,0.0,4530100.0,10189700.0,5562300.0,3084000.0,2201300.0,0.0,0.0,0.0,0.0,0.0,4802700.0,6378700.0,4950300.0,5847500.0,10702500.0,0.0,0.0,0.0,0.0,0.0
20230824140612152,SZSE,SZSE.ETF.159949,0.88,0.869,0.885,0.867,0.0,1.038,0.692,568400692.0,0.0,498018631.208,0.0,0.0,0.0,20230824,20230824,140612153,0.865,0.0,0.0,0.88,0.879,0.878,0.877,0.876,0.0,0.0,0.0,0.0,0.0,0.881,0.882,0.883,0.884,0.885,0.0,0.0,0.0,0.0,0.0,4330100.0,10509700.0,5349800.0,3084000.0,2201300.0,0.0,0.0,0.0,0.0,0.0,4712700.0,6348700.0,4960300.0,5847500.0,10702500.0,0.0,0.0,0.0,0.0,0.0
20230824140615240,SZSE,SZSE.ETF.159949,0.88,0.869,0.885,0.867,0.0,1.038,0.692,568404192.0,3500.0,498021711.208,3080.0,0.0,0.0,20230824,20230824,140615240,0.865,0.0,0.0,0.88,0.879,0.878,0.877,0.876,0.0,0.0,0.0,0.0,0.0,0.881,0.882,0.883,0.884,0.885,0.0,0.0,0.0,0.0,0.0,4301700.0,10679700.0,5569800.0,3084000.0,2201300.0,0.0,0.0,0.0,0.0,0.0,4798000.0,6668700.0,4960300.0,5847500.0,10702500.0,0.0,0.0,0.0,0.0,0.0
20230824140613376,SZSE,SZSE.ETF.159949,0.88,0.869,0.885,0.867,0.0,1.038,0.692,568404192.0,3500.0,498021711.208,3080.0,0.0,0.0,20230824,20230824,140613376,0.865,0.0,0.0,0.88,0.879,0.878,0.877,0.876,0.0,0.0,0.0,0.0,0.0,0.881,0.882,0.883,0.884,0.885,0.0,0.0,0.0,0.0,0.0,4301700.0,10679700.0,5569800.0,3084000.0,2201300.0,0.0,0.0,0.0,0.0,0.0,4798000.0,6668700.0,4960300.0,5847500.0,10702500.0,0.0,0.0,0.0,0.0,0.0
20230824140618236,SZSE,SZSE.ETF.159949,0.88,0.869,0.885,0.867,0.0,1.038,0.692,568405192.0,1000.0,498022591.208,880.0,0.0,0.0,20230824,20230824,140618237,0.865,0.0,0.0,0.88,0.879,0.878,0.877,0.876,0.0,0.0,0.0,0.0,0.0,0.881,0.882,0.883,0.884,0.885,0.0,0.0,0.0,0.0,0.0,4310700.0,10599700.0,5569800.0,3084000.0,2201300.0,0.0,0.0,0.0,0.0,0.0,4998000.0,6148700.0,4960300.0,5847500.0,10702500.0,0.0,0.0,0.0,0.0,0.0
20230824140621184,SZSE,SZSE.ETF.159949,0.88,0.869,0.885,0.867,0.0,1.038,0.692,568541892.0,136700.0,498142887.208,120296.0,0.0,0.0,20230824,20230824,140621184,0.865,0.0,0.0,0.88,0.879,0.878,0.877,0.876,0.0,0.0,0.0,0.0,0.0,0.881,0.882,0.883,0.884,0.885,0.0,0.0,0.0,0.0,0.0,4184000.0,10679700.0,5569800.0,3084000.0,2201300.0,0.0,0.0,0.0,0.0,0.0,4998000.0,6446200.0,4960300.0,5847500.0,10702500.0,0.0,0.0,0.0,0.0,0.0
20230824140624224,SZSE,SZSE.ETF.159949,0.88,0.869,0.885,0.867,0.0,1.038,0.692,568541892.0,0.0,498142887.208,0.0,0.0,0.0,20230824,20230824,140624224,0.865,0.0,0.0,0.88,0.879,0.878,0.877,0.876,0.0,0.0,0.0,0.0,0.0,0.881,0.882,0.883,0.884,0.885,0.0,0.0,0.0,0.0,0.0,4184000.0,10799700.0,5569800.0,3084000.0,2201300.0,0.0,0.0,0.0,0.0,0.0,5001500.0,6326200.0,4960300.0,5847500.0,10702500.0,0.0,0.0,0.0,0.0,0.0
20230824140627184,SZSE,SZSE.ETF.159949,0.88,0.869,0.885,0.867,0.0,1.038,0.692,568541892.0,0.0,498142887.208,0.0,0.0,0.0,20230824,20230824,140627185,0.865,0.0,0.0,0.88,0.879,0.878,0.877,0.876,0.0,0.0,0.0,0.0,0.0,0.881,0.882,0.883,0.884,0.885,0.0,0.0,0.0,0.0,0.0,4185100.0,10189700.0,5569800.0,3084000.0,2201300.0,0.0,0.0,0.0,0.0,0.0,4711500.0,4246200.0,4960300.0,5847500.0,10702500.0,0.0,0.0,0.0,0.0,0.0
20230824140630144,SZSE,SZSE.ETF.159949,0.88,0.869,0.885,0.867,0.0,1.038,0.692,568546892.0,5000.0,498147290.208,4403.0,0.0,0.0,20230824,20230824,140630145,0.865,0.0,0.0,0.88,0.879,0.878,0.877,0.876,0.0,0.0,0.0,0.0,0.0,0.881,0.882,0.883,0.884,0.885,0.0,0.0,0.0,0.0,0.0,4183100.0,10189700.0,6067900.0,3084000.0,2201300.0,0.0,0.0,0.0,0.0,0.0,7432000.0,3862700.0,4960300.0,5847500.0,10702500.0,0.0,0.0,0.0,0.0,0.0
20230824140628280,SZSE,SZSE.ETF.159949,0.88,0.869,0.885,0.867,0.0,1.038,0.692,568546892.0,5000.0,498147290.208,4403.0,0.0,0.0,20230824,20230824,140628281,0.865,0.0,0.0,0.88,0.879,0.878,0.877,0.876,0.0,0.0,0.0,0.0,0.0,0.881,0.882,0.883,0.884,0.885,0.0,0.0,0.0,0.0,0.0,4183100.0,10189700.0,6067900.0,3084000.0,2201300.0,0.0,0.0,0.0,0.0,0.0,7432000.0,3862700.0,4960300.0,5847500.0,10702500.0,0.0,0.0,0.0,0.0,0.0
20230824140703128,SZSE,SZSE.ETF.159949,0.88,0.869,0.885,0.867,0.0,1.038,0.692,569640592.0,2000.0,499109746.308,1760.0,0.0,0.0,20230824,20230824,140703126,0.865,0.0,0.0,0.88,0.879,0.878,0.877,0.876,0.0,0.0,0.0,0.0,0.0,0.881,0.882,0.883,0.884,0.885,0.0,0.0,0.0,0.0,0.0,2225300.0,9238400.0,7202900.0,4083000.0,2948500.0,0.0,0.0,0.0,0.0,0.0,9472100.0,3430900.0,4942300.0,5851500.0,10684500.0,0.0,0.0,0.0,0.0,0.0
20230824140701264,SZSE,SZSE.ETF.159949,0.88,0.869,0.885,0.867,0.0,1.038,0.692,569640592.0,2000.0,499109746.308,1760.0,0.0,0.0,20230824,20230824,140701262,0.865,0.0,0.0,0.88,0.879,0.878,0.877,0.876,0.0,0.0,0.0,0.0,0.0,0.881,0.882,0.883,0.884,0.885,0.0,0.0,0.0,0.0,0.0,2225300.0,9238400.0,7202900.0,4083000.0,2948500.0,0.0,0.0,0.0,0.0,0.0,9472100.0,3430900.0,4942300.0,5851500.0,10684500.0,0.0,0.0,0.0,0.0,0.0
20230824140706112,SZSE,SZSE.ETF.159949,0.88,0.869,0.885,0.867,0.0,1.038,0.692,570199592.0,559000.0,499601666.308,491920.0,0.0,0.0,20230824,20230824,140706114,0.865,0.0,0.0,0.88,0.879,0.878,0.877,0.876,0.0,0.0,0.0,0.0,0.0,0.881,0.882,0.883,0.884,0.885,0.0,0.0,0.0,0.0,0.0,1666300.0,8908400.0,7702900.0,4083000.0,2948500.0,0.0,0.0,0.0,0.0,0.0,9469100.0,3840900.0,4942300.0,5851500.0,10684500.0,0.0,0.0,0.0,0.0,0.0
20230824140704248,SZSE,SZSE.ETF.159949,0.88,0.869,0.885,0.867,0.0,1.038,0.692,570199592.0,559000.0,499601666.308,491920.0,0.0,0.0,20230824,20230824,140704250,0.865,0.0,0.0,0.88,0.879,0.878,0.877,0.876,0.0,0.0,0.0,0.0,0.0,0.881,0.882,0.883,0.884,0.885,0.0,0.0,0.0,0.0,0.0,1666300.0,8908400.0,7702900.0,4083000.0,2948500.0,0.0,0.0,0.0,0.0,0.0,9469100.0,3840900.0,4942300.0,5851500.0,10684500.0,0.0,0.0,0.0,0.0,0.0
20230824140709128,SZSE,SZSE.ETF.159949,0.88,0.869,0.885,0.867,0.0,1.038,0.692,570299592.0,100000.0,499689666.308,88000.0,0.0,0.0,20230824,20230824,140709129,0.865,0.0,0.0,0.88,0.879,0.878,0.877,0.876,0.0,0.0,0.0,0.0,0.0,0.881,0.882,0.883,0.884,0.885,0.0,0.0,0.0,0.0,0.0,1566300.0,9528400.0,6912900.0,4078000.0,2948500.0,0.0,0.0,0.0,0.0,0.0,9169100.0,3720900.0,4929500.0,5851500.0,10684500.0,0.0,0.0,0.0,0.0,0.0
20230824140707264,SZSE,SZSE.ETF.159949,0.88,0.869,0.885,0.867,0.0,1.038,0.692,570299592.0,100000.0,499689666.308,88000.0,0.0,0.0,20230824,20230824,140707266,0.865,0.0,0.0,0.88,0.879,0.878,0.877,0.876,0.0,0.0,0.0,0.0,0.0,0.881,0.882,0.883,0.884,0.885,0.0,0.0,0.0,0.0,0.0,1566300.0,9528400.0,6912900.0,4078000.0,2948500.0,0.0,0.0,0.0,0.0,0.0,9169100.0,3720900.0,4929500.0,5851500.0,10684500.0,0.0,0.0,0.0,0.0,0.0
20230824140712100,SZSE,SZSE.ETF.159949,0.88,0.869,0.885,0.867,0.0,1.038,0.692,570917887.0,618295.0,500233765.908,544099.5999999642,0.0,0.0,20230824,20230824,140712101,0.865,0.0,0.0,0.88,0.879,0.878,0.877,0.876,0.0,0.0,0.0,0.0,0.0,0.881,0.882,0.883,0.884,0.885,0.0,0.0,0.0,0.0,0.0,945705.0,8908400.0,7702900.0,4078000.0,2945500.0,0.0,0.0,0.0,0.0,0.0,9469100.0,3829400.0,4929500.0,5851500.0,10684500.0,0.0,0.0,0.0,0.0,0.0
20230824140710236,SZSE,SZSE.ETF.159949,0.88,0.869,0.885,0.867,0.0,1.038,0.692,570917887.0,618295.0,500233765.908,544099.5999999642,0.0,0.0,20230824,20230824,140710237,0.865,0.0,0.0,0.88,0.879,0.878,0.877,0.876,0.0,0.0,0.0,0.0,0.0,0.881,0.882,0.883,0.884,0.885,0.0,0.0,0.0,0.0,0.0,945705.0,8908400.0,7702900.0,4078000.0,2945500.0,0.0,0.0,0.0,0.0,0.0,9469100.0,3829400.0,4929500.0,5851500.0,10684500.0,0.0,0.0,0.0,0.0,0.0
20230824140715060,SZSE,SZSE.ETF.159949,0.88,0.869,0.885,0.867,0.0,1.038,0.692,571116887.0,199000.0,500408885.908,175120.0,0.0,0.0,20230824,20230824,140715061,0.865,0.0,0.0,0.88,0.879,0.878,0.877,0.876,0.0,0.0,0.0,0.0,0.0,0.881,0.882,0.883,0.884,0.885,0.0,0.0,0.0,0.0,0.0,757505.0,8738400.0,7702900.0,4078000.0,2945500.0,0.0,0.0,0.0,0.0,0.0,9509100.0,3409400.0,4929500.0,5851500.0,10784500.0,0.0,0.0,0.0,0.0,0.0
20230824140713200,SZSE,SZSE.ETF.159949,0.88,0.869,0.885,0.867,0.0,1.038,0.692,571116887.0,199000.0,500408885.908,175120.0,0.0,0.0,20230824,20230824,140713198,0.865,0.0,0.0,0.88,0.879,0.878,0.877,0.876,0.0,0.0,0.0,0.0,0.0,0.881,0.882,0.883,0.884,0.885,0.0,0.0,0.0,0.0,0.0,757505.0,8738400.0,7702900.0,4078000.0,2945500.0,0.0,0.0,0.0,0.0,0.0,9509100.0,3409400.0,4929500.0,5851500.0,10784500.0,0.0,0.0,0.0,0.0,0.0
20230824140716192,SZSE,SZSE.ETF.159949,0.88,0.869,0.885,0.867,0.0,1.038,0.692,571407787.0,290900.0,500664887.908,256002.0,0.0,0.0,20230824,20230824,140716192,0.865,0.0,0.0,0.88,0.879,0.878,0.877,0.876,0.0,0.0,0.0,0.0,0.0,0.881,0.882,0.883,0.884,0.885,0.0,0.0,0.0,0.0,0.0,476605.0,8908400.0,7702900.0,4078000.0,2945500.0,0.0,0.0,0.0,0.0,0.0,9489100.0,3819400.0,4929500.0,5851500.0,10784500.0,0.0,0.0,0.0,0.0,0.0
20230824140718080,SZSE,SZSE.ETF.159949,0.88,0.869,0.885,0.867,0.0,1.038,0.692,571407787.0,290900.0,500664887.908,256002.0,0.0,0.0,20230824,20230824,140718081,0.865,0.0,0.0,0.88,0.879,0.878,0.877,0.876,0.0,0.0,0.0,0.0,0.0,0.881,0.882,0.883,0.884,0.885,0.0,0.0,0.0,0.0,0.0,476605.0,8908400.0,7702900.0,4078000.0,2945500.0,0.0,0.0,0.0,0.0,0.0,9489100.0,3819400.0,4929500.0,5851500.0,10784500.0,0.0,0.0,0.0,0.0,0.0
20230824140721100,SZSE,SZSE.ETF.159949,0.88,0.869,0.885,0.867,0.0,1.038,0.692,571444887.0,37100.0,500697535.908,32648.0,0.0,0.0,20230824,20230824,140721100,0.865,0.0,0.0,0.88,0.879,0.878,0.877,0.876,0.0,0.0,0.0,0.0,0.0,0.881,0.882,0.883,0.884,0.885,0.0,0.0,0.0,0.0,0.0,439505.0,8528400.0,6912900.0,4081000.0,2208300.0,0.0,0.0,0.0,0.0,0.0,9209100.0,3699400.0,4929500.0,5849000.0,10794500.0,0.0,0.0,0.0,0.0,0.0
20230824140724088,SZSE,SZSE.ETF.159949,0.88,0.869,0.885,0.867,0.0,1.038,0.692,572046587.0,601700.0,501227031.908,529496.0,0.0,0.0,20230824,20230824,140724089,0.865,0.0,0.0,0.88,0.879,0.878,0.877,0.876,0.0,0.0,0.0,0.0,0.0,0.881,0.882,0.883,0.884,0.885,0.0,0.0,0.0,0.0,0.0,237805.0,6908400.0,7702900.0,4081000.0,2208300.0,0.0,0.0,0.0,0.0,0.0,9309100.0,3819400.0,4929500.0,5849000.0,10804500.0,0.0,0.0,0.0,0.0,0.0
20230824140722224,SZSE,SZSE.ETF.159949,0.88,0.869,0.885,0.867,0.0,1.038,0.692,572046587.0,601700.0,501227031.908,529496.0,0.0,0.0,20230824,20230824,140722225,0.865,0.0,0.0,0.88,0.879,0.878,0.877,0.876,0.0,0.0,0.0,0.0,0.0,0.881,0.882,0.883,0.884,0.885,0.0,0.0,0.0,0.0,0.0,237805.0,6908400.0,7702900.0,4081000.0,2208300.0,0.0,0.0,0.0,0.0,0.0,9309100.0,3819400.0,4929500.0,5849000.0,10804500.0,0.0,0.0,0.0,0.0,0.0
20230824140725280,SZSE,SZSE.ETF.159949,0.88,0.869,0.885,0.867,0.0,1.038,0.692,572202287.0,155700.0,501364048.008,137016.10000002384,0.0,0.0,20230824,20230824,140725278,0.865,0.0,0.0,0.88,0.879,0.878,0.877,0.876,0.0,0.0,0.0,0.0,0.0,0.881,0.882,0.883,0.884,0.885,0.0,0.0,0.0,0.0,0.0,82205.0,6738400.0,6703900.0,4081000.0,2208300.0,0.0,0.0,0.0,0.0,0.0,9309000.0,3409400.0,4942500.0,5849000.0,10804500.0,0.0,0.0,0.0,0.0,0.0
20230824140727144,SZSE,SZSE.ETF.159949,0.88,0.869,0.885,0.867,0.0,1.038,0.692,572202287.0,155700.0,501364048.008,137016.10000002384,0.0,0.0,20230824,20230824,140727144,0.865,0.0,0.0,0.88,0.879,0.878,0.877,0.876,0.0,0.0,0.0,0.0,0.0,0.881,0.882,0.883,0.884,0.885,0.0,0.0,0.0,0.0,0.0,82205.0,6738400.0,6703900.0,4081000.0,2208300.0,0.0,0.0,0.0,0.0,0.0,9309000.0,3409400.0,4942500.0,5849000.0,10804500.0,0.0,0.0,0.0,0.0,0.0
20230824140730104,SZSE,SZSE.ETF.159949,0.88,0.869,0.885,0.867,0.0,1.038,0.692,572202287.0,0.0,501364048.008,0.0,0.0,0.0,20230824,20230824,140730102,0.865,0.0,0.0,0.88,0.879,0.878,0.877,0.876,0.0,0.0,0.0,0.0,0.0,0.881,0.882,0.883,0.884,0.885,0.0,0.0,0.0,0.0,0.0,90805.0,6908400.0,6703900.0,4081000.0,2208300.0,0.0,0.0,0.0,0.0,0.0,9343000.0,3819400.0,5042500.0,5849000.0,10804500.0,0.0,0.0,0.0,0.0,0.0
20230824140728240,SZSE,SZSE.ETF.159949,0.88,0.869,0.885,0.867,0.0,1.038,0.692,572202287.0,0.0,501364048.008,0.0,0.0,0.0,20230824,20230824,140728238,0.865,0.0,0.0,0.88,0.879,0.878,0.877,0.876,0.0,0.0,0.0,0.0,0.0,0.881,0.882,0.883,0.884,0.885,0.0,0.0,0.0,0.0,0.0,90805.0,6908400.0,6703900.0,4081000.0,2208300.0,0.0,0.0,0.0,0.0,0.0,9343000.0,3819400.0,5042500.0,5849000.0,10804500.0,0.0,0.0,0.0,0.0,0.0
20230824140733120,SZSE,SZSE.ETF.159949,0.88,0.869,0.885,0.867,0.0,1.038,0.692,572299392.0,97105.0,501449500.408,85452.39999997616,0.0,0.0,20230824,20230824,140733120,0.865,0.0,0.0,0.879,0.878,0.877,0.876,0.875,0.0,0.0,0.0,0.0,0.0,0.88,0.881,0.882,0.883,0.884,0.0,0.0,0.0,0.0,0.0,7028400.0,7703900.0,4113600.0,2208300.0,2547000.0,0.0,0.0,0.0,0.0,0.0,806700.0,9343000.0,3698200.0,5034500.0,5854000.0,0.0,0.0,0.0,0.0,0.0
20230824140731256,SZSE,SZSE.ETF.159949,0.88,0.869,0.885,0.867,0.0,1.038,0.692,572299392.0,97105.0,501449500.408,85452.39999997616,0.0,0.0,20230824,20230824,140731256,0.865,0.0,0.0,0.879,0.878,0.877,0.876,0.875,0.0,0.0,0.0,0.0,0.0,0.88,0.881,0.882,0.883,0.884,0.0,0.0,0.0,0.0,0.0,7028400.0,7703900.0,4113600.0,2208300.0,2547000.0,0.0,0.0,0.0,0.0,0.0,806700.0,9343000.0,3698200.0,5034500.0,5854000.0,0.0,0.0,0.0,0.0,0.0
20230824140736108,SZSE,SZSE.ETF.159949,0.88,0.869,0.885,0.867,0.0,1.038,0.692,572299492.0,100.0,501449588.408,88.0,0.0,0.0,20230824,20230824,140736109,0.865,0.0,0.0,0.879,0.878,0.877,0.876,0.875,0.0,0.0,0.0,0.0,0.0,0.88,0.881,0.882,0.883,0.884,0.0,0.0,0.0,0.0,0.0,6879400.0,7662900.0,4113600.0,2208300.0,2547000.0,0.0,0.0,0.0,0.0,0.0,1582800.0,9523300.0,3239200.0,5034500.0,5634000.0,0.0,0.0,0.0,0.0,0.0
20230824140734252,SZSE,SZSE.ETF.159949,0.88,0.869,0.885,0.867,0.0,1.038,0.692,572299492.0,100.0,501449588.408,88.0,0.0,0.0,20230824,20230824,140734252,0.865,0.0,0.0,0.879,0.878,0.877,0.876,0.875,0.0,0.0,0.0,0.0,0.0,0.88,0.881,0.882,0.883,0.884,0.0,0.0,0.0,0.0,0.0,6879400.0,7662900.0,4113600.0,2208300.0,2547000.0,0.0,0.0,0.0,0.0,0.0,1582800.0,9523300.0,3239200.0,5034500.0,5634000.0,0.0,0.0,0.0,0.0,0.0
20230824140739096,SZSE,SZSE.ETF.159949,0.88,0.869,0.885,0.867,0.0,1.038,0.692,572299492.0,0.0,501449588.408,0.0,0.0,0.0,20230824,20230824,140739094,0.865,0.0,0.0,0.879,0.878,0.877,0.876,0.875,0.0,0.0,0.0,0.0,0.0,0.88,0.881,0.882,0.883,0.884,0.0,0.0,0.0,0.0,0.0,6881700.0,7662900.0,4333600.0,2208300.0,2547000.0,0.0,0.0,0.0,0.0,0.0,3634100.0,7473500.0,3241600.0,5034500.0,5634000.0,0.0,0.0,0.0,0.0,0.0
20230824140737244,SZSE,SZSE.ETF.159949,0.88,0.869,0.885,0.867,0.0,1.038,0.692,572299492.0,0.0,501449588.408,0.0,0.0,0.0,20230824,20230824,140737244,0.865,0.0,0.0,0.879,0.878,0.877,0.876,0.875,0.0,0.0,0.0,0.0,0.0,0.88,0.881,0.882,0.883,0.884,0.0,0.0,0.0,0.0,0.0,6881700.0,7662900.0,4333600.0,2208300.0,2547000.0,0.0,0.0,0.0,0.0,0.0,3634100.0,7473500.0,3241600.0,5034500.0,5634000.0,0.0,0.0,0.0,0.0,0.0
20230824140742156,SZSE,SZSE.ETF.159949,0.88,0.869,0.885,0.867,0.0,1.038,0.692,573413592.0,1114100.0,502429996.408,980408.0,0.0,0.0,20230824,20230824,140742156,0.865,0.0,0.0,0.879,0.878,0.877,0.876,0.875,0.0,0.0,0.0,0.0,0.0,0.88,0.881,0.882,0.883,0.884,0.0,0.0,0.0,0.0,0.0,6811700.0,8072900.0,4113600.0,2208300.0,2547000.0,0.0,0.0,0.0,0.0,0.0,3781400.0,7383500.0,2951600.0,5034500.0,5636500.0,0.0,0.0,0.0,0.0,0.0
20230824140745124,SZSE,SZSE.ETF.159949,0.879,0.869,0.885,0.867,0.0,1.038,0.692,573443692.0,30100.0,502456454.308,26457.900000035763,0.0,0.0,20230824,20230824,140745125,0.865,0.0,0.0,0.879,0.878,0.877,0.876,0.875,0.0,0.0,0.0,0.0,0.0,0.88,0.881,0.882,0.883,0.884,0.0,0.0,0.0,0.0,0.0,6781600.0,7952900.0,4113600.0,2208300.0,2547000.0,0.0,0.0,0.0,0.0,0.0,3292400.0,7768700.0,2951600.0,5034500.0,5636500.0,0.0,0.0,0.0,0.0,0.0
20230824140743272,SZSE,SZSE.ETF.159949,0.879,0.869,0.885,0.867,0.0,1.038,0.692,573443692.0,30100.0,502456454.308,26457.900000035763,0.0,0.0,20230824,20230824,140743274,0.865,0.0,0.0,0.879,0.878,0.877,0.876,0.875,0.0,0.0,0.0,0.0,0.0,0.88,0.881,0.882,0.883,0.884,0.0,0.0,0.0,0.0,0.0,6781600.0,7952900.0,4113600.0,2208300.0,2547000.0,0.0,0.0,0.0,0.0,0.0,3292400.0,7768700.0,2951600.0,5034500.0,5636500.0,0.0,0.0,0.0,0.0,0.0
20230824140748144,SZSE,SZSE.ETF.159949,0.879,0.869,0.885,0.867,0.0,1.038,0.692,573443692.0,0.0,502456454.308,0.0,0.0,0.0,20230824,20230824,140748144,0.865,0.0,0.0,0.879,0.878,0.877,0.876,0.875,0.0,0.0,0.0,0.0,0.0,0.88,0.881,0.882,0.883,0.884,0.0,0.0,0.0,0.0,0.0,5916500.0,8272900.0,4113600.0,2208300.0,2547000.0,0.0,0.0,0.0,0.0,0.0,3911400.0,7388700.0,2951600.0,5034500.0,5636500.0,0.0,0.0,0.0,0.0,0.0
20230824140751124,SZSE,SZSE.ETF.159949,0.879,0.869,0.885,0.867,0.0,1.038,0.692,573443692.0,0.0,502456454.308,0.0,0.0,0.0,20230824,20230824,140751125,0.865,0.0,0.0,0.879,0.878,0.877,0.876,0.875,0.0,0.0,0.0,0.0,0.0,0.88,0.881,0.882,0.883,0.884,0.0,0.0,0.0,0.0,0.0,5700300.0,7952900.0,4403600.0,2208300.0,2547000.0,0.0,0.0,0.0,0.0,0.0,4221400.0,7068700.0,2951600.0,5034500.0,5636500.0,0.0,0.0,0.0,0.0,0.0
20230824140749260,SZSE,SZSE.ETF.159949,0.879,0.869,0.885,0.867,0.0,1.038,0.692,573443692.0,0.0,502456454.308,0.0,0.0,0.0,20230824,20230824,140749260,0.865,0.0,0.0,0.879,0.878,0.877,0.876,0.875,0.0,0.0,0.0,0.0,0.0,0.88,0.881,0.882,0.883,0.884,0.0,0.0,0.0,0.0,0.0,5700300.0,7952900.0,4403600.0,2208300.0,2547000.0,0.0,0.0,0.0,0.0,0.0,4221400.0,7068700.0,2951600.0,5034500.0,5636500.0,0.0,0.0,0.0,0.0,0.0
20230824140754140,SZSE,SZSE.ETF.159949,0.88,0.869,0.885,0.867,0.0,1.038,0.692,573453692.0,10000.0,502465254.308,8800.0,0.0,0.0,20230824,20230824,140754141,0.865,0.0,0.0,0.879,0.878,0.877,0.876,0.875,0.0,0.0,0.0,0.0,0.0,0.88,0.881,0.882,0.883,0.884,0.0,0.0,0.0,0.0,0.0,5916300.0,7782900.0,4603600.0,2208300.0,2547000.0,0.0,0.0,0.0,0.0,0.0,4411400.0,6898700.0,2951600.0,5034500.0,5636500.0,0.0,0.0,0.0,0.0,0.0
20230824140752280,SZSE,SZSE.ETF.159949,0.88,0.869,0.885,0.867,0.0,1.038,0.692,573453692.0,10000.0,502465254.308,8800.0,0.0,0.0,20230824,20230824,140752280,0.865,0.0,0.0,0.879,0.878,0.877,0.876,0.875,0.0,0.0,0.0,0.0,0.0,0.88,0.881,0.882,0.883,0.884,0.0,0.0,0.0,0.0,0.0,5916300.0,7782900.0,4603600.0,2208300.0,2547000.0,0.0,0.0,0.0,0.0,0.0,4411400.0,6898700.0,2951600.0,5034500.0,5636500.0,0.0,0.0,0.0,0.0,0.0
20230824140757124,SZSE,SZSE.ETF.159949,0.88,0.869,0.885,0.867,0.0,1.038,0.692,573453692.0,0.0,502465254.308,0.0,0.0,0.0,20230824,20230824,140757125,0.865,0.0,0.0,0.879,0.878,0.877,0.876,0.875,0.0,0.0,0.0,0.0,0.0,0.88,0.881,0.882,0.883,0.884,0.0,0.0,0.0,0.0,0.0,5596300.0,7662900.0,4403600.0,2208300.0,2547000.0,0.0,0.0,0.0,0.0,0.0,4211400.0,6778700.0,2951600.0,5034500.0,5636500.0,0.0,0.0,0.0,0.0,0.0
20230824140755272,SZSE,SZSE.ETF.159949,0.88,0.869,0.885,0.867,0.0,1.038,0.692,573453692.0,0.0,502465254.308,0.0,0.0,0.0,20230824,20230824,140755273,0.865,0.0,0.0,0.879,0.878,0.877,0.876,0.875,0.0,0.0,0.0,0.0,0.0,0.88,0.881,0.882,0.883,0.884,0.0,0.0,0.0,0.0,0.0,5596300.0,7662900.0,4403600.0,2208300.0,2547000.0,0.0,0.0,0.0,0.0,0.0,4211400.0,6778700.0,2951600.0,5034500.0,5636500.0,0.0,0.0,0.0,0.0,0.0
20230824140800124,SZSE,SZSE.ETF.159949,0.879,0.869,0.885,0.867,0.0,1.038,0.692,573461092.0,7400.0,502471758.908,6504.599999964237,0.0,0.0,20230824,20230824,140800125,0.865,0.0,0.0,0.879,0.878,0.877,0.876,0.875,0.0,0.0,0.0,0.0,0.0,0.88,0.881,0.882,0.883,0.884,0.0,0.0,0.0,0.0,0.0,5808900.0,8072900.0,4603600.0,2208300.0,2547000.0,0.0,0.0,0.0,0.0,0.0,2469600.0,9140100.0,2951600.0,5034500.0,5636500.0,0.0,0.0,0.0,0.0,0.0
20230824140758264,SZSE,SZSE.ETF.159949,0.879,0.869,0.885,0.867,0.0,1.038,0.692,573461092.0,7400.0,502471758.908,6504.599999964237,0.0,0.0,20230824,20230824,140758263,0.865,0.0,0.0,0.879,0.878,0.877,0.876,0.875,0.0,0.0,0.0,0.0,0.0,0.88,0.881,0.882,0.883,0.884,0.0,0.0,0.0,0.0,0.0,5808900.0,8072900.0,4603600.0,2208300.0,2547000.0,0.0,0.0,0.0,0.0,0.0,2469600.0,9140100.0,2951600.0,5034500.0,5636500.0,0.0,0.0,0.0,0.0,0.0
20230824140803120,SZSE,SZSE.ETF.159949,0.879,0.869,0.885,0.867,0.0,1.038,0.692,573461092.0,0.0,502471758.908,0.0,0.0,0.0,20230824,20230824,140803120,0.865,0.0,0.0,0.879,0.878,0.877,0.876,0.875,0.0,0.0,0.0,0.0,0.0,0.88,0.881,0.882,0.883,0.884,0.0,0.0,0.0,0.0,0.0,5808900.0,7952900.0,4313600.0,2188300.0,2547000.0,0.0,0.0,0.0,0.0,0.0,2234500.0,9020100.0,2951600.0,5038000.0,5636500.0,0.0,0.0,0.0,0.0,0.0
20230824140801268,SZSE,SZSE.ETF.159949,0.879,0.869,0.885,0.867,0.0,1.038,0.692,573461092.0,0.0,502471758.908,0.0,0.0,0.0,20230824,20230824,140801267,0.865,0.0,0.0,0.879,0.878,0.877,0.876,0.875,0.0,0.0,0.0,0.0,0.0,0.88,0.881,0.882,0.883,0.884,0.0,0.0,0.0,0.0,0.0,5808900.0,7952900.0,4313600.0,2188300.0,2547000.0,0.0,0.0,0.0,0.0,0.0,2234500.0,9020100.0,2951600.0,5038000.0,5636500.0,0.0,0.0,0.0,0.0,0.0
20230824140806124,SZSE,SZSE.ETF.159949,0.879,0.869,0.885,0.867,0.0,1.038,0.692,573511892.0,50800.0,502516440.208,44681.30000001192,0.0,0.0,20230824,20230824,140806125,0.865,0.0,0.0,0.879,0.878,0.877,0.876,0.875,0.0,0.0,0.0,0.0,0.0,0.88,0.881,0.882,0.883,0.884,0.0,0.0,0.0,0.0,0.0,5786200.0,8082900.0,4603600.0,2158300.0,2547000.0,0.0,0.0,0.0,0.0,0.0,2494400.0,9140100.0,2951600.0,5038000.0,5636500.0,0.0,0.0,0.0,0.0,0.0
20230824140804276,SZSE,SZSE.ETF.159949,0.879,0.869,0.885,0.867,0.0,1.038,0.692,573511892.0,50800.0,502516440.208,44681.30000001192,0.0,0.0,20230824,20230824,140804275,0.865,0.0,0.0,0.879,0.878,0.877,0.876,0.875,0.0,0.0,0.0,0.0,0.0,0.88,0.881,0.882,0.883,0.884,0.0,0.0,0.0,0.0,0.0,5786200.0,8082900.0,4603600.0,2158300.0,2547000.0,0.0,0.0,0.0,0.0,0.0,2494400.0,9140100.0,2951600.0,5038000.0,5636500.0,0.0,0.0,0.0,0.0,0.0
20230824140809096,SZSE,SZSE.ETF.159949,0.879,0.869,0.885,0.867,0.0,1.038,0.692,573551892.0,40000.0,502551600.208,35160.0,0.0,0.0,20230824,20230824,140809094,0.865,0.0,0.0,0.879,0.878,0.877,0.876,0.875,0.0,0.0,0.0,0.0,0.0,0.88,0.881,0.882,0.883,0.884,0.0,0.0,0.0,0.0,0.0,5566100.0,7962900.0,4823600.0,2591400.0,2547000.0,0.0,0.0,0.0,0.0,0.0,2504400.0,9032100.0,2951600.0,5038000.0,5636500.0,0.0,0.0,0.0,0.0,0.0
20230824140807232,SZSE,SZSE.ETF.159949,0.879,0.869,0.885,0.867,0.0,1.038,0.692,573551892.0,40000.0,502551600.208,35160.0,0.0,0.0,20230824,20230824,140807233,0.865,0.0,0.0,0.879,0.878,0.877,0.876,0.875,0.0,0.0,0.0,0.0,0.0,0.88,0.881,0.882,0.883,0.884,0.0,0.0,0.0,0.0,0.0,5566100.0,7962900.0,4823600.0,2591400.0,2547000.0,0.0,0.0,0.0,0.0,0.0,2504400.0,9032100.0,2951600.0,5038000.0,5636500.0,0.0,0.0,0.0,0.0,0.0
20230824140812096,SZSE,SZSE.ETF.159949,0.879,0.869,0.885,0.867,0.0,1.038,0.692,573551892.0,0.0,502551600.208,0.0,0.0,0.0,20230824,20230824,140812094,0.865,0.0,0.0,0.879,0.878,0.877,0.876,0.875,0.0,0.0,0.0,0.0,0.0,0.88,0.881,0.882,0.883,0.884,0.0,0.0,0.0,0.0,0.0,5566100.0,7962900.0,4603600.0,2591400.0,2547000.0,0.0,0.0,0.0,0.0,0.0,2504400.0,8632100.0,2953600.0,5038400.0,5623800.0,0.0,0.0,0.0,0.0,0.0
20230824140810244,SZSE,SZSE.ETF.159949,0.879,0.869,0.885,0.867,0.0,1.038,0.692,573551892.0,0.0,502551600.208,0.0,0.0,0.0,20230824,20230824,140810243,0.865,0.0,0.0,0.879,0.878,0.877,0.876,0.875,0.0,0.0,0.0,0.0,0.0,0.88,0.881,0.882,0.883,0.884,0.0,0.0,0.0,0.0,0.0,5566100.0,7962900.0,4603600.0,2591400.0,2547000.0,0.0,0.0,0.0,0.0,0.0,2504400.0,8632100.0,2953600.0,5038400.0,5623800.0,0.0,0.0,0.0,0.0,0.0
20230824140815124,SZSE,SZSE.ETF.159949,0.879,0.869,0.885,0.867,0.0,1.038,0.692,573682992.0,131100.0,502666837.108,115236.89999997616,0.0,0.0,20230824,20230824,140815125,0.865,0.0,0.0,0.879,0.878,0.877,0.876,0.875,0.0,0.0,0.0,0.0,0.0,0.88,0.881,0.882,0.883,0.884,0.0,0.0,0.0,0.0,0.0,5435000.0,7962900.0,4603600.0,2591400.0,2547000.0,0.0,0.0,0.0,0.0,0.0,2744300.0,8632100.0,2953600.0,5039500.0,5623800.0,0.0,0.0,0.0,0.0,0.0
20230824140813264,SZSE,SZSE.ETF.159949,0.879,0.869,0.885,0.867,0.0,1.038,0.692,573682992.0,131100.0,502666837.108,115236.89999997616,0.0,0.0,20230824,20230824,140813262,0.865,0.0,0.0,0.879,0.878,0.877,0.876,0.875,0.0,0.0,0.0,0.0,0.0,0.88,0.881,0.882,0.883,0.884,0.0,0.0,0.0,0.0,0.0,5435000.0,7962900.0,4603600.0,2591400.0,2547000.0,0.0,0.0,0.0,0.0,0.0,2744300.0,8632100.0,2953600.0,5039500.0,5623800.0,0.0,0.0,0.0,0.0,0.0
20230824140818048,SZSE,SZSE.ETF.159949,0.879,0.869,0.885,0.867,0.0,1.038,0.692,573722592.0,39600.0,502701645.508,34808.40000003576,0.0,0.0,20230824,20230824,140818047,0.865,0.0,0.0,0.879,0.878,0.877,0.876,0.875,0.0,0.0,0.0,0.0,0.0,0.88,0.881,0.882,0.883,0.884,0.0,0.0,0.0,0.0,0.0,5619400.0,7962900.0,4608600.0,2593000.0,2547000.0,0.0,0.0,0.0,0.0,0.0,2745000.0,8620700.0,2942600.0,5039500.0,5623800.0,0.0,0.0,0.0,0.0,0.0
20230824140821064,SZSE,SZSE.ETF.159949,0.879,0.869,0.885,0.867,0.0,1.038,0.692,573722592.0,0.0,502701645.508,0.0,0.0,0.0,20230824,20230824,140821062,0.865,0.0,0.0,0.879,0.878,0.877,0.876,0.875,0.0,0.0,0.0,0.0,0.0,0.88,0.881,0.882,0.883,0.884,0.0,0.0,0.0,0.0,0.0,5404400.0,8082900.0,4608600.0,2596500.0,2547000.0,0.0,0.0,0.0,0.0,0.0,2745100.0,8740700.0,2938400.0,5039500.0,5623800.0,0.0,0.0,0.0,0.0,0.0
20230824140819208,SZSE,SZSE.ETF.159949,0.879,0.869,0.885,0.867,0.0,1.038,0.692,573722592.0,0.0,502701645.508,0.0,0.0,0.0,20230824,20230824,140819209,0.865,0.0,0.0,0.879,0.878,0.877,0.876,0.875,0.0,0.0,0.0,0.0,0.0,0.88,0.881,0.882,0.883,0.884,0.0,0.0,0.0,0.0,0.0,5404400.0,8082900.0,4608600.0,2596500.0,2547000.0,0.0,0.0,0.0,0.0,0.0,2745100.0,8740700.0,2938400.0,5039500.0,5623800.0,0.0,0.0,0.0,0.0,0.0
20230824140824064,SZSE,SZSE.ETF.159949,0.879,0.869,0.885,0.867,0.0,1.038,0.692,573722592.0,0.0,502701645.508,0.0,0.0,0.0,20230824,20230824,140824062,0.865,0.0,0.0,0.879,0.878,0.877,0.876,0.875,0.0,0.0,0.0,0.0,0.0,0.88,0.881,0.882,0.883,0.884,0.0,0.0,0.0,0.0,0.0,5405400.0,7772900.0,4828600.0,2596500.0,2547000.0,0.0,0.0,0.0,0.0,0.0,2748100.0,8330700.0,2988400.0,5039500.0,5623800.0,0.0,0.0,0.0,0.0,0.0
20230824140822208,SZSE,SZSE.ETF.159949,0.879,0.869,0.885,0.867,0.0,1.038,0.692,573722592.0,0.0,502701645.508,0.0,0.0,0.0,20230824,20230824,140822206,0.865,0.0,0.0,0.879,0.878,0.877,0.876,0.875,0.0,0.0,0.0,0.0,0.0,0.88,0.881,0.882,0.883,0.884,0.0,0.0,0.0,0.0,0.0,5405400.0,7772900.0,4828600.0,2596500.0,2547000.0,0.0,0.0,0.0,0.0,0.0,2748100.0,8330700.0,2988400.0,5039500.0,5623800.0,0.0,0.0,0.0,0.0,0.0
20230824140827064,SZSE,SZSE.ETF.159949,0.879,0.869,0.885,0.867,0.0,1.038,0.692,573734492.0,11900.0,502712105.608,10460.099999964237,0.0,0.0,20230824,20230824,140827062,0.865,0.0,0.0,0.879,0.878,0.877,0.876,0.875,0.0,0.0,0.0,0.0,0.0,0.88,0.881,0.882,0.883,0.884,0.0,0.0,0.0,0.0,0.0,5193500.0,8382900.0,4828600.0,2596500.0,2547000.0,0.0,0.0,0.0,0.0,0.0,2968100.0,8540700.0,2988400.0,5039500.0,5623800.0,0.0,0.0,0.0,0.0,0.0
20230824140825200,SZSE,SZSE.ETF.159949,0.879,0.869,0.885,0.867,0.0,1.038,0.692,573734492.0,11900.0,502712105.608,10460.099999964237,0.0,0.0,20230824,20230824,140825201,0.865,0.0,0.0,0.879,0.878,0.877,0.876,0.875,0.0,0.0,0.0,0.0,0.0,0.88,0.881,0.882,0.883,0.884,0.0,0.0,0.0,0.0,0.0,5193500.0,8382900.0,4828600.0,2596500.0,2547000.0,0.0,0.0,0.0,0.0,0.0,2968100.0,8540700.0,2988400.0,5039500.0,5623800.0,0.0,0.0,0.0,0.0,0.0
20230824140830064,SZSE,SZSE.ETF.159949,0.879,0.869,0.885,0.867,0.0,1.038,0.692,573738792.0,4300.0,502715885.308,3779.7000000476837,0.0,0.0,20230824,20230824,140830063,0.865,0.0,0.0,0.879,0.878,0.877,0.876,0.875,0.0,0.0,0.0,0.0,0.0,0.88,0.881,0.882,0.883,0.884,0.0,0.0,0.0,0.0,0.0,5199200.0,8262900.0,4538600.0,2596500.0,2547000.0,0.0,0.0,0.0,0.0,0.0,2784200.0,8430700.0,2988400.0,3177300.0,5623800.0,0.0,0.0,0.0,0.0,0.0
20230824140828204,SZSE,SZSE.ETF.159949,0.879,0.869,0.885,0.867,0.0,1.038,0.692,573738792.0,4300.0,502715885.308,3779.7000000476837,0.0,0.0,20230824,20230824,140828203,0.865,0.0,0.0,0.879,0.878,0.877,0.876,0.875,0.0,0.0,0.0,0.0,0.0,0.88,0.881,0.882,0.883,0.884,0.0,0.0,0.0,0.0,0.0,5199200.0,8262900.0,4538600.0,2596500.0,2547000.0,0.0,0.0,0.0,0.0,0.0,2784200.0,8430700.0,2988400.0,3177300.0,5623800.0,0.0,0.0,0.0,0.0,0.0
20230824140833096,SZSE,SZSE.ETF.159949,0.879,0.869,0.885,0.867,0.0,1.038,0.692,573738792.0,0.0,502715885.308,0.0,0.0,0.0,20230824,20230824,140833094,0.865,0.0,0.0,0.879,0.878,0.877,0.876,0.875,0.0,0.0,0.0,0.0,0.0,0.88,0.881,0.882,0.883,0.884,0.0,0.0,0.0,0.0,0.0,5199200.0,8382900.0,4828600.0,2596500.0,2567000.0,0.0,0.0,0.0,0.0,0.0,5090000.0,6317200.0,2988400.0,3177300.0,5623800.0,0.0,0.0,0.0,0.0,0.0
20230824140831240,SZSE,SZSE.ETF.159949,0.879,0.869,0.885,0.867,0.0,1.038,0.692,573738792.0,0.0,502715885.308,0.0,0.0,0.0,20230824,20230824,140831241,0.865,0.0,0.0,0.879,0.878,0.877,0.876,0.875,0.0,0.0,0.0,0.0,0.0,0.88,0.881,0.882,0.883,0.884,0.0,0.0,0.0,0.0,0.0,5199200.0,8382900.0,4828600.0,2596500.0,2567000.0,0.0,0.0,0.0,0.0,0.0,5090000.0,6317200.0,2988400.0,3177300.0,5623800.0,0.0,0.0,0.0,0.0,0.0
20230824140836112,SZSE,SZSE.ETF.159949,0.88,0.869,0.885,0.867,0.0,1.038,0.692,573759492.0,20700.0,502734081.008,18195.69999998808,0.0,0.0,20230824,20230824,140836110,0.865,0.0,0.0,0.879,0.878,0.877,0.876,0.875,0.0,0.0,0.0,0.0,0.0,0.88,0.881,0.882,0.883,0.884,0.0,0.0,0.0,0.0,0.0,5078900.0,7972900.0,4608600.0,2596500.0,2567000.0,0.0,0.0,0.0,0.0,0.0,6683100.0,5907200.0,2988400.0,3172300.0,5623800.0,0.0,0.0,0.0,0.0,0.0
20230824140834256,SZSE,SZSE.ETF.159949,0.88,0.869,0.885,0.867,0.0,1.038,0.692,573759492.0,20700.0,502734081.008,18195.69999998808,0.0,0.0,20230824,20230824,140834255,0.865,0.0,0.0,0.879,0.878,0.877,0.876,0.875,0.0,0.0,0.0,0.0,0.0,0.88,0.881,0.882,0.883,0.884,0.0,0.0,0.0,0.0,0.0,5078900.0,7972900.0,4608600.0,2596500.0,2567000.0,0.0,0.0,0.0,0.0,0.0,6683100.0,5907200.0,2988400.0,3172300.0,5623800.0,0.0,0.0,0.0,0.0,0.0
20230824140839096,SZSE,SZSE.ETF.159949,0.88,0.869,0.885,0.867,0.0,1.038,0.692,573759492.0,0.0,502734081.008,0.0,0.0,0.0,20230824,20230824,140839094,0.865,0.0,0.0,0.879,0.878,0.877,0.876,0.875,0.0,0.0,0.0,0.0,0.0,0.88,0.881,0.882,0.883,0.884,0.0,0.0,0.0,0.0,0.0,5085100.0,8092900.0,4828600.0,2596500.0,2567000.0,0.0,0.0,0.0,0.0,0.0,6654400.0,5027200.0,2988400.0,3172300.0,5636800.0,0.0,0.0,0.0,0.0,0.0
20230824140837236,SZSE,SZSE.ETF.159949,0.88,0.869,0.885,0.867,0.0,1.038,0.692,573759492.0,0.0,502734081.008,0.0,0.0,0.0,20230824,20230824,140837236,0.865,0.0,0.0,0.879,0.878,0.877,0.876,0.875,0.0,0.0,0.0,0.0,0.0,0.88,0.881,0.882,0.883,0.884,0.0,0.0,0.0,0.0,0.0,5085100.0,8092900.0,4828600.0,2596500.0,2567000.0,0.0,0.0,0.0,0.0,0.0,6654400.0,5027200.0,2988400.0,3172300.0,5636800.0,0.0,0.0,0.0,0.0,0.0
20230824140842080,SZSE,SZSE.ETF.159949,0.879,0.869,0.885,0.867,0.0,1.038,0.692,573763492.0,4000.0,502737597.008,3516.0,0.0,0.0,20230824,20230824,140842078,0.865,0.0,0.0,0.879,0.878,0.877,0.876,0.875,0.0,0.0,0.0,0.0,0.0,0.88,0.881,0.882,0.883,0.884,0.0,0.0,0.0,0.0,0.0,5081100.0,8262900.0,4828700.0,2596500.0,2567000.0,0.0,0.0,0.0,0.0,0.0,6690400.0,5199700.0,2988400.0,3170300.0,5636800.0,0.0,0.0,0.0,0.0,0.0
20230824140840220,SZSE,SZSE.ETF.159949,0.879,0.869,0.885,0.867,0.0,1.038,0.692,573763492.0,4000.0,502737597.008,3516.0,0.0,0.0,20230824,20230824,140840219,0.865,0.0,0.0,0.879,0.878,0.877,0.876,0.875,0.0,0.0,0.0,0.0,0.0,0.88,0.881,0.882,0.883,0.884,0.0,0.0,0.0,0.0,0.0,5081100.0,8262900.0,4828700.0,2596500.0,2567000.0,0.0,0.0,0.0,0.0,0.0,6690400.0,5199700.0,2988400.0,3170300.0,5636800.0,0.0,0.0,0.0,0.0,0.0
20230824140845124,SZSE,SZSE.ETF.159949,0.879,0.869,0.885,0.867,0.0,1.038,0.692,573770092.0,6600.0,502743398.408,5801.399999976158,0.0,0.0,20230824,20230824,140845125,0.865,0.0,0.0,0.879,0.878,0.877,0.876,0.875,0.0,0.0,0.0,0.0,0.0,0.88,0.881,0.882,0.883,0.884,0.0,0.0,0.0,0.0,0.0,5074500.0,8382900.0,4438700.0,2596500.0,2537000.0,0.0,0.0,0.0,0.0,0.0,6528700.0,5319700.0,2988400.0,3170300.0,5636800.0,0.0,0.0,0.0,0.0,0.0
20230824140843272,SZSE,SZSE.ETF.159949,0.879,0.869,0.885,0.867,0.0,1.038,0.692,573770092.0,6600.0,502743398.408,5801.399999976158,0.0,0.0,20230824,20230824,140843271,0.865,0.0,0.0,0.879,0.878,0.877,0.876,0.875,0.0,0.0,0.0,0.0,0.0,0.88,0.881,0.882,0.883,0.884,0.0,0.0,0.0,0.0,0.0,5074500.0,8382900.0,4438700.0,2596500.0,2537000.0,0.0,0.0,0.0,0.0,0.0,6528700.0,5319700.0,2988400.0,3170300.0,5636800.0,0.0,0.0,0.0,0.0,0.0
20230824140848124,SZSE,SZSE.ETF.159949,0.88,0.869,0.885,0.867,0.0,1.038,0.692,573881592.0,111500.0,502841518.408,98120.0,0.0,0.0,20230824,20230824,140848125,0.865,0.0,0.0,0.879,0.878,0.877,0.876,0.875,0.0,0.0,0.0,0.0,0.0,0.88,0.881,0.882,0.883,0.884,0.0,0.0,0.0,0.0,0.0,5082600.0,8160900.0,4681800.0,2596500.0,2537000.0,0.0,0.0,0.0,0.0,0.0,6707300.0,5199700.0,2988400.0,3170300.0,5636800.0,0.0,0.0,0.0,0.0,0.0
20230824140846264,SZSE,SZSE.ETF.159949,0.88,0.869,0.885,0.867,0.0,1.038,0.692,573881592.0,111500.0,502841518.408,98120.0,0.0,0.0,20230824,20230824,140846264,0.865,0.0,0.0,0.879,0.878,0.877,0.876,0.875,0.0,0.0,0.0,0.0,0.0,0.88,0.881,0.882,0.883,0.884,0.0,0.0,0.0,0.0,0.0,5082600.0,8160900.0,4681800.0,2596500.0,2537000.0,0.0,0.0,0.0,0.0,0.0,6707300.0,5199700.0,2988400.0,3170300.0,5636800.0,0.0,0.0,0.0,0.0,0.0
20230824140851108,SZSE,SZSE.ETF.159949,0.879,0.869,0.885,0.867,0.0,1.038,0.692,573884792.0,3200.0,502844331.208,2812.800000011921,0.0,0.0,20230824,20230824,140851109,0.865,0.0,0.0,0.879,0.878,0.877,0.876,0.875,0.0,0.0,0.0,0.0,0.0,0.88,0.881,0.882,0.883,0.884,0.0,0.0,0.0,0.0,0.0,4448400.0,7249500.0,6013200.0,2596500.0,2537000.0,0.0,0.0,0.0,0.0,0.0,6907300.0,5311000.0,4788400.0,3070300.0,5636800.0,0.0,0.0,0.0,0.0,0.0
20230824140849256,SZSE,SZSE.ETF.159949,0.879,0.869,0.885,0.867,0.0,1.038,0.692,573884792.0,3200.0,502844331.208,2812.800000011921,0.0,0.0,20230824,20230824,140849256,0.865,0.0,0.0,0.879,0.878,0.877,0.876,0.875,0.0,0.0,0.0,0.0,0.0,0.88,0.881,0.882,0.883,0.884,0.0,0.0,0.0,0.0,0.0,4448400.0,7249500.0,6013200.0,2596500.0,2537000.0,0.0,0.0,0.0,0.0,0.0,6907300.0,5311000.0,4788400.0,3070300.0,5636800.0,0.0,0.0,0.0,0.0,0.0
20230824140854124,SZSE,SZSE.ETF.159949,0.879,0.869,0.885,0.867,0.0,1.038,0.692,574422292.0,537500.0,503316793.708,472462.5,0.0,0.0,20230824,20230824,140854125,0.865,0.0,0.0,0.879,0.878,0.877,0.876,0.875,0.0,0.0,0.0,0.0,0.0,0.88,0.881,0.882,0.883,0.884,0.0,0.0,0.0,0.0,0.0,3410900.0,7629500.0,6013200.0,2610300.0,2541000.0,0.0,0.0,0.0,0.0,0.0,6909500.0,5191000.0,4788400.0,3072300.0,5632800.0,0.0,0.0,0.0,0.0,0.0
20230824140852264,SZSE,SZSE.ETF.159949,0.879,0.869,0.885,0.867,0.0,1.038,0.692,574422292.0,537500.0,503316793.708,472462.5,0.0,0.0,20230824,20230824,140852263,0.865,0.0,0.0,0.879,0.878,0.877,0.876,0.875,0.0,0.0,0.0,0.0,0.0,0.88,0.881,0.882,0.883,0.884,0.0,0.0,0.0,0.0,0.0,3410900.0,7629500.0,6013200.0,2610300.0,2541000.0,0.0,0.0,0.0,0.0,0.0,6909500.0,5191000.0,4788400.0,3072300.0,5632800.0,0.0,0.0,0.0,0.0,0.0
20230824140857112,SZSE,SZSE.ETF.159949,0.879,0.869,0.885,0.867,0.0,1.038,0.692,574422292.0,0.0,503316793.708,0.0,0.0,0.0,20230824,20230824,140857110,0.865,0.0,0.0,0.879,0.878,0.877,0.876,0.875,0.0,0.0,0.0,0.0,0.0,0.88,0.881,0.882,0.883,0.884,0.0,0.0,0.0,0.0,0.0,3412400.0,7749600.0,6018100.0,2610300.0,2541000.0,0.0,0.0,0.0,0.0,0.0,6959500.0,5311000.0,4758400.0,3632300.0,5632800.0,0.0,0.0,0.0,0.0,0.0
20230824140855252,SZSE,SZSE.ETF.159949,0.879,0.869,0.885,0.867,0.0,1.038,0.692,574422292.0,0.0,503316793.708,0.0,0.0,0.0,20230824,20230824,140855252,0.865,0.0,0.0,0.879,0.878,0.877,0.876,0.875,0.0,0.0,0.0,0.0,0.0,0.88,0.881,0.882,0.883,0.884,0.0,0.0,0.0,0.0,0.0,3412400.0,7749600.0,6018100.0,2610300.0,2541000.0,0.0,0.0,0.0,0.0,0.0,6959500.0,5311000.0,4758400.0,3632300.0,5632800.0,0.0,0.0,0.0,0.0,0.0
20230824140900156,SZSE,SZSE.ETF.159949,0.879,0.869,0.885,0.867,0.0,1.038,0.692,574426092.0,3800.0,503320134.708,3341.0,0.0,0.0,20230824,20230824,140900156,0.865,0.0,0.0,0.879,0.878,0.877,0.876,0.875,0.0,0.0,0.0,0.0,0.0,0.88,0.881,0.882,0.883,0.884,0.0,0.0,0.0,0.0,0.0,3410100.0,8861100.0,4886700.0,2610300.0,2541000.0,0.0,0.0,0.0,0.0,0.0,6978800.0,5192000.0,5318400.0,3642300.0,5632800.0,0.0,0.0,0.0,0.0,0.0
20230824140903140,SZSE,SZSE.ETF.159949,0.879,0.869,0.885,0.867,0.0,1.038,0.692,575451892.0,1025800.0,504221812.908,901678.1999999881,0.0,0.0,20230824,20230824,140903141,0.865,0.0,0.0,0.879,0.878,0.877,0.876,0.875,0.0,0.0,0.0,0.0,0.0,0.88,0.881,0.882,0.883,0.884,0.0,0.0,0.0,0.0,0.0,2204300.0,8981100.0,4886800.0,2610300.0,2541000.0,0.0,0.0,0.0,0.0,0.0,4978800.0,7308800.0,5318400.0,3642300.0,5632800.0,0.0,0.0,0.0,0.0,0.0
20230824140906156,SZSE,SZSE.ETF.159949,0.88,0.869,0.885,0.867,0.0,1.038,0.692,575487592.0,35700.0,504253203.208,31390.30000001192,0.0,0.0,20230824,20230824,140906156,0.865,0.0,0.0,0.879,0.878,0.877,0.876,0.875,0.0,0.0,0.0,0.0,0.0,0.88,0.881,0.882,0.883,0.884,0.0,0.0,0.0,0.0,0.0,2178600.0,8571100.0,5086900.0,2610300.0,2588000.0,0.0,0.0,0.0,0.0,0.0,4804500.0,7102800.0,5618400.0,3642300.0,5632800.0,0.0,0.0,0.0,0.0,0.0
20230824140909140,SZSE,SZSE.ETF.159949,0.879,0.869,0.885,0.867,0.0,1.038,0.692,575625592.0,138000.0,504374522.208,121319.0,0.0,0.0,20230824,20230824,140909141,0.865,0.0,0.0,0.879,0.878,0.877,0.876,0.875,0.0,0.0,0.0,0.0,0.0,0.88,0.881,0.882,0.883,0.884,0.0,0.0,0.0,0.0,0.0,2056800.0,8694100.0,5086900.0,2610300.0,2588000.0,0.0,0.0,0.0,0.0,0.0,4977500.0,7022800.0,5618400.0,3642300.0,5632800.0,0.0,0.0,0.0,0.0,0.0
20230824140912096,SZSE,SZSE.ETF.159949,0.879,0.869,0.885,0.867,0.0,1.038,0.692,575625592.0,0.0,504374522.208,0.0,0.0,0.0,20230824,20230824,140912094,0.865,0.0,0.0,0.879,0.878,0.877,0.876,0.875,0.0,0.0,0.0,0.0,0.0,0.88,0.881,0.882,0.883,0.884,0.0,0.0,0.0,0.0,0.0,2056800.0,8864100.0,5086900.0,2710400.0,2588000.0,0.0,0.0,0.0,0.0,0.0,5413700.0,7192800.0,5640800.0,3642300.0,5632800.0,0.0,0.0,0.0,0.0,0.0
20230824140910236,SZSE,SZSE.ETF.159949,0.879,0.869,0.885,0.867,0.0,1.038,0.692,575625592.0,0.0,504374522.208,0.0,0.0,0.0,20230824,20230824,140910235,0.865,0.0,0.0,0.879,0.878,0.877,0.876,0.875,0.0,0.0,0.0,0.0,0.0,0.88,0.881,0.882,0.883,0.884,0.0,0.0,0.0,0.0,0.0,2056800.0,8864100.0,5086900.0,2710400.0,2588000.0,0.0,0.0,0.0,0.0,0.0,5413700.0,7192800.0,5640800.0,3642300.0,5632800.0,0.0,0.0,0.0,0.0,0.0
20230824140915140,SZSE,SZSE.ETF.159949,0.879,0.869,0.885,0.867,0.0,1.038,0.692,575707592.0,82000.0,504446632.808,72110.60000002384,0.0,0.0,20230824,20230824,140915141,0.865,0.0,0.0,0.879,0.878,0.877,0.876,0.875,0.0,0.0,0.0,0.0,0.0,0.88,0.881,0.882,0.883,0.884,0.0,0.0,0.0,0.0,0.0,2007400.0,8984100.0,5086900.0,2710400.0,2588000.0,0.0,0.0,0.0,0.0,0.0,5381100.0,7314800.0,5640800.0,3642300.0,5632800.0,0.0,0.0,0.0,0.0,0.0
20230824140913280,SZSE,SZSE.ETF.159949,0.879,0.869,0.885,0.867,0.0,1.038,0.692,575707592.0,82000.0,504446632.808,72110.60000002384,0.0,0.0,20230824,20230824,140913278,0.865,0.0,0.0,0.879,0.878,0.877,0.876,0.875,0.0,0.0,0.0,0.0,0.0,0.88,0.881,0.882,0.883,0.884,0.0,0.0,0.0,0.0,0.0,2007400.0,8984100.0,5086900.0,2710400.0,2588000.0,0.0,0.0,0.0,0.0,0.0,5381100.0,7314800.0,5640800.0,3642300.0,5632800.0,0.0,0.0,0.0,0.0,0.0
20230824140918080,SZSE,SZSE.ETF.159949,0.879,0.869,0.885,0.867,0.0,1.038,0.692,575732392.0,24800.0,504468432.008,21799.19999998808,0.0,0.0,20230824,20230824,140918078,0.865,0.0,0.0,0.879,0.878,0.877,0.876,0.875,0.0,0.0,0.0,0.0,0.0,0.88,0.881,0.882,0.883,0.884,0.0,0.0,0.0,0.0,0.0,1982700.0,8864100.0,5086900.0,2710400.0,2688100.0,0.0,0.0,0.0,0.0,0.0,5381100.0,7184800.0,5640800.0,3642300.0,5604100.0,0.0,0.0,0.0,0.0,0.0
20230824140916216,SZSE,SZSE.ETF.159949,0.879,0.869,0.885,0.867,0.0,1.038,0.692,575732392.0,24800.0,504468432.008,21799.19999998808,0.0,0.0,20230824,20230824,140916216,0.865,0.0,0.0,0.879,0.878,0.877,0.876,0.875,0.0,0.0,0.0,0.0,0.0,0.88,0.881,0.882,0.883,0.884,0.0,0.0,0.0,0.0,0.0,1982700.0,8864100.0,5086900.0,2710400.0,2688100.0,0.0,0.0,0.0,0.0,0.0,5381100.0,7184800.0,5640800.0,3642300.0,5604100.0,0.0,0.0,0.0,0.0,0.0
20230824140921080,SZSE,SZSE.ETF.159949,0.879,0.869,0.885,0.867,0.0,1.038,0.692,575897692.0,165300.0,504613731.108,145299.09999996424,0.0,0.0,20230824,20230824,140921078,0.865,0.0,0.0,0.879,0.878,0.877,0.876,0.875,0.0,0.0,0.0,0.0,0.0,0.88,0.881,0.882,0.883,0.884,0.0,0.0,0.0,0.0,0.0,1828000.0,8864100.0,5086900.0,2710400.0,2688100.0,0.0,0.0,0.0,0.0,0.0,5610700.0,8184800.0,5625800.0,3742300.0,5604100.0,0.0,0.0,0.0,0.0,0.0
20230824140919216,SZSE,SZSE.ETF.159949,0.879,0.869,0.885,0.867,0.0,1.038,0.692,575897692.0,165300.0,504613731.108,145299.09999996424,0.0,0.0,20230824,20230824,140919216,0.865,0.0,0.0,0.879,0.878,0.877,0.876,0.875,0.0,0.0,0.0,0.0,0.0,0.88,0.881,0.882,0.883,0.884,0.0,0.0,0.0,0.0,0.0,1828000.0,8864100.0,5086900.0,2710400.0,2688100.0,0.0,0.0,0.0,0.0,0.0,5610700.0,8184800.0,5625800.0,3742300.0,5604100.0,0.0,0.0,0.0,0.0,0.0
20230824140924048,SZSE,SZSE.ETF.159949,0.879,0.869,0.885,0.867,0.0,1.038,0.692,575906592.0,8900.0,504621554.208,7823.100000023842,0.0,0.0,20230824,20230824,140924047,0.865,0.0,0.0,0.879,0.878,0.877,0.876,0.875,0.0,0.0,0.0,0.0,0.0,0.88,0.881,0.882,0.883,0.884,0.0,0.0,0.0,0.0,0.0,1796900.0,8864100.0,5086900.0,2710400.0,2688100.0,0.0,0.0,0.0,0.0,0.0,5610700.0,8184800.0,5625800.0,3742300.0,5604100.0,0.0,0.0,0.0,0.0,0.0
20230824140922192,SZSE,SZSE.ETF.159949,0.879,0.869,0.885,0.867,0.0,1.038,0.692,575906592.0,8900.0,504621554.208,7823.100000023842,0.0,0.0,20230824,20230824,140922190,0.865,0.0,0.0,0.879,0.878,0.877,0.876,0.875,0.0,0.0,0.0,0.0,0.0,0.88,0.881,0.882,0.883,0.884,0.0,0.0,0.0,0.0,0.0,1796900.0,8864100.0,5086900.0,2710400.0,2688100.0,0.0,0.0,0.0,0.0,0.0,5610700.0,8184800.0,5625800.0,3742300.0,5604100.0,0.0,0.0,0.0,0.0,0.0
20230824140925216,SZSE,SZSE.ETF.159949,0.88,0.869,0.885,0.867,0.0,1.038,0.692,575941592.0,35000.0,504652354.208,30800.0,0.0,0.0,20230824,20230824,140925218,0.865,0.0,0.0,0.879,0.878,0.877,0.876,0.875,0.0,0.0,0.0,0.0,0.0,0.88,0.881,0.882,0.883,0.884,0.0,0.0,0.0,0.0,0.0,1796900.0,9863100.0,5086900.0,2710400.0,2688100.0,0.0,0.0,0.0,0.0,0.0,5580700.0,9184800.0,5625800.0,3742300.0,5604100.0,0.0,0.0,0.0,0.0,0.0
20230824140927080,SZSE,SZSE.ETF.159949,0.88,0.869,0.885,0.867,0.0,1.038,0.692,575941592.0,35000.0,504652354.208,30800.0,0.0,0.0,20230824,20230824,140927078,0.865,0.0,0.0,0.879,0.878,0.877,0.876,0.875,0.0,0.0,0.0,0.0,0.0,0.88,0.881,0.882,0.883,0.884,0.0,0.0,0.0,0.0,0.0,1796900.0,9863100.0,5086900.0,2710400.0,2688100.0,0.0,0.0,0.0,0.0,0.0,5580700.0,9184800.0,5625800.0,3742300.0,5604100.0,0.0,0.0,0.0,0.0,0.0
20230824140930096,SZSE,SZSE.ETF.159949,0.88,0.869,0.885,0.867,0.0,1.038,0.692,575941592.0,0.0,504652354.208,0.0,0.0,0.0,20230824,20230824,140930095,0.865,0.0,0.0,0.879,0.878,0.877,0.876,0.875,0.0,0.0,0.0,0.0,0.0,0.88,0.881,0.882,0.883,0.884,0.0,0.0,0.0,0.0,0.0,1799100.0,9693100.0,4796900.0,2710400.0,2688100.0,0.0,0.0,0.0,0.0,0.0,5295700.0,9014800.0,5625800.0,3742300.0,4969400.0,0.0,0.0,0.0,0.0,0.0
20230824140928232,SZSE,SZSE.ETF.159949,0.88,0.869,0.885,0.867,0.0,1.038,0.692,575941592.0,0.0,504652354.208,0.0,0.0,0.0,20230824,20230824,140928231,0.865,0.0,0.0,0.879,0.878,0.877,0.876,0.875,0.0,0.0,0.0,0.0,0.0,0.88,0.881,0.882,0.883,0.884,0.0,0.0,0.0,0.0,0.0,1799100.0,9693100.0,4796900.0,2710400.0,2688100.0,0.0,0.0,0.0,0.0,0.0,5295700.0,9014800.0,5625800.0,3742300.0,4969400.0,0.0,0.0,0.0,0.0,0.0
20230824140933124,SZSE,SZSE.ETF.159949,0.879,0.869,0.885,0.867,0.0,1.038,0.692,575946492.0,4900.0,504656661.308,4307.100000023842,0.0,0.0,20230824,20230824,140933125,0.865,0.0,0.0,0.879,0.878,0.877,0.876,0.875,0.0,0.0,0.0,0.0,0.0,0.88,0.881,0.882,0.883,0.884,0.0,0.0,0.0,0.0,0.0,1794200.0,9915400.0,5086900.0,2710400.0,2688100.0,0.0,0.0,0.0,0.0,0.0,4585700.0,10138700.0,5625800.0,3742300.0,4949400.0,0.0,0.0,0.0,0.0,0.0
20230824140931268,SZSE,SZSE.ETF.159949,0.879,0.869,0.885,0.867,0.0,1.038,0.692,575946492.0,4900.0,504656661.308,4307.100000023842,0.0,0.0,20230824,20230824,140931267,0.865,0.0,0.0,0.879,0.878,0.877,0.876,0.875,0.0,0.0,0.0,0.0,0.0,0.88,0.881,0.882,0.883,0.884,0.0,0.0,0.0,0.0,0.0,1794200.0,9915400.0,5086900.0,2710400.0,2688100.0,0.0,0.0,0.0,0.0,0.0,4585700.0,10138700.0,5625800.0,3742300.0,4949400.0,0.0,0.0,0.0,0.0,0.0
20230824140936112,SZSE,SZSE.ETF.159949,0.879,0.869,0.885,0.867,0.0,1.038,0.692,575974292.0,27800.0,504681097.508,24436.19999998808,0.0,0.0,20230824,20230824,140936110,0.865,0.0,0.0,0.879,0.878,0.877,0.876,0.875,0.0,0.0,0.0,0.0,0.0,0.88,0.881,0.882,0.883,0.884,0.0,0.0,0.0,0.0,0.0,2196300.0,10080200.0,5086900.0,2297800.0,2688100.0,0.0,0.0,0.0,0.0,0.0,4547900.0,10270700.0,5625800.0,3742600.0,4949400.0,0.0,0.0,0.0,0.0,0.0
20230824140934260,SZSE,SZSE.ETF.159949,0.879,0.869,0.885,0.867,0.0,1.038,0.692,575974292.0,27800.0,504681097.508,24436.19999998808,0.0,0.0,20230824,20230824,140934259,0.865,0.0,0.0,0.879,0.878,0.877,0.876,0.875,0.0,0.0,0.0,0.0,0.0,0.88,0.881,0.882,0.883,0.884,0.0,0.0,0.0,0.0,0.0,2196300.0,10080200.0,5086900.0,2297800.0,2688100.0,0.0,0.0,0.0,0.0,0.0,4547900.0,10270700.0,5625800.0,3742600.0,4949400.0,0.0,0.0,0.0,0.0,0.0
20230824140939124,SZSE,SZSE.ETF.159949,0.879,0.869,0.885,0.867,0.0,1.038,0.692,575974292.0,0.0,504681097.508,0.0,0.0,0.0,20230824,20230824,140939125,0.865,0.0,0.0,0.879,0.878,0.877,0.876,0.875,0.0,0.0,0.0,0.0,0.0,0.88,0.881,0.882,0.883,0.884,0.0,0.0,0.0,0.0,0.0,2701800.0,9955200.0,5086900.0,2297800.0,2688100.0,0.0,0.0,0.0,0.0,0.0,4348900.0,10150700.0,5625800.0,3742600.0,4949400.0,0.0,0.0,0.0,0.0,0.0
20230824140937260,SZSE,SZSE.ETF.159949,0.879,0.869,0.885,0.867,0.0,1.038,0.692,575974292.0,0.0,504681097.508,0.0,0.0,0.0,20230824,20230824,140937261,0.865,0.0,0.0,0.879,0.878,0.877,0.876,0.875,0.0,0.0,0.0,0.0,0.0,0.88,0.881,0.882,0.883,0.884,0.0,0.0,0.0,0.0,0.0,2701800.0,9955200.0,5086900.0,2297800.0,2688100.0,0.0,0.0,0.0,0.0,0.0,4348900.0,10150700.0,5625800.0,3742600.0,4949400.0,0.0,0.0,0.0,0.0,0.0
20230824140942108,SZSE,SZSE.ETF.159949,0.879,0.869,0.885,0.867,0.0,1.038,0.692,575975392.0,1100.0,504682064.508,967.0,0.0,0.0,20230824,20230824,140942109,0.865,0.0,0.0,0.879,0.878,0.877,0.876,0.875,0.0,0.0,0.0,0.0,0.0,0.88,0.881,0.882,0.883,0.884,0.0,0.0,0.0,0.0,0.0,3313100.0,9875200.0,4796900.0,2297800.0,2688100.0,0.0,0.0,0.0,0.0,0.0,3962600.0,10470700.0,5625800.0,3742600.0,4949400.0,0.0,0.0,0.0,0.0,0.0
20230824140940252,SZSE,SZSE.ETF.159949,0.879,0.869,0.885,0.867,0.0,1.038,0.692,575975392.0,1100.0,504682064.508,967.0,0.0,0.0,20230824,20230824,140940251,0.865,0.0,0.0,0.879,0.878,0.877,0.876,0.875,0.0,0.0,0.0,0.0,0.0,0.88,0.881,0.882,0.883,0.884,0.0,0.0,0.0,0.0,0.0,3313100.0,9875200.0,4796900.0,2297800.0,2688100.0,0.0,0.0,0.0,0.0,0.0,3962600.0,10470700.0,5625800.0,3742600.0,4949400.0,0.0,0.0,0.0,0.0,0.0
20230824140945124,SZSE,SZSE.ETF.159949,0.879,0.869,0.885,0.867,0.0,1.038,0.692,575983992.0,8600.0,504689624.008,7559.5,0.0,0.0,20230824,20230824,140945125,0.865,0.0,0.0,0.879,0.878,0.877,0.876,0.875,0.0,0.0,0.0,0.0,0.0,0.88,0.881,0.882,0.883,0.884,0.0,0.0,0.0,0.0,0.0,3807800.0,8965200.0,5086900.0,2297800.0,2688100.0,0.0,0.0,0.0,0.0,0.0,4302500.0,10060700.0,5625800.0,3742600.0,4949400.0,0.0,0.0,0.0,0.0,0.0
20230824140943272,SZSE,SZSE.ETF.159949,0.879,0.869,0.885,0.867,0.0,1.038,0.692,575983992.0,8600.0,504689624.008,7559.5,0.0,0.0,20230824,20230824,140943270,0.865,0.0,0.0,0.879,0.878,0.877,0.876,0.875,0.0,0.0,0.0,0.0,0.0,0.88,0.881,0.882,0.883,0.884,0.0,0.0,0.0,0.0,0.0,3807800.0,8965200.0,5086900.0,2297800.0,2688100.0,0.0,0.0,0.0,0.0,0.0,4302500.0,10060700.0,5625800.0,3742600.0,4949400.0,0.0,0.0,0.0,0.0,0.0
20230824140948080,SZSE,SZSE.ETF.159949,0.879,0.869,0.885,0.867,0.0,1.038,0.692,576173992.0,190000.0,504856634.008,167010.0,0.0,0.0,20230824,20230824,140948079,0.865,0.0,0.0,0.879,0.878,0.877,0.876,0.875,0.0,0.0,0.0,0.0,0.0,0.88,0.881,0.882,0.883,0.884,0.0,0.0,0.0,0.0,0.0,3722900.0,9375200.0,5217900.0,2297800.0,2688100.0,0.0,0.0,0.0,0.0,0.0,4302500.0,10420700.0,5609100.0,3742600.0,4949400.0,0.0,0.0,0.0,0.0,0.0
20230824140946220,SZSE,SZSE.ETF.159949,0.879,0.869,0.885,0.867,0.0,1.038,0.692,576173992.0,190000.0,504856634.008,167010.0,0.0,0.0,20230824,20230824,140946220,0.865,0.0,0.0,0.879,0.878,0.877,0.876,0.875,0.0,0.0,0.0,0.0,0.0,0.88,0.881,0.882,0.883,0.884,0.0,0.0,0.0,0.0,0.0,3722900.0,9375200.0,5217900.0,2297800.0,2688100.0,0.0,0.0,0.0,0.0,0.0,4302500.0,10420700.0,5609100.0,3742600.0,4949400.0,0.0,0.0,0.0,0.0,0.0
20230824140951064,SZSE,SZSE.ETF.159949,0.879,0.869,0.885,0.867,0.0,1.038,0.692,576181392.0,7400.0,504863138.608,6504.599999964237,0.0,0.0,20230824,20230824,140951062,0.865,0.0,0.0,0.879,0.878,0.877,0.876,0.875,0.0,0.0,0.0,0.0,0.0,0.88,0.881,0.882,0.883,0.884,0.0,0.0,0.0,0.0,0.0,3720500.0,9205200.0,5217900.0,2297800.0,2688100.0,0.0,0.0,0.0,0.0,0.0,4172200.0,10359400.0,5609100.0,3742600.0,4949400.0,0.0,0.0,0.0,0.0,0.0
20230824140949200,SZSE,SZSE.ETF.159949,0.879,0.869,0.885,0.867,0.0,1.038,0.692,576181392.0,7400.0,504863138.608,6504.599999964237,0.0,0.0,20230824,20230824,140949200,0.865,0.0,0.0,0.879,0.878,0.877,0.876,0.875,0.0,0.0,0.0,0.0,0.0,0.88,0.881,0.882,0.883,0.884,0.0,0.0,0.0,0.0,0.0,3720500.0,9205200.0,5217900.0,2297800.0,2688100.0,0.0,0.0,0.0,0.0,0.0,4172200.0,10359400.0,5609100.0,3742600.0,4949400.0,0.0,0.0,0.0,0.0,0.0
20230824140954048,SZSE,SZSE.ETF.159949,0.879,0.869,0.885,0.867,0.0,1.038,0.692,576189892.0,8500.0,504870610.108,7471.5,0.0,0.0,20230824,20230824,140954047,0.865,0.0,0.0,0.879,0.878,0.877,0.876,0.875,0.0,0.0,0.0,0.0,0.0,0.88,0.881,0.882,0.883,0.884,0.0,0.0,0.0,0.0,0.0,3712000.0,9325200.0,4927900.0,2297800.0,2689000.0,0.0,0.0,0.0,0.0,0.0,3881200.0,10409400.0,5609100.0,3743600.0,4949400.0,0.0,0.0,0.0,0.0,0.0
20230824140952188,SZSE,SZSE.ETF.159949,0.879,0.869,0.885,0.867,0.0,1.038,0.692,576189892.0,8500.0,504870610.108,7471.5,0.0,0.0,20230824,20230824,140952189,0.865,0.0,0.0,0.879,0.878,0.877,0.876,0.875,0.0,0.0,0.0,0.0,0.0,0.88,0.881,0.882,0.883,0.884,0.0,0.0,0.0,0.0,0.0,3712000.0,9325200.0,4927900.0,2297800.0,2689000.0,0.0,0.0,0.0,0.0,0.0,3881200.0,10409400.0,5609100.0,3743600.0,4949400.0,0.0,0.0,0.0,0.0,0.0
20230824140957064,SZSE,SZSE.ETF.159949,0.879,0.869,0.885,0.867,0.0,1.038,0.692,576413692.0,223800.0,505067330.308,196720.20000004768,0.0,0.0,20230824,20230824,140957062,0.865,0.0,0.0,0.879,0.878,0.877,0.876,0.875,0.0,0.0,0.0,0.0,0.0,0.88,0.881,0.882,0.883,0.884,0.0,0.0,0.0,0.0,0.0,3488200.0,9205200.0,5232800.0,2297800.0,2689000.0,0.0,0.0,0.0,0.0,0.0,4148200.0,10289400.0,5609100.0,3743600.0,4949400.0,0.0,0.0,0.0,0.0,0.0
20230824140955200,SZSE,SZSE.ETF.159949,0.879,0.869,0.885,0.867,0.0,1.038,0.692,576413692.0,223800.0,505067330.308,196720.20000004768,0.0,0.0,20230824,20230824,140955199,0.865,0.0,0.0,0.879,0.878,0.877,0.876,0.875,0.0,0.0,0.0,0.0,0.0,0.88,0.881,0.882,0.883,0.884,0.0,0.0,0.0,0.0,0.0,3488200.0,9205200.0,5232800.0,2297800.0,2689000.0,0.0,0.0,0.0,0.0,0.0,4148200.0,10289400.0,5609100.0,3743600.0,4949400.0,0.0,0.0,0.0,0.0,0.0
20230824141000112,SZSE,SZSE.ETF.159949,0.879,0.869,0.885,0.867,0.0,1.038,0.692,576445692.0,32000.0,505095458.308,28128.0,0.0,0.0,20230824,20230824,141000110,0.865,0.0,0.0,0.879,0.878,0.877,0.876,0.875,0.0,0.0,0.0,0.0,0.0,0.88,0.881,0.882,0.883,0.884,0.0,0.0,0.0,0.0,0.0,3456200.0,9325700.0,5232800.0,2297800.0,2689000.0,0.0,0.0,0.0,0.0,0.0,4148700.0,10409400.0,5609100.0,3743600.0,4949400.0,0.0,0.0,0.0,0.0,0.0
20230824140958256,SZSE,SZSE.ETF.159949,0.879,0.869,0.885,0.867,0.0,1.038,0.692,576445692.0,32000.0,505095458.308,28128.0,0.0,0.0,20230824,20230824,140958256,0.865,0.0,0.0,0.879,0.878,0.877,0.876,0.875,0.0,0.0,0.0,0.0,0.0,0.88,0.881,0.882,0.883,0.884,0.0,0.0,0.0,0.0,0.0,3456200.0,9325700.0,5232800.0,2297800.0,2689000.0,0.0,0.0,0.0,0.0,0.0,4148700.0,10409400.0,5609100.0,3743600.0,4949400.0,0.0,0.0,0.0,0.0,0.0
20230824141003080,SZSE,SZSE.ETF.159949,0.879,0.869,0.885,0.867,0.0,1.038,0.692,576449892.0,4200.0,505099150.108,3691.7999999523163,0.0,0.0,20230824,20230824,141003078,0.865,0.0,0.0,0.879,0.878,0.877,0.876,0.875,0.0,0.0,0.0,0.0,0.0,0.88,0.881,0.882,0.883,0.884,0.0,0.0,0.0,0.0,0.0,3479000.0,9205700.0,5232800.0,2297800.0,2689000.0,0.0,0.0,0.0,0.0,0.0,4224800.0,10289400.0,5609100.0,3743600.0,4949400.0,0.0,0.0,0.0,0.0,0.0
20230824141001228,SZSE,SZSE.ETF.159949,0.879,0.869,0.885,0.867,0.0,1.038,0.692,576449892.0,4200.0,505099150.108,3691.7999999523163,0.0,0.0,20230824,20230824,141001228,0.865,0.0,0.0,0.879,0.878,0.877,0.876,0.875,0.0,0.0,0.0,0.0,0.0,0.88,0.881,0.882,0.883,0.884,0.0,0.0,0.0,0.0,0.0,3479000.0,9205700.0,5232800.0,2297800.0,2689000.0,0.0,0.0,0.0,0.0,0.0,4224800.0,10289400.0,5609100.0,3743600.0,4949400.0,0.0,0.0,0.0,0.0,0.0
20230824141006108,SZSE,SZSE.ETF.159949,0.879,0.869,0.885,0.867,0.0,1.038,0.692,576498292.0,48400.0,505141693.708,42543.60000002384,0.0,0.0,20230824,20230824,141006109,0.865,0.0,0.0,0.879,0.878,0.877,0.876,0.875,0.0,0.0,0.0,0.0,0.0,0.88,0.881,0.882,0.883,0.884,0.0,0.0,0.0,0.0,0.0,3433100.0,9425700.0,5232800.0,2297800.0,2789000.0,0.0,0.0,0.0,0.0,0.0,4224800.0,10409400.0,5637300.0,3743600.0,4949400.0,0.0,0.0,0.0,0.0,0.0
20230824141004256,SZSE,SZSE.ETF.159949,0.879,0.869,0.885,0.867,0.0,1.038,0.692,576498292.0,48400.0,505141693.708,42543.60000002384,0.0,0.0,20230824,20230824,141004256,0.865,0.0,0.0,0.879,0.878,0.877,0.876,0.875,0.0,0.0,0.0,0.0,0.0,0.88,0.881,0.882,0.883,0.884,0.0,0.0,0.0,0.0,0.0,3433100.0,9425700.0,5232800.0,2297800.0,2789000.0,0.0,0.0,0.0,0.0,0.0,4224800.0,10409400.0,5637300.0,3743600.0,4949400.0,0.0,0.0,0.0,0.0,0.0
20230824141009124,SZSE,SZSE.ETF.159949,0.879,0.869,0.885,0.867,0.0,1.038,0.692,576498292.0,0.0,505141693.708,0.0,0.0,0.0,20230824,20230824,141009125,0.865,0.0,0.0,0.879,0.878,0.877,0.876,0.875,0.0,0.0,0.0,0.0,0.0,0.88,0.881,0.882,0.883,0.884,0.0,0.0,0.0,0.0,0.0,3433100.0,9329200.0,5042800.0,2247800.0,2789000.0,0.0,0.0,0.0,0.0,0.0,3934800.0,10289400.0,5637300.0,3743600.0,4949400.0,0.0,0.0,0.0,0.0,0.0
20230824141007276,SZSE,SZSE.ETF.159949,0.879,0.869,0.885,0.867,0.0,1.038,0.692,576498292.0,0.0,505141693.708,0.0,0.0,0.0,20230824,20230824,141007275,0.865,0.0,0.0,0.879,0.878,0.877,0.876,0.875,0.0,0.0,0.0,0.0,0.0,0.88,0.881,0.882,0.883,0.884,0.0,0.0,0.0,0.0,0.0,3433100.0,9329200.0,5042800.0,2247800.0,2789000.0,0.0,0.0,0.0,0.0,0.0,3934800.0,10289400.0,5637300.0,3743600.0,4949400.0,0.0,0.0,0.0,0.0,0.0
20230824141012108,SZSE,SZSE.ETF.159949,0.879,0.869,0.885,0.867,0.0,1.038,0.692,576498292.0,0.0,505141693.708,0.0,0.0,0.0,20230824,20230824,141012109,0.865,0.0,0.0,0.879,0.878,0.877,0.876,0.875,0.0,0.0,0.0,0.0,0.0,0.88,0.881,0.882,0.883,0.884,0.0,0.0,0.0,0.0,0.0,3793100.0,9449200.0,5112800.0,2257800.0,2789000.0,0.0,0.0,0.0,0.0,0.0,3658900.0,10755600.0,5637300.0,3743600.0,4949700.0,0.0,0.0,0.0,0.0,0.0
20230824141010252,SZSE,SZSE.ETF.159949,0.879,0.869,0.885,0.867,0.0,1.038,0.692,576498292.0,0.0,505141693.708,0.0,0.0,0.0,20230824,20230824,141010251,0.865,0.0,0.0,0.879,0.878,0.877,0.876,0.875,0.0,0.0,0.0,0.0,0.0,0.88,0.881,0.882,0.883,0.884,0.0,0.0,0.0,0.0,0.0,3793100.0,9449200.0,5112800.0,2257800.0,2789000.0,0.0,0.0,0.0,0.0,0.0,3658900.0,10755600.0,5637300.0,3743600.0,4949700.0,0.0,0.0,0.0,0.0,0.0
20230824141015140,SZSE,SZSE.ETF.159949,0.879,0.869,0.885,0.867,0.0,1.038,0.692,576557592.0,59300.0,505193818.408,52124.69999998808,0.0,0.0,20230824,20230824,141015141,0.865,0.0,0.0,0.879,0.878,0.877,0.876,0.875,0.0,0.0,0.0,0.0,0.0,0.88,0.881,0.882,0.883,0.884,0.0,0.0,0.0,0.0,0.0,3954600.0,9329200.0,5112800.0,2257800.0,2789000.0,0.0,0.0,0.0,0.0,0.0,3570600.0,10667300.0,5637300.0,3743600.0,4949700.0,0.0,0.0,0.0,0.0,0.0
20230824141018108,SZSE,SZSE.ETF.159949,0.879,0.869,0.885,0.867,0.0,1.038,0.692,576557592.0,0.0,505193818.408,0.0,0.0,0.0,20230824,20230824,141018109,0.865,0.0,0.0,0.879,0.878,0.877,0.876,0.875,0.0,0.0,0.0,0.0,0.0,0.88,0.881,0.882,0.883,0.884,0.0,0.0,0.0,0.0,0.0,3957100.0,9475300.0,5112800.0,2257800.0,2789000.0,0.0,0.0,0.0,0.0,0.0,3570600.0,10787300.0,5637300.0,3743600.0,5016100.0,0.0,0.0,0.0,0.0,0.0
20230824141016248,SZSE,SZSE.ETF.159949,0.879,0.869,0.885,0.867,0.0,1.038,0.692,576557592.0,0.0,505193818.408,0.0,0.0,0.0,20230824,20230824,141016250,0.865,0.0,0.0,0.879,0.878,0.877,0.876,0.875,0.0,0.0,0.0,0.0,0.0,0.88,0.881,0.882,0.883,0.884,0.0,0.0,0.0,0.0,0.0,3957100.0,9475300.0,5112800.0,2257800.0,2789000.0,0.0,0.0,0.0,0.0,0.0,3570600.0,10787300.0,5637300.0,3743600.0,5016100.0,0.0,0.0,0.0,0.0,0.0
20230824141021080,SZSE,SZSE.ETF.159949,0.879,0.869,0.885,0.867,0.0,1.038,0.692,576557592.0,0.0,505193818.408,0.0,0.0,0.0,20230824,20230824,141021078,0.865,0.0,0.0,0.879,0.878,0.877,0.876,0.875,0.0,0.0,0.0,0.0,0.0,0.88,0.881,0.882,0.883,0.884,0.0,0.0,0.0,0.0,0.0,3957100.0,9385400.0,5112800.0,2257800.0,2789000.0,0.0,0.0,0.0,0.0,0.0,3571600.0,10667300.0,5637300.0,3843600.0,5016100.0,0.0,0.0,0.0,0.0,0.0
20230824141019216,SZSE,SZSE.ETF.159949,0.879,0.869,0.885,0.867,0.0,1.038,0.692,576557592.0,0.0,505193818.408,0.0,0.0,0.0,20230824,20230824,141019217,0.865,0.0,0.0,0.879,0.878,0.877,0.876,0.875,0.0,0.0,0.0,0.0,0.0,0.88,0.881,0.882,0.883,0.884,0.0,0.0,0.0,0.0,0.0,3957100.0,9385400.0,5112800.0,2257800.0,2789000.0,0.0,0.0,0.0,0.0,0.0,3571600.0,10667300.0,5637300.0,3843600.0,5016100.0,0.0,0.0,0.0,0.0,0.0
20230824141024032,SZSE,SZSE.ETF.159949,0.879,0.869,0.885,0.867,0.0,1.038,0.692,576562192.0,4600.0,505197861.908,4043.5,0.0,0.0,20230824,20230824,141024031,0.865,0.0,0.0,0.879,0.878,0.877,0.876,0.875,0.0,0.0,0.0,0.0,0.0,0.88,0.881,0.882,0.883,0.884,0.0,0.0,0.0,0.0,0.0,3952800.0,9215400.0,5112800.0,2227800.0,2789000.0,0.0,0.0,0.0,0.0,0.0,3638200.0,10496800.0,5637300.0,3843600.0,5016100.0,0.0,0.0,0.0,0.0,0.0
20230824141027080,SZSE,SZSE.ETF.159949,0.879,0.869,0.885,0.867,0.0,1.038,0.692,576622392.0,60200.0,505250823.308,52961.40000003576,0.0,0.0,20230824,20230824,141027078,0.865,0.0,0.0,0.879,0.878,0.877,0.876,0.875,0.0,0.0,0.0,0.0,0.0,0.88,0.881,0.882,0.883,0.884,0.0,0.0,0.0,0.0,0.0,3938200.0,9385400.0,5112800.0,2227800.0,2789000.0,0.0,0.0,0.0,0.0,0.0,3592600.0,10666800.0,5637300.0,3843600.0,5016100.0,0.0,0.0,0.0,0.0,0.0
20230824141025216,SZSE,SZSE.ETF.159949,0.879,0.869,0.885,0.867,0.0,1.038,0.692,576622392.0,60200.0,505250823.308,52961.40000003576,0.0,0.0,20230824,20230824,141025215,0.865,0.0,0.0,0.879,0.878,0.877,0.876,0.875,0.0,0.0,0.0,0.0,0.0,0.88,0.881,0.882,0.883,0.884,0.0,0.0,0.0,0.0,0.0,3938200.0,9385400.0,5112800.0,2227800.0,2789000.0,0.0,0.0,0.0,0.0,0.0,3592600.0,10666800.0,5637300.0,3843600.0,5016100.0,0.0,0.0,0.0,0.0,0.0
20230824141030080,SZSE,SZSE.ETF.159949,0.879,0.869,0.885,0.867,0.0,1.038,0.692,576664392.0,42000.0,505287741.308,36918.0,0.0,0.0,20230824,20230824,141030078,0.865,0.0,0.0,0.879,0.878,0.877,0.876,0.875,0.0,0.0,0.0,0.0,0.0,0.88,0.881,0.882,0.883,0.884,0.0,0.0,0.0,0.0,0.0,3896200.0,9385400.0,5112800.0,2227800.0,2789000.0,0.0,0.0,0.0,0.0,0.0,3598600.0,10666800.0,5637300.0,3843600.0,5016100.0,0.0,0.0,0.0,0.0,0.0
20230824141031172,SZSE,SZSE.ETF.159949,0.879,0.869,0.885,0.867,0.0,1.038,0.692,576670192.0,5800.0,505292839.508,5098.199999988079,0.0,0.0,20230824,20230824,141031171,0.865,0.0,0.0,0.879,0.878,0.877,0.876,0.875,0.0,0.0,0.0,0.0,0.0,0.88,0.881,0.882,0.883,0.884,0.0,0.0,0.0,0.0,0.0,3906700.0,9740500.0,4912800.0,2227800.0,2789000.0,0.0,0.0,0.0,0.0,0.0,3398600.0,10976900.0,5637300.0,3844500.0,5016100.0,0.0,0.0,0.0,0.0,0.0
20230824141033080,SZSE,SZSE.ETF.159949,0.879,0.869,0.885,0.867,0.0,1.038,0.692,576670192.0,5800.0,505292839.508,5098.199999988079,0.0,0.0,20230824,20230824,141033078,0.865,0.0,0.0,0.879,0.878,0.877,0.876,0.875,0.0,0.0,0.0,0.0,0.0,0.88,0.881,0.882,0.883,0.884,0.0,0.0,0.0,0.0,0.0,3906700.0,9740500.0,4912800.0,2227800.0,2789000.0,0.0,0.0,0.0,0.0,0.0,3398600.0,10976900.0,5637300.0,3844500.0,5016100.0,0.0,0.0,0.0,0.0,0.0
20230824141036048,SZSE,SZSE.ETF.159949,0.88,0.869,0.885,0.867,0.0,1.038,0.692,576674692.0,4500.0,505296795.208,3955.699999988079,0.0,0.0,20230824,20230824,141036047,0.865,0.0,0.0,0.879,0.878,0.877,0.876,0.875,0.0,0.0,0.0,0.0,0.0,0.88,0.881,0.882,0.883,0.884,0.0,0.0,0.0,0.0,0.0,3902400.0,9330500.0,4622800.0,2229800.0,2789000.0,0.0,0.0,0.0,0.0,0.0,3118400.0,10566900.0,5637300.0,3844500.0,5016100.0,0.0,0.0,0.0,0.0,0.0
20230824141034192,SZSE,SZSE.ETF.159949,0.88,0.869,0.885,0.867,0.0,1.038,0.692,576674692.0,4500.0,505296795.208,3955.699999988079,0.0,0.0,20230824,20230824,141034193,0.865,0.0,0.0,0.879,0.878,0.877,0.876,0.875,0.0,0.0,0.0,0.0,0.0,0.88,0.881,0.882,0.883,0.884,0.0,0.0,0.0,0.0,0.0,3902400.0,9330500.0,4622800.0,2229800.0,2789000.0,0.0,0.0,0.0,0.0,0.0,3118400.0,10566900.0,5637300.0,3844500.0,5016100.0,0.0,0.0,0.0,0.0,0.0
20230824141039080,SZSE,SZSE.ETF.159949,0.879,0.869,0.885,0.867,0.0,1.038,0.692,576704692.0,30000.0,505323165.208,26370.0,0.0,0.0,20230824,20230824,141039078,0.865,0.0,0.0,0.879,0.878,0.877,0.876,0.875,0.0,0.0,0.0,0.0,0.0,0.88,0.881,0.882,0.883,0.884,0.0,0.0,0.0,0.0,0.0,3874900.0,9450500.0,4622800.0,2229800.0,2789000.0,0.0,0.0,0.0,0.0,0.0,3128300.0,10686900.0,5637300.0,3844500.0,5016100.0,0.0,0.0,0.0,0.0,0.0
20230824141037216,SZSE,SZSE.ETF.159949,0.879,0.869,0.885,0.867,0.0,1.038,0.692,576704692.0,30000.0,505323165.208,26370.0,0.0,0.0,20230824,20230824,141037218,0.865,0.0,0.0,0.879,0.878,0.877,0.876,0.875,0.0,0.0,0.0,0.0,0.0,0.88,0.881,0.882,0.883,0.884,0.0,0.0,0.0,0.0,0.0,3874900.0,9450500.0,4622800.0,2229800.0,2789000.0,0.0,0.0,0.0,0.0,0.0,3128300.0,10686900.0,5637300.0,3844500.0,5016100.0,0.0,0.0,0.0,0.0,0.0
20230824141042056,SZSE,SZSE.ETF.159949,0.879,0.869,0.885,0.867,0.0,1.038,0.692,576704692.0,0.0,505323165.208,0.0,0.0,0.0,20230824,20230824,141042054,0.865,0.0,0.0,0.879,0.878,0.877,0.876,0.875,0.0,0.0,0.0,0.0,0.0,0.88,0.881,0.882,0.883,0.884,0.0,0.0,0.0,0.0,0.0,3874900.0,9920700.0,4622800.0,2229800.0,2789000.0,0.0,0.0,0.0,0.0,0.0,3423800.0,10856900.0,5655300.0,3844500.0,5016100.0,0.0,0.0,0.0,0.0,0.0
20230824141040188,SZSE,SZSE.ETF.159949,0.879,0.869,0.885,0.867,0.0,1.038,0.692,576704692.0,0.0,505323165.208,0.0,0.0,0.0,20230824,20230824,141040189,0.865,0.0,0.0,0.879,0.878,0.877,0.876,0.875,0.0,0.0,0.0,0.0,0.0,0.88,0.881,0.882,0.883,0.884,0.0,0.0,0.0,0.0,0.0,3874900.0,9920700.0,4622800.0,2229800.0,2789000.0,0.0,0.0,0.0,0.0,0.0,3423800.0,10856900.0,5655300.0,3844500.0,5016100.0,0.0,0.0,0.0,0.0,0.0
20230824141045076,SZSE,SZSE.ETF.159949,0.879,0.869,0.885,0.867,0.0,1.038,0.692,576877692.0,173000.0,505475396.408,152231.19999998808,0.0,0.0,20230824,20230824,141045076,0.865,0.0,0.0,0.879,0.878,0.877,0.876,0.875,0.0,0.0,0.0,0.0,0.0,0.88,0.881,0.882,0.883,0.884,0.0,0.0,0.0,0.0,0.0,3866100.0,10040700.0,4622800.0,2229800.0,2789000.0,0.0,0.0,0.0,0.0,0.0,3374200.0,10976900.0,5655300.0,3844500.0,5016100.0,0.0,0.0,0.0,0.0,0.0
20230824141043212,SZSE,SZSE.ETF.159949,0.879,0.869,0.885,0.867,0.0,1.038,0.692,576877692.0,173000.0,505475396.408,152231.19999998808,0.0,0.0,20230824,20230824,141043211,0.865,0.0,0.0,0.879,0.878,0.877,0.876,0.875,0.0,0.0,0.0,0.0,0.0,0.88,0.881,0.882,0.883,0.884,0.0,0.0,0.0,0.0,0.0,3866100.0,10040700.0,4622800.0,2229800.0,2789000.0,0.0,0.0,0.0,0.0,0.0,3374200.0,10976900.0,5655300.0,3844500.0,5016100.0,0.0,0.0,0.0,0.0,0.0
20230824141048032,SZSE,SZSE.ETF.159949,0.88,0.869,0.885,0.867,0.0,1.038,0.692,576897792.0,20100.0,505493082.408,17686.0,0.0,0.0,20230824,20230824,141048033,0.865,0.0,0.0,0.879,0.878,0.877,0.876,0.875,0.0,0.0,0.0,0.0,0.0,0.88,0.881,0.882,0.883,0.884,0.0,0.0,0.0,0.0,0.0,3940100.0,9920700.0,4591800.0,2229800.0,2789000.0,0.0,0.0,0.0,0.0,0.0,3356100.0,10868400.0,5655300.0,3865500.0,5017100.0,0.0,0.0,0.0,0.0,0.0
20230824141049192,SZSE,SZSE.ETF.159949,0.88,0.869,0.885,0.867,0.0,1.038,0.692,576897792.0,0.0,505493082.408,0.0,0.0,0.0,20230824,20230824,141049194,0.865,0.0,0.0,0.879,0.878,0.877,0.876,0.875,0.0,0.0,0.0,0.0,0.0,0.88,0.881,0.882,0.883,0.884,0.0,0.0,0.0,0.0,0.0,4943900.0,8760700.0,4591800.0,2229800.0,2789000.0,0.0,0.0,0.0,0.0,0.0,3066100.0,10988400.0,5655300.0,3865500.0,5017100.0,0.0,0.0,0.0,0.0,0.0
20230824141051088,SZSE,SZSE.ETF.159949,0.88,0.869,0.885,0.867,0.0,1.038,0.692,576897792.0,0.0,505493082.408,0.0,0.0,0.0,20230824,20230824,141051090,0.865,0.0,0.0,0.879,0.878,0.877,0.876,0.875,0.0,0.0,0.0,0.0,0.0,0.88,0.881,0.882,0.883,0.884,0.0,0.0,0.0,0.0,0.0,4943900.0,8760700.0,4591800.0,2229800.0,2789000.0,0.0,0.0,0.0,0.0,0.0,3066100.0,10988400.0,5655300.0,3865500.0,5017100.0,0.0,0.0,0.0,0.0,0.0
20230824141054032,SZSE,SZSE.ETF.159949,0.879,0.869,0.885,0.867,0.0,1.038,0.692,576902392.0,4600.0,505497125.808,4043.400000035763,0.0,0.0,20230824,20230824,141054032,0.865,0.0,0.0,0.879,0.878,0.877,0.876,0.875,0.0,0.0,0.0,0.0,0.0,0.88,0.881,0.882,0.883,0.884,0.0,0.0,0.0,0.0,0.0,4924300.0,8930700.0,4591800.0,2229800.0,2789000.0,0.0,0.0,0.0,0.0,0.0,2856600.0,11358400.0,5655300.0,3865500.0,5017100.0,0.0,0.0,0.0,0.0,0.0
20230824141057032,SZSE,SZSE.ETF.159949,0.88,0.869,0.885,0.867,0.0,1.038,0.692,576927792.0,25400.0,505519472.408,22346.599999964237,0.0,0.0,20230824,20230824,141057031,0.865,0.0,0.0,0.879,0.878,0.877,0.876,0.875,0.0,0.0,0.0,0.0,0.0,0.88,0.881,0.882,0.883,0.884,0.0,0.0,0.0,0.0,0.0,4918900.0,9055700.0,4591800.0,2229800.0,2789000.0,0.0,0.0,0.0,0.0,0.0,2836600.0,11478400.0,5655300.0,3865500.0,5017100.0,0.0,0.0,0.0,0.0,0.0
20230824141100112,SZSE,SZSE.ETF.159949,0.88,0.869,0.885,0.867,0.0,1.038,0.692,576932792.0,5000.0,505523872.408,4400.0,0.0,0.0,20230824,20230824,141100110,0.865,0.0,0.0,0.879,0.878,0.877,0.876,0.875,0.0,0.0,0.0,0.0,0.0,0.88,0.881,0.882,0.883,0.884,0.0,0.0,0.0,0.0,0.0,4918900.0,8355700.0,4591700.0,2229800.0,2789000.0,0.0,0.0,0.0,0.0,0.0,2546600.0,9124400.0,5655300.0,3865500.0,5017100.0,0.0,0.0,0.0,0.0,0.0
20230824141058252,SZSE,SZSE.ETF.159949,0.88,0.869,0.885,0.867,0.0,1.038,0.692,576932792.0,5000.0,505523872.408,4400.0,0.0,0.0,20230824,20230824,141058251,0.865,0.0,0.0,0.879,0.878,0.877,0.876,0.875,0.0,0.0,0.0,0.0,0.0,0.88,0.881,0.882,0.883,0.884,0.0,0.0,0.0,0.0,0.0,4918900.0,8355700.0,4591700.0,2229800.0,2789000.0,0.0,0.0,0.0,0.0,0.0,2546600.0,9124400.0,5655300.0,3865500.0,5017100.0,0.0,0.0,0.0,0.0,0.0
20230824141103108,SZSE,SZSE.ETF.159949,0.879,0.869,0.885,0.867,0.0,1.038,0.692,577026892.0,94100.0,505606586.308,82713.90000003576,0.0,0.0,20230824,20230824,141103109,0.865,0.0,0.0,0.879,0.878,0.877,0.876,0.875,0.0,0.0,0.0,0.0,0.0,0.88,0.881,0.882,0.883,0.884,0.0,0.0,0.0,0.0,0.0,4824800.0,9055700.0,4591700.0,2229800.0,2789000.0,0.0,0.0,0.0,0.0,0.0,2886600.0,8525700.0,5655300.0,3865500.0,5017100.0,0.0,0.0,0.0,0.0,0.0
20230824141101248,SZSE,SZSE.ETF.159949,0.879,0.869,0.885,0.867,0.0,1.038,0.692,577026892.0,94100.0,505606586.308,82713.90000003576,0.0,0.0,20230824,20230824,141101247,0.865,0.0,0.0,0.879,0.878,0.877,0.876,0.875,0.0,0.0,0.0,0.0,0.0,0.88,0.881,0.882,0.883,0.884,0.0,0.0,0.0,0.0,0.0,4824800.0,9055700.0,4591700.0,2229800.0,2789000.0,0.0,0.0,0.0,0.0,0.0,2886600.0,8525700.0,5655300.0,3865500.0,5017100.0,0.0,0.0,0.0,0.0,0.0
20230824141106156,SZSE,SZSE.ETF.159949,0.879,0.869,0.885,0.867,0.0,1.038,0.692,577031292.0,4400.0,505610453.908,3867.599999964237,0.0,0.0,20230824,20230824,141106156,0.865,0.0,0.0,0.879,0.878,0.877,0.876,0.875,0.0,0.0,0.0,0.0,0.0,0.88,0.881,0.882,0.883,0.884,0.0,0.0,0.0,0.0,0.0,4820400.0,8935700.0,4591700.0,2229800.0,2789000.0,0.0,0.0,0.0,0.0,0.0,2886600.0,8405700.0,5655300.0,3865500.0,5017100.0,0.0,0.0,0.0,0.0,0.0
20230824141109140,SZSE,SZSE.ETF.159949,0.879,0.869,0.885,0.867,0.0,1.038,0.692,577031292.0,0.0,505610453.908,0.0,0.0,0.0,20230824,20230824,141109141,0.865,0.0,0.0,0.879,0.878,0.877,0.876,0.875,0.0,0.0,0.0,0.0,0.0,0.88,0.881,0.882,0.883,0.884,0.0,0.0,0.0,0.0,0.0,6011800.0,7924300.0,4591700.0,2229800.0,2789000.0,0.0,0.0,0.0,0.0,0.0,2881100.0,8527700.0,5655300.0,3865500.0,5017100.0,0.0,0.0,0.0,0.0,0.0
20230824141112188,SZSE,SZSE.ETF.159949,0.88,0.869,0.885,0.867,0.0,1.038,0.692,577031792.0,500.0,505610893.908,440.0,0.0,0.0,20230824,20230824,141112188,0.865,0.0,0.0,0.879,0.878,0.877,0.876,0.875,0.0,0.0,0.0,0.0,0.0,0.88,0.881,0.882,0.883,0.884,0.0,0.0,0.0,0.0,0.0,6012600.0,7204300.0,4591700.0,2229800.0,2789000.0,0.0,0.0,0.0,0.0,0.0,2592500.0,8118200.0,5655300.0,3865500.0,5017100.0,0.0,0.0,0.0,0.0,0.0
20230824141115188,SZSE,SZSE.ETF.159949,0.879,0.869,0.885,0.867,0.0,1.038,0.692,577040892.0,9100.0,505618892.808,7998.900000035763,0.0,0.0,20230824,20230824,141115188,0.865,0.0,0.0,0.879,0.878,0.877,0.876,0.875,0.0,0.0,0.0,0.0,0.0,0.88,0.881,0.882,0.883,0.884,0.0,0.0,0.0,0.0,0.0,6005400.0,7324300.0,4591700.0,2229800.0,2789000.0,0.0,0.0,0.0,0.0,0.0,2692500.0,8238200.0,5655300.0,3865500.0,5017100.0,0.0,0.0,0.0,0.0,0.0
20230824141118156,SZSE,SZSE.ETF.159949,0.879,0.869,0.885,0.867,0.0,1.038,0.692,577040892.0,0.0,505618892.808,0.0,0.0,0.0,20230824,20230824,141118156,0.865,0.0,0.0,0.879,0.878,0.877,0.876,0.875,0.0,0.0,0.0,0.0,0.0,0.88,0.881,0.882,0.883,0.884,0.0,0.0,0.0,0.0,0.0,6006300.0,7784300.0,4591700.0,2229800.0,2789000.0,0.0,0.0,0.0,0.0,0.0,2985200.0,6408200.0,7655300.0,3875500.0,5017100.0,0.0,0.0,0.0,0.0,0.0
20230824141121140,SZSE,SZSE.ETF.159949,0.879,0.869,0.885,0.867,0.0,1.038,0.692,577040892.0,0.0,505618892.808,0.0,0.0,0.0,20230824,20230824,141121141,0.865,0.0,0.0,0.879,0.878,0.877,0.876,0.875,0.0,0.0,0.0,0.0,0.0,0.88,0.881,0.882,0.883,0.884,0.0,0.0,0.0,0.0,0.0,6006300.0,7904300.0,4591700.0,2231000.0,2789000.0,0.0,0.0,0.0,0.0,0.0,2985200.0,6528200.0,7667900.0,3875500.0,5017100.0,0.0,0.0,0.0,0.0,0.0
20230824141124124,SZSE,SZSE.ETF.159949,0.88,0.869,0.885,0.867,0.0,1.038,0.692,577045492.0,4600.0,505622936.308,4043.5,0.0,0.0,20230824,20230824,141124125,0.865,0.0,0.0,0.879,0.878,0.877,0.876,0.875,0.0,0.0,0.0,0.0,0.0,0.88,0.881,0.882,0.883,0.884,0.0,0.0,0.0,0.0,0.0,6021800.0,7784300.0,4591700.0,2231000.0,2789000.0,0.0,0.0,0.0,0.0,0.0,2945100.0,6408200.0,7717900.0,3885500.0,5017100.0,0.0,0.0,0.0,0.0,0.0
20230824141122264,SZSE,SZSE.ETF.159949,0.88,0.869,0.885,0.867,0.0,1.038,0.692,577045492.0,4600.0,505622936.308,4043.5,0.0,0.0,20230824,20230824,141122263,0.865,0.0,0.0,0.879,0.878,0.877,0.876,0.875,0.0,0.0,0.0,0.0,0.0,0.88,0.881,0.882,0.883,0.884,0.0,0.0,0.0,0.0,0.0,6021800.0,7784300.0,4591700.0,2231000.0,2789000.0,0.0,0.0,0.0,0.0,0.0,2945100.0,6408200.0,7717900.0,3885500.0,5017100.0,0.0,0.0,0.0,0.0,0.0
20230824141127096,SZSE,SZSE.ETF.159949,0.879,0.869,0.885,0.867,0.0,1.038,0.692,577049892.0,4400.0,505626803.908,3867.599999964237,0.0,0.0,20230824,20230824,141127094,0.865,0.0,0.0,0.879,0.878,0.877,0.876,0.875,0.0,0.0,0.0,0.0,0.0,0.88,0.881,0.882,0.883,0.884,0.0,0.0,0.0,0.0,0.0,6017600.0,7614300.0,4591700.0,2231000.0,2789000.0,0.0,0.0,0.0,0.0,0.0,2945100.0,6218200.0,7717900.0,3885500.0,5017100.0,0.0,0.0,0.0,0.0,0.0
20230824141130096,SZSE,SZSE.ETF.159949,0.879,0.869,0.885,0.867,0.0,1.038,0.692,577051892.0,2000.0,505628561.908,1758.0,0.0,0.0,20230824,20230824,141130094,0.865,0.0,0.0,0.879,0.878,0.877,0.876,0.875,0.0,0.0,0.0,0.0,0.0,0.88,0.881,0.882,0.883,0.884,0.0,0.0,0.0,0.0,0.0,6015500.0,7784300.0,4591700.0,2231000.0,2789000.0,0.0,0.0,0.0,0.0,0.0,2945100.0,8388200.0,5717900.0,3885500.0,5017100.0,0.0,0.0,0.0,0.0,0.0
20230824141133064,SZSE,SZSE.ETF.159949,0.879,0.869,0.885,0.867,0.0,1.038,0.692,577056092.0,4200.0,505632253.708,3691.800000011921,0.0,0.0,20230824,20230824,141133062,0.865,0.0,0.0,0.879,0.878,0.877,0.876,0.875,0.0,0.0,0.0,0.0,0.0,0.88,0.881,0.882,0.883,0.884,0.0,0.0,0.0,0.0,0.0,6011300.0,7935300.0,4591700.0,2231000.0,2789000.0,0.0,0.0,0.0,0.0,0.0,2945100.0,8508200.0,5857900.0,3885500.0,5017100.0,0.0,0.0,0.0,0.0,0.0
20230824141136096,SZSE,SZSE.ETF.159949,0.88,0.869,0.885,0.867,0.0,1.038,0.692,577060592.0,4500.0,505636209.308,3955.600000023842,0.0,0.0,20230824,20230824,141136094,0.865,0.0,0.0,0.879,0.878,0.877,0.876,0.875,0.0,0.0,0.0,0.0,0.0,0.88,0.881,0.882,0.883,0.884,0.0,0.0,0.0,0.0,0.0,6006900.0,7815300.0,4591700.0,2231000.0,2789000.0,0.0,0.0,0.0,0.0,0.0,3095000.0,8388200.0,5857900.0,3885500.0,5017100.0,0.0,0.0,0.0,0.0,0.0
20230824141134232,SZSE,SZSE.ETF.159949,0.88,0.869,0.885,0.867,0.0,1.038,0.692,577060592.0,4500.0,505636209.308,3955.600000023842,0.0,0.0,20230824,20230824,141134234,0.865,0.0,0.0,0.879,0.878,0.877,0.876,0.875,0.0,0.0,0.0,0.0,0.0,0.88,0.881,0.882,0.883,0.884,0.0,0.0,0.0,0.0,0.0,6006900.0,7815300.0,4591700.0,2231000.0,2789000.0,0.0,0.0,0.0,0.0,0.0,3095000.0,8388200.0,5857900.0,3885500.0,5017100.0,0.0,0.0,0.0,0.0,0.0
20230824141139096,SZSE,SZSE.ETF.159949,0.88,0.869,0.885,0.867,0.0,1.038,0.692,577061592.0,1000.0,505637089.308,880.0,0.0,0.0,20230824,20230824,141139094,0.865,0.0,0.0,0.879,0.878,0.877,0.876,0.875,0.0,0.0,0.0,0.0,0.0,0.88,0.881,0.882,0.883,0.884,0.0,0.0,0.0,0.0,0.0,6006900.0,7815300.0,4591700.0,2231000.0,2789000.0,0.0,0.0,0.0,0.0,0.0,3094000.0,6388200.0,7857900.0,3885500.0,5017100.0,0.0,0.0,0.0,0.0,0.0
20230824141137232,SZSE,SZSE.ETF.159949,0.88,0.869,0.885,0.867,0.0,1.038,0.692,577061592.0,1000.0,505637089.308,880.0,0.0,0.0,20230824,20230824,141137233,0.865,0.0,0.0,0.879,0.878,0.877,0.876,0.875,0.0,0.0,0.0,0.0,0.0,0.88,0.881,0.882,0.883,0.884,0.0,0.0,0.0,0.0,0.0,6006900.0,7815300.0,4591700.0,2231000.0,2789000.0,0.0,0.0,0.0,0.0,0.0,3094000.0,6388200.0,7857900.0,3885500.0,5017100.0,0.0,0.0,0.0,0.0,0.0
20230824141142080,SZSE,SZSE.ETF.159949,0.88,0.869,0.885,0.867,0.0,1.038,0.692,577061592.0,0.0,505637089.308,0.0,0.0,0.0,20230824,20230824,141142078,0.865,0.0,0.0,0.879,0.878,0.877,0.876,0.875,0.0,0.0,0.0,0.0,0.0,0.88,0.881,0.882,0.883,0.884,0.0,0.0,0.0,0.0,0.0,6006900.0,7645300.0,4591700.0,2231000.0,2789000.0,0.0,0.0,0.0,0.0,0.0,2804000.0,6508200.0,7857900.0,3885500.0,5017100.0,0.0,0.0,0.0,0.0,0.0
20230824141140216,SZSE,SZSE.ETF.159949,0.88,0.869,0.885,0.867,0.0,1.038,0.692,577061592.0,0.0,505637089.308,0.0,0.0,0.0,20230824,20230824,141140218,0.865,0.0,0.0,0.879,0.878,0.877,0.876,0.875,0.0,0.0,0.0,0.0,0.0,0.88,0.881,0.882,0.883,0.884,0.0,0.0,0.0,0.0,0.0,6006900.0,7645300.0,4591700.0,2231000.0,2789000.0,0.0,0.0,0.0,0.0,0.0,2804000.0,6508200.0,7857900.0,3885500.0,5017100.0,0.0,0.0,0.0,0.0,0.0
20230824141145108,SZSE,SZSE.ETF.159949,0.879,0.869,0.885,0.867,0.0,1.038,0.692,577070992.0,9400.0,505645351.908,8262.599999964237,0.0,0.0,20230824,20230824,141145109,0.865,0.0,0.0,0.879,0.878,0.877,0.876,0.875,0.0,0.0,0.0,0.0,0.0,0.88,0.881,0.882,0.883,0.884,0.0,0.0,0.0,0.0,0.0,6097500.0,7853500.0,4591700.0,2231000.0,2789000.0,0.0,0.0,0.0,0.0,0.0,2811500.0,6678200.0,7837900.0,3885500.0,5017100.0,0.0,0.0,0.0,0.0,0.0
20230824141143244,SZSE,SZSE.ETF.159949,0.879,0.869,0.885,0.867,0.0,1.038,0.692,577070992.0,9400.0,505645351.908,8262.599999964237,0.0,0.0,20230824,20230824,141143245,0.865,0.0,0.0,0.879,0.878,0.877,0.876,0.875,0.0,0.0,0.0,0.0,0.0,0.88,0.881,0.882,0.883,0.884,0.0,0.0,0.0,0.0,0.0,6097500.0,7853500.0,4591700.0,2231000.0,2789000.0,0.0,0.0,0.0,0.0,0.0,2811500.0,6678200.0,7837900.0,3885500.0,5017100.0,0.0,0.0,0.0,0.0,0.0
20230824141148080,SZSE,SZSE.ETF.159949,0.879,0.869,0.885,0.867,0.0,1.038,0.692,577070992.0,0.0,505645351.908,0.0,0.0,0.0,20230824,20230824,141148078,0.865,0.0,0.0,0.879,0.878,0.877,0.876,0.875,0.0,0.0,0.0,0.0,0.0,0.88,0.881,0.882,0.883,0.884,0.0,0.0,0.0,0.0,0.0,6097500.0,7943500.0,4591700.0,2231000.0,2789000.0,0.0,0.0,0.0,0.0,0.0,2836100.0,6858100.0,7887900.0,3885500.0,5017100.0,0.0,0.0,0.0,0.0,0.0
20230824141151064,SZSE,SZSE.ETF.159949,0.88,0.869,0.885,0.867,0.0,1.038,0.692,577073992.0,3000.0,505647991.908,2640.0,0.0,0.0,20230824,20230824,141151063,0.865,0.0,0.0,0.879,0.878,0.877,0.876,0.875,0.0,0.0,0.0,0.0,0.0,0.88,0.881,0.882,0.883,0.884,0.0,0.0,0.0,0.0,0.0,6098000.0,7823500.0,4591700.0,2211000.0,2789000.0,0.0,0.0,0.0,0.0,0.0,2843100.0,6738100.0,7887900.0,3888500.0,5017100.0,0.0,0.0,0.0,0.0,0.0
20230824141149200,SZSE,SZSE.ETF.159949,0.88,0.869,0.885,0.867,0.0,1.038,0.692,577073992.0,3000.0,505647991.908,2640.0,0.0,0.0,20230824,20230824,141149202,0.865,0.0,0.0,0.879,0.878,0.877,0.876,0.875,0.0,0.0,0.0,0.0,0.0,0.88,0.881,0.882,0.883,0.884,0.0,0.0,0.0,0.0,0.0,6098000.0,7823500.0,4591700.0,2211000.0,2789000.0,0.0,0.0,0.0,0.0,0.0,2843100.0,6738100.0,7887900.0,3888500.0,5017100.0,0.0,0.0,0.0,0.0,0.0
20230824141154080,SZSE,SZSE.ETF.159949,0.879,0.869,0.885,0.867,0.0,1.038,0.692,577078692.0,4700.0,505652123.208,4131.300000011921,0.0,0.0,20230824,20230824,141154078,0.865,0.0,0.0,0.879,0.878,0.877,0.876,0.875,0.0,0.0,0.0,0.0,0.0,0.88,0.881,0.882,0.883,0.884,0.0,0.0,0.0,0.0,0.0,6093300.0,7653500.0,4591700.0,2211000.0,2789000.0,0.0,0.0,0.0,0.0,0.0,2838100.0,6568200.0,8887900.0,3888500.0,5017100.0,0.0,0.0,0.0,0.0,0.0
20230824141152216,SZSE,SZSE.ETF.159949,0.879,0.869,0.885,0.867,0.0,1.038,0.692,577078692.0,4700.0,505652123.208,4131.300000011921,0.0,0.0,20230824,20230824,141152214,0.865,0.0,0.0,0.879,0.878,0.877,0.876,0.875,0.0,0.0,0.0,0.0,0.0,0.88,0.881,0.882,0.883,0.884,0.0,0.0,0.0,0.0,0.0,6093300.0,7653500.0,4591700.0,2211000.0,2789000.0,0.0,0.0,0.0,0.0,0.0,2838100.0,6568200.0,8887900.0,3888500.0,5017100.0,0.0,0.0,0.0,0.0,0.0
20230824141157064,SZSE,SZSE.ETF.159949,0.88,0.869,0.885,0.867,0.0,1.038,0.692,577103192.0,24500.0,505673678.708,21555.5,0.0,0.0,20230824,20230824,141157063,0.865,0.0,0.0,0.879,0.878,0.877,0.876,0.875,0.0,0.0,0.0,0.0,0.0,0.88,0.881,0.882,0.883,0.884,0.0,0.0,0.0,0.0,0.0,7109600.0,7834500.0,3592700.0,2211000.0,2789000.0,0.0,0.0,0.0,0.0,0.0,2818200.0,6738200.0,8887900.0,3888500.0,5017100.0,0.0,0.0,0.0,0.0,0.0
