time,exchg,code,price,open,high,low,settle_price,upper_limit,lower_limit,total_volume,volume,total_turnover,turnover,open_interest,diff_interest,trading_date,action_date,action_time,pre_close,pre_settle,pre_interest,bid_price_0,bid_price_1,bid_price_2,bid_price_3,bid_price_4,bid_price_5,bid_price_6,bid_price_7,bid_price_8,bid_price_9,ask_price_0,ask_price_1,ask_price_2,ask_price_3,ask_price_4,ask_price_5,ask_price_6,ask_price_7,ask_price_8,ask_price_9,bid_qty_0,bid_qty_1,bid_qty_2,bid_qty_3,bid_qty_4,bid_qty_5,bid_qty_6,bid_qty_7,bid_qty_8,bid_qty_9,ask_qty_0,ask_qty_1,ask_qty_2,ask_qty_3,ask_qty_4,ask_qty_5,ask_qty_6,ask_qty_7,ask_qty_8,ask_qty_9
20230824133624060,SZSE,SZSE.ETF.159901,2.721,2.686,2.728,2.68,0.0,2.941,2.407,31789400.0,0.0,85841241.9,0.0,0.0,0.0,20230824,20230824,133624060,2.674,0.0,0.0,2.72,2.719,2.718,2.717,2.716,0.0,0.0,0.0,0.0,0.0,2.722,2.723,2.724,2.725,2.726,0.0,0.0,0.0,0.0,0.0,166100.0,196500.0,486400.0,320300.0,403600.0,0.0,0.0,0.0,0.0,0.0,11500.0,253600.0,452900.0,121700.0,286500.0,0.0,0.0,0.0,0.0,0.0
20230824133622312,SZSE,SZSE.ETF.159901,2.721,2.686,2.728,2.68,0.0,2.941,2.407,31789400.0,0.0,85841241.9,0.0,0.0,0.0,20230824,20230824,133622311,2.674,0.0,0.0,2.72,2.719,2.718,2.717,2.716,0.0,0.0,0.0,0.0,0.0,2.722,2.723,2.724,2.725,2.726,0.0,0.0,0.0,0.0,0.0,166100.0,196500.0,486400.0,320300.0,403600.0,0.0,0.0,0.0,0.0,0.0,11500.0,253600.0,452900.0,121700.0,286500.0,0.0,0.0,0.0,0.0,0.0
20230824133627064,SZSE,SZSE.ETF.159901,2.721,2.686,2.728,2.68,0.0,2.941,2.407,31789400.0,0.0,85841241.9,0.0,0.0,0.0,20230824,20230824,133627065,2.674,0.0,0.0,2.72,2.719,2.718,2.717,2.716,0.0,0.0,0.0,0.0,0.0,2.722,2.723,2.724,2.725,2.726,0.0,0.0,0.0,0.0,0.0,166100.0,96500.0,486400.0,320300.0,503600.0,0.0,0.0,0.0,0.0,0.0,11500.0,53600.0,452900.0,121700.0,386500.0,0.0,0.0,0.0,0.0,0.0
20230824133625316,SZSE,SZSE.ETF.159901,2.721,2.686,2.728,2.68,0.0,2.941,2.407,31789400.0,0.0,85841241.9,0.0,0.0,0.0,20230824,20230824,133625317,2.674,0.0,0.0,2.72,2.719,2.718,2.717,2.716,0.0,0.0,0.0,0.0,0.0,2.722,2.723,2.724,2.725,2.726,0.0,0.0,0.0,0.0,0.0,166100.0,96500.0,486400.0,320300.0,503600.0,0.0,0.0,0.0,0.0,0.0,11500.0,53600.0,452900.0,121700.0,386500.0,0.0,0.0,0.0,0.0,0.0
20230824133630028,SZSE,SZSE.ETF.159901,2.721,2.686,2.728,2.68,0.0,2.941,2.407,31789400.0,0.0,85841241.9,0.0,0.0,0.0,20230824,20230824,133630027,2.674,0.0,0.0,2.72,2.719,2.718,2.717,2.716,0.0,0.0,0.0,0.0,0.0,2.722,2.723,2.724,2.725,2.726,0.0,0.0,0.0,0.0,0.0,166100.0,96500.0,486400.0,520300.0,503600.0,0.0,0.0,0.0,0.0,0.0,11500.0,53600.0,452900.0,121700.0,386500.0,0.0,0.0,0.0,0.0,0.0
20230824133628280,SZSE,SZSE.ETF.159901,2.721,2.686,2.728,2.68,0.0,2.941,2.407,31789400.0,0.0,85841241.9,0.0,0.0,0.0,20230824,20230824,133628278,2.674,0.0,0.0,2.72,2.719,2.718,2.717,2.716,0.0,0.0,0.0,0.0,0.0,2.722,2.723,2.724,2.725,2.726,0.0,0.0,0.0,0.0,0.0,166100.0,96500.0,486400.0,520300.0,503600.0,0.0,0.0,0.0,0.0,0.0,11500.0,53600.0,452900.0,121700.0,386500.0,0.0,0.0,0.0,0.0,0.0
20230824133633052,SZSE,SZSE.ETF.159901,2.721,2.686,2.728,2.68,0.0,2.941,2.407,31789400.0,0.0,85841241.9,0.0,0.0,0.0,20230824,20230824,133633053,2.674,0.0,0.0,2.72,2.719,2.718,2.717,2.716,0.0,0.0,0.0,0.0,0.0,2.722,2.723,2.724,2.725,2.726,0.0,0.0,0.0,0.0,0.0,166100.0,196500.0,486400.0,520300.0,403600.0,0.0,0.0,0.0,0.0,0.0,11500.0,53600.0,452900.0,121700.0,286500.0,0.0,0.0,0.0,0.0,0.0
20230824133631304,SZSE,SZSE.ETF.159901,2.721,2.686,2.728,2.68,0.0,2.941,2.407,31789400.0,0.0,85841241.9,0.0,0.0,0.0,20230824,20230824,133631305,2.674,0.0,0.0,2.72,2.719,2.718,2.717,2.716,0.0,0.0,0.0,0.0,0.0,2.722,2.723,2.724,2.725,2.726,0.0,0.0,0.0,0.0,0.0,166100.0,196500.0,486400.0,520300.0,403600.0,0.0,0.0,0.0,0.0,0.0,11500.0,53600.0,452900.0,121700.0,286500.0,0.0,0.0,0.0,0.0,0.0
20230824133706120,SZSE,SZSE.ETF.159901,2.721,2.686,2.728,2.68,0.0,2.941,2.407,31789400.0,0.0,85841241.9,0.0,0.0,0.0,20230824,20230824,133706122,2.674,0.0,0.0,2.72,2.719,2.718,2.717,2.716,0.0,0.0,0.0,0.0,0.0,2.721,2.722,2.723,2.724,2.725,0.0,0.0,0.0,0.0,0.0,126100.0,96500.0,342200.0,427300.0,440800.0,0.0,0.0,0.0,0.0,0.0,300.0,11500.0,153600.0,480900.0,225000.0,0.0,0.0,0.0,0.0,0.0
20230824133709112,SZSE,SZSE.ETF.159901,2.721,2.686,2.728,2.68,0.0,2.941,2.407,31789400.0,0.0,85841241.9,0.0,0.0,0.0,20230824,20230824,133709113,2.674,0.0,0.0,2.72,2.719,2.718,2.717,2.716,0.0,0.0,0.0,0.0,0.0,2.721,2.722,2.723,2.724,2.725,0.0,0.0,0.0,0.0,0.0,86100.0,136500.0,292100.0,427300.0,490900.0,0.0,0.0,0.0,0.0,0.0,300.0,11500.0,153600.0,480900.0,225000.0,0.0,0.0,0.0,0.0,0.0
20230824133707364,SZSE,SZSE.ETF.159901,2.721,2.686,2.728,2.68,0.0,2.941,2.407,31789400.0,0.0,85841241.9,0.0,0.0,0.0,20230824,20230824,133707364,2.674,0.0,0.0,2.72,2.719,2.718,2.717,2.716,0.0,0.0,0.0,0.0,0.0,2.721,2.722,2.723,2.724,2.725,0.0,0.0,0.0,0.0,0.0,86100.0,136500.0,292100.0,427300.0,490900.0,0.0,0.0,0.0,0.0,0.0,300.0,11500.0,153600.0,480900.0,225000.0,0.0,0.0,0.0,0.0,0.0
20230824133712048,SZSE,SZSE.ETF.159901,2.721,2.686,2.728,2.68,0.0,2.941,2.407,31789400.0,0.0,85841241.9,0.0,0.0,0.0,20230824,20230824,133712047,2.674,0.0,0.0,2.72,2.719,2.718,2.717,2.716,0.0,0.0,0.0,0.0,0.0,2.721,2.722,2.723,2.724,2.725,0.0,0.0,0.0,0.0,0.0,36100.0,136500.0,292100.0,627300.0,490900.0,0.0,0.0,0.0,0.0,0.0,300.0,11500.0,153600.0,480900.0,225000.0,0.0,0.0,0.0,0.0,0.0
20230824133710296,SZSE,SZSE.ETF.159901,2.721,2.686,2.728,2.68,0.0,2.941,2.407,31789400.0,0.0,85841241.9,0.0,0.0,0.0,20230824,20230824,133710298,2.674,0.0,0.0,2.72,2.719,2.718,2.717,2.716,0.0,0.0,0.0,0.0,0.0,2.721,2.722,2.723,2.724,2.725,0.0,0.0,0.0,0.0,0.0,36100.0,136500.0,292100.0,627300.0,490900.0,0.0,0.0,0.0,0.0,0.0,300.0,11500.0,153600.0,480900.0,225000.0,0.0,0.0,0.0,0.0,0.0
20230824133715044,SZSE,SZSE.ETF.159901,2.72,2.686,2.728,2.68,0.0,2.941,2.407,31807900.0,18500.0,85891561.9,50320.0,0.0,0.0,20230824,20230824,133715045,2.674,0.0,0.0,2.72,2.719,2.718,2.717,2.716,0.0,0.0,0.0,0.0,0.0,2.721,2.722,2.723,2.724,2.725,0.0,0.0,0.0,0.0,0.0,17600.0,136500.0,255300.0,701400.0,453700.0,0.0,0.0,0.0,0.0,0.0,300.0,11500.0,153600.0,480900.0,261700.0,0.0,0.0,0.0,0.0,0.0
20230824133713296,SZSE,SZSE.ETF.159901,2.72,2.686,2.728,2.68,0.0,2.941,2.407,31807900.0,18500.0,85891561.9,50320.0,0.0,0.0,20230824,20230824,133713295,2.674,0.0,0.0,2.72,2.719,2.718,2.717,2.716,0.0,0.0,0.0,0.0,0.0,2.721,2.722,2.723,2.724,2.725,0.0,0.0,0.0,0.0,0.0,17600.0,136500.0,255300.0,701400.0,453700.0,0.0,0.0,0.0,0.0,0.0,300.0,11500.0,153600.0,480900.0,261700.0,0.0,0.0,0.0,0.0,0.0
20230824133718056,SZSE,SZSE.ETF.159901,2.72,2.686,2.728,2.68,0.0,2.941,2.407,31807900.0,0.0,85891561.9,0.0,0.0,0.0,20230824,20230824,133718054,2.674,0.0,0.0,2.72,2.719,2.718,2.717,2.716,0.0,0.0,0.0,0.0,0.0,2.721,2.722,2.723,2.724,2.725,0.0,0.0,0.0,0.0,0.0,17600.0,76500.0,315300.0,501400.0,453700.0,0.0,0.0,0.0,0.0,0.0,300.0,51500.0,373600.0,420900.0,261700.0,0.0,0.0,0.0,0.0,0.0
20230824133716304,SZSE,SZSE.ETF.159901,2.72,2.686,2.728,2.68,0.0,2.941,2.407,31807900.0,0.0,85891561.9,0.0,0.0,0.0,20230824,20230824,133716304,2.674,0.0,0.0,2.72,2.719,2.718,2.717,2.716,0.0,0.0,0.0,0.0,0.0,2.721,2.722,2.723,2.724,2.725,0.0,0.0,0.0,0.0,0.0,17600.0,76500.0,315300.0,501400.0,453700.0,0.0,0.0,0.0,0.0,0.0,300.0,51500.0,373600.0,420900.0,261700.0,0.0,0.0,0.0,0.0,0.0
20230824133719336,SZSE,SZSE.ETF.159901,2.72,2.686,2.728,2.68,0.0,2.941,2.407,31807900.0,0.0,85891561.9,0.0,0.0,0.0,20230824,20230824,133719335,2.674,0.0,0.0,2.72,2.719,2.718,2.717,2.716,0.0,0.0,0.0,0.0,0.0,2.721,2.722,2.723,2.724,2.725,0.0,0.0,0.0,0.0,0.0,17600.0,76500.0,315300.0,464200.0,490900.0,0.0,0.0,0.0,0.0,0.0,300.0,51500.0,373600.0,420900.0,261700.0,0.0,0.0,0.0,0.0,0.0
20230824133721156,SZSE,SZSE.ETF.159901,2.72,2.686,2.728,2.68,0.0,2.941,2.407,31807900.0,0.0,85891561.9,0.0,0.0,0.0,20230824,20230824,133721157,2.674,0.0,0.0,2.72,2.719,2.718,2.717,2.716,0.0,0.0,0.0,0.0,0.0,2.721,2.722,2.723,2.724,2.725,0.0,0.0,0.0,0.0,0.0,17600.0,76500.0,315300.0,464200.0,490900.0,0.0,0.0,0.0,0.0,0.0,300.0,51500.0,373600.0,420900.0,261700.0,0.0,0.0,0.0,0.0,0.0
20230824133724032,SZSE,SZSE.ETF.159901,2.72,2.686,2.728,2.68,0.0,2.941,2.407,31807900.0,0.0,85891561.9,0.0,0.0,0.0,20230824,20230824,133724034,2.674,0.0,0.0,2.72,2.719,2.718,2.717,2.716,0.0,0.0,0.0,0.0,0.0,2.721,2.722,2.723,2.724,2.725,0.0,0.0,0.0,0.0,0.0,17600.0,136500.0,255300.0,464200.0,490900.0,0.0,0.0,0.0,0.0,0.0,300.0,51500.0,313600.0,480900.0,261700.0,0.0,0.0,0.0,0.0,0.0
20230824133722284,SZSE,SZSE.ETF.159901,2.72,2.686,2.728,2.68,0.0,2.941,2.407,31807900.0,0.0,85891561.9,0.0,0.0,0.0,20230824,20230824,133722285,2.674,0.0,0.0,2.72,2.719,2.718,2.717,2.716,0.0,0.0,0.0,0.0,0.0,2.721,2.722,2.723,2.724,2.725,0.0,0.0,0.0,0.0,0.0,17600.0,136500.0,255300.0,464200.0,490900.0,0.0,0.0,0.0,0.0,0.0,300.0,51500.0,313600.0,480900.0,261700.0,0.0,0.0,0.0,0.0,0.0
20230824133727040,SZSE,SZSE.ETF.159901,2.72,2.686,2.728,2.68,0.0,2.941,2.407,31817900.0,10000.0,85918761.9,27200.0,0.0,0.0,20230824,20230824,133727038,2.674,0.0,0.0,2.72,2.719,2.718,2.717,2.716,0.0,0.0,0.0,0.0,0.0,2.721,2.722,2.723,2.724,2.725,0.0,0.0,0.0,0.0,0.0,7600.0,136500.0,155300.0,664200.0,450900.0,0.0,0.0,0.0,0.0,0.0,300.0,51500.0,313600.0,480900.0,361700.0,0.0,0.0,0.0,0.0,0.0
20230824133725288,SZSE,SZSE.ETF.159901,2.72,2.686,2.728,2.68,0.0,2.941,2.407,31817900.0,10000.0,85918761.9,27200.0,0.0,0.0,20230824,20230824,133725289,2.674,0.0,0.0,2.72,2.719,2.718,2.717,2.716,0.0,0.0,0.0,0.0,0.0,2.721,2.722,2.723,2.724,2.725,0.0,0.0,0.0,0.0,0.0,7600.0,136500.0,155300.0,664200.0,450900.0,0.0,0.0,0.0,0.0,0.0,300.0,51500.0,313600.0,480900.0,361700.0,0.0,0.0,0.0,0.0,0.0
20230824133730004,SZSE,SZSE.ETF.159901,2.719,2.686,2.728,2.68,0.0,2.941,2.407,31837900.0,20000.0,85973149.5,54387.59999999404,0.0,0.0,20230824,20230824,133730004,2.674,0.0,0.0,2.719,2.718,2.717,2.716,2.715,0.0,0.0,0.0,0.0,0.0,2.721,2.722,2.723,2.724,2.725,0.0,0.0,0.0,0.0,0.0,124100.0,155300.0,664200.0,490900.0,217100.0,0.0,0.0,0.0,0.0,0.0,300.0,51500.0,113600.0,480900.0,361700.0,0.0,0.0,0.0,0.0,0.0
20230824133728256,SZSE,SZSE.ETF.159901,2.719,2.686,2.728,2.68,0.0,2.941,2.407,31837900.0,20000.0,85973149.5,54387.59999999404,0.0,0.0,20230824,20230824,133728254,2.674,0.0,0.0,2.719,2.718,2.717,2.716,2.715,0.0,0.0,0.0,0.0,0.0,2.721,2.722,2.723,2.724,2.725,0.0,0.0,0.0,0.0,0.0,124100.0,155300.0,664200.0,490900.0,217100.0,0.0,0.0,0.0,0.0,0.0,300.0,51500.0,113600.0,480900.0,361700.0,0.0,0.0,0.0,0.0,0.0
20230824133733036,SZSE,SZSE.ETF.159901,2.719,2.686,2.728,2.68,0.0,2.941,2.407,31837900.0,0.0,85973149.5,0.0,0.0,0.0,20230824,20230824,133733035,2.674,0.0,0.0,2.719,2.718,2.717,2.716,2.715,0.0,0.0,0.0,0.0,0.0,2.72,2.721,2.722,2.723,2.724,0.0,0.0,0.0,0.0,0.0,224100.0,15300.0,676200.0,568900.0,217100.0,0.0,0.0,0.0,0.0,0.0,1000.0,300.0,51500.0,163600.0,430900.0,0.0,0.0,0.0,0.0,0.0
20230824133731288,SZSE,SZSE.ETF.159901,2.719,2.686,2.728,2.68,0.0,2.941,2.407,31837900.0,0.0,85973149.5,0.0,0.0,0.0,20230824,20230824,133731286,2.674,0.0,0.0,2.719,2.718,2.717,2.716,2.715,0.0,0.0,0.0,0.0,0.0,2.72,2.721,2.722,2.723,2.724,0.0,0.0,0.0,0.0,0.0,224100.0,15300.0,676200.0,568900.0,217100.0,0.0,0.0,0.0,0.0,0.0,1000.0,300.0,51500.0,163600.0,430900.0,0.0,0.0,0.0,0.0,0.0
20230824133736048,SZSE,SZSE.ETF.159901,2.719,2.686,2.728,2.68,0.0,2.941,2.407,31857900.0,20000.0,86027529.5,54380.0,0.0,0.0,20230824,20230824,133736047,2.674,0.0,0.0,2.719,2.718,2.717,2.716,2.715,0.0,0.0,0.0,0.0,0.0,2.72,2.721,2.722,2.723,2.724,0.0,0.0,0.0,0.0,0.0,204100.0,15300.0,591500.0,653600.0,217100.0,0.0,0.0,0.0,0.0,0.0,1000.0,300.0,51500.0,241600.0,474700.0,0.0,0.0,0.0,0.0,0.0
20230824133734296,SZSE,SZSE.ETF.159901,2.719,2.686,2.728,2.68,0.0,2.941,2.407,31857900.0,20000.0,86027529.5,54380.0,0.0,0.0,20230824,20230824,133734298,2.674,0.0,0.0,2.719,2.718,2.717,2.716,2.715,0.0,0.0,0.0,0.0,0.0,2.72,2.721,2.722,2.723,2.724,0.0,0.0,0.0,0.0,0.0,204100.0,15300.0,591500.0,653600.0,217100.0,0.0,0.0,0.0,0.0,0.0,1000.0,300.0,51500.0,241600.0,474700.0,0.0,0.0,0.0,0.0,0.0
20230824133738988,SZSE,SZSE.ETF.159901,2.719,2.686,2.728,2.68,0.0,2.941,2.407,31857900.0,0.0,86027529.5,0.0,0.0,0.0,20230824,20230824,133738989,2.674,0.0,0.0,2.719,2.718,2.717,2.716,2.715,0.0,0.0,0.0,0.0,0.0,2.72,2.721,2.722,2.723,2.724,0.0,0.0,0.0,0.0,0.0,204100.0,15300.0,541400.0,653600.0,267200.0,0.0,0.0,0.0,0.0,0.0,1000.0,300.0,51500.0,241600.0,474700.0,0.0,0.0,0.0,0.0,0.0
20230824133737240,SZSE,SZSE.ETF.159901,2.719,2.686,2.728,2.68,0.0,2.941,2.407,31857900.0,0.0,86027529.5,0.0,0.0,0.0,20230824,20230824,133737240,2.674,0.0,0.0,2.719,2.718,2.717,2.716,2.715,0.0,0.0,0.0,0.0,0.0,2.72,2.721,2.722,2.723,2.724,0.0,0.0,0.0,0.0,0.0,204100.0,15300.0,541400.0,653600.0,267200.0,0.0,0.0,0.0,0.0,0.0,1000.0,300.0,51500.0,241600.0,474700.0,0.0,0.0,0.0,0.0,0.0
20230824133743284,SZSE,SZSE.ETF.159901,2.719,2.686,2.728,2.68,0.0,2.941,2.407,31877900.0,20000.0,86081909.5,54380.0,0.0,0.0,20230824,20230824,133743283,2.674,0.0,0.0,2.719,2.718,2.717,2.716,2.715,0.0,0.0,0.0,0.0,0.0,2.721,2.722,2.723,2.724,2.725,0.0,0.0,0.0,0.0,0.0,160000.0,55300.0,541400.0,653600.0,267200.0,0.0,0.0,0.0,0.0,0.0,40300.0,11500.0,241600.0,434700.0,279900.0,0.0,0.0,0.0,0.0,0.0
20230824133745032,SZSE,SZSE.ETF.159901,2.719,2.686,2.728,2.68,0.0,2.941,2.407,31877900.0,20000.0,86081909.5,54380.0,0.0,0.0,20230824,20230824,133745034,2.674,0.0,0.0,2.719,2.718,2.717,2.716,2.715,0.0,0.0,0.0,0.0,0.0,2.721,2.722,2.723,2.724,2.725,0.0,0.0,0.0,0.0,0.0,160000.0,55300.0,541400.0,653600.0,267200.0,0.0,0.0,0.0,0.0,0.0,40300.0,11500.0,241600.0,434700.0,279900.0,0.0,0.0,0.0,0.0,0.0
20230824133748016,SZSE,SZSE.ETF.159901,2.719,2.686,2.728,2.68,0.0,2.941,2.407,31878900.0,1000.0,86084628.5,2719.0,0.0,0.0,20230824,20230824,133748014,2.674,0.0,0.0,2.719,2.718,2.717,2.716,2.715,0.0,0.0,0.0,0.0,0.0,2.721,2.722,2.723,2.724,2.725,0.0,0.0,0.0,0.0,0.0,159000.0,55300.0,676200.0,568900.0,217100.0,0.0,0.0,0.0,0.0,0.0,300.0,51500.0,363600.0,430900.0,361800.0,0.0,0.0,0.0,0.0,0.0
20230824133746264,SZSE,SZSE.ETF.159901,2.719,2.686,2.728,2.68,0.0,2.941,2.407,31878900.0,1000.0,86084628.5,2719.0,0.0,0.0,20230824,20230824,133746265,2.674,0.0,0.0,2.719,2.718,2.717,2.716,2.715,0.0,0.0,0.0,0.0,0.0,2.721,2.722,2.723,2.724,2.725,0.0,0.0,0.0,0.0,0.0,159000.0,55300.0,676200.0,568900.0,217100.0,0.0,0.0,0.0,0.0,0.0,300.0,51500.0,363600.0,430900.0,361800.0,0.0,0.0,0.0,0.0,0.0
20230824133751040,SZSE,SZSE.ETF.159901,2.718,2.686,2.728,2.68,0.0,2.941,2.407,31898900.0,20000.0,86138988.5,54360.0,0.0,0.0,20230824,20230824,133751042,2.674,0.0,0.0,2.718,2.717,2.716,2.715,2.714,0.0,0.0,0.0,0.0,0.0,2.721,2.722,2.723,2.724,2.725,0.0,0.0,0.0,0.0,0.0,100000.0,676200.0,568900.0,217100.0,57500.0,0.0,0.0,0.0,0.0,0.0,40300.0,11500.0,423600.0,370900.0,361800.0,0.0,0.0,0.0,0.0,0.0
20230824133749292,SZSE,SZSE.ETF.159901,2.718,2.686,2.728,2.68,0.0,2.941,2.407,31898900.0,20000.0,86138988.5,54360.0,0.0,0.0,20230824,20230824,133749292,2.674,0.0,0.0,2.718,2.717,2.716,2.715,2.714,0.0,0.0,0.0,0.0,0.0,2.721,2.722,2.723,2.724,2.725,0.0,0.0,0.0,0.0,0.0,100000.0,676200.0,568900.0,217100.0,57500.0,0.0,0.0,0.0,0.0,0.0,40300.0,11500.0,423600.0,370900.0,361800.0,0.0,0.0,0.0,0.0,0.0
20230824133754024,SZSE,SZSE.ETF.159901,2.718,2.686,2.728,2.68,0.0,2.941,2.407,31898900.0,0.0,86138988.5,0.0,0.0,0.0,20230824,20230824,133754022,2.674,0.0,0.0,2.718,2.717,2.716,2.715,2.714,0.0,0.0,0.0,0.0,0.0,2.721,2.722,2.723,2.724,2.725,0.0,0.0,0.0,0.0,0.0,200000.0,505000.0,1312000.0,345200.0,57500.0,0.0,0.0,0.0,0.0,0.0,40300.0,11500.0,223600.0,451800.0,281000.0,0.0,0.0,0.0,0.0,0.0
20230824133752272,SZSE,SZSE.ETF.159901,2.718,2.686,2.728,2.68,0.0,2.941,2.407,31898900.0,0.0,86138988.5,0.0,0.0,0.0,20230824,20230824,133752272,2.674,0.0,0.0,2.718,2.717,2.716,2.715,2.714,0.0,0.0,0.0,0.0,0.0,2.721,2.722,2.723,2.724,2.725,0.0,0.0,0.0,0.0,0.0,200000.0,505000.0,1312000.0,345200.0,57500.0,0.0,0.0,0.0,0.0,0.0,40300.0,11500.0,223600.0,451800.0,281000.0,0.0,0.0,0.0,0.0,0.0
20230824140539056,SZSE,SZSE.ETF.159901,2.717,2.686,2.728,2.68,0.0,2.941,2.407,34622000.0,0.0,93541470.4,0.0,0.0,0.0,20230824,20230824,140539057,2.674,0.0,0.0,2.717,2.716,2.715,2.714,2.713,0.0,0.0,0.0,0.0,0.0,2.718,2.719,2.72,2.721,2.722,0.0,0.0,0.0,0.0,0.0,100000.0,40200.0,378200.0,608500.0,160500.0,0.0,0.0,0.0,0.0,0.0,1400.0,237500.0,281300.0,110300.0,381600.0,0.0,0.0,0.0,0.0,0.0
20230824140537192,SZSE,SZSE.ETF.159901,2.717,2.686,2.728,2.68,0.0,2.941,2.407,34622000.0,0.0,93541470.4,0.0,0.0,0.0,20230824,20230824,140537193,2.674,0.0,0.0,2.717,2.716,2.715,2.714,2.713,0.0,0.0,0.0,0.0,0.0,2.718,2.719,2.72,2.721,2.722,0.0,0.0,0.0,0.0,0.0,100000.0,40200.0,378200.0,608500.0,160500.0,0.0,0.0,0.0,0.0,0.0,1400.0,237500.0,281300.0,110300.0,381600.0,0.0,0.0,0.0,0.0,0.0
20230824140542064,SZSE,SZSE.ETF.159901,2.717,2.686,2.728,2.68,0.0,2.941,2.407,34622000.0,0.0,93541470.4,0.0,0.0,0.0,20230824,20230824,140542065,2.674,0.0,0.0,2.717,2.716,2.715,2.714,2.713,0.0,0.0,0.0,0.0,0.0,2.718,2.719,2.72,2.721,2.722,0.0,0.0,0.0,0.0,0.0,100000.0,40200.0,428300.0,608500.0,110400.0,0.0,0.0,0.0,0.0,0.0,1400.0,237500.0,281300.0,110300.0,381600.0,0.0,0.0,0.0,0.0,0.0
20230824140540200,SZSE,SZSE.ETF.159901,2.717,2.686,2.728,2.68,0.0,2.941,2.407,34622000.0,0.0,93541470.4,0.0,0.0,0.0,20230824,20230824,140540201,2.674,0.0,0.0,2.717,2.716,2.715,2.714,2.713,0.0,0.0,0.0,0.0,0.0,2.718,2.719,2.72,2.721,2.722,0.0,0.0,0.0,0.0,0.0,100000.0,40200.0,428300.0,608500.0,110400.0,0.0,0.0,0.0,0.0,0.0,1400.0,237500.0,281300.0,110300.0,381600.0,0.0,0.0,0.0,0.0,0.0
20230824140545060,SZSE,SZSE.ETF.159901,2.717,2.686,2.728,2.68,0.0,2.941,2.407,34622000.0,0.0,93541470.4,0.0,0.0,0.0,20230824,20230824,140545059,2.674,0.0,0.0,2.717,2.716,2.715,2.714,2.713,0.0,0.0,0.0,0.0,0.0,2.718,2.719,2.72,2.721,2.722,0.0,0.0,0.0,0.0,0.0,100000.0,40200.0,378200.0,608500.0,160500.0,0.0,0.0,0.0,0.0,0.0,2400.0,237500.0,281300.0,110300.0,381600.0,0.0,0.0,0.0,0.0,0.0
20230824140543196,SZSE,SZSE.ETF.159901,2.717,2.686,2.728,2.68,0.0,2.941,2.407,34622000.0,0.0,93541470.4,0.0,0.0,0.0,20230824,20230824,140543195,2.674,0.0,0.0,2.717,2.716,2.715,2.714,2.713,0.0,0.0,0.0,0.0,0.0,2.718,2.719,2.72,2.721,2.722,0.0,0.0,0.0,0.0,0.0,100000.0,40200.0,378200.0,608500.0,160500.0,0.0,0.0,0.0,0.0,0.0,2400.0,237500.0,281300.0,110300.0,381600.0,0.0,0.0,0.0,0.0,0.0
20230824140548092,SZSE,SZSE.ETF.159901,2.717,2.686,2.728,2.68,0.0,2.941,2.407,34622000.0,0.0,93541470.4,0.0,0.0,0.0,20230824,20230824,140548092,2.674,0.0,0.0,2.717,2.716,2.715,2.714,2.713,0.0,0.0,0.0,0.0,0.0,2.718,2.719,2.72,2.721,2.722,0.0,0.0,0.0,0.0,0.0,100000.0,40200.0,318200.0,668500.0,160500.0,0.0,0.0,0.0,0.0,0.0,2400.0,317500.0,201300.0,170300.0,321600.0,0.0,0.0,0.0,0.0,0.0
20230824140551104,SZSE,SZSE.ETF.159901,2.717,2.686,2.728,2.68,0.0,2.941,2.407,34622000.0,0.0,93541470.4,0.0,0.0,0.0,20230824,20230824,140551104,2.674,0.0,0.0,2.716,2.715,2.714,2.713,2.712,0.0,0.0,0.0,0.0,0.0,2.718,2.719,2.72,2.721,2.722,0.0,0.0,0.0,0.0,0.0,140200.0,218200.0,768500.0,160500.0,58200.0,0.0,0.0,0.0,0.0,0.0,2400.0,317500.0,201300.0,170300.0,421600.0,0.0,0.0,0.0,0.0,0.0
20230824140549240,SZSE,SZSE.ETF.159901,2.717,2.686,2.728,2.68,0.0,2.941,2.407,34622000.0,0.0,93541470.4,0.0,0.0,0.0,20230824,20230824,140549239,2.674,0.0,0.0,2.716,2.715,2.714,2.713,2.712,0.0,0.0,0.0,0.0,0.0,2.718,2.719,2.72,2.721,2.722,0.0,0.0,0.0,0.0,0.0,140200.0,218200.0,768500.0,160500.0,58200.0,0.0,0.0,0.0,0.0,0.0,2400.0,317500.0,201300.0,170300.0,421600.0,0.0,0.0,0.0,0.0,0.0
20230824140552208,SZSE,SZSE.ETF.159901,2.717,2.686,2.728,2.68,0.0,2.941,2.407,34622000.0,0.0,93541470.4,0.0,0.0,0.0,20230824,20230824,140552210,2.674,0.0,0.0,2.716,2.715,2.714,2.713,2.712,0.0,0.0,0.0,0.0,0.0,2.718,2.719,2.72,2.721,2.722,0.0,0.0,0.0,0.0,0.0,190200.0,188200.0,720500.0,238500.0,58200.0,0.0,0.0,0.0,0.0,0.0,2400.0,317500.0,251300.0,60300.0,481600.0,0.0,0.0,0.0,0.0,0.0
20230824140554076,SZSE,SZSE.ETF.159901,2.717,2.686,2.728,2.68,0.0,2.941,2.407,34622000.0,0.0,93541470.4,0.0,0.0,0.0,20230824,20230824,140554075,2.674,0.0,0.0,2.716,2.715,2.714,2.713,2.712,0.0,0.0,0.0,0.0,0.0,2.718,2.719,2.72,2.721,2.722,0.0,0.0,0.0,0.0,0.0,190200.0,188200.0,720500.0,238500.0,58200.0,0.0,0.0,0.0,0.0,0.0,2400.0,317500.0,251300.0,60300.0,481600.0,0.0,0.0,0.0,0.0,0.0
20230824140557076,SZSE,SZSE.ETF.159901,2.716,2.686,2.728,2.68,0.0,2.941,2.407,34638300.0,16300.0,93585741.2,44270.79999999702,0.0,0.0,20230824,20230824,140557075,2.674,0.0,0.0,2.716,2.715,2.714,2.713,2.712,0.0,0.0,0.0,0.0,0.0,2.718,2.719,2.72,2.721,2.722,0.0,0.0,0.0,0.0,0.0,140000.0,188200.0,720500.0,238500.0,58200.0,0.0,0.0,0.0,0.0,0.0,2400.0,317500.0,251300.0,60300.0,481600.0,0.0,0.0,0.0,0.0,0.0
20230824140555212,SZSE,SZSE.ETF.159901,2.716,2.686,2.728,2.68,0.0,2.941,2.407,34638300.0,16300.0,93585741.2,44270.79999999702,0.0,0.0,20230824,20230824,140555211,2.674,0.0,0.0,2.716,2.715,2.714,2.713,2.712,0.0,0.0,0.0,0.0,0.0,2.718,2.719,2.72,2.721,2.722,0.0,0.0,0.0,0.0,0.0,140000.0,188200.0,720500.0,238500.0,58200.0,0.0,0.0,0.0,0.0,0.0,2400.0,317500.0,251300.0,60300.0,481600.0,0.0,0.0,0.0,0.0,0.0
20230824140600056,SZSE,SZSE.ETF.159901,2.716,2.686,2.728,2.68,0.0,2.941,2.407,34638300.0,0.0,93585741.2,0.0,0.0,0.0,20230824,20230824,140600056,2.674,0.0,0.0,2.716,2.715,2.714,2.713,2.712,0.0,0.0,0.0,0.0,0.0,2.718,2.719,2.72,2.721,2.722,0.0,0.0,0.0,0.0,0.0,100000.0,128200.0,720500.0,238500.0,58200.0,0.0,0.0,0.0,0.0,0.0,2400.0,317500.0,256300.0,60300.0,481600.0,0.0,0.0,0.0,0.0,0.0
20230824140558192,SZSE,SZSE.ETF.159901,2.716,2.686,2.728,2.68,0.0,2.941,2.407,34638300.0,0.0,93585741.2,0.0,0.0,0.0,20230824,20230824,140558192,2.674,0.0,0.0,2.716,2.715,2.714,2.713,2.712,0.0,0.0,0.0,0.0,0.0,2.718,2.719,2.72,2.721,2.722,0.0,0.0,0.0,0.0,0.0,100000.0,128200.0,720500.0,238500.0,58200.0,0.0,0.0,0.0,0.0,0.0,2400.0,317500.0,256300.0,60300.0,481600.0,0.0,0.0,0.0,0.0,0.0
20230824140601256,SZSE,SZSE.ETF.159901,2.716,2.686,2.728,2.68,0.0,2.941,2.407,34638300.0,0.0,93585741.2,0.0,0.0,0.0,20230824,20230824,140601254,2.674,0.0,0.0,2.716,2.715,2.714,2.713,2.712,0.0,0.0,0.0,0.0,0.0,2.718,2.719,2.72,2.721,2.722,0.0,0.0,0.0,0.0,0.0,140000.0,188200.0,1383200.0,275800.0,58200.0,0.0,0.0,0.0,0.0,0.0,2400.0,317500.0,256300.0,60300.0,481600.0,0.0,0.0,0.0,0.0,0.0
20230824140603120,SZSE,SZSE.ETF.159901,2.716,2.686,2.728,2.68,0.0,2.941,2.407,34638300.0,0.0,93585741.2,0.0,0.0,0.0,20230824,20230824,140603121,2.674,0.0,0.0,2.716,2.715,2.714,2.713,2.712,0.0,0.0,0.0,0.0,0.0,2.718,2.719,2.72,2.721,2.722,0.0,0.0,0.0,0.0,0.0,140000.0,188200.0,1383200.0,275800.0,58200.0,0.0,0.0,0.0,0.0,0.0,2400.0,317500.0,256300.0,60300.0,481600.0,0.0,0.0,0.0,0.0,0.0
20230824140606136,SZSE,SZSE.ETF.159901,2.716,2.686,2.728,2.68,0.0,2.941,2.407,34638300.0,0.0,93585741.2,0.0,0.0,0.0,20230824,20230824,140606135,2.674,0.0,0.0,2.716,2.715,2.714,2.713,2.712,0.0,0.0,0.0,0.0,0.0,2.718,2.719,2.72,2.721,2.722,0.0,0.0,0.0,0.0,0.0,100000.0,228200.0,1420500.0,238500.0,58200.0,0.0,0.0,0.0,0.0,0.0,2400.0,317500.0,256500.0,60300.0,481600.0,0.0,0.0,0.0,0.0,0.0
20230824140604272,SZSE,SZSE.ETF.159901,2.716,2.686,2.728,2.68,0.0,2.941,2.407,34638300.0,0.0,93585741.2,0.0,0.0,0.0,20230824,20230824,140604272,2.674,0.0,0.0,2.716,2.715,2.714,2.713,2.712,0.0,0.0,0.0,0.0,0.0,2.718,2.719,2.72,2.721,2.722,0.0,0.0,0.0,0.0,0.0,100000.0,228200.0,1420500.0,238500.0,58200.0,0.0,0.0,0.0,0.0,0.0,2400.0,317500.0,256500.0,60300.0,481600.0,0.0,0.0,0.0,0.0,0.0
20230824140609120,SZSE,SZSE.ETF.159901,2.716,2.686,2.728,2.68,0.0,2.941,2.407,34638300.0,0.0,93585741.2,0.0,0.0,0.0,20230824,20230824,140609121,2.674,0.0,0.0,2.716,2.715,2.714,2.713,2.712,0.0,0.0,0.0,0.0,0.0,2.718,2.719,2.72,2.721,2.722,0.0,0.0,0.0,0.0,0.0,100000.0,128200.0,720500.0,234500.0,158200.0,0.0,0.0,0.0,0.0,0.0,42400.0,77500.0,256500.0,60300.0,581600.0,0.0,0.0,0.0,0.0,0.0
20230824140612128,SZSE,SZSE.ETF.159901,2.716,2.686,2.728,2.68,0.0,2.941,2.407,34638300.0,0.0,93585741.2,0.0,0.0,0.0,20230824,20230824,140612130,2.674,0.0,0.0,2.716,2.715,2.714,2.713,2.712,0.0,0.0,0.0,0.0,0.0,2.718,2.719,2.72,2.721,2.722,0.0,0.0,0.0,0.0,0.0,100000.0,68200.0,1398900.0,316100.0,58200.0,0.0,0.0,0.0,0.0,0.0,2400.0,317500.0,256500.0,120300.0,377500.0,0.0,0.0,0.0,0.0,0.0
20230824140610264,SZSE,SZSE.ETF.159901,2.716,2.686,2.728,2.68,0.0,2.941,2.407,34638300.0,0.0,93585741.2,0.0,0.0,0.0,20230824,20230824,140610266,2.674,0.0,0.0,2.716,2.715,2.714,2.713,2.712,0.0,0.0,0.0,0.0,0.0,2.718,2.719,2.72,2.721,2.722,0.0,0.0,0.0,0.0,0.0,100000.0,68200.0,1398900.0,316100.0,58200.0,0.0,0.0,0.0,0.0,0.0,2400.0,317500.0,256500.0,120300.0,377500.0,0.0,0.0,0.0,0.0,0.0
20230824140615216,SZSE,SZSE.ETF.159901,2.716,2.686,2.728,2.68,0.0,2.941,2.407,34638300.0,0.0,93585741.2,0.0,0.0,0.0,20230824,20230824,140615216,2.674,0.0,0.0,2.717,2.716,2.715,2.714,2.713,0.0,0.0,0.0,0.0,0.0,2.718,2.719,2.72,2.721,2.722,0.0,0.0,0.0,0.0,0.0,3600.0,100000.0,68200.0,580500.0,434500.0,0.0,0.0,0.0,0.0,0.0,47400.0,277500.0,256500.0,120300.0,521600.0,0.0,0.0,0.0,0.0,0.0
20230824140613352,SZSE,SZSE.ETF.159901,2.716,2.686,2.728,2.68,0.0,2.941,2.407,34638300.0,0.0,93585741.2,0.0,0.0,0.0,20230824,20230824,140613351,2.674,0.0,0.0,2.717,2.716,2.715,2.714,2.713,0.0,0.0,0.0,0.0,0.0,2.718,2.719,2.72,2.721,2.722,0.0,0.0,0.0,0.0,0.0,3600.0,100000.0,68200.0,580500.0,434500.0,0.0,0.0,0.0,0.0,0.0,47400.0,277500.0,256500.0,120300.0,521600.0,0.0,0.0,0.0,0.0,0.0
20230824140618224,SZSE,SZSE.ETF.159901,2.716,2.686,2.728,2.68,0.0,2.941,2.407,34638300.0,0.0,93585741.2,0.0,0.0,0.0,20230824,20230824,140618226,2.674,0.0,0.0,2.716,2.715,2.714,2.713,2.712,0.0,0.0,0.0,0.0,0.0,2.718,2.719,2.72,2.721,2.722,0.0,0.0,0.0,0.0,0.0,100000.0,158200.0,396300.0,478600.0,208300.0,0.0,0.0,0.0,0.0,0.0,47400.0,277500.0,206500.0,210800.0,437000.0,0.0,0.0,0.0,0.0,0.0
20230824140616360,SZSE,SZSE.ETF.159901,2.716,2.686,2.728,2.68,0.0,2.941,2.407,34638300.0,0.0,93585741.2,0.0,0.0,0.0,20230824,20230824,140616361,2.674,0.0,0.0,2.716,2.715,2.714,2.713,2.712,0.0,0.0,0.0,0.0,0.0,2.718,2.719,2.72,2.721,2.722,0.0,0.0,0.0,0.0,0.0,100000.0,158200.0,396300.0,478600.0,208300.0,0.0,0.0,0.0,0.0,0.0,47400.0,277500.0,206500.0,210800.0,437000.0,0.0,0.0,0.0,0.0,0.0
20230824140621152,SZSE,SZSE.ETF.159901,2.716,2.686,2.728,2.68,0.0,2.941,2.407,34638300.0,0.0,93585741.2,0.0,0.0,0.0,20230824,20230824,140621152,2.674,0.0,0.0,2.717,2.716,2.715,2.714,2.713,0.0,0.0,0.0,0.0,0.0,2.718,2.719,2.72,2.721,2.722,0.0,0.0,0.0,0.0,0.0,3600.0,100000.0,68200.0,458400.0,556600.0,0.0,0.0,0.0,0.0,0.0,47400.0,277500.0,256500.0,205000.0,437000.0,0.0,0.0,0.0,0.0,0.0
20230824140619288,SZSE,SZSE.ETF.159901,2.716,2.686,2.728,2.68,0.0,2.941,2.407,34638300.0,0.0,93585741.2,0.0,0.0,0.0,20230824,20230824,140619288,2.674,0.0,0.0,2.717,2.716,2.715,2.714,2.713,0.0,0.0,0.0,0.0,0.0,2.718,2.719,2.72,2.721,2.722,0.0,0.0,0.0,0.0,0.0,3600.0,100000.0,68200.0,458400.0,556600.0,0.0,0.0,0.0,0.0,0.0,47400.0,277500.0,256500.0,205000.0,437000.0,0.0,0.0,0.0,0.0,0.0
20230824140624164,SZSE,SZSE.ETF.159901,2.716,2.686,2.728,2.68,0.0,2.941,2.407,34638300.0,0.0,93585741.2,0.0,0.0,0.0,20230824,20230824,140624163,2.674,0.0,0.0,2.716,2.715,2.714,2.713,2.712,0.0,0.0,0.0,0.0,0.0,2.718,2.719,2.72,2.721,2.722,0.0,0.0,0.0,0.0,0.0,100000.0,158200.0,446400.0,478600.0,158200.0,0.0,0.0,0.0,0.0,0.0,47400.0,277500.0,206500.0,255000.0,437000.0,0.0,0.0,0.0,0.0,0.0
20230824140627176,SZSE,SZSE.ETF.159901,2.716,2.686,2.728,2.68,0.0,2.941,2.407,34638300.0,0.0,93585741.2,0.0,0.0,0.0,20230824,20230824,140627176,2.674,0.0,0.0,2.716,2.715,2.714,2.713,2.712,0.0,0.0,0.0,0.0,0.0,2.718,2.719,2.72,2.721,2.722,0.0,0.0,0.0,0.0,0.0,100000.0,68200.0,398400.0,616600.0,158200.0,0.0,0.0,0.0,0.0,0.0,47400.0,277500.0,316500.0,145000.0,437000.0,0.0,0.0,0.0,0.0,0.0
20230824140630136,SZSE,SZSE.ETF.159901,2.716,2.686,2.728,2.68,0.0,2.941,2.407,34638300.0,0.0,93585741.2,0.0,0.0,0.0,20230824,20230824,140630134,2.674,0.0,0.0,2.716,2.715,2.714,2.713,2.712,0.0,0.0,0.0,0.0,0.0,2.718,2.719,2.72,2.721,2.722,0.0,0.0,0.0,0.0,0.0,100000.0,68200.0,398400.0,616600.0,158200.0,0.0,0.0,0.0,0.0,0.0,87400.0,237500.0,316500.0,145000.0,437000.0,0.0,0.0,0.0,0.0,0.0
20230824140628272,SZSE,SZSE.ETF.159901,2.716,2.686,2.728,2.68,0.0,2.941,2.407,34638300.0,0.0,93585741.2,0.0,0.0,0.0,20230824,20230824,140628270,2.674,0.0,0.0,2.716,2.715,2.714,2.713,2.712,0.0,0.0,0.0,0.0,0.0,2.718,2.719,2.72,2.721,2.722,0.0,0.0,0.0,0.0,0.0,100000.0,68200.0,398400.0,616600.0,158200.0,0.0,0.0,0.0,0.0,0.0,87400.0,237500.0,316500.0,145000.0,437000.0,0.0,0.0,0.0,0.0,0.0
20230824140703116,SZSE,SZSE.ETF.159901,2.715,2.686,2.728,2.68,0.0,2.941,2.407,34683600.0,400.0,93708775.6,1086.0,0.0,0.0,20230824,20230824,140703115,2.674,0.0,0.0,2.715,2.714,2.713,2.712,2.711,0.0,0.0,0.0,0.0,0.0,2.717,2.718,2.719,2.72,2.721,0.0,0.0,0.0,0.0,0.0,27800.0,48300.0,587100.0,583600.0,260900.0,0.0,0.0,0.0,0.0,0.0,80000.0,211000.0,247500.0,140700.0,336200.0,0.0,0.0,0.0,0.0,0.0
20230824140701252,SZSE,SZSE.ETF.159901,2.715,2.686,2.728,2.68,0.0,2.941,2.407,34683600.0,400.0,93708775.6,1086.0,0.0,0.0,20230824,20230824,140701251,2.674,0.0,0.0,2.715,2.714,2.713,2.712,2.711,0.0,0.0,0.0,0.0,0.0,2.717,2.718,2.719,2.72,2.721,0.0,0.0,0.0,0.0,0.0,27800.0,48300.0,587100.0,583600.0,260900.0,0.0,0.0,0.0,0.0,0.0,80000.0,211000.0,247500.0,140700.0,336200.0,0.0,0.0,0.0,0.0,0.0
20230824140706092,SZSE,SZSE.ETF.159901,2.715,2.686,2.728,2.68,0.0,2.941,2.407,34707600.0,24000.0,93773935.6,65160.0,0.0,0.0,20230824,20230824,140706093,2.674,0.0,0.0,2.715,2.714,2.713,2.712,2.711,0.0,0.0,0.0,0.0,0.0,2.717,2.718,2.719,2.72,2.721,0.0,0.0,0.0,0.0,0.0,3800.0,48300.0,497000.0,623600.0,211000.0,0.0,0.0,0.0,0.0,0.0,80000.0,311000.0,87500.0,300700.0,236200.0,0.0,0.0,0.0,0.0,0.0
20230824140704228,SZSE,SZSE.ETF.159901,2.715,2.686,2.728,2.68,0.0,2.941,2.407,34707600.0,24000.0,93773935.6,65160.0,0.0,0.0,20230824,20230824,140704228,2.674,0.0,0.0,2.715,2.714,2.713,2.712,2.711,0.0,0.0,0.0,0.0,0.0,2.717,2.718,2.719,2.72,2.721,0.0,0.0,0.0,0.0,0.0,3800.0,48300.0,497000.0,623600.0,211000.0,0.0,0.0,0.0,0.0,0.0,80000.0,311000.0,87500.0,300700.0,236200.0,0.0,0.0,0.0,0.0,0.0
20230824140709108,SZSE,SZSE.ETF.159901,2.715,2.686,2.728,2.68,0.0,2.941,2.407,34707600.0,0.0,93773935.6,0.0,0.0,0.0,20230824,20230824,140709107,2.674,0.0,0.0,2.715,2.714,2.713,2.712,2.711,0.0,0.0,0.0,0.0,0.0,2.717,2.718,2.719,2.72,2.721,0.0,0.0,0.0,0.0,0.0,3800.0,8300.0,537000.0,623600.0,211000.0,0.0,0.0,0.0,0.0,0.0,80000.0,311000.0,87500.0,256500.0,236200.0,0.0,0.0,0.0,0.0,0.0
20230824140707244,SZSE,SZSE.ETF.159901,2.715,2.686,2.728,2.68,0.0,2.941,2.407,34707600.0,0.0,93773935.6,0.0,0.0,0.0,20230824,20230824,140707243,2.674,0.0,0.0,2.715,2.714,2.713,2.712,2.711,0.0,0.0,0.0,0.0,0.0,2.717,2.718,2.719,2.72,2.721,0.0,0.0,0.0,0.0,0.0,3800.0,8300.0,537000.0,623600.0,211000.0,0.0,0.0,0.0,0.0,0.0,80000.0,311000.0,87500.0,256500.0,236200.0,0.0,0.0,0.0,0.0,0.0
20230824140712100,SZSE,SZSE.ETF.159901,2.715,2.686,2.728,2.68,0.0,2.941,2.407,34707600.0,0.0,93773935.6,0.0,0.0,0.0,20230824,20230824,140712101,2.674,0.0,0.0,2.715,2.714,2.713,2.712,2.711,0.0,0.0,0.0,0.0,0.0,2.717,2.718,2.719,2.72,2.721,0.0,0.0,0.0,0.0,0.0,3800.0,11900.0,587000.0,623600.0,211000.0,0.0,0.0,0.0,0.0,0.0,80000.0,311000.0,181700.0,256500.0,236200.0,0.0,0.0,0.0,0.0,0.0
20230824140710236,SZSE,SZSE.ETF.159901,2.715,2.686,2.728,2.68,0.0,2.941,2.407,34707600.0,0.0,93773935.6,0.0,0.0,0.0,20230824,20230824,140710237,2.674,0.0,0.0,2.715,2.714,2.713,2.712,2.711,0.0,0.0,0.0,0.0,0.0,2.717,2.718,2.719,2.72,2.721,0.0,0.0,0.0,0.0,0.0,3800.0,11900.0,587000.0,623600.0,211000.0,0.0,0.0,0.0,0.0,0.0,80000.0,311000.0,181700.0,256500.0,236200.0,0.0,0.0,0.0,0.0,0.0
20230824140713184,SZSE,SZSE.ETF.159901,2.715,2.686,2.728,2.68,0.0,2.941,2.407,34707600.0,0.0,93773935.6,0.0,0.0,0.0,20230824,20230824,140713186,2.674,0.0,0.0,2.715,2.714,2.713,2.712,2.711,0.0,0.0,0.0,0.0,0.0,2.717,2.718,2.719,2.72,2.721,0.0,0.0,0.0,0.0,0.0,3800.0,48400.0,497000.0,623600.0,211000.0,0.0,0.0,0.0,0.0,0.0,80000.0,311000.0,131700.0,256500.0,236200.0,0.0,0.0,0.0,0.0,0.0
20230824140715052,SZSE,SZSE.ETF.159901,2.715,2.686,2.728,2.68,0.0,2.941,2.407,34707600.0,0.0,93773935.6,0.0,0.0,0.0,20230824,20230824,140715053,2.674,0.0,0.0,2.715,2.714,2.713,2.712,2.711,0.0,0.0,0.0,0.0,0.0,2.717,2.718,2.719,2.72,2.721,0.0,0.0,0.0,0.0,0.0,3800.0,48400.0,497000.0,623600.0,211000.0,0.0,0.0,0.0,0.0,0.0,80000.0,311000.0,131700.0,256500.0,236200.0,0.0,0.0,0.0,0.0,0.0
20230824140716180,SZSE,SZSE.ETF.159901,2.715,2.686,2.728,2.68,0.0,2.941,2.407,34707600.0,0.0,93773935.6,0.0,0.0,0.0,20230824,20230824,140716180,2.674,0.0,0.0,2.715,2.714,2.713,2.712,2.711,0.0,0.0,0.0,0.0,0.0,2.717,2.718,2.719,2.72,2.721,0.0,0.0,0.0,0.0,0.0,3800.0,268400.0,377000.0,423500.0,211000.0,0.0,0.0,0.0,0.0,0.0,80000.0,111000.0,331700.0,196500.0,196200.0,0.0,0.0,0.0,0.0,0.0
20230824140718080,SZSE,SZSE.ETF.159901,2.715,2.686,2.728,2.68,0.0,2.941,2.407,34707600.0,0.0,93773935.6,0.0,0.0,0.0,20230824,20230824,140718081,2.674,0.0,0.0,2.715,2.714,2.713,2.712,2.711,0.0,0.0,0.0,0.0,0.0,2.717,2.718,2.719,2.72,2.721,0.0,0.0,0.0,0.0,0.0,3800.0,268400.0,377000.0,423500.0,211000.0,0.0,0.0,0.0,0.0,0.0,80000.0,111000.0,331700.0,196500.0,196200.0,0.0,0.0,0.0,0.0,0.0
20230824140721056,SZSE,SZSE.ETF.159901,2.715,2.686,2.728,2.68,0.0,2.941,2.407,34707600.0,0.0,93773935.6,0.0,0.0,0.0,20230824,20230824,140721054,2.674,0.0,0.0,2.715,2.714,2.713,2.712,2.711,0.0,0.0,0.0,0.0,0.0,2.717,2.718,2.719,2.72,2.721,0.0,0.0,0.0,0.0,0.0,3800.0,208400.0,537000.0,423500.0,211000.0,0.0,0.0,0.0,0.0,0.0,90200.0,111000.0,331700.0,256500.0,236200.0,0.0,0.0,0.0,0.0,0.0
20230824140719192,SZSE,SZSE.ETF.159901,2.715,2.686,2.728,2.68,0.0,2.941,2.407,34707600.0,0.0,93773935.6,0.0,0.0,0.0,20230824,20230824,140719190,2.674,0.0,0.0,2.715,2.714,2.713,2.712,2.711,0.0,0.0,0.0,0.0,0.0,2.717,2.718,2.719,2.72,2.721,0.0,0.0,0.0,0.0,0.0,3800.0,208400.0,537000.0,423500.0,211000.0,0.0,0.0,0.0,0.0,0.0,90200.0,111000.0,331700.0,256500.0,236200.0,0.0,0.0,0.0,0.0,0.0
20230824140724080,SZSE,SZSE.ETF.159901,2.715,2.686,2.728,2.68,0.0,2.941,2.407,34707600.0,0.0,93773935.6,0.0,0.0,0.0,20230824,20230824,140724078,2.674,0.0,0.0,2.715,2.714,2.713,2.712,2.711,0.0,0.0,0.0,0.0,0.0,2.716,2.717,2.718,2.719,2.72,0.0,0.0,0.0,0.0,0.0,3800.0,8400.0,537000.0,423500.0,211000.0,0.0,0.0,0.0,0.0,0.0,5000.0,90200.0,311000.0,331700.0,256500.0,0.0,0.0,0.0,0.0,0.0
20230824140722216,SZSE,SZSE.ETF.159901,2.715,2.686,2.728,2.68,0.0,2.941,2.407,34707600.0,0.0,93773935.6,0.0,0.0,0.0,20230824,20230824,140722215,2.674,0.0,0.0,2.715,2.714,2.713,2.712,2.711,0.0,0.0,0.0,0.0,0.0,2.716,2.717,2.718,2.719,2.72,0.0,0.0,0.0,0.0,0.0,3800.0,8400.0,537000.0,423500.0,211000.0,0.0,0.0,0.0,0.0,0.0,5000.0,90200.0,311000.0,331700.0,256500.0,0.0,0.0,0.0,0.0,0.0
20230824140727128,SZSE,SZSE.ETF.159901,2.715,2.686,2.728,2.68,0.0,2.941,2.407,34707600.0,0.0,93773935.6,0.0,0.0,0.0,20230824,20230824,140727128,2.674,0.0,0.0,2.715,2.714,2.713,2.712,2.711,0.0,0.0,0.0,0.0,0.0,2.716,2.717,2.718,2.719,2.72,0.0,0.0,0.0,0.0,0.0,3800.0,8400.0,136400.0,686800.0,248300.0,0.0,0.0,0.0,0.0,0.0,5000.0,90200.0,311000.0,187500.0,372400.0,0.0,0.0,0.0,0.0,0.0
20230824140725264,SZSE,SZSE.ETF.159901,2.715,2.686,2.728,2.68,0.0,2.941,2.407,34707600.0,0.0,93773935.6,0.0,0.0,0.0,20230824,20230824,140725263,2.674,0.0,0.0,2.715,2.714,2.713,2.712,2.711,0.0,0.0,0.0,0.0,0.0,2.716,2.717,2.718,2.719,2.72,0.0,0.0,0.0,0.0,0.0,3800.0,8400.0,136400.0,686800.0,248300.0,0.0,0.0,0.0,0.0,0.0,5000.0,90200.0,311000.0,187500.0,372400.0,0.0,0.0,0.0,0.0,0.0
20230824140730112,SZSE,SZSE.ETF.159901,2.715,2.686,2.728,2.68,0.0,2.941,2.407,34707600.0,0.0,93773935.6,0.0,0.0,0.0,20230824,20230824,140730113,2.674,0.0,0.0,2.715,2.714,2.713,2.712,2.711,0.0,0.0,0.0,0.0,0.0,2.716,2.717,2.718,2.719,2.72,0.0,0.0,0.0,0.0,0.0,7400.0,8400.0,136400.0,686800.0,248300.0,0.0,0.0,0.0,0.0,0.0,85000.0,10200.0,311000.0,187500.0,416800.0,0.0,0.0,0.0,0.0,0.0
20230824140728248,SZSE,SZSE.ETF.159901,2.715,2.686,2.728,2.68,0.0,2.941,2.407,34707600.0,0.0,93773935.6,0.0,0.0,0.0,20230824,20230824,140728249,2.674,0.0,0.0,2.715,2.714,2.713,2.712,2.711,0.0,0.0,0.0,0.0,0.0,2.716,2.717,2.718,2.719,2.72,0.0,0.0,0.0,0.0,0.0,7400.0,8400.0,136400.0,686800.0,248300.0,0.0,0.0,0.0,0.0,0.0,85000.0,10200.0,311000.0,187500.0,416800.0,0.0,0.0,0.0,0.0,0.0
20230824140733132,SZSE,SZSE.ETF.159901,2.715,2.686,2.728,2.68,0.0,2.941,2.407,34707600.0,0.0,93773935.6,0.0,0.0,0.0,20230824,20230824,140733131,2.674,0.0,0.0,2.715,2.714,2.713,2.712,2.711,0.0,0.0,0.0,0.0,0.0,2.716,2.717,2.718,2.719,2.72,0.0,0.0,0.0,0.0,0.0,3800.0,8500.0,136400.0,686800.0,248300.0,0.0,0.0,0.0,0.0,0.0,95900.0,210200.0,311000.0,187500.0,372600.0,0.0,0.0,0.0,0.0,0.0
20230824140731268,SZSE,SZSE.ETF.159901,2.715,2.686,2.728,2.68,0.0,2.941,2.407,34707600.0,0.0,93773935.6,0.0,0.0,0.0,20230824,20230824,140731267,2.674,0.0,0.0,2.715,2.714,2.713,2.712,2.711,0.0,0.0,0.0,0.0,0.0,2.716,2.717,2.718,2.719,2.72,0.0,0.0,0.0,0.0,0.0,3800.0,8500.0,136400.0,686800.0,248300.0,0.0,0.0,0.0,0.0,0.0,95900.0,210200.0,311000.0,187500.0,372600.0,0.0,0.0,0.0,0.0,0.0
20230824140736140,SZSE,SZSE.ETF.159901,2.715,2.686,2.728,2.68,0.0,2.941,2.407,34707600.0,0.0,93773935.6,0.0,0.0,0.0,20230824,20230824,140736141,2.674,0.0,0.0,2.715,2.714,2.713,2.712,2.711,0.0,0.0,0.0,0.0,0.0,2.716,2.717,2.718,2.719,2.72,0.0,0.0,0.0,0.0,0.0,3800.0,12100.0,136400.0,626800.0,308300.0,0.0,0.0,0.0,0.0,0.0,95900.0,210200.0,371000.0,171700.0,372600.0,0.0,0.0,0.0,0.0,0.0
20230824140734280,SZSE,SZSE.ETF.159901,2.715,2.686,2.728,2.68,0.0,2.941,2.407,34707600.0,0.0,93773935.6,0.0,0.0,0.0,20230824,20230824,140734280,2.674,0.0,0.0,2.715,2.714,2.713,2.712,2.711,0.0,0.0,0.0,0.0,0.0,2.716,2.717,2.718,2.719,2.72,0.0,0.0,0.0,0.0,0.0,3800.0,12100.0,136400.0,626800.0,308300.0,0.0,0.0,0.0,0.0,0.0,95900.0,210200.0,371000.0,171700.0,372600.0,0.0,0.0,0.0,0.0,0.0
20230824140739108,SZSE,SZSE.ETF.159901,2.715,2.686,2.728,2.68,0.0,2.941,2.407,34707600.0,0.0,93773935.6,0.0,0.0,0.0,20230824,20230824,140739109,2.674,0.0,0.0,2.715,2.714,2.713,2.712,2.711,0.0,0.0,0.0,0.0,0.0,2.716,2.717,2.718,2.719,2.72,0.0,0.0,0.0,0.0,0.0,3800.0,8500.0,186400.0,626800.0,308300.0,0.0,0.0,0.0,0.0,0.0,95900.0,200000.0,371000.0,221700.0,372600.0,0.0,0.0,0.0,0.0,0.0
20230824140737256,SZSE,SZSE.ETF.159901,2.715,2.686,2.728,2.68,0.0,2.941,2.407,34707600.0,0.0,93773935.6,0.0,0.0,0.0,20230824,20230824,140737256,2.674,0.0,0.0,2.715,2.714,2.713,2.712,2.711,0.0,0.0,0.0,0.0,0.0,2.716,2.717,2.718,2.719,2.72,0.0,0.0,0.0,0.0,0.0,3800.0,8500.0,186400.0,626800.0,308300.0,0.0,0.0,0.0,0.0,0.0,95900.0,200000.0,371000.0,221700.0,372600.0,0.0,0.0,0.0,0.0,0.0
20230824140742140,SZSE,SZSE.ETF.159901,2.715,2.686,2.728,2.68,0.0,2.941,2.407,34707600.0,0.0,93773935.6,0.0,0.0,0.0,20230824,20230824,140742141,2.674,0.0,0.0,2.715,2.714,2.713,2.712,2.711,0.0,0.0,0.0,0.0,0.0,2.716,2.717,2.718,2.719,2.72,0.0,0.0,0.0,0.0,0.0,3800.0,8500.0,136400.0,426800.0,508300.0,0.0,0.0,0.0,0.0,0.0,95900.0,200000.0,371000.0,171700.0,372600.0,0.0,0.0,0.0,0.0,0.0
20230824140740276,SZSE,SZSE.ETF.159901,2.715,2.686,2.728,2.68,0.0,2.941,2.407,34707600.0,0.0,93773935.6,0.0,0.0,0.0,20230824,20230824,140740276,2.674,0.0,0.0,2.715,2.714,2.713,2.712,2.711,0.0,0.0,0.0,0.0,0.0,2.716,2.717,2.718,2.719,2.72,0.0,0.0,0.0,0.0,0.0,3800.0,8500.0,136400.0,426800.0,508300.0,0.0,0.0,0.0,0.0,0.0,95900.0,200000.0,371000.0,171700.0,372600.0,0.0,0.0,0.0,0.0,0.0
20230824140748144,SZSE,SZSE.ETF.159901,2.715,2.686,2.728,2.68,0.0,2.941,2.407,34711400.0,3800.0,93784252.6,10317.0,0.0,0.0,20230824,20230824,140748142,2.674,0.0,0.0,2.714,2.713,2.712,2.711,2.71,0.0,0.0,0.0,0.0,0.0,2.715,2.716,2.717,2.718,2.719,0.0,0.0,0.0,0.0,0.0,8500.0,136400.0,376700.0,508300.0,323400.0,0.0,0.0,0.0,0.0,0.0,40000.0,255900.0,200000.0,221000.0,171700.0,0.0,0.0,0.0,0.0,0.0
20230824140746276,SZSE,SZSE.ETF.159901,2.715,2.686,2.728,2.68,0.0,2.941,2.407,34711400.0,3800.0,93784252.6,10317.0,0.0,0.0,20230824,20230824,140746277,2.674,0.0,0.0,2.714,2.713,2.712,2.711,2.71,0.0,0.0,0.0,0.0,0.0,2.715,2.716,2.717,2.718,2.719,0.0,0.0,0.0,0.0,0.0,8500.0,136400.0,376700.0,508300.0,323400.0,0.0,0.0,0.0,0.0,0.0,40000.0,255900.0,200000.0,221000.0,171700.0,0.0,0.0,0.0,0.0,0.0
20230824140751108,SZSE,SZSE.ETF.159901,2.715,2.686,2.728,2.68,0.0,2.941,2.407,34711400.0,0.0,93784252.6,0.0,0.0,0.0,20230824,20230824,140751109,2.674,0.0,0.0,2.714,2.713,2.712,2.711,2.71,0.0,0.0,0.0,0.0,0.0,2.715,2.716,2.717,2.718,2.719,0.0,0.0,0.0,0.0,0.0,8500.0,46400.0,348100.0,582600.0,367700.0,0.0,0.0,0.0,0.0,0.0,40000.0,255900.0,200000.0,311000.0,153400.0,0.0,0.0,0.0,0.0,0.0
20230824140749252,SZSE,SZSE.ETF.159901,2.715,2.686,2.728,2.68,0.0,2.941,2.407,34711400.0,0.0,93784252.6,0.0,0.0,0.0,20230824,20230824,140749251,2.674,0.0,0.0,2.714,2.713,2.712,2.711,2.71,0.0,0.0,0.0,0.0,0.0,2.715,2.716,2.717,2.718,2.719,0.0,0.0,0.0,0.0,0.0,8500.0,46400.0,348100.0,582600.0,367700.0,0.0,0.0,0.0,0.0,0.0,40000.0,255900.0,200000.0,311000.0,153400.0,0.0,0.0,0.0,0.0,0.0
20230824140754124,SZSE,SZSE.ETF.159901,2.715,2.686,2.728,2.68,0.0,2.941,2.407,34711400.0,0.0,93784252.6,0.0,0.0,0.0,20230824,20230824,140754125,2.674,0.0,0.0,2.714,2.713,2.712,2.711,2.71,0.0,0.0,0.0,0.0,0.0,2.716,2.717,2.718,2.719,2.72,0.0,0.0,0.0,0.0,0.0,8300.0,10000.0,588100.0,545300.0,405000.0,0.0,0.0,0.0,0.0,0.0,95900.0,200000.0,355200.0,153400.0,256700.0,0.0,0.0,0.0,0.0,0.0
20230824140752268,SZSE,SZSE.ETF.159901,2.715,2.686,2.728,2.68,0.0,2.941,2.407,34711400.0,0.0,93784252.6,0.0,0.0,0.0,20230824,20230824,140752268,2.674,0.0,0.0,2.714,2.713,2.712,2.711,2.71,0.0,0.0,0.0,0.0,0.0,2.716,2.717,2.718,2.719,2.72,0.0,0.0,0.0,0.0,0.0,8300.0,10000.0,588100.0,545300.0,405000.0,0.0,0.0,0.0,0.0,0.0,95900.0,200000.0,355200.0,153400.0,256700.0,0.0,0.0,0.0,0.0,0.0
20230824140757124,SZSE,SZSE.ETF.159901,2.715,2.686,2.728,2.68,0.0,2.941,2.407,34711400.0,0.0,93784252.6,0.0,0.0,0.0,20230824,20230824,140757125,2.674,0.0,0.0,2.714,2.713,2.712,2.711,2.71,0.0,0.0,0.0,0.0,0.0,2.716,2.717,2.718,2.719,2.72,0.0,0.0,0.0,0.0,0.0,8300.0,6400.0,228700.0,642000.0,267700.0,0.0,0.0,0.0,0.0,0.0,95900.0,300000.0,215200.0,177500.0,172600.0,0.0,0.0,0.0,0.0,0.0
20230824140755272,SZSE,SZSE.ETF.159901,2.715,2.686,2.728,2.68,0.0,2.941,2.407,34711400.0,0.0,93784252.6,0.0,0.0,0.0,20230824,20230824,140755273,2.674,0.0,0.0,2.714,2.713,2.712,2.711,2.71,0.0,0.0,0.0,0.0,0.0,2.716,2.717,2.718,2.719,2.72,0.0,0.0,0.0,0.0,0.0,8300.0,6400.0,228700.0,642000.0,267700.0,0.0,0.0,0.0,0.0,0.0,95900.0,300000.0,215200.0,177500.0,172600.0,0.0,0.0,0.0,0.0,0.0
20230824140800108,SZSE,SZSE.ETF.159901,2.713,2.686,2.728,2.68,0.0,2.941,2.407,34726200.0,14800.0,93824413.3,40160.70000000298,0.0,0.0,20230824,20230824,140800109,2.674,0.0,0.0,2.712,2.711,2.71,2.709,2.708,0.0,0.0,0.0,0.0,0.0,2.713,2.715,2.716,2.717,2.718,0.0,0.0,0.0,0.0,0.0,488700.0,544700.0,305000.0,223700.0,12100.0,0.0,0.0,0.0,0.0,0.0,5200.0,40000.0,55900.0,300000.0,155200.0,0.0,0.0,0.0,0.0,0.0
20230824140758252,SZSE,SZSE.ETF.159901,2.713,2.686,2.728,2.68,0.0,2.941,2.407,34726200.0,14800.0,93824413.3,40160.70000000298,0.0,0.0,20230824,20230824,140758252,2.674,0.0,0.0,2.712,2.711,2.71,2.709,2.708,0.0,0.0,0.0,0.0,0.0,2.713,2.715,2.716,2.717,2.718,0.0,0.0,0.0,0.0,0.0,488700.0,544700.0,305000.0,223700.0,12100.0,0.0,0.0,0.0,0.0,0.0,5200.0,40000.0,55900.0,300000.0,155200.0,0.0,0.0,0.0,0.0,0.0
20230824140803120,SZSE,SZSE.ETF.159901,2.713,2.686,2.728,2.68,0.0,2.941,2.407,34731400.0,5200.0,93838520.9,14107.60000000894,0.0,0.0,20230824,20230824,140803120,2.674,0.0,0.0,2.713,2.712,2.711,2.71,2.709,0.0,0.0,0.0,0.0,0.0,2.714,2.715,2.716,2.717,2.718,0.0,0.0,0.0,0.0,0.0,94800.0,298100.0,526700.0,391300.0,346000.0,0.0,0.0,0.0,0.0,0.0,2500.0,40000.0,105900.0,378000.0,198900.0,0.0,0.0,0.0,0.0,0.0
20230824140801268,SZSE,SZSE.ETF.159901,2.713,2.686,2.728,2.68,0.0,2.941,2.407,34731400.0,5200.0,93838520.9,14107.60000000894,0.0,0.0,20230824,20230824,140801267,2.674,0.0,0.0,2.713,2.712,2.711,2.71,2.709,0.0,0.0,0.0,0.0,0.0,2.714,2.715,2.716,2.717,2.718,0.0,0.0,0.0,0.0,0.0,94800.0,298100.0,526700.0,391300.0,346000.0,0.0,0.0,0.0,0.0,0.0,2500.0,40000.0,105900.0,378000.0,198900.0,0.0,0.0,0.0,0.0,0.0
20230824140806096,SZSE,SZSE.ETF.159901,2.713,2.686,2.728,2.68,0.0,2.941,2.407,34743900.0,12500.0,93872433.4,33912.5,0.0,0.0,20230824,20230824,140806094,2.674,0.0,0.0,2.713,2.712,2.711,2.71,2.709,0.0,0.0,0.0,0.0,0.0,2.714,2.715,2.716,2.717,2.718,0.0,0.0,0.0,0.0,0.0,85900.0,348100.0,616700.0,423600.0,123700.0,0.0,0.0,0.0,0.0,0.0,2500.0,40000.0,55900.0,390000.0,281100.0,0.0,0.0,0.0,0.0,0.0
20230824140804240,SZSE,SZSE.ETF.159901,2.713,2.686,2.728,2.68,0.0,2.941,2.407,34743900.0,12500.0,93872433.4,33912.5,0.0,0.0,20230824,20230824,140804240,2.674,0.0,0.0,2.713,2.712,2.711,2.71,2.709,0.0,0.0,0.0,0.0,0.0,2.714,2.715,2.716,2.717,2.718,0.0,0.0,0.0,0.0,0.0,85900.0,348100.0,616700.0,423600.0,123700.0,0.0,0.0,0.0,0.0,0.0,2500.0,40000.0,55900.0,390000.0,281100.0,0.0,0.0,0.0,0.0,0.0
20230824140809064,SZSE,SZSE.ETF.159901,2.714,2.686,2.728,2.68,0.0,2.941,2.407,34750700.0,6800.0,93890888.6,18455.19999998808,0.0,0.0,20230824,20230824,140809063,2.674,0.0,0.0,2.714,2.713,2.712,2.711,2.71,0.0,0.0,0.0,0.0,0.0,2.715,2.716,2.717,2.718,2.719,0.0,0.0,0.0,0.0,0.0,75500.0,100.0,248100.0,616700.0,423600.0,0.0,0.0,0.0,0.0,0.0,40000.0,45000.0,390000.0,281100.0,237500.0,0.0,0.0,0.0,0.0,0.0
20230824140807208,SZSE,SZSE.ETF.159901,2.714,2.686,2.728,2.68,0.0,2.941,2.407,34750700.0,6800.0,93890888.6,18455.19999998808,0.0,0.0,20230824,20230824,140807210,2.674,0.0,0.0,2.714,2.713,2.712,2.711,2.71,0.0,0.0,0.0,0.0,0.0,2.715,2.716,2.717,2.718,2.719,0.0,0.0,0.0,0.0,0.0,75500.0,100.0,248100.0,616700.0,423600.0,0.0,0.0,0.0,0.0,0.0,40000.0,45000.0,390000.0,281100.0,237500.0,0.0,0.0,0.0,0.0,0.0
20230824140812108,SZSE,SZSE.ETF.159901,2.715,2.686,2.728,2.68,0.0,2.941,2.407,34804800.0,54100.0,94037761.8,146873.20000000298,0.0,0.0,20230824,20230824,140812109,2.674,0.0,0.0,2.715,2.713,2.712,2.711,2.71,0.0,0.0,0.0,0.0,0.0,2.716,2.717,2.718,2.719,2.72,0.0,0.0,0.0,0.0,0.0,21400.0,100.0,348100.0,689600.0,260700.0,0.0,0.0,0.0,0.0,0.0,45000.0,300000.0,211000.0,353400.0,56700.0,0.0,0.0,0.0,0.0,0.0
20230824140810256,SZSE,SZSE.ETF.159901,2.715,2.686,2.728,2.68,0.0,2.941,2.407,34804800.0,54100.0,94037761.8,146873.20000000298,0.0,0.0,20230824,20230824,140810256,2.674,0.0,0.0,2.715,2.713,2.712,2.711,2.71,0.0,0.0,0.0,0.0,0.0,2.716,2.717,2.718,2.719,2.72,0.0,0.0,0.0,0.0,0.0,21400.0,100.0,348100.0,689600.0,260700.0,0.0,0.0,0.0,0.0,0.0,45000.0,300000.0,211000.0,353400.0,56700.0,0.0,0.0,0.0,0.0,0.0
20230824140815096,SZSE,SZSE.ETF.159901,2.715,2.686,2.728,2.68,0.0,2.941,2.407,34829800.0,25000.0,94105636.8,67875.0,0.0,0.0,20230824,20230824,140815094,2.674,0.0,0.0,2.714,2.713,2.712,2.711,2.71,0.0,0.0,0.0,0.0,0.0,2.715,2.716,2.717,2.718,2.719,0.0,0.0,0.0,0.0,0.0,40000.0,50100.0,376700.0,648300.0,223400.0,0.0,0.0,0.0,0.0,0.0,8200.0,47900.0,340000.0,121000.0,371700.0,0.0,0.0,0.0,0.0,0.0
20230824140813240,SZSE,SZSE.ETF.159901,2.715,2.686,2.728,2.68,0.0,2.941,2.407,34829800.0,25000.0,94105636.8,67875.0,0.0,0.0,20230824,20230824,140813240,2.674,0.0,0.0,2.714,2.713,2.712,2.711,2.71,0.0,0.0,0.0,0.0,0.0,2.715,2.716,2.717,2.718,2.719,0.0,0.0,0.0,0.0,0.0,40000.0,50100.0,376700.0,648300.0,223400.0,0.0,0.0,0.0,0.0,0.0,8200.0,47900.0,340000.0,121000.0,371700.0,0.0,0.0,0.0,0.0,0.0
20230824140818064,SZSE,SZSE.ETF.159901,2.715,2.686,2.728,2.68,0.0,2.941,2.407,34829800.0,0.0,94105636.8,0.0,0.0,0.0,20230824,20230824,140818063,2.674,0.0,0.0,2.714,2.713,2.712,2.711,2.71,0.0,0.0,0.0,0.0,0.0,2.715,2.716,2.717,2.718,2.719,0.0,0.0,0.0,0.0,0.0,40000.0,100.0,348100.0,726900.0,223400.0,0.0,0.0,0.0,0.0,0.0,8200.0,47900.0,340000.0,211000.0,397600.0,0.0,0.0,0.0,0.0,0.0
20230824140816208,SZSE,SZSE.ETF.159901,2.715,2.686,2.728,2.68,0.0,2.941,2.407,34829800.0,0.0,94105636.8,0.0,0.0,0.0,20230824,20230824,140816206,2.674,0.0,0.0,2.714,2.713,2.712,2.711,2.71,0.0,0.0,0.0,0.0,0.0,2.715,2.716,2.717,2.718,2.719,0.0,0.0,0.0,0.0,0.0,40000.0,100.0,348100.0,726900.0,223400.0,0.0,0.0,0.0,0.0,0.0,8200.0,47900.0,340000.0,211000.0,397600.0,0.0,0.0,0.0,0.0,0.0
20230824140821032,SZSE,SZSE.ETF.159901,2.715,2.686,2.728,2.68,0.0,2.941,2.407,34829800.0,0.0,94105636.8,0.0,0.0,0.0,20230824,20230824,140821031,2.674,0.0,0.0,2.714,2.713,2.712,2.711,2.71,0.0,0.0,0.0,0.0,0.0,2.715,2.716,2.717,2.718,2.719,0.0,0.0,0.0,0.0,0.0,40000.0,100.0,148100.0,726900.0,223400.0,0.0,0.0,0.0,0.0,0.0,8200.0,247900.0,340000.0,206000.0,397600.0,0.0,0.0,0.0,0.0,0.0
20230824140819176,SZSE,SZSE.ETF.159901,2.715,2.686,2.728,2.68,0.0,2.941,2.407,34829800.0,0.0,94105636.8,0.0,0.0,0.0,20230824,20230824,140819177,2.674,0.0,0.0,2.714,2.713,2.712,2.711,2.71,0.0,0.0,0.0,0.0,0.0,2.715,2.716,2.717,2.718,2.719,0.0,0.0,0.0,0.0,0.0,40000.0,100.0,148100.0,726900.0,223400.0,0.0,0.0,0.0,0.0,0.0,8200.0,247900.0,340000.0,206000.0,397600.0,0.0,0.0,0.0,0.0,0.0
20230824140824048,SZSE,SZSE.ETF.159901,2.715,2.686,2.728,2.68,0.0,2.941,2.407,34829800.0,0.0,94105636.8,0.0,0.0,0.0,20230824,20230824,140824047,2.674,0.0,0.0,2.714,2.713,2.712,2.711,2.71,0.0,0.0,0.0,0.0,0.0,2.715,2.716,2.717,2.718,2.719,0.0,0.0,0.0,0.0,0.0,40000.0,100.0,148100.0,689600.0,260700.0,0.0,0.0,0.0,0.0,0.0,8200.0,247900.0,340000.0,206000.0,397600.0,0.0,0.0,0.0,0.0,0.0
20230824140822192,SZSE,SZSE.ETF.159901,2.715,2.686,2.728,2.68,0.0,2.941,2.407,34829800.0,0.0,94105636.8,0.0,0.0,0.0,20230824,20230824,140822194,2.674,0.0,0.0,2.714,2.713,2.712,2.711,2.71,0.0,0.0,0.0,0.0,0.0,2.715,2.716,2.717,2.718,2.719,0.0,0.0,0.0,0.0,0.0,40000.0,100.0,148100.0,689600.0,260700.0,0.0,0.0,0.0,0.0,0.0,8200.0,247900.0,340000.0,206000.0,397600.0,0.0,0.0,0.0,0.0,0.0
20230824140827032,SZSE,SZSE.ETF.159901,2.714,2.686,2.728,2.68,0.0,2.941,2.407,34834700.0,4900.0,94118935.4,13298.60000000894,0.0,0.0,20230824,20230824,140827031,2.674,0.0,0.0,2.713,2.712,2.711,2.71,2.709,0.0,0.0,0.0,0.0,0.0,2.715,2.716,2.717,2.718,2.719,0.0,0.0,0.0,0.0,0.0,40100.0,148100.0,689600.0,260700.0,223700.0,0.0,0.0,0.0,0.0,0.0,8200.0,247900.0,340000.0,206000.0,397600.0,0.0,0.0,0.0,0.0,0.0
20230824140825180,SZSE,SZSE.ETF.159901,2.714,2.686,2.728,2.68,0.0,2.941,2.407,34834700.0,4900.0,94118935.4,13298.60000000894,0.0,0.0,20230824,20230824,140825180,2.674,0.0,0.0,2.713,2.712,2.711,2.71,2.709,0.0,0.0,0.0,0.0,0.0,2.715,2.716,2.717,2.718,2.719,0.0,0.0,0.0,0.0,0.0,40100.0,148100.0,689600.0,260700.0,223700.0,0.0,0.0,0.0,0.0,0.0,8200.0,247900.0,340000.0,206000.0,397600.0,0.0,0.0,0.0,0.0,0.0
20230824140830080,SZSE,SZSE.ETF.159901,2.714,2.686,2.728,2.68,0.0,2.941,2.407,34834700.0,0.0,94118935.4,0.0,0.0,0.0,20230824,20230824,140830078,2.674,0.0,0.0,2.713,2.712,2.711,2.71,2.709,0.0,0.0,0.0,0.0,0.0,2.715,2.716,2.717,2.718,2.719,0.0,0.0,0.0,0.0,0.0,40100.0,8100.0,601000.0,439300.0,223700.0,0.0,0.0,0.0,0.0,0.0,8200.0,287900.0,410000.0,136600.0,357000.0,0.0,0.0,0.0,0.0,0.0
20230824140833080,SZSE,SZSE.ETF.159901,2.714,2.686,2.728,2.68,0.0,2.941,2.407,34834700.0,0.0,94118935.4,0.0,0.0,0.0,20230824,20230824,140833078,2.674,0.0,0.0,2.713,2.712,2.711,2.71,2.709,0.0,0.0,0.0,0.0,0.0,2.715,2.716,2.717,2.718,2.719,0.0,0.0,0.0,0.0,0.0,40100.0,8100.0,550900.0,439300.0,273800.0,0.0,0.0,0.0,0.0,0.0,8200.0,287900.0,410000.0,136600.0,357000.0,0.0,0.0,0.0,0.0,0.0
20230824140831220,SZSE,SZSE.ETF.159901,2.714,2.686,2.728,2.68,0.0,2.941,2.407,34834700.0,0.0,94118935.4,0.0,0.0,0.0,20230824,20230824,140831219,2.674,0.0,0.0,2.713,2.712,2.711,2.71,2.709,0.0,0.0,0.0,0.0,0.0,2.715,2.716,2.717,2.718,2.719,0.0,0.0,0.0,0.0,0.0,40100.0,8100.0,550900.0,439300.0,273800.0,0.0,0.0,0.0,0.0,0.0,8200.0,287900.0,410000.0,136600.0,357000.0,0.0,0.0,0.0,0.0,0.0
20230824140836096,SZSE,SZSE.ETF.159901,2.714,2.686,2.728,2.68,0.0,2.941,2.407,34834700.0,0.0,94118935.4,0.0,0.0,0.0,20230824,20230824,140836094,2.674,0.0,0.0,2.713,2.712,2.711,2.71,2.709,0.0,0.0,0.0,0.0,0.0,2.715,2.716,2.717,2.718,2.719,0.0,0.0,0.0,0.0,0.0,46100.0,8100.0,550900.0,439300.0,273800.0,0.0,0.0,0.0,0.0,0.0,48200.0,247900.0,410000.0,136600.0,357000.0,0.0,0.0,0.0,0.0,0.0
20230824140834232,SZSE,SZSE.ETF.159901,2.714,2.686,2.728,2.68,0.0,2.941,2.407,34834700.0,0.0,94118935.4,0.0,0.0,0.0,20230824,20230824,140834231,2.674,0.0,0.0,2.713,2.712,2.711,2.71,2.709,0.0,0.0,0.0,0.0,0.0,2.715,2.716,2.717,2.718,2.719,0.0,0.0,0.0,0.0,0.0,46100.0,8100.0,550900.0,439300.0,273800.0,0.0,0.0,0.0,0.0,0.0,48200.0,247900.0,410000.0,136600.0,357000.0,0.0,0.0,0.0,0.0,0.0
20230824140837200,SZSE,SZSE.ETF.159901,2.715,2.686,2.728,2.68,0.0,2.941,2.407,34842900.0,8200.0,94141198.4,22263.0,0.0,0.0,20230824,20230824,140837199,2.674,0.0,0.0,2.715,2.713,2.712,2.711,2.71,0.0,0.0,0.0,0.0,0.0,2.716,2.717,2.718,2.719,2.72,0.0,0.0,0.0,0.0,0.0,30900.0,46100.0,8100.0,506600.0,483600.0,0.0,0.0,0.0,0.0,0.0,247900.0,410000.0,136600.0,352800.0,56700.0,0.0,0.0,0.0,0.0,0.0
20230824140839064,SZSE,SZSE.ETF.159901,2.715,2.686,2.728,2.68,0.0,2.941,2.407,34842900.0,8200.0,94141198.4,22263.0,0.0,0.0,20230824,20230824,140839062,2.674,0.0,0.0,2.715,2.713,2.712,2.711,2.71,0.0,0.0,0.0,0.0,0.0,2.716,2.717,2.718,2.719,2.72,0.0,0.0,0.0,0.0,0.0,30900.0,46100.0,8100.0,506600.0,483600.0,0.0,0.0,0.0,0.0,0.0,247900.0,410000.0,136600.0,352800.0,56700.0,0.0,0.0,0.0,0.0,0.0
20230824140842064,SZSE,SZSE.ETF.159901,2.716,2.686,2.728,2.68,0.0,2.941,2.407,34873800.0,30900.0,94225115.0,83916.59999999404,0.0,0.0,20230824,20230824,140842063,2.674,0.0,0.0,2.714,2.713,2.712,2.711,2.71,0.0,0.0,0.0,0.0,0.0,2.715,2.716,2.717,2.718,2.719,0.0,0.0,0.0,0.0,0.0,3600.0,96100.0,136100.0,500900.0,361300.0,0.0,0.0,0.0,0.0,0.0,40000.0,224800.0,360000.0,96600.0,409000.0,0.0,0.0,0.0,0.0,0.0
20230824140840208,SZSE,SZSE.ETF.159901,2.716,2.686,2.728,2.68,0.0,2.941,2.407,34873800.0,30900.0,94225115.0,83916.59999999404,0.0,0.0,20230824,20230824,140840208,2.674,0.0,0.0,2.714,2.713,2.712,2.711,2.71,0.0,0.0,0.0,0.0,0.0,2.715,2.716,2.717,2.718,2.719,0.0,0.0,0.0,0.0,0.0,3600.0,96100.0,136100.0,500900.0,361300.0,0.0,0.0,0.0,0.0,0.0,40000.0,224800.0,360000.0,96600.0,409000.0,0.0,0.0,0.0,0.0,0.0
20230824140845096,SZSE,SZSE.ETF.159901,2.713,2.686,2.728,2.68,0.0,2.941,2.407,34885300.0,11500.0,94256318.1,31203.09999999404,0.0,0.0,20230824,20230824,140845094,2.674,0.0,0.0,2.713,2.712,2.711,2.71,2.709,0.0,0.0,0.0,0.0,0.0,2.715,2.716,2.717,2.718,2.719,0.0,0.0,0.0,0.0,0.0,46000.0,148100.0,494600.0,405600.0,273800.0,0.0,0.0,0.0,0.0,0.0,40000.0,252800.0,360000.0,186600.0,312800.0,0.0,0.0,0.0,0.0,0.0
20230824140843236,SZSE,SZSE.ETF.159901,2.713,2.686,2.728,2.68,0.0,2.941,2.407,34885300.0,11500.0,94256318.1,31203.09999999404,0.0,0.0,20230824,20230824,140843235,2.674,0.0,0.0,2.713,2.712,2.711,2.71,2.709,0.0,0.0,0.0,0.0,0.0,2.715,2.716,2.717,2.718,2.719,0.0,0.0,0.0,0.0,0.0,46000.0,148100.0,494600.0,405600.0,273800.0,0.0,0.0,0.0,0.0,0.0,40000.0,252800.0,360000.0,186600.0,312800.0,0.0,0.0,0.0,0.0,0.0
20230824140848124,SZSE,SZSE.ETF.159901,2.713,2.686,2.728,2.68,0.0,2.941,2.407,34885300.0,0.0,94256318.1,0.0,0.0,0.0,20230824,20230824,140848125,2.674,0.0,0.0,2.713,2.712,2.711,2.71,2.709,0.0,0.0,0.0,0.0,0.0,2.715,2.716,2.717,2.718,2.719,0.0,0.0,0.0,0.0,0.0,49600.0,8100.0,506600.0,483600.0,273800.0,0.0,0.0,0.0,0.0,0.0,40000.0,252800.0,410000.0,180800.0,312800.0,0.0,0.0,0.0,0.0,0.0
20230824140846272,SZSE,SZSE.ETF.159901,2.713,2.686,2.728,2.68,0.0,2.941,2.407,34885300.0,0.0,94256318.1,0.0,0.0,0.0,20230824,20230824,140846273,2.674,0.0,0.0,2.713,2.712,2.711,2.71,2.709,0.0,0.0,0.0,0.0,0.0,2.715,2.716,2.717,2.718,2.719,0.0,0.0,0.0,0.0,0.0,49600.0,8100.0,506600.0,483600.0,273800.0,0.0,0.0,0.0,0.0,0.0,40000.0,252800.0,410000.0,180800.0,312800.0,0.0,0.0,0.0,0.0,0.0
20230824140851096,SZSE,SZSE.ETF.159901,2.713,2.686,2.728,2.68,0.0,2.941,2.407,34902800.0,17500.0,94303795.6,47477.5,0.0,0.0,20230824,20230824,140851094,2.674,0.0,0.0,2.712,2.711,2.71,2.709,2.708,0.0,0.0,0.0,0.0,0.0,2.715,2.716,2.717,2.718,2.719,0.0,0.0,0.0,0.0,0.0,70100.0,306600.0,683500.0,273800.0,62100.0,0.0,0.0,0.0,0.0,0.0,240000.0,252800.0,210000.0,180800.0,312800.0,0.0,0.0,0.0,0.0,0.0
20230824140849232,SZSE,SZSE.ETF.159901,2.713,2.686,2.728,2.68,0.0,2.941,2.407,34902800.0,17500.0,94303795.6,47477.5,0.0,0.0,20230824,20230824,140849233,2.674,0.0,0.0,2.712,2.711,2.71,2.709,2.708,0.0,0.0,0.0,0.0,0.0,2.715,2.716,2.717,2.718,2.719,0.0,0.0,0.0,0.0,0.0,70100.0,306600.0,683500.0,273800.0,62100.0,0.0,0.0,0.0,0.0,0.0,240000.0,252800.0,210000.0,180800.0,312800.0,0.0,0.0,0.0,0.0,0.0
20230824140854140,SZSE,SZSE.ETF.159901,2.715,2.686,2.728,2.68,0.0,2.941,2.407,34911500.0,8700.0,94327390.3,23594.70000000298,0.0,0.0,20230824,20230824,140854141,2.674,0.0,0.0,2.712,2.711,2.71,2.709,2.708,0.0,0.0,0.0,0.0,0.0,2.715,2.716,2.717,2.718,2.719,0.0,0.0,0.0,0.0,0.0,61600.0,266600.0,601200.0,396100.0,62100.0,0.0,0.0,0.0,0.0,0.0,304400.0,212800.0,210000.0,136600.0,312800.0,0.0,0.0,0.0,0.0,0.0
20230824140852276,SZSE,SZSE.ETF.159901,2.715,2.686,2.728,2.68,0.0,2.941,2.407,34911500.0,8700.0,94327390.3,23594.70000000298,0.0,0.0,20230824,20230824,140852277,2.674,0.0,0.0,2.712,2.711,2.71,2.709,2.708,0.0,0.0,0.0,0.0,0.0,2.715,2.716,2.717,2.718,2.719,0.0,0.0,0.0,0.0,0.0,61600.0,266600.0,601200.0,396100.0,62100.0,0.0,0.0,0.0,0.0,0.0,304400.0,212800.0,210000.0,136600.0,312800.0,0.0,0.0,0.0,0.0,0.0
20230824140857096,SZSE,SZSE.ETF.159901,2.715,2.686,2.728,2.68,0.0,2.941,2.407,34911500.0,0.0,94327390.3,0.0,0.0,0.0,20230824,20230824,140857094,2.674,0.0,0.0,2.712,2.711,2.71,2.709,2.708,0.0,0.0,0.0,0.0,0.0,2.715,2.716,2.717,2.718,2.719,0.0,0.0,0.0,0.0,0.0,65200.0,466600.0,563900.0,389100.0,106500.0,0.0,0.0,0.0,0.0,0.0,104400.0,212800.0,254200.0,136600.0,312800.0,0.0,0.0,0.0,0.0,0.0
20230824140855232,SZSE,SZSE.ETF.159901,2.715,2.686,2.728,2.68,0.0,2.941,2.407,34911500.0,0.0,94327390.3,0.0,0.0,0.0,20230824,20230824,140855230,2.674,0.0,0.0,2.712,2.711,2.71,2.709,2.708,0.0,0.0,0.0,0.0,0.0,2.715,2.716,2.717,2.718,2.719,0.0,0.0,0.0,0.0,0.0,65200.0,466600.0,563900.0,389100.0,106500.0,0.0,0.0,0.0,0.0,0.0,104400.0,212800.0,254200.0,136600.0,312800.0,0.0,0.0,0.0,0.0,0.0
20230824140900140,SZSE,SZSE.ETF.159901,2.712,2.686,2.728,2.68,0.0,2.941,2.407,34932300.0,20800.0,94383799.9,56409.60000000894,0.0,0.0,20230824,20230824,140900141,2.674,0.0,0.0,2.712,2.711,2.71,2.709,2.708,0.0,0.0,0.0,0.0,0.0,2.715,2.716,2.717,2.718,2.719,0.0,0.0,0.0,0.0,0.0,8100.0,426600.0,541200.0,396100.0,62100.0,0.0,0.0,0.0,0.0,0.0,104400.0,212800.0,194200.0,196600.0,212800.0,0.0,0.0,0.0,0.0,0.0
20230824140858280,SZSE,SZSE.ETF.159901,2.712,2.686,2.728,2.68,0.0,2.941,2.407,34932300.0,20800.0,94383799.9,56409.60000000894,0.0,0.0,20230824,20230824,140858282,2.674,0.0,0.0,2.712,2.711,2.71,2.709,2.708,0.0,0.0,0.0,0.0,0.0,2.715,2.716,2.717,2.718,2.719,0.0,0.0,0.0,0.0,0.0,8100.0,426600.0,541200.0,396100.0,62100.0,0.0,0.0,0.0,0.0,0.0,104400.0,212800.0,194200.0,196600.0,212800.0,0.0,0.0,0.0,0.0,0.0
20230824140903140,SZSE,SZSE.ETF.159901,2.715,2.686,2.728,2.68,0.0,2.941,2.407,34944600.0,12300.0,94417163.5,33363.59999999404,0.0,0.0,20230824,20230824,140903141,2.674,0.0,0.0,2.712,2.711,2.71,2.709,2.708,0.0,0.0,0.0,0.0,0.0,2.715,2.716,2.717,2.718,2.719,0.0,0.0,0.0,0.0,0.0,37800.0,326800.0,603900.0,289100.0,206500.0,0.0,0.0,0.0,0.0,0.0,102400.0,312800.0,50000.0,296600.0,112800.0,0.0,0.0,0.0,0.0,0.0
20230824140906140,SZSE,SZSE.ETF.159901,2.715,2.686,2.728,2.68,0.0,2.941,2.407,34944600.0,0.0,94417163.5,0.0,0.0,0.0,20230824,20230824,140906141,2.674,0.0,0.0,2.712,2.711,2.71,2.709,2.708,0.0,0.0,0.0,0.0,0.0,2.715,2.716,2.717,2.718,2.719,0.0,0.0,0.0,0.0,0.0,241400.0,334800.0,403900.0,333400.0,162100.0,0.0,0.0,0.0,0.0,0.0,102500.0,128000.0,294200.0,296600.0,112800.0,0.0,0.0,0.0,0.0,0.0
20230824140909112,SZSE,SZSE.ETF.159901,2.715,2.686,2.728,2.68,0.0,2.941,2.407,34944600.0,0.0,94417163.5,0.0,0.0,0.0,20230824,20230824,140909110,2.674,0.0,0.0,2.712,2.711,2.71,2.709,2.708,0.0,0.0,0.0,0.0,0.0,2.715,2.716,2.717,2.718,2.719,0.0,0.0,0.0,0.0,0.0,297800.0,274800.0,448200.0,289100.0,162100.0,0.0,0.0,0.0,0.0,0.0,64600.0,138000.0,250000.0,236600.0,172800.0,0.0,0.0,0.0,0.0,0.0
20230824140912064,SZSE,SZSE.ETF.159901,2.715,2.686,2.728,2.68,0.0,2.941,2.407,34944600.0,0.0,94417163.5,0.0,0.0,0.0,20230824,20230824,140912062,2.674,0.0,0.0,2.714,2.712,2.711,2.71,2.709,0.0,0.0,0.0,0.0,0.0,2.715,2.716,2.717,2.718,2.719,0.0,0.0,0.0,0.0,0.0,3600.0,237800.0,334800.0,485500.0,251800.0,0.0,0.0,0.0,0.0,0.0,64600.0,138000.0,250000.0,296600.0,157000.0,0.0,0.0,0.0,0.0,0.0
20230824140910208,SZSE,SZSE.ETF.159901,2.715,2.686,2.728,2.68,0.0,2.941,2.407,34944600.0,0.0,94417163.5,0.0,0.0,0.0,20230824,20230824,140910210,2.674,0.0,0.0,2.714,2.712,2.711,2.71,2.709,0.0,0.0,0.0,0.0,0.0,2.715,2.716,2.717,2.718,2.719,0.0,0.0,0.0,0.0,0.0,3600.0,237800.0,334800.0,485500.0,251800.0,0.0,0.0,0.0,0.0,0.0,64600.0,138000.0,250000.0,296600.0,157000.0,0.0,0.0,0.0,0.0,0.0
20230824140915124,SZSE,SZSE.ETF.159901,2.715,2.686,2.728,2.68,0.0,2.941,2.407,34944600.0,0.0,94417163.5,0.0,0.0,0.0,20230824,20230824,140915125,2.674,0.0,0.0,2.712,2.711,2.71,2.709,2.708,0.0,0.0,0.0,0.0,0.0,2.715,2.716,2.717,2.718,2.719,0.0,0.0,0.0,0.0,0.0,287800.0,503400.0,444900.0,173800.0,162100.0,0.0,0.0,0.0,0.0,0.0,102500.0,100100.0,200000.0,306000.0,253400.0,0.0,0.0,0.0,0.0,0.0
20230824140913264,SZSE,SZSE.ETF.159901,2.715,2.686,2.728,2.68,0.0,2.941,2.407,34944600.0,0.0,94417163.5,0.0,0.0,0.0,20230824,20230824,140913266,2.674,0.0,0.0,2.712,2.711,2.71,2.709,2.708,0.0,0.0,0.0,0.0,0.0,2.715,2.716,2.717,2.718,2.719,0.0,0.0,0.0,0.0,0.0,287800.0,503400.0,444900.0,173800.0,162100.0,0.0,0.0,0.0,0.0,0.0,102500.0,100100.0,200000.0,306000.0,253400.0,0.0,0.0,0.0,0.0,0.0
20230824140918080,SZSE,SZSE.ETF.159901,2.715,2.686,2.728,2.68,0.0,2.941,2.407,34944600.0,0.0,94417163.5,0.0,0.0,0.0,20230824,20230824,140918078,2.674,0.0,0.0,2.713,2.712,2.711,2.71,2.709,0.0,0.0,0.0,0.0,0.0,2.715,2.716,2.717,2.718,2.719,0.0,0.0,0.0,0.0,0.0,3600.0,237800.0,375400.0,444900.0,251800.0,0.0,0.0,0.0,0.0,0.0,64600.0,138000.0,250000.0,400200.0,153400.0,0.0,0.0,0.0,0.0,0.0
20230824140916216,SZSE,SZSE.ETF.159901,2.715,2.686,2.728,2.68,0.0,2.941,2.407,34944600.0,0.0,94417163.5,0.0,0.0,0.0,20230824,20230824,140916216,2.674,0.0,0.0,2.713,2.712,2.711,2.71,2.709,0.0,0.0,0.0,0.0,0.0,2.715,2.716,2.717,2.718,2.719,0.0,0.0,0.0,0.0,0.0,3600.0,237800.0,375400.0,444900.0,251800.0,0.0,0.0,0.0,0.0,0.0,64600.0,138000.0,250000.0,400200.0,153400.0,0.0,0.0,0.0,0.0,0.0
20230824140921064,SZSE,SZSE.ETF.159901,2.715,2.686,2.728,2.68,0.0,2.941,2.407,34944600.0,0.0,94417163.5,0.0,0.0,0.0,20230824,20230824,140921062,2.674,0.0,0.0,2.712,2.711,2.71,2.709,2.708,0.0,0.0,0.0,0.0,0.0,2.715,2.716,2.717,2.718,2.719,0.0,0.0,0.0,0.0,0.0,237800.0,415400.0,448600.0,218100.0,162100.0,0.0,0.0,0.0,0.0,0.0,102500.0,100100.0,250000.0,256000.0,153400.0,0.0,0.0,0.0,0.0,0.0
20230824140919204,SZSE,SZSE.ETF.159901,2.715,2.686,2.728,2.68,0.0,2.941,2.407,34944600.0,0.0,94417163.5,0.0,0.0,0.0,20230824,20230824,140919205,2.674,0.0,0.0,2.712,2.711,2.71,2.709,2.708,0.0,0.0,0.0,0.0,0.0,2.715,2.716,2.717,2.718,2.719,0.0,0.0,0.0,0.0,0.0,237800.0,415400.0,448600.0,218100.0,162100.0,0.0,0.0,0.0,0.0,0.0,102500.0,100100.0,250000.0,256000.0,153400.0,0.0,0.0,0.0,0.0,0.0
20230824140924064,SZSE,SZSE.ETF.159901,2.715,2.686,2.728,2.68,0.0,2.941,2.407,34944600.0,0.0,94417163.5,0.0,0.0,0.0,20230824,20230824,140924063,2.674,0.0,0.0,2.713,2.712,2.711,2.71,2.709,0.0,0.0,0.0,0.0,0.0,2.715,2.716,2.717,2.718,2.719,0.0,0.0,0.0,0.0,0.0,3600.0,260000.0,355400.0,454900.0,251800.0,0.0,0.0,0.0,0.0,0.0,64600.0,138000.0,250000.0,340200.0,213400.0,0.0,0.0,0.0,0.0,0.0
20230824140922200,SZSE,SZSE.ETF.159901,2.715,2.686,2.728,2.68,0.0,2.941,2.407,34944600.0,0.0,94417163.5,0.0,0.0,0.0,20230824,20230824,140922201,2.674,0.0,0.0,2.713,2.712,2.711,2.71,2.709,0.0,0.0,0.0,0.0,0.0,2.715,2.716,2.717,2.718,2.719,0.0,0.0,0.0,0.0,0.0,3600.0,260000.0,355400.0,454900.0,251800.0,0.0,0.0,0.0,0.0,0.0,64600.0,138000.0,250000.0,340200.0,213400.0,0.0,0.0,0.0,0.0,0.0
20230824140927064,SZSE,SZSE.ETF.159901,2.715,2.686,2.728,2.68,0.0,2.941,2.407,34944600.0,0.0,94417163.5,0.0,0.0,0.0,20230824,20230824,140927062,2.674,0.0,0.0,2.713,2.712,2.711,2.71,2.709,0.0,0.0,0.0,0.0,0.0,2.715,2.716,2.717,2.718,2.719,0.0,0.0,0.0,0.0,0.0,200000.0,300000.0,155400.0,448600.0,218100.0,0.0,0.0,0.0,0.0,0.0,64600.0,138000.0,50000.0,496000.0,213400.0,0.0,0.0,0.0,0.0,0.0
20230824140925208,SZSE,SZSE.ETF.159901,2.715,2.686,2.728,2.68,0.0,2.941,2.407,34944600.0,0.0,94417163.5,0.0,0.0,0.0,20230824,20230824,140925206,2.674,0.0,0.0,2.713,2.712,2.711,2.71,2.709,0.0,0.0,0.0,0.0,0.0,2.715,2.716,2.717,2.718,2.719,0.0,0.0,0.0,0.0,0.0,200000.0,300000.0,155400.0,448600.0,218100.0,0.0,0.0,0.0,0.0,0.0,64600.0,138000.0,50000.0,496000.0,213400.0,0.0,0.0,0.0,0.0,0.0
20230824140930080,SZSE,SZSE.ETF.159901,2.715,2.686,2.728,2.68,0.0,2.941,2.407,34944600.0,0.0,94417163.5,0.0,0.0,0.0,20230824,20230824,140930079,2.674,0.0,0.0,2.714,2.713,2.712,2.711,2.71,0.0,0.0,0.0,0.0,0.0,2.715,2.716,2.717,2.718,2.719,0.0,0.0,0.0,0.0,0.0,3600.0,260000.0,240000.0,255400.0,492900.0,0.0,0.0,0.0,0.0,0.0,64600.0,138000.0,50000.0,396000.0,297600.0,0.0,0.0,0.0,0.0,0.0
20230824140928220,SZSE,SZSE.ETF.159901,2.715,2.686,2.728,2.68,0.0,2.941,2.407,34944600.0,0.0,94417163.5,0.0,0.0,0.0,20230824,20230824,140928219,2.674,0.0,0.0,2.714,2.713,2.712,2.711,2.71,0.0,0.0,0.0,0.0,0.0,2.715,2.716,2.717,2.718,2.719,0.0,0.0,0.0,0.0,0.0,3600.0,260000.0,240000.0,255400.0,492900.0,0.0,0.0,0.0,0.0,0.0,64600.0,138000.0,50000.0,396000.0,297600.0,0.0,0.0,0.0,0.0,0.0
20230824140933108,SZSE,SZSE.ETF.159901,2.715,2.686,2.728,2.68,0.0,2.941,2.407,34944600.0,0.0,94417163.5,0.0,0.0,0.0,20230824,20230824,140933109,2.674,0.0,0.0,2.713,2.712,2.711,2.71,2.709,0.0,0.0,0.0,0.0,0.0,2.715,2.716,2.717,2.718,2.719,0.0,0.0,0.0,0.0,0.0,200000.0,440000.0,247400.0,414900.0,173800.0,0.0,0.0,0.0,0.0,0.0,64600.0,100100.0,37900.0,446000.0,313400.0,0.0,0.0,0.0,0.0,0.0
20230824140931256,SZSE,SZSE.ETF.159901,2.715,2.686,2.728,2.68,0.0,2.941,2.407,34944600.0,0.0,94417163.5,0.0,0.0,0.0,20230824,20230824,140931257,2.674,0.0,0.0,2.713,2.712,2.711,2.71,2.709,0.0,0.0,0.0,0.0,0.0,2.715,2.716,2.717,2.718,2.719,0.0,0.0,0.0,0.0,0.0,200000.0,440000.0,247400.0,414900.0,173800.0,0.0,0.0,0.0,0.0,0.0,64600.0,100100.0,37900.0,446000.0,313400.0,0.0,0.0,0.0,0.0,0.0
20230824140936112,SZSE,SZSE.ETF.159901,2.714,2.686,2.728,2.68,0.0,2.941,2.407,34945600.0,1000.0,94419877.5,2714.0,0.0,0.0,20230824,20230824,140936110,2.674,0.0,0.0,2.714,2.713,2.712,2.711,2.71,0.0,0.0,0.0,0.0,0.0,2.715,2.716,2.717,2.718,2.719,0.0,0.0,0.0,0.0,0.0,2600.0,200000.0,300000.0,259400.0,492900.0,0.0,0.0,0.0,0.0,0.0,64600.0,100100.0,90700.0,396000.0,357600.0,0.0,0.0,0.0,0.0,0.0
20230824140934260,SZSE,SZSE.ETF.159901,2.714,2.686,2.728,2.68,0.0,2.941,2.407,34945600.0,1000.0,94419877.5,2714.0,0.0,0.0,20230824,20230824,140934259,2.674,0.0,0.0,2.714,2.713,2.712,2.711,2.71,0.0,0.0,0.0,0.0,0.0,2.715,2.716,2.717,2.718,2.719,0.0,0.0,0.0,0.0,0.0,2600.0,200000.0,300000.0,259400.0,492900.0,0.0,0.0,0.0,0.0,0.0,64600.0,100100.0,90700.0,396000.0,357600.0,0.0,0.0,0.0,0.0,0.0
20230824140939108,SZSE,SZSE.ETF.159901,2.714,2.686,2.728,2.68,0.0,2.941,2.407,34945600.0,0.0,94419877.5,0.0,0.0,0.0,20230824,20230824,140939109,2.674,0.0,0.0,2.713,2.712,2.711,2.71,2.709,0.0,0.0,0.0,0.0,0.0,2.715,2.716,2.717,2.718,2.719,0.0,0.0,0.0,0.0,0.0,260000.0,380000.0,247400.0,414900.0,173800.0,0.0,0.0,0.0,0.0,0.0,64600.0,100100.0,40700.0,446000.0,261400.0,0.0,0.0,0.0,0.0,0.0
20230824140937252,SZSE,SZSE.ETF.159901,2.714,2.686,2.728,2.68,0.0,2.941,2.407,34945600.0,0.0,94419877.5,0.0,0.0,0.0,20230824,20230824,140937251,2.674,0.0,0.0,2.713,2.712,2.711,2.71,2.709,0.0,0.0,0.0,0.0,0.0,2.715,2.716,2.717,2.718,2.719,0.0,0.0,0.0,0.0,0.0,260000.0,380000.0,247400.0,414900.0,173800.0,0.0,0.0,0.0,0.0,0.0,64600.0,100100.0,40700.0,446000.0,261400.0,0.0,0.0,0.0,0.0,0.0
20230824140942080,SZSE,SZSE.ETF.159901,2.714,2.686,2.728,2.68,0.0,2.941,2.407,34945600.0,0.0,94419877.5,0.0,0.0,0.0,20230824,20230824,140942078,2.674,0.0,0.0,2.714,2.713,2.712,2.711,2.71,0.0,0.0,0.0,0.0,0.0,2.715,2.716,2.717,2.718,2.719,0.0,0.0,0.0,0.0,0.0,3600.0,360000.0,240000.0,303700.0,448600.0,0.0,0.0,0.0,0.0,0.0,64600.0,100100.0,90700.0,396000.0,305600.0,0.0,0.0,0.0,0.0,0.0
20230824140940220,SZSE,SZSE.ETF.159901,2.714,2.686,2.728,2.68,0.0,2.941,2.407,34945600.0,0.0,94419877.5,0.0,0.0,0.0,20230824,20230824,140940220,2.674,0.0,0.0,2.714,2.713,2.712,2.711,2.71,0.0,0.0,0.0,0.0,0.0,2.715,2.716,2.717,2.718,2.719,0.0,0.0,0.0,0.0,0.0,3600.0,360000.0,240000.0,303700.0,448600.0,0.0,0.0,0.0,0.0,0.0,64600.0,100100.0,90700.0,396000.0,305600.0,0.0,0.0,0.0,0.0,0.0
20230824140945108,SZSE,SZSE.ETF.159901,2.713,2.686,2.728,2.68,0.0,2.941,2.407,34958000.0,12400.0,94453522.3,33644.79999999702,0.0,0.0,20230824,20230824,140945109,2.674,0.0,0.0,2.713,2.712,2.711,2.71,2.709,0.0,0.0,0.0,0.0,0.0,2.715,2.716,2.717,2.718,2.719,0.0,0.0,0.0,0.0,0.0,251200.0,380000.0,247400.0,414900.0,173800.0,0.0,0.0,0.0,0.0,0.0,64600.0,100100.0,37900.0,446000.0,261400.0,0.0,0.0,0.0,0.0,0.0
20230824140943256,SZSE,SZSE.ETF.159901,2.713,2.686,2.728,2.68,0.0,2.941,2.407,34958000.0,12400.0,94453522.3,33644.79999999702,0.0,0.0,20230824,20230824,140943254,2.674,0.0,0.0,2.713,2.712,2.711,2.71,2.709,0.0,0.0,0.0,0.0,0.0,2.715,2.716,2.717,2.718,2.719,0.0,0.0,0.0,0.0,0.0,251200.0,380000.0,247400.0,414900.0,173800.0,0.0,0.0,0.0,0.0,0.0,64600.0,100100.0,37900.0,446000.0,261400.0,0.0,0.0,0.0,0.0,0.0
20230824140948096,SZSE,SZSE.ETF.159901,2.714,2.686,2.728,2.68,0.0,2.941,2.407,34961600.0,3600.0,94463292.7,9770.40000000596,0.0,0.0,20230824,20230824,140948094,2.674,0.0,0.0,2.713,2.712,2.711,2.71,2.709,0.0,0.0,0.0,0.0,0.0,2.714,2.715,2.716,2.717,2.718,0.0,0.0,0.0,0.0,0.0,351200.0,240000.0,353800.0,448600.0,123700.0,0.0,0.0,0.0,0.0,0.0,1400.0,64600.0,100100.0,87900.0,396000.0,0.0,0.0,0.0,0.0,0.0
20230824140946232,SZSE,SZSE.ETF.159901,2.714,2.686,2.728,2.68,0.0,2.941,2.407,34961600.0,3600.0,94463292.7,9770.40000000596,0.0,0.0,20230824,20230824,140946231,2.674,0.0,0.0,2.713,2.712,2.711,2.71,2.709,0.0,0.0,0.0,0.0,0.0,2.714,2.715,2.716,2.717,2.718,0.0,0.0,0.0,0.0,0.0,351200.0,240000.0,353800.0,448600.0,123700.0,0.0,0.0,0.0,0.0,0.0,1400.0,64600.0,100100.0,87900.0,396000.0,0.0,0.0,0.0,0.0,0.0
20230824140951048,SZSE,SZSE.ETF.159901,2.713,2.686,2.728,2.68,0.0,2.941,2.407,34969400.0,7800.0,94484454.1,21161.39999999106,0.0,0.0,20230824,20230824,140951047,2.674,0.0,0.0,2.713,2.712,2.711,2.71,2.709,0.0,0.0,0.0,0.0,0.0,2.714,2.715,2.716,2.717,2.718,0.0,0.0,0.0,0.0,0.0,183400.0,300000.0,218800.0,533500.0,173800.0,0.0,0.0,0.0,0.0,0.0,1400.0,64600.0,100100.0,127900.0,471900.0,0.0,0.0,0.0,0.0,0.0
20230824140952176,SZSE,SZSE.ETF.159901,2.713,2.686,2.728,2.68,0.0,2.941,2.407,34986800.0,17400.0,94531660.3,47206.20000000298,0.0,0.0,20230824,20230824,140952178,2.674,0.0,0.0,2.713,2.712,2.711,2.71,2.709,0.0,0.0,0.0,0.0,0.0,2.714,2.715,2.716,2.717,2.718,0.0,0.0,0.0,0.0,0.0,169600.0,300000.0,268900.0,533500.0,123700.0,0.0,0.0,0.0,0.0,0.0,1400.0,64600.0,100100.0,127900.0,516100.0,0.0,0.0,0.0,0.0,0.0
20230824140954032,SZSE,SZSE.ETF.159901,2.713,2.686,2.728,2.68,0.0,2.941,2.407,34986800.0,17400.0,94531660.3,47206.20000000298,0.0,0.0,20230824,20230824,140954031,2.674,0.0,0.0,2.713,2.712,2.711,2.71,2.709,0.0,0.0,0.0,0.0,0.0,2.714,2.715,2.716,2.717,2.718,0.0,0.0,0.0,0.0,0.0,169600.0,300000.0,268900.0,533500.0,123700.0,0.0,0.0,0.0,0.0,0.0,1400.0,64600.0,100100.0,127900.0,516100.0,0.0,0.0,0.0,0.0,0.0
20230824140957048,SZSE,SZSE.ETF.159901,2.713,2.686,2.728,2.68,0.0,2.941,2.407,34995400.0,8600.0,94554992.1,23331.79999999702,0.0,0.0,20230824,20230824,140957047,2.674,0.0,0.0,2.712,2.711,2.71,2.709,2.708,0.0,0.0,0.0,0.0,0.0,2.714,2.715,2.716,2.717,2.718,0.0,0.0,0.0,0.0,0.0,300000.0,268900.0,533500.0,123700.0,202100.0,0.0,0.0,0.0,0.0,0.0,1400.0,64600.0,100100.0,127900.0,516100.0,0.0,0.0,0.0,0.0,0.0
20230824140955188,SZSE,SZSE.ETF.159901,2.713,2.686,2.728,2.68,0.0,2.941,2.407,34995400.0,8600.0,94554992.1,23331.79999999702,0.0,0.0,20230824,20230824,140955188,2.674,0.0,0.0,2.712,2.711,2.71,2.709,2.708,0.0,0.0,0.0,0.0,0.0,2.714,2.715,2.716,2.717,2.718,0.0,0.0,0.0,0.0,0.0,300000.0,268900.0,533500.0,123700.0,202100.0,0.0,0.0,0.0,0.0,0.0,1400.0,64600.0,100100.0,127900.0,516100.0,0.0,0.0,0.0,0.0,0.0
20230824141000096,SZSE,SZSE.ETF.159901,2.713,2.686,2.728,2.68,0.0,2.941,2.407,34995400.0,0.0,94554992.1,0.0,0.0,0.0,20230824,20230824,141000094,2.674,0.0,0.0,2.712,2.711,2.71,2.709,2.708,0.0,0.0,0.0,0.0,0.0,2.714,2.715,2.716,2.717,2.718,0.0,0.0,0.0,0.0,0.0,400000.0,178900.0,545500.0,201700.0,162100.0,0.0,0.0,0.0,0.0,0.0,1400.0,64600.0,188000.0,240000.0,516100.0,0.0,0.0,0.0,0.0,0.0
20230824140958228,SZSE,SZSE.ETF.159901,2.713,2.686,2.728,2.68,0.0,2.941,2.407,34995400.0,0.0,94554992.1,0.0,0.0,0.0,20230824,20230824,140958229,2.674,0.0,0.0,2.712,2.711,2.71,2.709,2.708,0.0,0.0,0.0,0.0,0.0,2.714,2.715,2.716,2.717,2.718,0.0,0.0,0.0,0.0,0.0,400000.0,178900.0,545500.0,201700.0,162100.0,0.0,0.0,0.0,0.0,0.0,1400.0,64600.0,188000.0,240000.0,516100.0,0.0,0.0,0.0,0.0,0.0
20230824141003080,SZSE,SZSE.ETF.159901,2.713,2.686,2.728,2.68,0.0,2.941,2.407,34995400.0,0.0,94554992.1,0.0,0.0,0.0,20230824,20230824,141003078,2.674,0.0,0.0,2.712,2.711,2.71,2.709,2.708,0.0,0.0,0.0,0.0,0.0,2.714,2.715,2.716,2.717,2.718,0.0,0.0,0.0,0.0,0.0,400000.0,128800.0,545500.0,251800.0,162100.0,0.0,0.0,0.0,0.0,0.0,1400.0,64600.0,188000.0,240000.0,516100.0,0.0,0.0,0.0,0.0,0.0
20230824141001228,SZSE,SZSE.ETF.159901,2.713,2.686,2.728,2.68,0.0,2.941,2.407,34995400.0,0.0,94554992.1,0.0,0.0,0.0,20230824,20230824,141001228,2.674,0.0,0.0,2.712,2.711,2.71,2.709,2.708,0.0,0.0,0.0,0.0,0.0,2.714,2.715,2.716,2.717,2.718,0.0,0.0,0.0,0.0,0.0,400000.0,128800.0,545500.0,251800.0,162100.0,0.0,0.0,0.0,0.0,0.0,1400.0,64600.0,188000.0,240000.0,516100.0,0.0,0.0,0.0,0.0,0.0
20230824141006108,SZSE,SZSE.ETF.159901,2.714,2.686,2.728,2.68,0.0,2.941,2.407,34995500.0,100.0,94555263.5,271.40000000596046,0.0,0.0,20230824,20230824,141006109,2.674,0.0,0.0,2.713,2.712,2.711,2.71,2.709,0.0,0.0,0.0,0.0,0.0,2.714,2.715,2.716,2.717,2.718,0.0,0.0,0.0,0.0,0.0,200000.0,400000.0,228800.0,445500.0,351800.0,0.0,0.0,0.0,0.0,0.0,1300.0,64600.0,50100.0,177900.0,416100.0,0.0,0.0,0.0,0.0,0.0
20230824141004256,SZSE,SZSE.ETF.159901,2.714,2.686,2.728,2.68,0.0,2.941,2.407,34995500.0,100.0,94555263.5,271.40000000596046,0.0,0.0,20230824,20230824,141004256,2.674,0.0,0.0,2.713,2.712,2.711,2.71,2.709,0.0,0.0,0.0,0.0,0.0,2.714,2.715,2.716,2.717,2.718,0.0,0.0,0.0,0.0,0.0,200000.0,400000.0,228800.0,445500.0,351800.0,0.0,0.0,0.0,0.0,0.0,1300.0,64600.0,50100.0,177900.0,416100.0,0.0,0.0,0.0,0.0,0.0
20230824141009108,SZSE,SZSE.ETF.159901,2.714,2.686,2.728,2.68,0.0,2.941,2.407,34995500.0,0.0,94555263.5,0.0,0.0,0.0,20230824,20230824,141009109,2.674,0.0,0.0,2.713,2.712,2.711,2.71,2.709,0.0,0.0,0.0,0.0,0.0,2.714,2.715,2.716,2.717,2.718,0.0,0.0,0.0,0.0,0.0,360000.0,240000.0,368900.0,433500.0,223700.0,0.0,0.0,0.0,0.0,0.0,1300.0,64600.0,100.0,227900.0,416100.0,0.0,0.0,0.0,0.0,0.0
20230824141007252,SZSE,SZSE.ETF.159901,2.714,2.686,2.728,2.68,0.0,2.941,2.407,34995500.0,0.0,94555263.5,0.0,0.0,0.0,20230824,20230824,141007253,2.674,0.0,0.0,2.713,2.712,2.711,2.71,2.709,0.0,0.0,0.0,0.0,0.0,2.714,2.715,2.716,2.717,2.718,0.0,0.0,0.0,0.0,0.0,360000.0,240000.0,368900.0,433500.0,223700.0,0.0,0.0,0.0,0.0,0.0,1300.0,64600.0,100.0,227900.0,416100.0,0.0,0.0,0.0,0.0,0.0
20230824141012080,SZSE,SZSE.ETF.159901,2.714,2.686,2.728,2.68,0.0,2.941,2.407,34995500.0,0.0,94555263.5,0.0,0.0,0.0,20230824,20230824,141012078,2.674,0.0,0.0,2.713,2.712,2.711,2.71,2.709,0.0,0.0,0.0,0.0,0.0,2.714,2.715,2.716,2.717,2.718,0.0,0.0,0.0,0.0,0.0,360000.0,240000.0,318800.0,433500.0,273800.0,0.0,0.0,0.0,0.0,0.0,1300.0,64600.0,100.0,227900.0,416100.0,0.0,0.0,0.0,0.0,0.0
20230824141010228,SZSE,SZSE.ETF.159901,2.714,2.686,2.728,2.68,0.0,2.941,2.407,34995500.0,0.0,94555263.5,0.0,0.0,0.0,20230824,20230824,141010228,2.674,0.0,0.0,2.713,2.712,2.711,2.71,2.709,0.0,0.0,0.0,0.0,0.0,2.714,2.715,2.716,2.717,2.718,0.0,0.0,0.0,0.0,0.0,360000.0,240000.0,318800.0,433500.0,273800.0,0.0,0.0,0.0,0.0,0.0,1300.0,64600.0,100.0,227900.0,416100.0,0.0,0.0,0.0,0.0,0.0
20230824141015108,SZSE,SZSE.ETF.159901,2.714,2.686,2.728,2.68,0.0,2.941,2.407,34995500.0,0.0,94555263.5,0.0,0.0,0.0,20230824,20230824,141015109,2.674,0.0,0.0,2.713,2.712,2.711,2.71,2.709,0.0,0.0,0.0,0.0,0.0,2.714,2.715,2.716,2.717,2.718,0.0,0.0,0.0,0.0,0.0,300000.0,300000.0,368900.0,433500.0,223700.0,0.0,0.0,0.0,0.0,0.0,1300.0,64600.0,100.0,227900.0,416100.0,0.0,0.0,0.0,0.0,0.0
20230824141013260,SZSE,SZSE.ETF.159901,2.714,2.686,2.728,2.68,0.0,2.941,2.407,34995500.0,0.0,94555263.5,0.0,0.0,0.0,20230824,20230824,141013259,2.674,0.0,0.0,2.713,2.712,2.711,2.71,2.709,0.0,0.0,0.0,0.0,0.0,2.714,2.715,2.716,2.717,2.718,0.0,0.0,0.0,0.0,0.0,300000.0,300000.0,368900.0,433500.0,223700.0,0.0,0.0,0.0,0.0,0.0,1300.0,64600.0,100.0,227900.0,416100.0,0.0,0.0,0.0,0.0,0.0
20230824141018080,SZSE,SZSE.ETF.159901,2.714,2.686,2.728,2.68,0.0,2.941,2.407,34995500.0,0.0,94555263.5,0.0,0.0,0.0,20230824,20230824,141018078,2.674,0.0,0.0,2.713,2.712,2.711,2.71,2.709,0.0,0.0,0.0,0.0,0.0,2.714,2.715,2.716,2.717,2.718,0.0,0.0,0.0,0.0,0.0,360000.0,240000.0,368900.0,433500.0,223700.0,0.0,0.0,0.0,0.0,0.0,1300.0,64600.0,100.0,227900.0,416100.0,0.0,0.0,0.0,0.0,0.0
20230824141016224,SZSE,SZSE.ETF.159901,2.714,2.686,2.728,2.68,0.0,2.941,2.407,34995500.0,0.0,94555263.5,0.0,0.0,0.0,20230824,20230824,141016226,2.674,0.0,0.0,2.713,2.712,2.711,2.71,2.709,0.0,0.0,0.0,0.0,0.0,2.714,2.715,2.716,2.717,2.718,0.0,0.0,0.0,0.0,0.0,360000.0,240000.0,368900.0,433500.0,223700.0,0.0,0.0,0.0,0.0,0.0,1300.0,64600.0,100.0,227900.0,416100.0,0.0,0.0,0.0,0.0,0.0
20230824141024064,SZSE,SZSE.ETF.159901,2.714,2.686,2.728,2.68,0.0,2.941,2.407,34995500.0,0.0,94555263.5,0.0,0.0,0.0,20230824,20230824,141024063,2.674,0.0,0.0,2.713,2.712,2.711,2.71,2.709,0.0,0.0,0.0,0.0,0.0,2.714,2.715,2.716,2.717,2.718,0.0,0.0,0.0,0.0,0.0,360000.0,240000.0,368900.0,433500.0,223700.0,0.0,0.0,0.0,0.0,0.0,1300.0,24600.0,100.0,227900.0,416100.0,0.0,0.0,0.0,0.0,0.0
20230824141022200,SZSE,SZSE.ETF.159901,2.714,2.686,2.728,2.68,0.0,2.941,2.407,34995500.0,0.0,94555263.5,0.0,0.0,0.0,20230824,20230824,141022199,2.674,0.0,0.0,2.713,2.712,2.711,2.71,2.709,0.0,0.0,0.0,0.0,0.0,2.714,2.715,2.716,2.717,2.718,0.0,0.0,0.0,0.0,0.0,360000.0,240000.0,368900.0,433500.0,223700.0,0.0,0.0,0.0,0.0,0.0,1300.0,24600.0,100.0,227900.0,416100.0,0.0,0.0,0.0,0.0,0.0
20230824141027048,SZSE,SZSE.ETF.159901,2.713,2.686,2.728,2.68,0.0,2.941,2.407,34995600.0,100.0,94555534.8,271.29999999701977,0.0,0.0,20230824,20230824,141027047,2.674,0.0,0.0,2.713,2.712,2.711,2.71,2.709,0.0,0.0,0.0,0.0,0.0,2.714,2.715,2.716,2.717,2.718,0.0,0.0,0.0,0.0,0.0,359900.0,240000.0,368900.0,433500.0,223700.0,0.0,0.0,0.0,0.0,0.0,1300.0,24600.0,40100.0,227900.0,416100.0,0.0,0.0,0.0,0.0,0.0
20230824141030064,SZSE,SZSE.ETF.159901,2.713,2.686,2.728,2.68,0.0,2.941,2.407,34995600.0,0.0,94555534.8,0.0,0.0,0.0,20230824,20230824,141030062,2.674,0.0,0.0,2.713,2.712,2.711,2.71,2.709,0.0,0.0,0.0,0.0,0.0,2.714,2.715,2.716,2.717,2.718,0.0,0.0,0.0,0.0,0.0,399900.0,200000.0,368900.0,433500.0,223700.0,0.0,0.0,0.0,0.0,0.0,21300.0,24600.0,40100.0,190000.0,454000.0,0.0,0.0,0.0,0.0,0.0
20230824141031172,SZSE,SZSE.ETF.159901,2.713,2.686,2.728,2.68,0.0,2.941,2.407,34995600.0,0.0,94555534.8,0.0,0.0,0.0,20230824,20230824,141031171,2.674,0.0,0.0,2.713,2.712,2.711,2.71,2.709,0.0,0.0,0.0,0.0,0.0,2.714,2.715,2.716,2.717,2.718,0.0,0.0,0.0,0.0,0.0,239900.0,260000.0,368900.0,433500.0,123700.0,0.0,0.0,0.0,0.0,0.0,21300.0,24600.0,40100.0,227900.0,416100.0,0.0,0.0,0.0,0.0,0.0
20230824141033080,SZSE,SZSE.ETF.159901,2.713,2.686,2.728,2.68,0.0,2.941,2.407,34995600.0,0.0,94555534.8,0.0,0.0,0.0,20230824,20230824,141033078,2.674,0.0,0.0,2.713,2.712,2.711,2.71,2.709,0.0,0.0,0.0,0.0,0.0,2.714,2.715,2.716,2.717,2.718,0.0,0.0,0.0,0.0,0.0,239900.0,260000.0,368900.0,433500.0,123700.0,0.0,0.0,0.0,0.0,0.0,21300.0,24600.0,40100.0,227900.0,416100.0,0.0,0.0,0.0,0.0,0.0
20230824141036032,SZSE,SZSE.ETF.159901,2.713,2.686,2.728,2.68,0.0,2.941,2.407,34995600.0,0.0,94555534.8,0.0,0.0,0.0,20230824,20230824,141036031,2.674,0.0,0.0,2.713,2.712,2.711,2.71,2.709,0.0,0.0,0.0,0.0,0.0,2.714,2.715,2.716,2.717,2.718,0.0,0.0,0.0,0.0,0.0,339900.0,360000.0,1068900.0,433500.0,123700.0,0.0,0.0,0.0,0.0,0.0,21300.0,24600.0,40100.0,227900.0,416100.0,0.0,0.0,0.0,0.0,0.0
20230824141034168,SZSE,SZSE.ETF.159901,2.713,2.686,2.728,2.68,0.0,2.941,2.407,34995600.0,0.0,94555534.8,0.0,0.0,0.0,20230824,20230824,141034170,2.674,0.0,0.0,2.713,2.712,2.711,2.71,2.709,0.0,0.0,0.0,0.0,0.0,2.714,2.715,2.716,2.717,2.718,0.0,0.0,0.0,0.0,0.0,339900.0,360000.0,1068900.0,433500.0,123700.0,0.0,0.0,0.0,0.0,0.0,21300.0,24600.0,40100.0,227900.0,416100.0,0.0,0.0,0.0,0.0,0.0
20230824141039064,SZSE,SZSE.ETF.159901,2.714,2.686,2.728,2.68,0.0,2.941,2.407,34996600.0,1000.0,94558248.8,2714.0,0.0,0.0,20230824,20230824,141039063,2.674,0.0,0.0,2.713,2.712,2.711,2.71,2.709,0.0,0.0,0.0,0.0,0.0,2.714,2.715,2.716,2.717,2.718,0.0,0.0,0.0,0.0,0.0,289900.0,360000.0,1168900.0,433500.0,223700.0,0.0,0.0,0.0,0.0,0.0,20300.0,24600.0,40100.0,327900.0,416100.0,0.0,0.0,0.0,0.0,0.0
20230824141037208,SZSE,SZSE.ETF.159901,2.714,2.686,2.728,2.68,0.0,2.941,2.407,34996600.0,1000.0,94558248.8,2714.0,0.0,0.0,20230824,20230824,141037207,2.674,0.0,0.0,2.713,2.712,2.711,2.71,2.709,0.0,0.0,0.0,0.0,0.0,2.714,2.715,2.716,2.717,2.718,0.0,0.0,0.0,0.0,0.0,289900.0,360000.0,1168900.0,433500.0,223700.0,0.0,0.0,0.0,0.0,0.0,20300.0,24600.0,40100.0,327900.0,416100.0,0.0,0.0,0.0,0.0,0.0
20230824141042056,SZSE,SZSE.ETF.159901,2.714,2.686,2.728,2.68,0.0,2.941,2.407,34996600.0,0.0,94558248.8,0.0,0.0,0.0,20230824,20230824,141042054,2.674,0.0,0.0,2.713,2.712,2.711,2.71,2.709,0.0,0.0,0.0,0.0,0.0,2.714,2.715,2.716,2.717,2.718,0.0,0.0,0.0,0.0,0.0,289900.0,360000.0,1068900.0,433500.0,123700.0,0.0,0.0,0.0,0.0,0.0,20300.0,24600.0,40100.0,227900.0,416100.0,0.0,0.0,0.0,0.0,0.0
20230824141040188,SZSE,SZSE.ETF.159901,2.714,2.686,2.728,2.68,0.0,2.941,2.407,34996600.0,0.0,94558248.8,0.0,0.0,0.0,20230824,20230824,141040189,2.674,0.0,0.0,2.713,2.712,2.711,2.71,2.709,0.0,0.0,0.0,0.0,0.0,2.714,2.715,2.716,2.717,2.718,0.0,0.0,0.0,0.0,0.0,289900.0,360000.0,1068900.0,433500.0,123700.0,0.0,0.0,0.0,0.0,0.0,20300.0,24600.0,40100.0,227900.0,416100.0,0.0,0.0,0.0,0.0,0.0
20230824141045052,SZSE,SZSE.ETF.159901,2.713,2.686,2.728,2.68,0.0,2.941,2.407,35001000.0,4400.0,94570186.0,11937.20000000298,0.0,0.0,20230824,20230824,141045053,2.674,0.0,0.0,2.713,2.712,2.711,2.71,2.709,0.0,0.0,0.0,0.0,0.0,2.714,2.715,2.716,2.717,2.718,0.0,0.0,0.0,0.0,0.0,335500.0,360000.0,1068900.0,433500.0,123700.0,0.0,0.0,0.0,0.0,0.0,20300.0,24600.0,78000.0,190000.0,416100.0,0.0,0.0,0.0,0.0,0.0
20230824141043188,SZSE,SZSE.ETF.159901,2.713,2.686,2.728,2.68,0.0,2.941,2.407,35001000.0,4400.0,94570186.0,11937.20000000298,0.0,0.0,20230824,20230824,141043188,2.674,0.0,0.0,2.713,2.712,2.711,2.71,2.709,0.0,0.0,0.0,0.0,0.0,2.714,2.715,2.716,2.717,2.718,0.0,0.0,0.0,0.0,0.0,335500.0,360000.0,1068900.0,433500.0,123700.0,0.0,0.0,0.0,0.0,0.0,20300.0,24600.0,78000.0,190000.0,416100.0,0.0,0.0,0.0,0.0,0.0
20230824141049184,SZSE,SZSE.ETF.159901,2.713,2.686,2.728,2.68,0.0,2.941,2.407,35001000.0,0.0,94570186.0,0.0,0.0,0.0,20230824,20230824,141049183,2.674,0.0,0.0,2.713,2.712,2.711,2.71,2.709,0.0,0.0,0.0,0.0,0.0,2.714,2.715,2.716,2.717,2.718,0.0,0.0,0.0,0.0,0.0,336500.0,360000.0,1068900.0,433500.0,123700.0,0.0,0.0,0.0,0.0,0.0,20900.0,24600.0,78000.0,190000.0,416100.0,0.0,0.0,0.0,0.0,0.0
20230824141051088,SZSE,SZSE.ETF.159901,2.713,2.686,2.728,2.68,0.0,2.941,2.407,35001000.0,0.0,94570186.0,0.0,0.0,0.0,20230824,20230824,141051090,2.674,0.0,0.0,2.713,2.712,2.711,2.71,2.709,0.0,0.0,0.0,0.0,0.0,2.714,2.715,2.716,2.717,2.718,0.0,0.0,0.0,0.0,0.0,336500.0,360000.0,1068900.0,433500.0,123700.0,0.0,0.0,0.0,0.0,0.0,20900.0,24600.0,78000.0,190000.0,416100.0,0.0,0.0,0.0,0.0,0.0
20230824141054048,SZSE,SZSE.ETF.159901,2.713,2.686,2.728,2.68,0.0,2.941,2.407,35001000.0,0.0,94570186.0,0.0,0.0,0.0,20230824,20230824,141054049,2.674,0.0,0.0,2.713,2.712,2.711,2.71,2.709,0.0,0.0,0.0,0.0,0.0,2.714,2.715,2.716,2.717,2.718,0.0,0.0,0.0,0.0,0.0,396500.0,300000.0,1068900.0,433500.0,123700.0,0.0,0.0,0.0,0.0,0.0,20900.0,24600.0,78000.0,190000.0,416100.0,0.0,0.0,0.0,0.0,0.0
20230824141057032,SZSE,SZSE.ETF.159901,2.713,2.686,2.728,2.68,0.0,2.941,2.407,35003600.0,2600.0,94577239.8,7053.79999999702,0.0,0.0,20230824,20230824,141057031,2.674,0.0,0.0,2.713,2.712,2.711,2.71,2.709,0.0,0.0,0.0,0.0,0.0,2.714,2.715,2.716,2.717,2.718,0.0,0.0,0.0,0.0,0.0,333900.0,363700.0,1073900.0,433500.0,123700.0,0.0,0.0,0.0,0.0,0.0,20900.0,24600.0,78000.0,190000.0,416100.0,0.0,0.0,0.0,0.0,0.0
20230824141100080,SZSE,SZSE.ETF.159901,2.713,2.686,2.728,2.68,0.0,2.941,2.407,35003600.0,0.0,94577239.8,0.0,0.0,0.0,20230824,20230824,141100079,2.674,0.0,0.0,2.713,2.712,2.711,2.71,2.709,0.0,0.0,0.0,0.0,0.0,2.714,2.715,2.716,2.717,2.718,0.0,0.0,0.0,0.0,0.0,393900.0,303700.0,1073900.0,433500.0,123700.0,0.0,0.0,0.0,0.0,0.0,20900.0,24600.0,78000.0,190000.0,416100.0,0.0,0.0,0.0,0.0,0.0
20230824141103124,SZSE,SZSE.ETF.159901,2.713,2.686,2.728,2.68,0.0,2.941,2.407,35003600.0,0.0,94577239.8,0.0,0.0,0.0,20230824,20230824,141103125,2.674,0.0,0.0,2.713,2.712,2.711,2.71,2.709,0.0,0.0,0.0,0.0,0.0,2.714,2.715,2.716,2.717,2.718,0.0,0.0,0.0,0.0,0.0,393900.0,353800.0,1073900.0,383400.0,123700.0,0.0,0.0,0.0,0.0,0.0,20900.0,24600.0,78000.0,190000.0,366100.0,0.0,0.0,0.0,0.0,0.0
20230824141101260,SZSE,SZSE.ETF.159901,2.713,2.686,2.728,2.68,0.0,2.941,2.407,35003600.0,0.0,94577239.8,0.0,0.0,0.0,20230824,20230824,141101261,2.674,0.0,0.0,2.713,2.712,2.711,2.71,2.709,0.0,0.0,0.0,0.0,0.0,2.714,2.715,2.716,2.717,2.718,0.0,0.0,0.0,0.0,0.0,393900.0,353800.0,1073900.0,383400.0,123700.0,0.0,0.0,0.0,0.0,0.0,20900.0,24600.0,78000.0,190000.0,366100.0,0.0,0.0,0.0,0.0,0.0
20230824141106116,SZSE,SZSE.ETF.159901,2.714,2.686,2.728,2.68,0.0,2.941,2.407,35044000.0,40400.0,94686885.4,109645.60000000894,0.0,0.0,20230824,20230824,141106116,2.674,0.0,0.0,2.714,2.713,2.712,2.711,2.71,0.0,0.0,0.0,0.0,0.0,2.715,2.716,2.717,2.718,2.719,0.0,0.0,0.0,0.0,0.0,159600.0,393900.0,103700.0,1123900.0,433500.0,0.0,0.0,0.0,0.0,0.0,24600.0,40100.0,277900.0,216100.0,345500.0,0.0,0.0,0.0,0.0,0.0
20230824141104260,SZSE,SZSE.ETF.159901,2.714,2.686,2.728,2.68,0.0,2.941,2.407,35044000.0,40400.0,94686885.4,109645.60000000894,0.0,0.0,20230824,20230824,141104260,2.674,0.0,0.0,2.714,2.713,2.712,2.711,2.71,0.0,0.0,0.0,0.0,0.0,2.715,2.716,2.717,2.718,2.719,0.0,0.0,0.0,0.0,0.0,159600.0,393900.0,103700.0,1123900.0,433500.0,0.0,0.0,0.0,0.0,0.0,24600.0,40100.0,277900.0,216100.0,345500.0,0.0,0.0,0.0,0.0,0.0
20230824141109140,SZSE,SZSE.ETF.159901,2.714,2.686,2.728,2.68,0.0,2.941,2.407,35071900.0,27900.0,94762606.0,75720.59999999404,0.0,0.0,20230824,20230824,141109141,2.674,0.0,0.0,2.714,2.713,2.712,2.711,2.71,0.0,0.0,0.0,0.0,0.0,2.715,2.716,2.717,2.718,2.719,0.0,0.0,0.0,0.0,0.0,191700.0,233900.0,243700.0,1184100.0,233300.0,0.0,0.0,0.0,0.0,0.0,24600.0,40100.0,137900.0,146000.0,461400.0,0.0,0.0,0.0,0.0,0.0
20230824141107276,SZSE,SZSE.ETF.159901,2.714,2.686,2.728,2.68,0.0,2.941,2.407,35071900.0,27900.0,94762606.0,75720.59999999404,0.0,0.0,20230824,20230824,141107277,2.674,0.0,0.0,2.714,2.713,2.712,2.711,2.71,0.0,0.0,0.0,0.0,0.0,2.715,2.716,2.717,2.718,2.719,0.0,0.0,0.0,0.0,0.0,191700.0,233900.0,243700.0,1184100.0,233300.0,0.0,0.0,0.0,0.0,0.0,24600.0,40100.0,137900.0,146000.0,461400.0,0.0,0.0,0.0,0.0,0.0
20230824141112156,SZSE,SZSE.ETF.159901,2.714,2.686,2.728,2.68,0.0,2.941,2.407,35071900.0,0.0,94762606.0,0.0,0.0,0.0,20230824,20230824,141112156,2.674,0.0,0.0,2.714,2.713,2.712,2.711,2.71,0.0,0.0,0.0,0.0,0.0,2.715,2.716,2.718,2.719,2.72,0.0,0.0,0.0,0.0,0.0,195300.0,233900.0,393800.0,1084100.0,283200.0,0.0,0.0,0.0,0.0,0.0,24600.0,40100.0,233900.0,405600.0,262700.0,0.0,0.0,0.0,0.0,0.0
20230824141115156,SZSE,SZSE.ETF.159901,2.714,2.686,2.728,2.68,0.0,2.941,2.407,35071900.0,0.0,94762606.0,0.0,0.0,0.0,20230824,20230824,141115156,2.674,0.0,0.0,2.714,2.713,2.712,2.711,2.71,0.0,0.0,0.0,0.0,0.0,2.715,2.716,2.718,2.719,2.72,0.0,0.0,0.0,0.0,0.0,191700.0,233900.0,493800.0,1084100.0,383200.0,0.0,0.0,0.0,0.0,0.0,24600.0,40100.0,293900.0,408300.0,400000.0,0.0,0.0,0.0,0.0,0.0
20230824141118156,SZSE,SZSE.ETF.159901,2.714,2.686,2.728,2.68,0.0,2.941,2.407,35071900.0,0.0,94762606.0,0.0,0.0,0.0,20230824,20230824,141118156,2.674,0.0,0.0,2.714,2.713,2.712,2.711,2.71,0.0,0.0,0.0,0.0,0.0,2.715,2.716,2.717,2.718,2.719,0.0,0.0,0.0,0.0,0.0,231700.0,293900.0,393800.0,1084100.0,183200.0,0.0,0.0,0.0,0.0,0.0,24600.0,100.0,40000.0,193900.0,408300.0,0.0,0.0,0.0,0.0,0.0
20230824141116292,SZSE,SZSE.ETF.159901,2.714,2.686,2.728,2.68,0.0,2.941,2.407,35071900.0,0.0,94762606.0,0.0,0.0,0.0,20230824,20230824,141116291,2.674,0.0,0.0,2.714,2.713,2.712,2.711,2.71,0.0,0.0,0.0,0.0,0.0,2.715,2.716,2.717,2.718,2.719,0.0,0.0,0.0,0.0,0.0,231700.0,293900.0,393800.0,1084100.0,183200.0,0.0,0.0,0.0,0.0,0.0,24600.0,100.0,40000.0,193900.0,408300.0,0.0,0.0,0.0,0.0,0.0
20230824141121140,SZSE,SZSE.ETF.159901,2.715,2.686,2.728,2.68,0.0,2.941,2.407,35096500.0,24600.0,94829395.0,66789.0,0.0,0.0,20230824,20230824,141121141,2.674,0.0,0.0,2.714,2.713,2.712,2.711,2.71,0.0,0.0,0.0,0.0,0.0,2.716,2.717,2.718,2.719,2.72,0.0,0.0,0.0,0.0,0.0,281700.0,193900.0,393800.0,1080100.0,283200.0,0.0,0.0,0.0,0.0,0.0,100.0,40000.0,233900.0,205600.0,462700.0,0.0,0.0,0.0,0.0,0.0
20230824141124140,SZSE,SZSE.ETF.159901,2.714,2.686,2.728,2.68,0.0,2.941,2.407,35112600.0,16100.0,94873090.4,43695.40000000596,0.0,0.0,20230824,20230824,141124141,2.674,0.0,0.0,2.714,2.713,2.712,2.711,2.71,0.0,0.0,0.0,0.0,0.0,2.716,2.717,2.718,2.719,2.72,0.0,0.0,0.0,0.0,0.0,315600.0,293900.0,478700.0,995200.0,223200.0,0.0,0.0,0.0,0.0,0.0,100.0,40000.0,156000.0,123400.0,478600.0,0.0,0.0,0.0,0.0,0.0
20230824141127080,SZSE,SZSE.ETF.159901,2.714,2.686,2.728,2.68,0.0,2.941,2.407,35112600.0,0.0,94873090.4,0.0,0.0,0.0,20230824,20230824,141127078,2.674,0.0,0.0,2.715,2.714,2.713,2.712,2.711,0.0,0.0,0.0,0.0,0.0,2.716,2.717,2.718,2.719,2.72,0.0,0.0,0.0,0.0,0.0,3600.0,315600.0,293900.0,516000.0,257900.0,0.0,0.0,0.0,0.0,0.0,100.0,40000.0,156000.0,323400.0,522800.0,0.0,0.0,0.0,0.0,0.0
20230824141130112,SZSE,SZSE.ETF.159901,2.714,2.686,2.728,2.68,0.0,2.941,2.407,35112600.0,0.0,94873090.4,0.0,0.0,0.0,20230824,20230824,141130110,2.674,0.0,0.0,2.714,2.713,2.712,2.711,2.71,0.0,0.0,0.0,0.0,0.0,2.716,2.717,2.718,2.719,2.72,0.0,0.0,0.0,0.0,0.0,215600.0,383900.0,504100.0,179900.0,223200.0,0.0,0.0,0.0,0.0,0.0,100.0,40000.0,106000.0,373400.0,522800.0,0.0,0.0,0.0,0.0,0.0
20230824141128248,SZSE,SZSE.ETF.159901,2.714,2.686,2.728,2.68,0.0,2.941,2.407,35112600.0,0.0,94873090.4,0.0,0.0,0.0,20230824,20230824,141128249,2.674,0.0,0.0,2.714,2.713,2.712,2.711,2.71,0.0,0.0,0.0,0.0,0.0,2.716,2.717,2.718,2.719,2.72,0.0,0.0,0.0,0.0,0.0,215600.0,383900.0,504100.0,179900.0,223200.0,0.0,0.0,0.0,0.0,0.0,100.0,40000.0,106000.0,373400.0,522800.0,0.0,0.0,0.0,0.0,0.0
20230824141133080,SZSE,SZSE.ETF.159901,2.714,2.686,2.728,2.68,0.0,2.941,2.407,35112600.0,0.0,94873090.4,0.0,0.0,0.0,20230824,20230824,141133078,2.674,0.0,0.0,2.714,2.713,2.712,2.711,2.71,0.0,0.0,0.0,0.0,0.0,2.716,2.717,2.718,2.719,2.72,0.0,0.0,0.0,0.0,0.0,318700.0,293900.0,516100.0,257900.0,223200.0,0.0,0.0,0.0,0.0,0.0,100.0,40000.0,156000.0,323400.0,522800.0,0.0,0.0,0.0,0.0,0.0
20230824141131224,SZSE,SZSE.ETF.159901,2.714,2.686,2.728,2.68,0.0,2.941,2.407,35112600.0,0.0,94873090.4,0.0,0.0,0.0,20230824,20230824,141131224,2.674,0.0,0.0,2.714,2.713,2.712,2.711,2.71,0.0,0.0,0.0,0.0,0.0,2.716,2.717,2.718,2.719,2.72,0.0,0.0,0.0,0.0,0.0,318700.0,293900.0,516100.0,257900.0,223200.0,0.0,0.0,0.0,0.0,0.0,100.0,40000.0,156000.0,323400.0,522800.0,0.0,0.0,0.0,0.0,0.0
20230824141136064,SZSE,SZSE.ETF.159901,2.714,2.686,2.728,2.68,0.0,2.941,2.407,35112600.0,0.0,94873090.4,0.0,0.0,0.0,20230824,20230824,141136063,2.674,0.0,0.0,2.714,2.713,2.712,2.711,2.71,0.0,0.0,0.0,0.0,0.0,2.716,2.717,2.718,2.719,2.72,0.0,0.0,0.0,0.0,0.0,322200.0,293900.0,516100.0,257900.0,223200.0,0.0,0.0,0.0,0.0,0.0,100.0,40000.0,156000.0,123400.0,522800.0,0.0,0.0,0.0,0.0,0.0
20230824141134212,SZSE,SZSE.ETF.159901,2.714,2.686,2.728,2.68,0.0,2.941,2.407,35112600.0,0.0,94873090.4,0.0,0.0,0.0,20230824,20230824,141134211,2.674,0.0,0.0,2.714,2.713,2.712,2.711,2.71,0.0,0.0,0.0,0.0,0.0,2.716,2.717,2.718,2.719,2.72,0.0,0.0,0.0,0.0,0.0,322200.0,293900.0,516100.0,257900.0,223200.0,0.0,0.0,0.0,0.0,0.0,100.0,40000.0,156000.0,123400.0,522800.0,0.0,0.0,0.0,0.0,0.0
20230824141139064,SZSE,SZSE.ETF.159901,2.716,2.686,2.728,2.68,0.0,2.941,2.407,35112700.0,100.0,94873362.0,271.59999999403954,0.0,0.0,20230824,20230824,141139063,2.674,0.0,0.0,2.716,2.714,2.713,2.712,2.711,0.0,0.0,0.0,0.0,0.0,2.717,2.718,2.719,2.72,2.721,0.0,0.0,0.0,0.0,0.0,1700.0,332200.0,293900.0,1216100.0,257900.0,0.0,0.0,0.0,0.0,0.0,40000.0,156000.0,123400.0,522800.0,182300.0,0.0,0.0,0.0,0.0,0.0
20230824141137212,SZSE,SZSE.ETF.159901,2.716,2.686,2.728,2.68,0.0,2.941,2.407,35112700.0,100.0,94873362.0,271.59999999403954,0.0,0.0,20230824,20230824,141137211,2.674,0.0,0.0,2.716,2.714,2.713,2.712,2.711,0.0,0.0,0.0,0.0,0.0,2.717,2.718,2.719,2.72,2.721,0.0,0.0,0.0,0.0,0.0,1700.0,332200.0,293900.0,1216100.0,257900.0,0.0,0.0,0.0,0.0,0.0,40000.0,156000.0,123400.0,522800.0,182300.0,0.0,0.0,0.0,0.0,0.0
20230824141142048,SZSE,SZSE.ETF.159901,2.716,2.686,2.728,2.68,0.0,2.941,2.407,35112700.0,0.0,94873362.0,0.0,0.0,0.0,20230824,20230824,141142047,2.674,0.0,0.0,2.716,2.714,2.713,2.712,2.711,0.0,0.0,0.0,0.0,0.0,2.717,2.718,2.719,2.72,2.721,0.0,0.0,0.0,0.0,0.0,1700.0,282200.0,462500.0,1125500.0,129800.0,0.0,0.0,0.0,0.0,0.0,40000.0,106000.0,283400.0,496900.0,298100.0,0.0,0.0,0.0,0.0,0.0
20230824141140196,SZSE,SZSE.ETF.159901,2.716,2.686,2.728,2.68,0.0,2.941,2.407,35112700.0,0.0,94873362.0,0.0,0.0,0.0,20230824,20230824,141140196,2.674,0.0,0.0,2.716,2.714,2.713,2.712,2.711,0.0,0.0,0.0,0.0,0.0,2.717,2.718,2.719,2.72,2.721,0.0,0.0,0.0,0.0,0.0,1700.0,282200.0,462500.0,1125500.0,129800.0,0.0,0.0,0.0,0.0,0.0,40000.0,106000.0,283400.0,496900.0,298100.0,0.0,0.0,0.0,0.0,0.0
20230824141145108,SZSE,SZSE.ETF.159901,2.716,2.686,2.728,2.68,0.0,2.941,2.407,35112700.0,0.0,94873362.0,0.0,0.0,0.0,20230824,20230824,141145109,2.674,0.0,0.0,2.716,2.714,2.713,2.712,2.711,0.0,0.0,0.0,0.0,0.0,2.717,2.718,2.719,2.72,2.721,0.0,0.0,0.0,0.0,0.0,1700.0,282200.0,462500.0,1125500.0,129800.0,0.0,0.0,0.0,0.0,0.0,40000.0,106000.0,83400.0,496900.0,298100.0,0.0,0.0,0.0,0.0,0.0
20230824141143244,SZSE,SZSE.ETF.159901,2.716,2.686,2.728,2.68,0.0,2.941,2.407,35112700.0,0.0,94873362.0,0.0,0.0,0.0,20230824,20230824,141143245,2.674,0.0,0.0,2.716,2.714,2.713,2.712,2.711,0.0,0.0,0.0,0.0,0.0,2.717,2.718,2.719,2.72,2.721,0.0,0.0,0.0,0.0,0.0,1700.0,282200.0,462500.0,1125500.0,129800.0,0.0,0.0,0.0,0.0,0.0,40000.0,106000.0,83400.0,496900.0,298100.0,0.0,0.0,0.0,0.0,0.0
20230824141148096,SZSE,SZSE.ETF.159901,2.716,2.686,2.728,2.68,0.0,2.941,2.407,35112700.0,0.0,94873362.0,0.0,0.0,0.0,20230824,20230824,141148094,2.674,0.0,0.0,2.716,2.715,2.714,2.713,2.712,0.0,0.0,0.0,0.0,0.0,2.717,2.718,2.719,2.72,2.721,0.0,0.0,0.0,0.0,0.0,1700.0,60000.0,222200.0,462500.0,1125500.0,0.0,0.0,0.0,0.0,0.0,40000.0,143900.0,45500.0,496900.0,238100.0,0.0,0.0,0.0,0.0,0.0
20230824141146232,SZSE,SZSE.ETF.159901,2.716,2.686,2.728,2.68,0.0,2.941,2.407,35112700.0,0.0,94873362.0,0.0,0.0,0.0,20230824,20230824,141146233,2.674,0.0,0.0,2.716,2.715,2.714,2.713,2.712,0.0,0.0,0.0,0.0,0.0,2.717,2.718,2.719,2.72,2.721,0.0,0.0,0.0,0.0,0.0,1700.0,60000.0,222200.0,462500.0,1125500.0,0.0,0.0,0.0,0.0,0.0,40000.0,143900.0,45500.0,496900.0,238100.0,0.0,0.0,0.0,0.0,0.0
20230824141151048,SZSE,SZSE.ETF.159901,2.716,2.686,2.728,2.68,0.0,2.941,2.407,35112700.0,0.0,94873362.0,0.0,0.0,0.0,20230824,20230824,141151047,2.674,0.0,0.0,2.716,2.715,2.714,2.713,2.712,0.0,0.0,0.0,0.0,0.0,2.717,2.718,2.719,2.72,2.721,0.0,0.0,0.0,0.0,0.0,1700.0,260000.0,312200.0,269600.0,1085500.0,0.0,0.0,0.0,0.0,0.0,40100.0,106000.0,83400.0,496900.0,238100.0,0.0,0.0,0.0,0.0,0.0
20230824141154064,SZSE,SZSE.ETF.159901,2.716,2.686,2.728,2.68,0.0,2.941,2.407,35112700.0,0.0,94873362.0,0.0,0.0,0.0,20230824,20230824,141154063,2.674,0.0,0.0,2.716,2.715,2.714,2.713,2.712,0.0,0.0,0.0,0.0,0.0,2.717,2.718,2.719,2.72,2.721,0.0,0.0,0.0,0.0,0.0,1700.0,260000.0,312200.0,219500.0,1085500.0,0.0,0.0,0.0,0.0,0.0,40100.0,106000.0,83400.0,496900.0,238100.0,0.0,0.0,0.0,0.0,0.0
20230824141152204,SZSE,SZSE.ETF.159901,2.716,2.686,2.728,2.68,0.0,2.941,2.407,35112700.0,0.0,94873362.0,0.0,0.0,0.0,20230824,20230824,141152203,2.674,0.0,0.0,2.716,2.715,2.714,2.713,2.712,0.0,0.0,0.0,0.0,0.0,2.717,2.718,2.719,2.72,2.721,0.0,0.0,0.0,0.0,0.0,1700.0,260000.0,312200.0,219500.0,1085500.0,0.0,0.0,0.0,0.0,0.0,40100.0,106000.0,83400.0,496900.0,238100.0,0.0,0.0,0.0,0.0,0.0
20230824141157032,SZSE,SZSE.ETF.159901,2.717,2.686,2.728,2.68,0.0,2.941,2.407,35112900.0,200.0,94873905.4,543.4000000059605,0.0,0.0,20230824,20230824,141157032,2.674,0.0,0.0,2.716,2.715,2.714,2.713,2.712,0.0,0.0,0.0,0.0,0.0,2.717,2.718,2.719,2.72,2.721,0.0,0.0,0.0,0.0,0.0,1700.0,260000.0,312200.0,269700.0,1085500.0,0.0,0.0,0.0,0.0,0.0,39900.0,106000.0,83400.0,496900.0,238100.0,0.0,0.0,0.0,0.0,0.0
20230824141155180,SZSE,SZSE.ETF.159901,2.717,2.686,2.728,2.68,0.0,2.941,2.407,35112900.0,200.0,94873905.4,543.4000000059605,0.0,0.0,20230824,20230824,141155179,2.674,0.0,0.0,2.716,2.715,2.714,2.713,2.712,0.0,0.0,0.0,0.0,0.0,2.717,2.718,2.719,2.72,2.721,0.0,0.0,0.0,0.0,0.0,1700.0,260000.0,312200.0,269700.0,1085500.0,0.0,0.0,0.0,0.0,0.0,39900.0,106000.0,83400.0,496900.0,238100.0,0.0,0.0,0.0,0.0,0.0
20230824141200112,SZSE,SZSE.ETF.159901,2.716,2.686,2.728,2.68,0.0,2.941,2.407,35113000.0,100.0,94874177.0,271.59999999403954,0.0,0.0,20230824,20230824,141200110,2.674,0.0,0.0,2.716,2.715,2.714,2.713,2.712,0.0,0.0,0.0,0.0,0.0,2.717,2.718,2.719,2.72,2.721,0.0,0.0,0.0,0.0,0.0,1600.0,260000.0,412200.0,369700.0,985500.0,0.0,0.0,0.0,0.0,0.0,100.0,46000.0,183400.0,396900.0,238100.0,0.0,0.0,0.0,0.0,0.0
20230824141158248,SZSE,SZSE.ETF.159901,2.716,2.686,2.728,2.68,0.0,2.941,2.407,35113000.0,100.0,94874177.0,271.59999999403954,0.0,0.0,20230824,20230824,141158250,2.674,0.0,0.0,2.716,2.715,2.714,2.713,2.712,0.0,0.0,0.0,0.0,0.0,2.717,2.718,2.719,2.72,2.721,0.0,0.0,0.0,0.0,0.0,1600.0,260000.0,412200.0,369700.0,985500.0,0.0,0.0,0.0,0.0,0.0,100.0,46000.0,183400.0,396900.0,238100.0,0.0,0.0,0.0,0.0,0.0
20230824141203096,SZSE,SZSE.ETF.159901,2.716,2.686,2.728,2.68,0.0,2.941,2.407,35113000.0,0.0,94874177.0,0.0,0.0,0.0,20230824,20230824,141203094,2.674,0.0,0.0,2.716,2.715,2.714,2.713,2.712,0.0,0.0,0.0,0.0,0.0,2.717,2.718,2.719,2.72,2.721,0.0,0.0,0.0,0.0,0.0,11600.0,260000.0,312200.0,451300.0,903900.0,0.0,0.0,0.0,0.0,0.0,100.0,46000.0,183400.0,352700.0,338100.0,0.0,0.0,0.0,0.0,0.0
20230824141206108,SZSE,SZSE.ETF.159901,2.716,2.686,2.728,2.68,0.0,2.941,2.407,35128200.0,15200.0,94915460.2,41283.20000000298,0.0,0.0,20230824,20230824,141206109,2.674,0.0,0.0,2.715,2.714,2.713,2.712,2.711,0.0,0.0,0.0,0.0,0.0,2.716,2.717,2.718,2.719,2.72,0.0,0.0,0.0,0.0,0.0,260000.0,312200.0,451300.0,903900.0,229800.0,0.0,0.0,0.0,0.0,0.0,800.0,100.0,46000.0,183400.0,352700.0,0.0,0.0,0.0,0.0,0.0
20230824141209096,SZSE,SZSE.ETF.159901,2.715,2.686,2.728,2.68,0.0,2.941,2.407,35135700.0,7500.0,94935822.7,20362.5,0.0,0.0,20230824,20230824,141209094,2.674,0.0,0.0,2.715,2.714,2.713,2.712,2.711,0.0,0.0,0.0,0.0,0.0,2.716,2.717,2.718,2.719,2.72,0.0,0.0,0.0,0.0,0.0,352500.0,172200.0,441200.0,1104100.0,329800.0,0.0,0.0,0.0,0.0,0.0,800.0,100.0,46000.0,373400.0,178600.0,0.0,0.0,0.0,0.0,0.0
20230824141207236,SZSE,SZSE.ETF.159901,2.715,2.686,2.728,2.68,0.0,2.941,2.407,35135700.0,7500.0,94935822.7,20362.5,0.0,0.0,20230824,20230824,141207237,2.674,0.0,0.0,2.715,2.714,2.713,2.712,2.711,0.0,0.0,0.0,0.0,0.0,2.716,2.717,2.718,2.719,2.72,0.0,0.0,0.0,0.0,0.0,352500.0,172200.0,441200.0,1104100.0,329800.0,0.0,0.0,0.0,0.0,0.0,800.0,100.0,46000.0,373400.0,178600.0,0.0,0.0,0.0,0.0,0.0
20230824141212080,SZSE,SZSE.ETF.159901,2.715,2.686,2.728,2.68,0.0,2.941,2.407,35135700.0,0.0,94935822.7,0.0,0.0,0.0,20230824,20230824,141212078,2.674,0.0,0.0,2.715,2.714,2.713,2.712,2.711,0.0,0.0,0.0,0.0,0.0,2.716,2.717,2.718,2.719,2.72,0.0,0.0,0.0,0.0,0.0,256100.0,272200.0,341200.0,1104100.0,129800.0,0.0,0.0,0.0,0.0,0.0,800.0,100.0,46000.0,273400.0,422800.0,0.0,0.0,0.0,0.0,0.0
20230824141210216,SZSE,SZSE.ETF.159901,2.715,2.686,2.728,2.68,0.0,2.941,2.407,35135700.0,0.0,94935822.7,0.0,0.0,0.0,20230824,20230824,141210215,2.674,0.0,0.0,2.715,2.714,2.713,2.712,2.711,0.0,0.0,0.0,0.0,0.0,2.716,2.717,2.718,2.719,2.72,0.0,0.0,0.0,0.0,0.0,256100.0,272200.0,341200.0,1104100.0,129800.0,0.0,0.0,0.0,0.0,0.0,800.0,100.0,46000.0,273400.0,422800.0,0.0,0.0,0.0,0.0,0.0
20230824141215080,SZSE,SZSE.ETF.159901,2.715,2.686,2.728,2.68,0.0,2.941,2.407,35135700.0,0.0,94935822.7,0.0,0.0,0.0,20230824,20230824,141215078,2.674,0.0,0.0,2.715,2.714,2.713,2.712,2.711,0.0,0.0,0.0,0.0,0.0,2.716,2.717,2.718,2.719,2.72,0.0,0.0,0.0,0.0,0.0,254600.0,172200.0,341200.0,1104100.0,229800.0,0.0,0.0,0.0,0.0,0.0,800.0,100.0,48700.0,273400.0,422800.0,0.0,0.0,0.0,0.0,0.0
