time,exchg,code,price,open,high,low,settle_price,upper_limit,lower_limit,total_volume,volume,total_turnover,turnover,open_interest,diff_interest,trading_date,action_date,action_time,pre_close,pre_settle,pre_interest,bid_price_0,bid_price_1,bid_price_2,bid_price_3,bid_price_4,bid_price_5,bid_price_6,bid_price_7,bid_price_8,bid_price_9,ask_price_0,ask_price_1,ask_price_2,ask_price_3,ask_price_4,ask_price_5,ask_price_6,ask_price_7,ask_price_8,ask_price_9,bid_qty_0,bid_qty_1,bid_qty_2,bid_qty_3,bid_qty_4,bid_qty_5,bid_qty_6,bid_qty_7,bid_qty_8,bid_qty_9,ask_qty_0,ask_qty_1,ask_qty_2,ask_qty_3,ask_qty_4,ask_qty_5,ask_qty_6,ask_qty_7,ask_qty_8,ask_qty_9
20230824133624024,SZSE,SZSE.ETF.159633,2.418,2.399,2.425,2.383,0.0,2.635,2.156,268770117.0,0.0,644714416.05,0.0,0.0,0.0,20230824,20230824,133624023,2.395,0.0,0.0,2.417,2.416,2.415,2.414,2.413,0.0,0.0,0.0,0.0,0.0,2.418,2.419,2.42,2.421,2.422,0.0,0.0,0.0,0.0,0.0,79400.0,2248100.0,1152000.0,1385700.0,1799100.0,0.0,0.0,0.0,0.0,0.0,1218900.0,2620000.0,1906900.0,1005100.0,92100.0,0.0,0.0,0.0,0.0,0.0
20230824133622272,SZSE,SZSE.ETF.159633,2.418,2.399,2.425,2.383,0.0,2.635,2.156,268770117.0,0.0,644714416.05,0.0,0.0,0.0,20230824,20230824,133622273,2.395,0.0,0.0,2.417,2.416,2.415,2.414,2.413,0.0,0.0,0.0,0.0,0.0,2.418,2.419,2.42,2.421,2.422,0.0,0.0,0.0,0.0,0.0,79400.0,2248100.0,1152000.0,1385700.0,1799100.0,0.0,0.0,0.0,0.0,0.0,1218900.0,2620000.0,1906900.0,1005100.0,92100.0,0.0,0.0,0.0,0.0,0.0
20230824133627004,SZSE,SZSE.ETF.159633,2.418,2.399,2.425,2.383,0.0,2.635,2.156,268770117.0,0.0,644714416.05,0.0,0.0,0.0,20230824,20230824,133627005,2.395,0.0,0.0,2.417,2.416,2.415,2.414,2.413,0.0,0.0,0.0,0.0,0.0,2.418,2.419,2.42,2.421,2.422,0.0,0.0,0.0,0.0,0.0,16200.0,2281400.0,1269100.0,1418600.0,1849100.0,0.0,0.0,0.0,0.0,0.0,1228800.0,2810000.0,906900.0,1005100.0,142100.0,0.0,0.0,0.0,0.0,0.0
20230824133625256,SZSE,SZSE.ETF.159633,2.418,2.399,2.425,2.383,0.0,2.635,2.156,268770117.0,0.0,644714416.05,0.0,0.0,0.0,20230824,20230824,133625255,2.395,0.0,0.0,2.417,2.416,2.415,2.414,2.413,0.0,0.0,0.0,0.0,0.0,2.418,2.419,2.42,2.421,2.422,0.0,0.0,0.0,0.0,0.0,16200.0,2281400.0,1269100.0,1418600.0,1849100.0,0.0,0.0,0.0,0.0,0.0,1228800.0,2810000.0,906900.0,1005100.0,142100.0,0.0,0.0,0.0,0.0,0.0
20230824133629976,SZSE,SZSE.ETF.159633,2.418,2.399,2.425,2.383,0.0,2.635,2.156,268770117.0,0.0,644714416.05,0.0,0.0,0.0,20230824,20230824,133629978,2.395,0.0,0.0,2.417,2.416,2.415,2.414,2.413,0.0,0.0,0.0,0.0,0.0,2.418,2.419,2.42,2.421,2.422,0.0,0.0,0.0,0.0,0.0,459500.0,2212600.0,1104600.0,2018600.0,1849100.0,0.0,0.0,0.0,0.0,0.0,85000.0,2553800.0,2906900.0,1215100.0,142100.0,0.0,0.0,0.0,0.0,0.0
20230824133628228,SZSE,SZSE.ETF.159633,2.418,2.399,2.425,2.383,0.0,2.635,2.156,268770117.0,0.0,644714416.05,0.0,0.0,0.0,20230824,20230824,133628229,2.395,0.0,0.0,2.417,2.416,2.415,2.414,2.413,0.0,0.0,0.0,0.0,0.0,2.418,2.419,2.42,2.421,2.422,0.0,0.0,0.0,0.0,0.0,459500.0,2212600.0,1104600.0,2018600.0,1849100.0,0.0,0.0,0.0,0.0,0.0,85000.0,2553800.0,2906900.0,1215100.0,142100.0,0.0,0.0,0.0,0.0,0.0
20230824133632992,SZSE,SZSE.ETF.159633,2.418,2.399,2.425,2.383,0.0,2.635,2.156,268770117.0,0.0,644714416.05,0.0,0.0,0.0,20230824,20230824,133632990,2.395,0.0,0.0,2.417,2.416,2.415,2.414,2.413,0.0,0.0,0.0,0.0,0.0,2.418,2.419,2.42,2.421,2.422,0.0,0.0,0.0,0.0,0.0,459500.0,2162600.0,1377500.0,1985700.0,1849100.0,0.0,0.0,0.0,0.0,0.0,625100.0,3053800.0,2046900.0,1215100.0,92100.0,0.0,0.0,0.0,0.0,0.0
20230824133631240,SZSE,SZSE.ETF.159633,2.418,2.399,2.425,2.383,0.0,2.635,2.156,268770117.0,0.0,644714416.05,0.0,0.0,0.0,20230824,20230824,133631241,2.395,0.0,0.0,2.417,2.416,2.415,2.414,2.413,0.0,0.0,0.0,0.0,0.0,2.418,2.419,2.42,2.421,2.422,0.0,0.0,0.0,0.0,0.0,459500.0,2162600.0,1377500.0,1985700.0,1849100.0,0.0,0.0,0.0,0.0,0.0,625100.0,3053800.0,2046900.0,1215100.0,92100.0,0.0,0.0,0.0,0.0,0.0
20230824133706048,SZSE,SZSE.ETF.159633,2.417,2.399,2.425,2.383,0.0,2.635,2.156,268788317.0,0.0,644758405.45,0.0,0.0,0.0,20230824,20230824,133706048,2.395,0.0,0.0,2.416,2.415,2.414,2.413,2.412,0.0,0.0,0.0,0.0,0.0,2.417,2.418,2.419,2.42,2.421,0.0,0.0,0.0,0.0,0.0,81500.0,1767500.0,1561300.0,2018900.0,1808100.0,0.0,0.0,0.0,0.0,0.0,617900.0,2865000.0,2105100.0,704200.0,172800.0,0.0,0.0,0.0,0.0,0.0
20230824133704300,SZSE,SZSE.ETF.159633,2.417,2.399,2.425,2.383,0.0,2.635,2.156,268788317.0,0.0,644758405.45,0.0,0.0,0.0,20230824,20230824,133704299,2.395,0.0,0.0,2.416,2.415,2.414,2.413,2.412,0.0,0.0,0.0,0.0,0.0,2.417,2.418,2.419,2.42,2.421,0.0,0.0,0.0,0.0,0.0,81500.0,1767500.0,1561300.0,2018900.0,1808100.0,0.0,0.0,0.0,0.0,0.0,617900.0,2865000.0,2105100.0,704200.0,172800.0,0.0,0.0,0.0,0.0,0.0
20230824133709064,SZSE,SZSE.ETF.159633,2.417,2.399,2.425,2.383,0.0,2.635,2.156,268793317.0,5000.0,644770490.25,12084.799999952316,0.0,0.0,20230824,20230824,133709066,2.395,0.0,0.0,2.416,2.415,2.414,2.413,2.412,0.0,0.0,0.0,0.0,0.0,2.417,2.418,2.419,2.42,2.421,0.0,0.0,0.0,0.0,0.0,438000.0,2200800.0,1361300.0,2018900.0,1808100.0,0.0,0.0,0.0,0.0,0.0,859100.0,2811200.0,1905100.0,1304200.0,172800.0,0.0,0.0,0.0,0.0,0.0
20230824133712004,SZSE,SZSE.ETF.159633,2.417,2.399,2.425,2.383,0.0,2.635,2.156,268793317.0,0.0,644770490.25,0.0,0.0,0.0,20230824,20230824,133712003,2.395,0.0,0.0,2.416,2.415,2.414,2.413,2.412,0.0,0.0,0.0,0.0,0.0,2.417,2.418,2.419,2.42,2.421,0.0,0.0,0.0,0.0,0.0,81300.0,1993000.0,1335800.0,2418900.0,1808100.0,0.0,0.0,0.0,0.0,0.0,2260100.0,1811200.0,1715100.0,904200.0,172800.0,0.0,0.0,0.0,0.0,0.0
20230824133710256,SZSE,SZSE.ETF.159633,2.417,2.399,2.425,2.383,0.0,2.635,2.156,268793317.0,0.0,644770490.25,0.0,0.0,0.0,20230824,20230824,133710254,2.395,0.0,0.0,2.416,2.415,2.414,2.413,2.412,0.0,0.0,0.0,0.0,0.0,2.417,2.418,2.419,2.42,2.421,0.0,0.0,0.0,0.0,0.0,81300.0,1993000.0,1335800.0,2418900.0,1808100.0,0.0,0.0,0.0,0.0,0.0,2260100.0,1811200.0,1715100.0,904200.0,172800.0,0.0,0.0,0.0,0.0,0.0
20230824133714996,SZSE,SZSE.ETF.159633,2.417,2.399,2.425,2.383,0.0,2.635,2.156,268793317.0,0.0,644770490.25,0.0,0.0,0.0,20230824,20230824,133714997,2.395,0.0,0.0,2.416,2.415,2.414,2.413,2.412,0.0,0.0,0.0,0.0,0.0,2.417,2.418,2.419,2.42,2.421,0.0,0.0,0.0,0.0,0.0,81300.0,1993000.0,1525800.0,2418900.0,1808100.0,0.0,0.0,0.0,0.0,0.0,516300.0,3055000.0,1905100.0,904200.0,172800.0,0.0,0.0,0.0,0.0,0.0
20230824133713248,SZSE,SZSE.ETF.159633,2.417,2.399,2.425,2.383,0.0,2.635,2.156,268793317.0,0.0,644770490.25,0.0,0.0,0.0,20230824,20230824,133713247,2.395,0.0,0.0,2.416,2.415,2.414,2.413,2.412,0.0,0.0,0.0,0.0,0.0,2.417,2.418,2.419,2.42,2.421,0.0,0.0,0.0,0.0,0.0,81300.0,1993000.0,1525800.0,2418900.0,1808100.0,0.0,0.0,0.0,0.0,0.0,516300.0,3055000.0,1905100.0,904200.0,172800.0,0.0,0.0,0.0,0.0,0.0
20230824133717992,SZSE,SZSE.ETF.159633,2.417,2.399,2.425,2.383,0.0,2.635,2.156,268793317.0,0.0,644770490.25,0.0,0.0,0.0,20230824,20230824,133717994,2.395,0.0,0.0,2.416,2.415,2.414,2.413,2.412,0.0,0.0,0.0,0.0,0.0,2.417,2.418,2.419,2.42,2.421,0.0,0.0,0.0,0.0,0.0,81300.0,1993000.0,1525800.0,1418900.0,1808100.0,0.0,0.0,0.0,0.0,0.0,1260100.0,2811200.0,1905100.0,904200.0,172800.0,0.0,0.0,0.0,0.0,0.0
20230824133716244,SZSE,SZSE.ETF.159633,2.417,2.399,2.425,2.383,0.0,2.635,2.156,268793317.0,0.0,644770490.25,0.0,0.0,0.0,20230824,20230824,133716244,2.395,0.0,0.0,2.416,2.415,2.414,2.413,2.412,0.0,0.0,0.0,0.0,0.0,2.417,2.418,2.419,2.42,2.421,0.0,0.0,0.0,0.0,0.0,81300.0,1993000.0,1525800.0,1418900.0,1808100.0,0.0,0.0,0.0,0.0,0.0,1260100.0,2811200.0,1905100.0,904200.0,172800.0,0.0,0.0,0.0,0.0,0.0
20230824133721012,SZSE,SZSE.ETF.159633,2.416,2.399,2.425,2.383,0.0,2.635,2.156,268793673.0,356.0,644771350.346,860.095999956131,0.0,0.0,20230824,20230824,133721013,2.395,0.0,0.0,2.416,2.415,2.414,2.413,2.412,0.0,0.0,0.0,0.0,0.0,2.417,2.418,2.419,2.42,2.421,0.0,0.0,0.0,0.0,0.0,44644.0,1846300.0,1475800.0,1018900.0,1858100.0,0.0,0.0,0.0,0.0,0.0,860100.0,2621200.0,1905100.0,904200.0,172800.0,0.0,0.0,0.0,0.0,0.0
20230824133719264,SZSE,SZSE.ETF.159633,2.416,2.399,2.425,2.383,0.0,2.635,2.156,268793673.0,356.0,644771350.346,860.095999956131,0.0,0.0,20230824,20230824,133719264,2.395,0.0,0.0,2.416,2.415,2.414,2.413,2.412,0.0,0.0,0.0,0.0,0.0,2.417,2.418,2.419,2.42,2.421,0.0,0.0,0.0,0.0,0.0,44644.0,1846300.0,1475800.0,1018900.0,1858100.0,0.0,0.0,0.0,0.0,0.0,860100.0,2621200.0,1905100.0,904200.0,172800.0,0.0,0.0,0.0,0.0,0.0
20230824133723996,SZSE,SZSE.ETF.159633,2.416,2.399,2.425,2.383,0.0,2.635,2.156,268793673.0,0.0,644771350.346,0.0,0.0,0.0,20230824,20230824,133723997,2.395,0.0,0.0,2.416,2.415,2.414,2.413,2.412,0.0,0.0,0.0,0.0,0.0,2.417,2.418,2.419,2.42,2.421,0.0,0.0,0.0,0.0,0.0,487944.0,1993000.0,1434300.0,1060400.0,1858100.0,0.0,0.0,0.0,0.0,0.0,860100.0,2811200.0,1946500.0,1262800.0,172800.0,0.0,0.0,0.0,0.0,0.0
20230824133722248,SZSE,SZSE.ETF.159633,2.416,2.399,2.425,2.383,0.0,2.635,2.156,268793673.0,0.0,644771350.346,0.0,0.0,0.0,20230824,20230824,133722247,2.395,0.0,0.0,2.416,2.415,2.414,2.413,2.412,0.0,0.0,0.0,0.0,0.0,2.417,2.418,2.419,2.42,2.421,0.0,0.0,0.0,0.0,0.0,487944.0,1993000.0,1434300.0,1060400.0,1858100.0,0.0,0.0,0.0,0.0,0.0,860100.0,2811200.0,1946500.0,1262800.0,172800.0,0.0,0.0,0.0,0.0,0.0
20230824133726980,SZSE,SZSE.ETF.159633,2.416,2.399,2.425,2.383,0.0,2.635,2.156,268793673.0,0.0,644771350.346,0.0,0.0,0.0,20230824,20230824,133726980,2.395,0.0,0.0,2.416,2.415,2.414,2.413,2.412,0.0,0.0,0.0,0.0,0.0,2.417,2.418,2.419,2.42,2.421,0.0,0.0,0.0,0.0,0.0,487944.0,2157500.0,1079800.0,2060400.0,1858100.0,0.0,0.0,0.0,0.0,0.0,860100.0,2811200.0,1756500.0,1262800.0,172800.0,0.0,0.0,0.0,0.0,0.0
20230824133725232,SZSE,SZSE.ETF.159633,2.416,2.399,2.425,2.383,0.0,2.635,2.156,268793673.0,0.0,644771350.346,0.0,0.0,0.0,20230824,20230824,133725230,2.395,0.0,0.0,2.416,2.415,2.414,2.413,2.412,0.0,0.0,0.0,0.0,0.0,2.417,2.418,2.419,2.42,2.421,0.0,0.0,0.0,0.0,0.0,487944.0,2157500.0,1079800.0,2060400.0,1858100.0,0.0,0.0,0.0,0.0,0.0,860100.0,2811200.0,1756500.0,1262800.0,172800.0,0.0,0.0,0.0,0.0,0.0
20230824133729972,SZSE,SZSE.ETF.159633,2.416,2.399,2.425,2.383,0.0,2.635,2.156,268793673.0,0.0,644771350.346,0.0,0.0,0.0,20230824,20230824,133729971,2.395,0.0,0.0,2.416,2.415,2.414,2.413,2.412,0.0,0.0,0.0,0.0,0.0,2.417,2.418,2.419,2.42,2.421,0.0,0.0,0.0,0.0,0.0,1637944.0,1007500.0,1269800.0,2060400.0,1858100.0,0.0,0.0,0.0,0.0,0.0,116300.0,2405000.0,3096500.0,1262800.0,172800.0,0.0,0.0,0.0,0.0,0.0
20230824133728220,SZSE,SZSE.ETF.159633,2.416,2.399,2.425,2.383,0.0,2.635,2.156,268793673.0,0.0,644771350.346,0.0,0.0,0.0,20230824,20230824,133728221,2.395,0.0,0.0,2.416,2.415,2.414,2.413,2.412,0.0,0.0,0.0,0.0,0.0,2.417,2.418,2.419,2.42,2.421,0.0,0.0,0.0,0.0,0.0,1637944.0,1007500.0,1269800.0,2060400.0,1858100.0,0.0,0.0,0.0,0.0,0.0,116300.0,2405000.0,3096500.0,1262800.0,172800.0,0.0,0.0,0.0,0.0,0.0
20230824133732984,SZSE,SZSE.ETF.159633,2.416,2.399,2.425,2.383,0.0,2.635,2.156,268794173.0,500.0,644772558.346,1208.0,0.0,0.0,20230824,20230824,133732986,2.395,0.0,0.0,2.416,2.415,2.414,2.413,2.412,0.0,0.0,0.0,0.0,0.0,2.417,2.418,2.419,2.42,2.421,0.0,0.0,0.0,0.0,0.0,487344.0,2137500.0,1332700.0,1957500.0,1858100.0,0.0,0.0,0.0,0.0,0.0,610400.0,2035000.0,2926500.0,1242800.0,102800.0,0.0,0.0,0.0,0.0,0.0
20230824133731236,SZSE,SZSE.ETF.159633,2.416,2.399,2.425,2.383,0.0,2.635,2.156,268794173.0,500.0,644772558.346,1208.0,0.0,0.0,20230824,20230824,133731236,2.395,0.0,0.0,2.416,2.415,2.414,2.413,2.412,0.0,0.0,0.0,0.0,0.0,2.417,2.418,2.419,2.42,2.421,0.0,0.0,0.0,0.0,0.0,487344.0,2137500.0,1332700.0,1957500.0,1858100.0,0.0,0.0,0.0,0.0,0.0,610400.0,2035000.0,2926500.0,1242800.0,102800.0,0.0,0.0,0.0,0.0,0.0
20230824133735988,SZSE,SZSE.ETF.159633,2.416,2.399,2.425,2.383,0.0,2.635,2.156,268794173.0,0.0,644772558.346,0.0,0.0,0.0,20230824,20230824,133735987,2.395,0.0,0.0,2.416,2.415,2.414,2.413,2.412,0.0,0.0,0.0,0.0,0.0,2.417,2.418,2.419,2.42,2.421,0.0,0.0,0.0,0.0,0.0,1187344.0,1937500.0,1249800.0,2040400.0,1858100.0,0.0,0.0,0.0,0.0,0.0,610400.0,2035000.0,3126500.0,1042800.0,102800.0,0.0,0.0,0.0,0.0,0.0
20230824133734240,SZSE,SZSE.ETF.159633,2.416,2.399,2.425,2.383,0.0,2.635,2.156,268794173.0,0.0,644772558.346,0.0,0.0,0.0,20230824,20230824,133734239,2.395,0.0,0.0,2.416,2.415,2.414,2.413,2.412,0.0,0.0,0.0,0.0,0.0,2.417,2.418,2.419,2.42,2.421,0.0,0.0,0.0,0.0,0.0,1187344.0,1937500.0,1249800.0,2040400.0,1858100.0,0.0,0.0,0.0,0.0,0.0,610400.0,2035000.0,3126500.0,1042800.0,102800.0,0.0,0.0,0.0,0.0,0.0
20230824133738956,SZSE,SZSE.ETF.159633,2.416,2.399,2.425,2.383,0.0,2.635,2.156,268794173.0,0.0,644772558.346,0.0,0.0,0.0,20230824,20230824,133738955,2.395,0.0,0.0,2.416,2.415,2.414,2.413,2.412,0.0,0.0,0.0,0.0,0.0,2.417,2.418,2.419,2.42,2.421,0.0,0.0,0.0,0.0,0.0,1187344.0,1937500.0,1332700.0,1957500.0,1758100.0,0.0,0.0,0.0,0.0,0.0,610400.0,2035000.0,3076500.0,1042800.0,102800.0,0.0,0.0,0.0,0.0,0.0
20230824133737204,SZSE,SZSE.ETF.159633,2.416,2.399,2.425,2.383,0.0,2.635,2.156,268794173.0,0.0,644772558.346,0.0,0.0,0.0,20230824,20230824,133737205,2.395,0.0,0.0,2.416,2.415,2.414,2.413,2.412,0.0,0.0,0.0,0.0,0.0,2.417,2.418,2.419,2.42,2.421,0.0,0.0,0.0,0.0,0.0,1187344.0,1937500.0,1332700.0,1957500.0,1758100.0,0.0,0.0,0.0,0.0,0.0,610400.0,2035000.0,3076500.0,1042800.0,102800.0,0.0,0.0,0.0,0.0,0.0
20230824133741940,SZSE,SZSE.ETF.159633,2.416,2.399,2.425,2.383,0.0,2.635,2.156,268794173.0,0.0,644772558.346,0.0,0.0,0.0,20230824,20230824,133741940,2.395,0.0,0.0,2.416,2.415,2.414,2.413,2.412,0.0,0.0,0.0,0.0,0.0,2.417,2.418,2.419,2.42,2.421,0.0,0.0,0.0,0.0,0.0,1192344.0,1957500.0,1352700.0,2027500.0,1808100.0,0.0,0.0,0.0,0.0,0.0,616300.0,2055000.0,3146500.0,1062800.0,112800.0,0.0,0.0,0.0,0.0,0.0
20230824133740192,SZSE,SZSE.ETF.159633,2.416,2.399,2.425,2.383,0.0,2.635,2.156,268794173.0,0.0,644772558.346,0.0,0.0,0.0,20230824,20230824,133740191,2.395,0.0,0.0,2.416,2.415,2.414,2.413,2.412,0.0,0.0,0.0,0.0,0.0,2.417,2.418,2.419,2.42,2.421,0.0,0.0,0.0,0.0,0.0,1192344.0,1957500.0,1352700.0,2027500.0,1808100.0,0.0,0.0,0.0,0.0,0.0,616300.0,2055000.0,3146500.0,1062800.0,112800.0,0.0,0.0,0.0,0.0,0.0
20230824133743220,SZSE,SZSE.ETF.159633,2.416,2.399,2.425,2.383,0.0,2.635,2.156,268794173.0,0.0,644772558.346,0.0,0.0,0.0,20230824,20230824,133743221,2.395,0.0,0.0,2.416,2.415,2.414,2.413,2.412,0.0,0.0,0.0,0.0,0.0,2.417,2.418,2.419,2.42,2.421,0.0,0.0,0.0,0.0,0.0,1185344.0,1957500.0,1352700.0,2027500.0,1808100.0,0.0,0.0,0.0,0.0,0.0,616300.0,2055000.0,3146500.0,1062800.0,112800.0,0.0,0.0,0.0,0.0,0.0
20230824133745008,SZSE,SZSE.ETF.159633,2.416,2.399,2.425,2.383,0.0,2.635,2.156,268794173.0,0.0,644772558.346,0.0,0.0,0.0,20230824,20230824,133745010,2.395,0.0,0.0,2.416,2.415,2.414,2.413,2.412,0.0,0.0,0.0,0.0,0.0,2.417,2.418,2.419,2.42,2.421,0.0,0.0,0.0,0.0,0.0,1185344.0,1957500.0,1352700.0,2027500.0,1808100.0,0.0,0.0,0.0,0.0,0.0,616300.0,2055000.0,3146500.0,1062800.0,112800.0,0.0,0.0,0.0,0.0,0.0
20230824133747952,SZSE,SZSE.ETF.159633,2.416,2.399,2.425,2.383,0.0,2.635,2.156,268794173.0,0.0,644772558.346,0.0,0.0,0.0,20230824,20230824,133747953,2.395,0.0,0.0,2.416,2.415,2.414,2.413,2.412,0.0,0.0,0.0,0.0,0.0,2.417,2.418,2.419,2.42,2.421,0.0,0.0,0.0,0.0,0.0,1185344.0,1767500.0,1352700.0,2027500.0,1808100.0,0.0,0.0,0.0,0.0,0.0,116300.0,2365000.0,3146500.0,1062800.0,112800.0,0.0,0.0,0.0,0.0,0.0
20230824133746204,SZSE,SZSE.ETF.159633,2.416,2.399,2.425,2.383,0.0,2.635,2.156,268794173.0,0.0,644772558.346,0.0,0.0,0.0,20230824,20230824,133746204,2.395,0.0,0.0,2.416,2.415,2.414,2.413,2.412,0.0,0.0,0.0,0.0,0.0,2.417,2.418,2.419,2.42,2.421,0.0,0.0,0.0,0.0,0.0,1185344.0,1767500.0,1352700.0,2027500.0,1808100.0,0.0,0.0,0.0,0.0,0.0,116300.0,2365000.0,3146500.0,1062800.0,112800.0,0.0,0.0,0.0,0.0,0.0
20230824133750976,SZSE,SZSE.ETF.159633,2.416,2.399,2.425,2.383,0.0,2.635,2.156,269292873.0,498700.0,645977417.546,1204859.2000000477,0.0,0.0,20230824,20230824,133750977,2.395,0.0,0.0,2.416,2.415,2.414,2.413,2.412,0.0,0.0,0.0,0.0,0.0,2.417,2.418,2.419,2.42,2.421,0.0,0.0,0.0,0.0,0.0,486644.0,2157500.0,1352700.0,2377500.0,1858100.0,0.0,0.0,0.0,0.0,0.0,1016300.0,2055000.0,3346500.0,462800.0,112800.0,0.0,0.0,0.0,0.0,0.0
20230824133749228,SZSE,SZSE.ETF.159633,2.416,2.399,2.425,2.383,0.0,2.635,2.156,269292873.0,498700.0,645977417.546,1204859.2000000477,0.0,0.0,20230824,20230824,133749227,2.395,0.0,0.0,2.416,2.415,2.414,2.413,2.412,0.0,0.0,0.0,0.0,0.0,2.417,2.418,2.419,2.42,2.421,0.0,0.0,0.0,0.0,0.0,486644.0,2157500.0,1352700.0,2377500.0,1858100.0,0.0,0.0,0.0,0.0,0.0,1016300.0,2055000.0,3346500.0,462800.0,112800.0,0.0,0.0,0.0,0.0,0.0
20230824133753972,SZSE,SZSE.ETF.159633,2.416,2.399,2.425,2.383,0.0,2.635,2.156,269292873.0,0.0,645977417.546,0.0,0.0,0.0,20230824,20230824,133753973,2.395,0.0,0.0,2.416,2.415,2.414,2.413,2.412,0.0,0.0,0.0,0.0,0.0,2.417,2.418,2.419,2.42,2.421,0.0,0.0,0.0,0.0,0.0,481744.0,2157500.0,1079800.0,2510400.0,1858100.0,0.0,0.0,0.0,0.0,0.0,516300.0,2055000.0,2956500.0,712800.0,112800.0,0.0,0.0,0.0,0.0,0.0
20230824133752224,SZSE,SZSE.ETF.159633,2.416,2.399,2.425,2.383,0.0,2.635,2.156,269292873.0,0.0,645977417.546,0.0,0.0,0.0,20230824,20230824,133752224,2.395,0.0,0.0,2.416,2.415,2.414,2.413,2.412,0.0,0.0,0.0,0.0,0.0,2.417,2.418,2.419,2.42,2.421,0.0,0.0,0.0,0.0,0.0,481744.0,2157500.0,1079800.0,2510400.0,1858100.0,0.0,0.0,0.0,0.0,0.0,516300.0,2055000.0,2956500.0,712800.0,112800.0,0.0,0.0,0.0,0.0,0.0
20230824140539000,SZSE,SZSE.ETF.159633,2.41,2.399,2.425,2.383,0.0,2.635,2.156,283814478.0,0.0,681013513.474,0.0,0.0,0.0,20230824,20230824,140539001,2.395,0.0,0.0,2.409,2.408,2.407,2.406,2.405,0.0,0.0,0.0,0.0,0.0,2.41,2.411,2.412,2.413,2.414,0.0,0.0,0.0,0.0,0.0,10000.0,673000.0,2834000.0,1233400.0,2247700.0,0.0,0.0,0.0,0.0,0.0,904600.0,1660100.0,1470600.0,2114500.0,269400.0,0.0,0.0,0.0,0.0,0.0
20230824140537136,SZSE,SZSE.ETF.159633,2.41,2.399,2.425,2.383,0.0,2.635,2.156,283814478.0,0.0,681013513.474,0.0,0.0,0.0,20230824,20230824,140537136,2.395,0.0,0.0,2.409,2.408,2.407,2.406,2.405,0.0,0.0,0.0,0.0,0.0,2.41,2.411,2.412,2.413,2.414,0.0,0.0,0.0,0.0,0.0,10000.0,673000.0,2834000.0,1233400.0,2247700.0,0.0,0.0,0.0,0.0,0.0,904600.0,1660100.0,1470600.0,2114500.0,269400.0,0.0,0.0,0.0,0.0,0.0
20230824140542008,SZSE,SZSE.ETF.159633,2.41,2.399,2.425,2.383,0.0,2.635,2.156,283814478.0,0.0,681013513.474,0.0,0.0,0.0,20230824,20230824,140542007,2.395,0.0,0.0,2.409,2.408,2.407,2.406,2.405,0.0,0.0,0.0,0.0,0.0,2.41,2.411,2.412,2.413,2.414,0.0,0.0,0.0,0.0,0.0,100.0,723000.0,2614000.0,1503400.0,2247700.0,0.0,0.0,0.0,0.0,0.0,904600.0,1660100.0,1470600.0,2234500.0,199400.0,0.0,0.0,0.0,0.0,0.0
20230824140540144,SZSE,SZSE.ETF.159633,2.41,2.399,2.425,2.383,0.0,2.635,2.156,283814478.0,0.0,681013513.474,0.0,0.0,0.0,20230824,20230824,140540142,2.395,0.0,0.0,2.409,2.408,2.407,2.406,2.405,0.0,0.0,0.0,0.0,0.0,2.41,2.411,2.412,2.413,2.414,0.0,0.0,0.0,0.0,0.0,100.0,723000.0,2614000.0,1503400.0,2247700.0,0.0,0.0,0.0,0.0,0.0,904600.0,1660100.0,1470600.0,2234500.0,199400.0,0.0,0.0,0.0,0.0,0.0
20230824140545012,SZSE,SZSE.ETF.159633,2.41,2.399,2.425,2.383,0.0,2.635,2.156,283814478.0,0.0,681013513.474,0.0,0.0,0.0,20230824,20230824,140545011,2.395,0.0,0.0,2.409,2.408,2.407,2.406,2.405,0.0,0.0,0.0,0.0,0.0,2.41,2.411,2.412,2.413,2.414,0.0,0.0,0.0,0.0,0.0,10100.0,723000.0,2614000.0,1303400.0,1447700.0,0.0,0.0,0.0,0.0,0.0,904600.0,1660100.0,1670600.0,1535600.0,199400.0,0.0,0.0,0.0,0.0,0.0
20230824140543148,SZSE,SZSE.ETF.159633,2.41,2.399,2.425,2.383,0.0,2.635,2.156,283814478.0,0.0,681013513.474,0.0,0.0,0.0,20230824,20230824,140543148,2.395,0.0,0.0,2.409,2.408,2.407,2.406,2.405,0.0,0.0,0.0,0.0,0.0,2.41,2.411,2.412,2.413,2.414,0.0,0.0,0.0,0.0,0.0,10100.0,723000.0,2614000.0,1303400.0,1447700.0,0.0,0.0,0.0,0.0,0.0,904600.0,1660100.0,1670600.0,1535600.0,199400.0,0.0,0.0,0.0,0.0,0.0
20230824140548032,SZSE,SZSE.ETF.159633,2.41,2.399,2.425,2.383,0.0,2.635,2.156,283814478.0,0.0,681013513.474,0.0,0.0,0.0,20230824,20230824,140548030,2.395,0.0,0.0,2.409,2.408,2.407,2.406,2.405,0.0,0.0,0.0,0.0,0.0,2.41,2.411,2.412,2.413,2.414,0.0,0.0,0.0,0.0,0.0,10100.0,723000.0,2614000.0,1353400.0,1447700.0,0.0,0.0,0.0,0.0,0.0,914400.0,1660100.0,1470600.0,1785600.0,199400.0,0.0,0.0,0.0,0.0,0.0
20230824140551032,SZSE,SZSE.ETF.159633,2.41,2.399,2.425,2.383,0.0,2.635,2.156,283814478.0,0.0,681013513.474,0.0,0.0,0.0,20230824,20230824,140551034,2.395,0.0,0.0,2.409,2.408,2.407,2.406,2.405,0.0,0.0,0.0,0.0,0.0,2.41,2.411,2.412,2.413,2.414,0.0,0.0,0.0,0.0,0.0,10100.0,533000.0,2614000.0,1403400.0,1347700.0,0.0,0.0,0.0,0.0,0.0,914400.0,1470100.0,1670600.0,1635600.0,99400.0,0.0,0.0,0.0,0.0,0.0
20230824140549172,SZSE,SZSE.ETF.159633,2.41,2.399,2.425,2.383,0.0,2.635,2.156,283814478.0,0.0,681013513.474,0.0,0.0,0.0,20230824,20230824,140549171,2.395,0.0,0.0,2.409,2.408,2.407,2.406,2.405,0.0,0.0,0.0,0.0,0.0,2.41,2.411,2.412,2.413,2.414,0.0,0.0,0.0,0.0,0.0,10100.0,533000.0,2614000.0,1403400.0,1347700.0,0.0,0.0,0.0,0.0,0.0,914400.0,1470100.0,1670600.0,1635600.0,99400.0,0.0,0.0,0.0,0.0,0.0
20230824140554016,SZSE,SZSE.ETF.159633,2.41,2.399,2.425,2.383,0.0,2.635,2.156,283814478.0,0.0,681013513.474,0.0,0.0,0.0,20230824,20230824,140554014,2.395,0.0,0.0,2.409,2.408,2.407,2.406,2.405,0.0,0.0,0.0,0.0,0.0,2.41,2.411,2.412,2.413,2.414,0.0,0.0,0.0,0.0,0.0,10100.0,723000.0,2424000.0,1403400.0,1347700.0,0.0,0.0,0.0,0.0,0.0,914400.0,1660100.0,1480600.0,1635600.0,99400.0,0.0,0.0,0.0,0.0,0.0
20230824140552152,SZSE,SZSE.ETF.159633,2.41,2.399,2.425,2.383,0.0,2.635,2.156,283814478.0,0.0,681013513.474,0.0,0.0,0.0,20230824,20230824,140552150,2.395,0.0,0.0,2.409,2.408,2.407,2.406,2.405,0.0,0.0,0.0,0.0,0.0,2.41,2.411,2.412,2.413,2.414,0.0,0.0,0.0,0.0,0.0,10100.0,723000.0,2424000.0,1403400.0,1347700.0,0.0,0.0,0.0,0.0,0.0,914400.0,1660100.0,1480600.0,1635600.0,99400.0,0.0,0.0,0.0,0.0,0.0
20230824140557016,SZSE,SZSE.ETF.159633,2.409,2.399,2.425,2.383,0.0,2.635,2.156,283824678.0,10200.0,681038085.274,24571.800000071526,0.0,0.0,20230824,20230824,140557016,2.395,0.0,0.0,2.408,2.407,2.406,2.405,2.404,0.0,0.0,0.0,0.0,0.0,2.409,2.41,2.411,2.412,2.413,0.0,0.0,0.0,0.0,0.0,323000.0,914000.0,2603400.0,1747700.0,1662500.0,0.0,0.0,0.0,0.0,0.0,919300.0,410000.0,1730200.0,1699400.0,1635600.0,0.0,0.0,0.0,0.0,0.0
20230824140555152,SZSE,SZSE.ETF.159633,2.409,2.399,2.425,2.383,0.0,2.635,2.156,283824678.0,10200.0,681038085.274,24571.800000071526,0.0,0.0,20230824,20230824,140555152,2.395,0.0,0.0,2.408,2.407,2.406,2.405,2.404,0.0,0.0,0.0,0.0,0.0,2.409,2.41,2.411,2.412,2.413,0.0,0.0,0.0,0.0,0.0,323000.0,914000.0,2603400.0,1747700.0,1662500.0,0.0,0.0,0.0,0.0,0.0,919300.0,410000.0,1730200.0,1699400.0,1635600.0,0.0,0.0,0.0,0.0,0.0
20230824140600008,SZSE,SZSE.ETF.159633,2.409,2.399,2.425,2.383,0.0,2.635,2.156,283837078.0,12400.0,681067956.874,29871.599999904633,0.0,0.0,20230824,20230824,140600008,2.395,0.0,0.0,2.408,2.407,2.406,2.405,2.404,0.0,0.0,0.0,0.0,0.0,2.409,2.41,2.411,2.412,2.413,0.0,0.0,0.0,0.0,0.0,248800.0,2212300.0,1474900.0,927800.0,2862600.0,0.0,0.0,0.0,0.0,0.0,432100.0,897400.0,1905200.0,1862900.0,1347200.0,0.0,0.0,0.0,0.0,0.0
20230824140558144,SZSE,SZSE.ETF.159633,2.409,2.399,2.425,2.383,0.0,2.635,2.156,283837078.0,12400.0,681067956.874,29871.599999904633,0.0,0.0,20230824,20230824,140558144,2.395,0.0,0.0,2.408,2.407,2.406,2.405,2.404,0.0,0.0,0.0,0.0,0.0,2.409,2.41,2.411,2.412,2.413,0.0,0.0,0.0,0.0,0.0,248800.0,2212300.0,1474900.0,927800.0,2862600.0,0.0,0.0,0.0,0.0,0.0,432100.0,897400.0,1905200.0,1862900.0,1347200.0,0.0,0.0,0.0,0.0,0.0
20230824140603072,SZSE,SZSE.ETF.159633,2.409,2.399,2.425,2.383,0.0,2.635,2.156,283837078.0,0.0,681067956.874,0.0,0.0,0.0,20230824,20230824,140603071,2.395,0.0,0.0,2.408,2.407,2.406,2.405,2.404,0.0,0.0,0.0,0.0,0.0,2.409,2.41,2.411,2.412,2.413,0.0,0.0,0.0,0.0,0.0,198800.0,712300.0,2824900.0,1127800.0,2862600.0,0.0,0.0,0.0,0.0,0.0,909500.0,470000.0,2141300.0,1576800.0,1347200.0,0.0,0.0,0.0,0.0,0.0
20230824140601208,SZSE,SZSE.ETF.159633,2.409,2.399,2.425,2.383,0.0,2.635,2.156,283837078.0,0.0,681067956.874,0.0,0.0,0.0,20230824,20230824,140601206,2.395,0.0,0.0,2.408,2.407,2.406,2.405,2.404,0.0,0.0,0.0,0.0,0.0,2.409,2.41,2.411,2.412,2.413,0.0,0.0,0.0,0.0,0.0,198800.0,712300.0,2824900.0,1127800.0,2862600.0,0.0,0.0,0.0,0.0,0.0,909500.0,470000.0,2141300.0,1576800.0,1347200.0,0.0,0.0,0.0,0.0,0.0
20230824140606088,SZSE,SZSE.ETF.159633,2.409,2.399,2.425,2.383,0.0,2.635,2.156,283837078.0,0.0,681067956.874,0.0,0.0,0.0,20230824,20230824,140606089,2.395,0.0,0.0,2.408,2.407,2.406,2.405,2.404,0.0,0.0,0.0,0.0,0.0,2.409,2.41,2.411,2.412,2.413,0.0,0.0,0.0,0.0,0.0,8800.0,902300.0,2824900.0,1127800.0,2862600.0,0.0,0.0,0.0,0.0,0.0,909500.0,660000.0,1951300.0,2576800.0,347200.0,0.0,0.0,0.0,0.0,0.0
20230824140604224,SZSE,SZSE.ETF.159633,2.409,2.399,2.425,2.383,0.0,2.635,2.156,283837078.0,0.0,681067956.874,0.0,0.0,0.0,20230824,20230824,140604225,2.395,0.0,0.0,2.408,2.407,2.406,2.405,2.404,0.0,0.0,0.0,0.0,0.0,2.409,2.41,2.411,2.412,2.413,0.0,0.0,0.0,0.0,0.0,8800.0,902300.0,2824900.0,1127800.0,2862600.0,0.0,0.0,0.0,0.0,0.0,909500.0,660000.0,1951300.0,2576800.0,347200.0,0.0,0.0,0.0,0.0,0.0
20230824140609052,SZSE,SZSE.ETF.159633,2.409,2.399,2.425,2.383,0.0,2.635,2.156,283837078.0,0.0,681067956.874,0.0,0.0,0.0,20230824,20230824,140609052,2.395,0.0,0.0,2.408,2.407,2.406,2.405,2.404,0.0,0.0,0.0,0.0,0.0,2.409,2.41,2.411,2.412,2.413,0.0,0.0,0.0,0.0,0.0,8800.0,712300.0,2824900.0,1127800.0,2363600.0,0.0,0.0,0.0,0.0,0.0,909500.0,660000.0,785300.0,2552800.0,347200.0,0.0,0.0,0.0,0.0,0.0
20230824140612072,SZSE,SZSE.ETF.159633,2.408,2.399,2.425,2.383,0.0,2.635,2.156,283845878.0,8800.0,681089147.274,21190.400000095367,0.0,0.0,20230824,20230824,140612070,2.395,0.0,0.0,2.407,2.406,2.405,2.404,2.403,0.0,0.0,0.0,0.0,0.0,2.408,2.409,2.41,2.411,2.412,0.0,0.0,0.0,0.0,0.0,712300.0,2514900.0,1127800.0,1363600.0,1522800.0,0.0,0.0,0.0,0.0,0.0,200.0,1432100.0,730100.0,905200.0,2053900.0,0.0,0.0,0.0,0.0,0.0
20230824140610208,SZSE,SZSE.ETF.159633,2.408,2.399,2.425,2.383,0.0,2.635,2.156,283845878.0,8800.0,681089147.274,21190.400000095367,0.0,0.0,20230824,20230824,140610206,2.395,0.0,0.0,2.407,2.406,2.405,2.404,2.403,0.0,0.0,0.0,0.0,0.0,2.408,2.409,2.41,2.411,2.412,0.0,0.0,0.0,0.0,0.0,712300.0,2514900.0,1127800.0,1363600.0,1522800.0,0.0,0.0,0.0,0.0,0.0,200.0,1432100.0,730100.0,905200.0,2053900.0,0.0,0.0,0.0,0.0,0.0
20230824140615128,SZSE,SZSE.ETF.159633,2.408,2.399,2.425,2.383,0.0,2.635,2.156,283845878.0,0.0,681089147.274,0.0,0.0,0.0,20230824,20230824,140615130,2.395,0.0,0.0,2.407,2.406,2.405,2.404,2.403,0.0,0.0,0.0,0.0,0.0,2.408,2.409,2.41,2.411,2.412,0.0,0.0,0.0,0.0,0.0,662300.0,843200.0,3002400.0,1460700.0,1772900.0,0.0,0.0,0.0,0.0,0.0,7200.0,1881800.0,975200.0,1348800.0,1585400.0,0.0,0.0,0.0,0.0,0.0
20230824140613264,SZSE,SZSE.ETF.159633,2.408,2.399,2.425,2.383,0.0,2.635,2.156,283845878.0,0.0,681089147.274,0.0,0.0,0.0,20230824,20230824,140613266,2.395,0.0,0.0,2.407,2.406,2.405,2.404,2.403,0.0,0.0,0.0,0.0,0.0,2.408,2.409,2.41,2.411,2.412,0.0,0.0,0.0,0.0,0.0,662300.0,843200.0,3002400.0,1460700.0,1772900.0,0.0,0.0,0.0,0.0,0.0,7200.0,1881800.0,975200.0,1348800.0,1585400.0,0.0,0.0,0.0,0.0,0.0
20230824140618168,SZSE,SZSE.ETF.159633,2.408,2.399,2.425,2.383,0.0,2.635,2.156,283845878.0,0.0,681089147.274,0.0,0.0,0.0,20230824,20230824,140618168,2.395,0.0,0.0,2.407,2.406,2.405,2.404,2.403,0.0,0.0,0.0,0.0,0.0,2.408,2.409,2.41,2.411,2.412,0.0,0.0,0.0,0.0,0.0,22300.0,2343200.0,1352400.0,610700.0,2822900.0,0.0,0.0,0.0,0.0,0.0,4500.0,1472700.0,715100.0,1018900.0,1585400.0,0.0,0.0,0.0,0.0,0.0
20230824140621080,SZSE,SZSE.ETF.159633,2.408,2.399,2.425,2.383,0.0,2.635,2.156,283845878.0,0.0,681089147.274,0.0,0.0,0.0,20230824,20230824,140621082,2.395,0.0,0.0,2.407,2.406,2.405,2.404,2.403,0.0,0.0,0.0,0.0,0.0,2.408,2.409,2.41,2.411,2.412,0.0,0.0,0.0,0.0,0.0,402400.0,2533200.0,1352400.0,1610700.0,2822900.0,0.0,0.0,0.0,0.0,0.0,4500.0,1662700.0,785200.0,1348800.0,1585400.0,0.0,0.0,0.0,0.0,0.0
20230824140619216,SZSE,SZSE.ETF.159633,2.408,2.399,2.425,2.383,0.0,2.635,2.156,283845878.0,0.0,681089147.274,0.0,0.0,0.0,20230824,20230824,140619217,2.395,0.0,0.0,2.407,2.406,2.405,2.404,2.403,0.0,0.0,0.0,0.0,0.0,2.408,2.409,2.41,2.411,2.412,0.0,0.0,0.0,0.0,0.0,402400.0,2533200.0,1352400.0,1610700.0,2822900.0,0.0,0.0,0.0,0.0,0.0,4500.0,1662700.0,785200.0,1348800.0,1585400.0,0.0,0.0,0.0,0.0,0.0
20230824140624100,SZSE,SZSE.ETF.159633,2.408,2.399,2.425,2.383,0.0,2.635,2.156,283845878.0,0.0,681089147.274,0.0,0.0,0.0,20230824,20230824,140624100,2.395,0.0,0.0,2.407,2.406,2.405,2.404,2.403,0.0,0.0,0.0,0.0,0.0,2.408,2.409,2.41,2.411,2.412,0.0,0.0,0.0,0.0,0.0,402400.0,2343200.0,1542400.0,610700.0,2822900.0,0.0,0.0,0.0,0.0,0.0,4500.0,2131800.0,905100.0,1228900.0,585400.0,0.0,0.0,0.0,0.0,0.0
20230824140622236,SZSE,SZSE.ETF.159633,2.408,2.399,2.425,2.383,0.0,2.635,2.156,283845878.0,0.0,681089147.274,0.0,0.0,0.0,20230824,20230824,140622236,2.395,0.0,0.0,2.407,2.406,2.405,2.404,2.403,0.0,0.0,0.0,0.0,0.0,2.408,2.409,2.41,2.411,2.412,0.0,0.0,0.0,0.0,0.0,402400.0,2343200.0,1542400.0,610700.0,2822900.0,0.0,0.0,0.0,0.0,0.0,4500.0,2131800.0,905100.0,1228900.0,585400.0,0.0,0.0,0.0,0.0,0.0
20230824140627092,SZSE,SZSE.ETF.159633,2.408,2.399,2.425,2.383,0.0,2.635,2.156,283845878.0,0.0,681089147.274,0.0,0.0,0.0,20230824,20230824,140627092,2.395,0.0,0.0,2.407,2.406,2.405,2.404,2.403,0.0,0.0,0.0,0.0,0.0,2.408,2.409,2.41,2.411,2.412,0.0,0.0,0.0,0.0,0.0,2400.0,2343200.0,1542400.0,610700.0,2822900.0,0.0,0.0,0.0,0.0,0.0,29500.0,1662700.0,905100.0,1841200.0,585400.0,0.0,0.0,0.0,0.0,0.0
20230824140625228,SZSE,SZSE.ETF.159633,2.408,2.399,2.425,2.383,0.0,2.635,2.156,283845878.0,0.0,681089147.274,0.0,0.0,0.0,20230824,20230824,140625228,2.395,0.0,0.0,2.407,2.406,2.405,2.404,2.403,0.0,0.0,0.0,0.0,0.0,2.408,2.409,2.41,2.411,2.412,0.0,0.0,0.0,0.0,0.0,2400.0,2343200.0,1542400.0,610700.0,2822900.0,0.0,0.0,0.0,0.0,0.0,29500.0,1662700.0,905100.0,1841200.0,585400.0,0.0,0.0,0.0,0.0,0.0
20230824140630088,SZSE,SZSE.ETF.159633,2.408,2.399,2.425,2.383,0.0,2.635,2.156,283845878.0,0.0,681089147.274,0.0,0.0,0.0,20230824,20230824,140630088,2.395,0.0,0.0,2.407,2.406,2.405,2.404,2.403,0.0,0.0,0.0,0.0,0.0,2.408,2.409,2.41,2.411,2.412,0.0,0.0,0.0,0.0,0.0,2400.0,843200.0,2959200.0,893900.0,2523900.0,0.0,0.0,0.0,0.0,0.0,898600.0,1662700.0,975200.0,1771100.0,585400.0,0.0,0.0,0.0,0.0,0.0
20230824140628224,SZSE,SZSE.ETF.159633,2.408,2.399,2.425,2.383,0.0,2.635,2.156,283845878.0,0.0,681089147.274,0.0,0.0,0.0,20230824,20230824,140628224,2.395,0.0,0.0,2.407,2.406,2.405,2.404,2.403,0.0,0.0,0.0,0.0,0.0,2.408,2.409,2.41,2.411,2.412,0.0,0.0,0.0,0.0,0.0,2400.0,843200.0,2959200.0,893900.0,2523900.0,0.0,0.0,0.0,0.0,0.0,898600.0,1662700.0,975200.0,1771100.0,585400.0,0.0,0.0,0.0,0.0,0.0
20230824140703056,SZSE,SZSE.ETF.159633,2.407,2.399,2.425,2.383,0.0,2.635,2.156,283888078.0,5300.0,681190727.774,12757.100000023842,0.0,0.0,20230824,20230824,140703058,2.395,0.0,0.0,2.406,2.405,2.404,2.403,2.402,0.0,0.0,0.0,0.0,0.0,2.407,2.408,2.409,2.41,2.411,0.0,0.0,0.0,0.0,0.0,143900.0,897700.0,3149500.0,943800.0,2169000.0,0.0,0.0,0.0,0.0,0.0,1863000.0,661200.0,966800.0,961400.0,1399600.0,0.0,0.0,0.0,0.0,0.0
20230824140701192,SZSE,SZSE.ETF.159633,2.407,2.399,2.425,2.383,0.0,2.635,2.156,283888078.0,5300.0,681190727.774,12757.100000023842,0.0,0.0,20230824,20230824,140701193,2.395,0.0,0.0,2.406,2.405,2.404,2.403,2.402,0.0,0.0,0.0,0.0,0.0,2.407,2.408,2.409,2.41,2.411,0.0,0.0,0.0,0.0,0.0,143900.0,897700.0,3149500.0,943800.0,2169000.0,0.0,0.0,0.0,0.0,0.0,1863000.0,661200.0,966800.0,961400.0,1399600.0,0.0,0.0,0.0,0.0,0.0
20230824140706068,SZSE,SZSE.ETF.159633,2.407,2.399,2.425,2.383,0.0,2.635,2.156,283888078.0,0.0,681190727.774,0.0,0.0,0.0,20230824,20230824,140706069,2.395,0.0,0.0,2.406,2.405,2.404,2.403,2.402,0.0,0.0,0.0,0.0,0.0,2.407,2.408,2.409,2.41,2.411,0.0,0.0,0.0,0.0,0.0,143900.0,737600.0,2929200.0,1224200.0,2319100.0,0.0,0.0,0.0,0.0,0.0,1865500.0,661200.0,1117900.0,1057500.0,1302500.0,0.0,0.0,0.0,0.0,0.0
20230824140704204,SZSE,SZSE.ETF.159633,2.407,2.399,2.425,2.383,0.0,2.635,2.156,283888078.0,0.0,681190727.774,0.0,0.0,0.0,20230824,20230824,140704205,2.395,0.0,0.0,2.406,2.405,2.404,2.403,2.402,0.0,0.0,0.0,0.0,0.0,2.407,2.408,2.409,2.41,2.411,0.0,0.0,0.0,0.0,0.0,143900.0,737600.0,2929200.0,1224200.0,2319100.0,0.0,0.0,0.0,0.0,0.0,1865500.0,661200.0,1117900.0,1057500.0,1302500.0,0.0,0.0,0.0,0.0,0.0
20230824140709060,SZSE,SZSE.ETF.159633,2.407,2.399,2.425,2.383,0.0,2.635,2.156,283888078.0,0.0,681190727.774,0.0,0.0,0.0,20230824,20230824,140709060,2.395,0.0,0.0,2.406,2.405,2.404,2.403,2.402,0.0,0.0,0.0,0.0,0.0,2.407,2.408,2.409,2.41,2.411,0.0,0.0,0.0,0.0,0.0,143900.0,737600.0,2929200.0,1224200.0,2818100.0,0.0,0.0,0.0,0.0,0.0,865500.0,1661200.0,847800.0,1327600.0,1302500.0,0.0,0.0,0.0,0.0,0.0
20230824140707196,SZSE,SZSE.ETF.159633,2.407,2.399,2.425,2.383,0.0,2.635,2.156,283888078.0,0.0,681190727.774,0.0,0.0,0.0,20230824,20230824,140707195,2.395,0.0,0.0,2.406,2.405,2.404,2.403,2.402,0.0,0.0,0.0,0.0,0.0,2.407,2.408,2.409,2.41,2.411,0.0,0.0,0.0,0.0,0.0,143900.0,737600.0,2929200.0,1224200.0,2818100.0,0.0,0.0,0.0,0.0,0.0,865500.0,1661200.0,847800.0,1327600.0,1302500.0,0.0,0.0,0.0,0.0,0.0
20230824140712032,SZSE,SZSE.ETF.159633,2.407,2.399,2.425,2.383,0.0,2.635,2.156,283888078.0,0.0,681190727.774,0.0,0.0,0.0,20230824,20230824,140712031,2.395,0.0,0.0,2.406,2.405,2.404,2.403,2.402,0.0,0.0,0.0,0.0,0.0,2.407,2.408,2.409,2.41,2.411,0.0,0.0,0.0,0.0,0.0,543900.0,737600.0,2429200.0,824200.0,2319100.0,0.0,0.0,0.0,0.0,0.0,470800.0,1661200.0,917900.0,1657500.0,1302500.0,0.0,0.0,0.0,0.0,0.0
20230824140710168,SZSE,SZSE.ETF.159633,2.407,2.399,2.425,2.383,0.0,2.635,2.156,283888078.0,0.0,681190727.774,0.0,0.0,0.0,20230824,20230824,140710166,2.395,0.0,0.0,2.406,2.405,2.404,2.403,2.402,0.0,0.0,0.0,0.0,0.0,2.407,2.408,2.409,2.41,2.411,0.0,0.0,0.0,0.0,0.0,543900.0,737600.0,2429200.0,824200.0,2319100.0,0.0,0.0,0.0,0.0,0.0,470800.0,1661200.0,917900.0,1657500.0,1302500.0,0.0,0.0,0.0,0.0,0.0
20230824140715004,SZSE,SZSE.ETF.159633,2.407,2.399,2.425,2.383,0.0,2.635,2.156,283888078.0,0.0,681190727.774,0.0,0.0,0.0,20230824,20230824,140715004,2.395,0.0,0.0,2.406,2.405,2.404,2.403,2.402,0.0,0.0,0.0,0.0,0.0,2.407,2.408,2.409,2.41,2.411,0.0,0.0,0.0,0.0,0.0,143900.0,547600.0,3012400.0,1140900.0,2319100.0,0.0,0.0,0.0,0.0,0.0,870800.0,1471200.0,917900.0,1257500.0,1302500.0,0.0,0.0,0.0,0.0,0.0
20230824140713140,SZSE,SZSE.ETF.159633,2.407,2.399,2.425,2.383,0.0,2.635,2.156,283888078.0,0.0,681190727.774,0.0,0.0,0.0,20230824,20230824,140713140,2.395,0.0,0.0,2.406,2.405,2.404,2.403,2.402,0.0,0.0,0.0,0.0,0.0,2.407,2.408,2.409,2.41,2.411,0.0,0.0,0.0,0.0,0.0,143900.0,547600.0,3012400.0,1140900.0,2319100.0,0.0,0.0,0.0,0.0,0.0,870800.0,1471200.0,917900.0,1257500.0,1302500.0,0.0,0.0,0.0,0.0,0.0
20230824140718000,SZSE,SZSE.ETF.159633,2.407,2.399,2.425,2.383,0.0,2.635,2.156,283888078.0,0.0,681190727.774,0.0,0.0,0.0,20230824,20230824,140718000,2.395,0.0,0.0,2.406,2.405,2.404,2.403,2.402,0.0,0.0,0.0,0.0,0.0,2.407,2.408,2.409,2.41,2.411,0.0,0.0,0.0,0.0,0.0,543900.0,2237600.0,1339200.0,824200.0,2718100.0,0.0,0.0,0.0,0.0,0.0,5000.0,2127000.0,657800.0,1727600.0,1302500.0,0.0,0.0,0.0,0.0,0.0
20230824140720996,SZSE,SZSE.ETF.159633,2.407,2.399,2.425,2.383,0.0,2.635,2.156,283888078.0,0.0,681190727.774,0.0,0.0,0.0,20230824,20230824,140720996,2.395,0.0,0.0,2.406,2.405,2.404,2.403,2.402,0.0,0.0,0.0,0.0,0.0,2.407,2.408,2.409,2.41,2.411,0.0,0.0,0.0,0.0,0.0,533900.0,737600.0,2612400.0,740900.0,2719100.0,0.0,0.0,0.0,0.0,0.0,2500.0,2127000.0,847800.0,1727600.0,1302500.0,0.0,0.0,0.0,0.0,0.0
20230824140719132,SZSE,SZSE.ETF.159633,2.407,2.399,2.425,2.383,0.0,2.635,2.156,283888078.0,0.0,681190727.774,0.0,0.0,0.0,20230824,20230824,140719131,2.395,0.0,0.0,2.406,2.405,2.404,2.403,2.402,0.0,0.0,0.0,0.0,0.0,2.407,2.408,2.409,2.41,2.411,0.0,0.0,0.0,0.0,0.0,533900.0,737600.0,2612400.0,740900.0,2719100.0,0.0,0.0,0.0,0.0,0.0,2500.0,2127000.0,847800.0,1727600.0,1302500.0,0.0,0.0,0.0,0.0,0.0
20230824140724016,SZSE,SZSE.ETF.159633,2.407,2.399,2.425,2.383,0.0,2.635,2.156,283888078.0,0.0,681190727.774,0.0,0.0,0.0,20230824,20230824,140724018,2.395,0.0,0.0,2.406,2.405,2.404,2.403,2.402,0.0,0.0,0.0,0.0,0.0,2.407,2.408,2.409,2.41,2.411,0.0,0.0,0.0,0.0,0.0,641200.0,737600.0,3012400.0,1140900.0,2719100.0,0.0,0.0,0.0,0.0,0.0,868300.0,1661200.0,883900.0,1291500.0,1302500.0,0.0,0.0,0.0,0.0,0.0
20230824140722152,SZSE,SZSE.ETF.159633,2.407,2.399,2.425,2.383,0.0,2.635,2.156,283888078.0,0.0,681190727.774,0.0,0.0,0.0,20230824,20230824,140722154,2.395,0.0,0.0,2.406,2.405,2.404,2.403,2.402,0.0,0.0,0.0,0.0,0.0,2.407,2.408,2.409,2.41,2.411,0.0,0.0,0.0,0.0,0.0,641200.0,737600.0,3012400.0,1140900.0,2719100.0,0.0,0.0,0.0,0.0,0.0,868300.0,1661200.0,883900.0,1291500.0,1302500.0,0.0,0.0,0.0,0.0,0.0
20230824140727068,SZSE,SZSE.ETF.159633,2.407,2.399,2.425,2.383,0.0,2.635,2.156,283888078.0,0.0,681190727.774,0.0,0.0,0.0,20230824,20230824,140727069,2.395,0.0,0.0,2.406,2.405,2.404,2.403,2.402,0.0,0.0,0.0,0.0,0.0,2.407,2.408,2.409,2.41,2.411,0.0,0.0,0.0,0.0,0.0,641200.0,736600.0,2929200.0,1224200.0,2220100.0,0.0,0.0,0.0,0.0,0.0,869300.0,1661200.0,917900.0,1257500.0,1302500.0,0.0,0.0,0.0,0.0,0.0
20230824140725204,SZSE,SZSE.ETF.159633,2.407,2.399,2.425,2.383,0.0,2.635,2.156,283888078.0,0.0,681190727.774,0.0,0.0,0.0,20230824,20230824,140725204,2.395,0.0,0.0,2.406,2.405,2.404,2.403,2.402,0.0,0.0,0.0,0.0,0.0,2.407,2.408,2.409,2.41,2.411,0.0,0.0,0.0,0.0,0.0,641200.0,736600.0,2929200.0,1224200.0,2220100.0,0.0,0.0,0.0,0.0,0.0,869300.0,1661200.0,917900.0,1257500.0,1302500.0,0.0,0.0,0.0,0.0,0.0
20230824140730056,SZSE,SZSE.ETF.159633,2.406,2.399,2.425,2.383,0.0,2.635,2.156,284529278.0,641200.0,682733454.974,1542727.1999999285,0.0,0.0,20230824,20230824,140730054,2.395,0.0,0.0,2.405,2.404,2.403,2.402,2.401,0.0,0.0,0.0,0.0,0.0,2.406,2.407,2.408,2.409,2.41,0.0,0.0,0.0,0.0,0.0,736600.0,2739200.0,1024200.0,2520100.0,1499200.0,0.0,0.0,0.0,0.0,0.0,9800.0,869300.0,1661200.0,927900.0,1057500.0,0.0,0.0,0.0,0.0,0.0
20230824140728188,SZSE,SZSE.ETF.159633,2.406,2.399,2.425,2.383,0.0,2.635,2.156,284529278.0,641200.0,682733454.974,1542727.1999999285,0.0,0.0,20230824,20230824,140728189,2.395,0.0,0.0,2.405,2.404,2.403,2.402,2.401,0.0,0.0,0.0,0.0,0.0,2.406,2.407,2.408,2.409,2.41,0.0,0.0,0.0,0.0,0.0,736600.0,2739200.0,1024200.0,2520100.0,1499200.0,0.0,0.0,0.0,0.0,0.0,9800.0,869300.0,1661200.0,927900.0,1057500.0,0.0,0.0,0.0,0.0,0.0
20230824140733068,SZSE,SZSE.ETF.159633,2.406,2.399,2.425,2.383,0.0,2.635,2.156,284529278.0,0.0,682733454.974,0.0,0.0,0.0,20230824,20230824,140733069,2.395,0.0,0.0,2.405,2.404,2.403,2.402,2.401,0.0,0.0,0.0,0.0,0.0,2.406,2.407,2.408,2.409,2.41,0.0,0.0,0.0,0.0,0.0,666700.0,1052500.0,2628800.0,1727200.0,1649300.0,0.0,0.0,0.0,0.0,0.0,485500.0,413500.0,1882400.0,1185500.0,420000.0,0.0,0.0,0.0,0.0,0.0
20230824140731204,SZSE,SZSE.ETF.159633,2.406,2.399,2.425,2.383,0.0,2.635,2.156,284529278.0,0.0,682733454.974,0.0,0.0,0.0,20230824,20230824,140731205,2.395,0.0,0.0,2.405,2.404,2.403,2.402,2.401,0.0,0.0,0.0,0.0,0.0,2.406,2.407,2.408,2.409,2.41,0.0,0.0,0.0,0.0,0.0,666700.0,1052500.0,2628800.0,1727200.0,1649300.0,0.0,0.0,0.0,0.0,0.0,485500.0,413500.0,1882400.0,1185500.0,420000.0,0.0,0.0,0.0,0.0,0.0
20230824140736064,SZSE,SZSE.ETF.159633,2.406,2.399,2.425,2.383,0.0,2.635,2.156,284530278.0,1000.0,682735860.974,2406.0,0.0,0.0,20230824,20230824,140736063,2.395,0.0,0.0,2.405,2.404,2.403,2.402,2.401,0.0,0.0,0.0,0.0,0.0,2.406,2.407,2.408,2.409,2.41,0.0,0.0,0.0,0.0,0.0,266700.0,1052500.0,2553800.0,2112200.0,1699300.0,0.0,0.0,0.0,0.0,0.0,884500.0,423500.0,2082400.0,785500.0,1220000.0,0.0,0.0,0.0,0.0,0.0
20230824140734204,SZSE,SZSE.ETF.159633,2.406,2.399,2.425,2.383,0.0,2.635,2.156,284530278.0,1000.0,682735860.974,2406.0,0.0,0.0,20230824,20230824,140734205,2.395,0.0,0.0,2.405,2.404,2.403,2.402,2.401,0.0,0.0,0.0,0.0,0.0,2.406,2.407,2.408,2.409,2.41,0.0,0.0,0.0,0.0,0.0,266700.0,1052500.0,2553800.0,2112200.0,1699300.0,0.0,0.0,0.0,0.0,0.0,884500.0,423500.0,2082400.0,785500.0,1220000.0,0.0,0.0,0.0,0.0,0.0
20230824140739032,SZSE,SZSE.ETF.159633,2.406,2.399,2.425,2.383,0.0,2.635,2.156,284530278.0,0.0,682735860.974,0.0,0.0,0.0,20230824,20230824,140739032,2.395,0.0,0.0,2.405,2.404,2.403,2.402,2.401,0.0,0.0,0.0,0.0,0.0,2.406,2.407,2.408,2.409,2.41,0.0,0.0,0.0,0.0,0.0,267600.0,802500.0,2620500.0,2195500.0,1225300.0,0.0,0.0,0.0,0.0,0.0,884500.0,423500.0,1916400.0,751500.0,1220000.0,0.0,0.0,0.0,0.0,0.0
20230824140742064,SZSE,SZSE.ETF.159633,2.406,2.399,2.425,2.383,0.0,2.635,2.156,284530278.0,0.0,682735860.974,0.0,0.0,0.0,20230824,20230824,140742063,2.395,0.0,0.0,2.405,2.404,2.403,2.402,2.401,0.0,0.0,0.0,0.0,0.0,2.406,2.407,2.408,2.409,2.41,0.0,0.0,0.0,0.0,0.0,27600.0,757500.0,2790500.0,1195500.0,225300.0,0.0,0.0,0.0,0.0,0.0,884500.0,1473500.0,726400.0,901500.0,1290000.0,0.0,0.0,0.0,0.0,0.0
20230824140740204,SZSE,SZSE.ETF.159633,2.406,2.399,2.425,2.383,0.0,2.635,2.156,284530278.0,0.0,682735860.974,0.0,0.0,0.0,20230824,20230824,140740205,2.395,0.0,0.0,2.405,2.404,2.403,2.402,2.401,0.0,0.0,0.0,0.0,0.0,2.406,2.407,2.408,2.409,2.41,0.0,0.0,0.0,0.0,0.0,27600.0,757500.0,2790500.0,1195500.0,225300.0,0.0,0.0,0.0,0.0,0.0,884500.0,1473500.0,726400.0,901500.0,1290000.0,0.0,0.0,0.0,0.0,0.0
20230824140745096,SZSE,SZSE.ETF.159633,2.405,2.399,2.425,2.383,0.0,2.635,2.156,284556978.0,26700.0,682800074.474,64213.5,0.0,0.0,20230824,20230824,140745094,2.395,0.0,0.0,2.404,2.403,2.402,2.401,2.4,0.0,0.0,0.0,0.0,0.0,2.405,2.406,2.407,2.408,2.409,0.0,0.0,0.0,0.0,0.0,857500.0,2290500.0,995500.0,1435300.0,1508500.0,0.0,0.0,0.0,0.0,0.0,9100.0,418700.0,2102600.0,825300.0,761500.0,0.0,0.0,0.0,0.0,0.0
20230824140743232,SZSE,SZSE.ETF.159633,2.405,2.399,2.425,2.383,0.0,2.635,2.156,284556978.0,26700.0,682800074.474,64213.5,0.0,0.0,20230824,20230824,140743230,2.395,0.0,0.0,2.404,2.403,2.402,2.401,2.4,0.0,0.0,0.0,0.0,0.0,2.405,2.406,2.407,2.408,2.409,0.0,0.0,0.0,0.0,0.0,857500.0,2290500.0,995500.0,1435300.0,1508500.0,0.0,0.0,0.0,0.0,0.0,9100.0,418700.0,2102600.0,825300.0,761500.0,0.0,0.0,0.0,0.0,0.0
20230824140748080,SZSE,SZSE.ETF.159633,2.405,2.399,2.425,2.383,0.0,2.635,2.156,284566078.0,9100.0,682821959.974,21885.5,0.0,0.0,20230824,20230824,140748078,2.395,0.0,0.0,2.404,2.403,2.402,2.401,2.4,0.0,0.0,0.0,0.0,0.0,2.405,2.406,2.407,2.408,2.409,0.0,0.0,0.0,0.0,0.0,807500.0,2003800.0,1350100.0,1542400.0,1598600.0,0.0,0.0,0.0,0.0,0.0,45100.0,428700.0,1814600.0,1353000.0,472800.0,0.0,0.0,0.0,0.0,0.0
20230824140746220,SZSE,SZSE.ETF.159633,2.405,2.399,2.425,2.383,0.0,2.635,2.156,284566078.0,9100.0,682821959.974,21885.5,0.0,0.0,20230824,20230824,140746220,2.395,0.0,0.0,2.404,2.403,2.402,2.401,2.4,0.0,0.0,0.0,0.0,0.0,2.405,2.406,2.407,2.408,2.409,0.0,0.0,0.0,0.0,0.0,807500.0,2003800.0,1350100.0,1542400.0,1598600.0,0.0,0.0,0.0,0.0,0.0,45100.0,428700.0,1814600.0,1353000.0,472800.0,0.0,0.0,0.0,0.0,0.0
20230824140751048,SZSE,SZSE.ETF.159633,2.405,2.399,2.425,2.383,0.0,2.635,2.156,284566078.0,0.0,682821959.974,0.0,0.0,0.0,20230824,20230824,140751047,2.395,0.0,0.0,2.404,2.403,2.402,2.401,2.4,0.0,0.0,0.0,0.0,0.0,2.405,2.406,2.407,2.408,2.409,0.0,0.0,0.0,0.0,0.0,307500.0,1003800.0,2150100.0,2092400.0,1174600.0,0.0,0.0,0.0,0.0,0.0,442700.0,628700.0,1884700.0,1082900.0,472800.0,0.0,0.0,0.0,0.0,0.0
20230824140749196,SZSE,SZSE.ETF.159633,2.405,2.399,2.425,2.383,0.0,2.635,2.156,284566078.0,0.0,682821959.974,0.0,0.0,0.0,20230824,20230824,140749196,2.395,0.0,0.0,2.404,2.403,2.402,2.401,2.4,0.0,0.0,0.0,0.0,0.0,2.405,2.406,2.407,2.408,2.409,0.0,0.0,0.0,0.0,0.0,307500.0,1003800.0,2150100.0,2092400.0,1174600.0,0.0,0.0,0.0,0.0,0.0,442700.0,628700.0,1884700.0,1082900.0,472800.0,0.0,0.0,0.0,0.0,0.0
20230824140754048,SZSE,SZSE.ETF.159633,2.405,2.399,2.425,2.383,0.0,2.635,2.156,284566078.0,0.0,682821959.974,0.0,0.0,0.0,20230824,20230824,140754047,2.395,0.0,0.0,2.404,2.403,2.402,2.401,2.4,0.0,0.0,0.0,0.0,0.0,2.405,2.406,2.407,2.408,2.409,0.0,0.0,0.0,0.0,0.0,307500.0,1503800.0,2066800.0,2175700.0,1673600.0,0.0,0.0,0.0,0.0,0.0,452600.0,1067800.0,1884700.0,1082900.0,472800.0,0.0,0.0,0.0,0.0,0.0
20230824140752192,SZSE,SZSE.ETF.159633,2.405,2.399,2.425,2.383,0.0,2.635,2.156,284566078.0,0.0,682821959.974,0.0,0.0,0.0,20230824,20230824,140752194,2.395,0.0,0.0,2.404,2.403,2.402,2.401,2.4,0.0,0.0,0.0,0.0,0.0,2.405,2.406,2.407,2.408,2.409,0.0,0.0,0.0,0.0,0.0,307500.0,1503800.0,2066800.0,2175700.0,1673600.0,0.0,0.0,0.0,0.0,0.0,452600.0,1067800.0,1884700.0,1082900.0,472800.0,0.0,0.0,0.0,0.0,0.0
20230824140757032,SZSE,SZSE.ETF.159633,2.405,2.399,2.425,2.383,0.0,2.635,2.156,284566078.0,0.0,682821959.974,0.0,0.0,0.0,20230824,20230824,140757031,2.395,0.0,0.0,2.404,2.403,2.402,2.401,2.4,0.0,0.0,0.0,0.0,0.0,2.405,2.406,2.407,2.408,2.409,0.0,0.0,0.0,0.0,0.0,117500.0,1313800.0,2066800.0,1775700.0,1673600.0,0.0,0.0,0.0,0.0,0.0,52600.0,1067800.0,1694700.0,892900.0,472800.0,0.0,0.0,0.0,0.0,0.0
20230824140800048,SZSE,SZSE.ETF.159633,2.405,2.399,2.425,2.383,0.0,2.635,2.156,284613578.0,47500.0,682936197.474,114237.5,0.0,0.0,20230824,20230824,140800047,2.395,0.0,0.0,2.404,2.403,2.402,2.401,2.4,0.0,0.0,0.0,0.0,0.0,2.406,2.407,2.408,2.409,2.41,0.0,0.0,0.0,0.0,0.0,1975000.0,803800.0,2039000.0,3191400.0,1673600.0,0.0,0.0,0.0,0.0,0.0,618700.0,2287700.0,960000.0,1542900.0,90000.0,0.0,0.0,0.0,0.0,0.0
20230824140758192,SZSE,SZSE.ETF.159633,2.405,2.399,2.425,2.383,0.0,2.635,2.156,284613578.0,47500.0,682936197.474,114237.5,0.0,0.0,20230824,20230824,140758193,2.395,0.0,0.0,2.404,2.403,2.402,2.401,2.4,0.0,0.0,0.0,0.0,0.0,2.406,2.407,2.408,2.409,2.41,0.0,0.0,0.0,0.0,0.0,1975000.0,803800.0,2039000.0,3191400.0,1673600.0,0.0,0.0,0.0,0.0,0.0,618700.0,2287700.0,960000.0,1542900.0,90000.0,0.0,0.0,0.0,0.0,0.0
20230824140803056,SZSE,SZSE.ETF.159633,2.405,2.399,2.425,2.383,0.0,2.635,2.156,284613778.0,200.0,682936678.474,481.0,0.0,0.0,20230824,20230824,140803058,2.395,0.0,0.0,2.404,2.403,2.402,2.401,2.4,0.0,0.0,0.0,0.0,0.0,2.405,2.406,2.407,2.408,2.409,0.0,0.0,0.0,0.0,0.0,467500.0,2644700.0,1406700.0,2542400.0,1623500.0,0.0,0.0,0.0,0.0,0.0,200.0,1079000.0,1663500.0,1459000.0,1527700.0,0.0,0.0,0.0,0.0,0.0
20230824140801208,SZSE,SZSE.ETF.159633,2.405,2.399,2.425,2.383,0.0,2.635,2.156,284613778.0,200.0,682936678.474,481.0,0.0,0.0,20230824,20230824,140801207,2.395,0.0,0.0,2.404,2.403,2.402,2.401,2.4,0.0,0.0,0.0,0.0,0.0,2.405,2.406,2.407,2.408,2.409,0.0,0.0,0.0,0.0,0.0,467500.0,2644700.0,1406700.0,2542400.0,1623500.0,0.0,0.0,0.0,0.0,0.0,200.0,1079000.0,1663500.0,1459000.0,1527700.0,0.0,0.0,0.0,0.0,0.0
20230824140806064,SZSE,SZSE.ETF.159633,2.405,2.399,2.425,2.383,0.0,2.635,2.156,284613778.0,0.0,682936678.474,0.0,0.0,0.0,20230824,20230824,140806063,2.395,0.0,0.0,2.404,2.403,2.402,2.401,2.4,0.0,0.0,0.0,0.0,0.0,2.405,2.406,2.407,2.408,2.409,0.0,0.0,0.0,0.0,0.0,497600.0,2261300.0,1540100.0,1742400.0,1623600.0,0.0,0.0,0.0,0.0,0.0,2800.0,1039000.0,1814600.0,1563000.0,472800.0,0.0,0.0,0.0,0.0,0.0
20230824140809016,SZSE,SZSE.ETF.159633,2.405,2.399,2.425,2.383,0.0,2.635,2.156,284613778.0,0.0,682936678.474,0.0,0.0,0.0,20230824,20230824,140809016,2.395,0.0,0.0,2.404,2.403,2.402,2.401,2.4,0.0,0.0,0.0,0.0,0.0,2.405,2.406,2.407,2.408,2.409,0.0,0.0,0.0,0.0,0.0,453200.0,2261300.0,1400100.0,2692400.0,1673600.0,0.0,0.0,0.0,0.0,0.0,100.0,1099000.0,1658600.0,1479000.0,472800.0,0.0,0.0,0.0,0.0,0.0
20230824140807164,SZSE,SZSE.ETF.159633,2.405,2.399,2.425,2.383,0.0,2.635,2.156,284613778.0,0.0,682936678.474,0.0,0.0,0.0,20230824,20230824,140807165,2.395,0.0,0.0,2.404,2.403,2.402,2.401,2.4,0.0,0.0,0.0,0.0,0.0,2.405,2.406,2.407,2.408,2.409,0.0,0.0,0.0,0.0,0.0,453200.0,2261300.0,1400100.0,2692400.0,1673600.0,0.0,0.0,0.0,0.0,0.0,100.0,1099000.0,1658600.0,1479000.0,472800.0,0.0,0.0,0.0,0.0,0.0
20230824140812048,SZSE,SZSE.ETF.159633,2.405,2.399,2.425,2.383,0.0,2.635,2.156,284613778.0,0.0,682936678.474,0.0,0.0,0.0,20230824,20230824,140812047,2.395,0.0,0.0,2.404,2.403,2.402,2.401,2.4,0.0,0.0,0.0,0.0,0.0,2.405,2.406,2.407,2.408,2.409,0.0,0.0,0.0,0.0,0.0,443600.0,2261300.0,1590100.0,1692400.0,1673600.0,0.0,0.0,0.0,0.0,0.0,100.0,1099000.0,1814600.0,1513000.0,472800.0,0.0,0.0,0.0,0.0,0.0
20230824140810184,SZSE,SZSE.ETF.159633,2.405,2.399,2.425,2.383,0.0,2.635,2.156,284613778.0,0.0,682936678.474,0.0,0.0,0.0,20230824,20230824,140810183,2.395,0.0,0.0,2.404,2.403,2.402,2.401,2.4,0.0,0.0,0.0,0.0,0.0,2.405,2.406,2.407,2.408,2.409,0.0,0.0,0.0,0.0,0.0,443600.0,2261300.0,1590100.0,1692400.0,1673600.0,0.0,0.0,0.0,0.0,0.0,100.0,1099000.0,1814600.0,1513000.0,472800.0,0.0,0.0,0.0,0.0,0.0
20230824140815048,SZSE,SZSE.ETF.159633,2.405,2.399,2.425,2.383,0.0,2.635,2.156,284613778.0,0.0,682936678.474,0.0,0.0,0.0,20230824,20230824,140815047,2.395,0.0,0.0,2.404,2.403,2.402,2.401,2.4,0.0,0.0,0.0,0.0,0.0,2.405,2.406,2.407,2.408,2.409,0.0,0.0,0.0,0.0,0.0,443600.0,2261300.0,1590100.0,1702400.0,1673600.0,0.0,0.0,0.0,0.0,0.0,100.0,1099000.0,1814600.0,1513000.0,472800.0,0.0,0.0,0.0,0.0,0.0
20230824140813192,SZSE,SZSE.ETF.159633,2.405,2.399,2.425,2.383,0.0,2.635,2.156,284613778.0,0.0,682936678.474,0.0,0.0,0.0,20230824,20230824,140813193,2.395,0.0,0.0,2.404,2.403,2.402,2.401,2.4,0.0,0.0,0.0,0.0,0.0,2.405,2.406,2.407,2.408,2.409,0.0,0.0,0.0,0.0,0.0,443600.0,2261300.0,1590100.0,1702400.0,1673600.0,0.0,0.0,0.0,0.0,0.0,100.0,1099000.0,1814600.0,1513000.0,472800.0,0.0,0.0,0.0,0.0,0.0
20230824140818000,SZSE,SZSE.ETF.159633,2.405,2.399,2.425,2.383,0.0,2.635,2.156,284613778.0,0.0,682936678.474,0.0,0.0,0.0,20230824,20230824,140818000,2.395,0.0,0.0,2.404,2.403,2.402,2.401,2.4,0.0,0.0,0.0,0.0,0.0,2.405,2.406,2.407,2.408,2.409,0.0,0.0,0.0,0.0,0.0,493600.0,2261300.0,2039000.0,2702400.0,1673600.0,0.0,0.0,0.0,0.0,0.0,100.0,1049000.0,1814600.0,1064100.0,472800.0,0.0,0.0,0.0,0.0,0.0
20230824140816148,SZSE,SZSE.ETF.159633,2.405,2.399,2.425,2.383,0.0,2.635,2.156,284613778.0,0.0,682936678.474,0.0,0.0,0.0,20230824,20230824,140816148,2.395,0.0,0.0,2.404,2.403,2.402,2.401,2.4,0.0,0.0,0.0,0.0,0.0,2.405,2.406,2.407,2.408,2.409,0.0,0.0,0.0,0.0,0.0,493600.0,2261300.0,2039000.0,2702400.0,1673600.0,0.0,0.0,0.0,0.0,0.0,100.0,1049000.0,1814600.0,1064100.0,472800.0,0.0,0.0,0.0,0.0,0.0
20230824140821000,SZSE,SZSE.ETF.159633,2.404,2.399,2.425,2.383,0.0,2.635,2.156,285057678.0,443900.0,684003814.074,1067135.6000000238,0.0,0.0,20230824,20230824,140821000,2.395,0.0,0.0,2.405,2.404,2.403,2.402,2.401,0.0,0.0,0.0,0.0,0.0,2.406,2.407,2.408,2.409,2.41,0.0,0.0,0.0,0.0,0.0,4900.0,449900.0,2261300.0,2039000.0,2702400.0,0.0,0.0,0.0,0.0,0.0,1049000.0,1814600.0,1064100.0,472800.0,1090000.0,0.0,0.0,0.0,0.0,0.0
20230824140819140,SZSE,SZSE.ETF.159633,2.404,2.399,2.425,2.383,0.0,2.635,2.156,285057678.0,443900.0,684003814.074,1067135.6000000238,0.0,0.0,20230824,20230824,140819140,2.395,0.0,0.0,2.405,2.404,2.403,2.402,2.401,0.0,0.0,0.0,0.0,0.0,2.406,2.407,2.408,2.409,2.41,0.0,0.0,0.0,0.0,0.0,4900.0,449900.0,2261300.0,2039000.0,2702400.0,0.0,0.0,0.0,0.0,0.0,1049000.0,1814600.0,1064100.0,472800.0,1090000.0,0.0,0.0,0.0,0.0,0.0
20230824140824000,SZSE,SZSE.ETF.159633,2.404,2.399,2.425,2.383,0.0,2.635,2.156,285107978.0,50300.0,684124740.174,120926.10000002384,0.0,0.0,20230824,20230824,140824000,2.395,0.0,0.0,2.404,2.403,2.402,2.401,2.4,0.0,0.0,0.0,0.0,0.0,2.406,2.407,2.408,2.409,2.41,0.0,0.0,0.0,0.0,0.0,464500.0,2621400.0,1786000.0,2505300.0,1583500.0,0.0,0.0,0.0,0.0,0.0,859000.0,1473500.0,958000.0,769800.0,1240100.0,0.0,0.0,0.0,0.0,0.0
20230824140826984,SZSE,SZSE.ETF.159633,2.405,2.399,2.425,2.383,0.0,2.635,2.156,285108078.0,100.0,684124980.674,240.5,0.0,0.0,20230824,20230824,140826984,2.395,0.0,0.0,2.404,2.403,2.402,2.401,2.4,0.0,0.0,0.0,0.0,0.0,2.405,2.406,2.407,2.408,2.409,0.0,0.0,0.0,0.0,0.0,194500.0,2361400.0,1450400.0,3002000.0,1573500.0,0.0,0.0,0.0,0.0,0.0,405000.0,859000.0,1705100.0,516400.0,769800.0,0.0,0.0,0.0,0.0,0.0
20230824140830000,SZSE,SZSE.ETF.159633,2.405,2.399,2.425,2.383,0.0,2.635,2.156,285108078.0,0.0,684124980.674,0.0,0.0,0.0,20230824,20230824,140830000,2.395,0.0,0.0,2.404,2.403,2.402,2.401,2.4,0.0,0.0,0.0,0.0,0.0,2.405,2.406,2.407,2.408,2.409,0.0,0.0,0.0,0.0,0.0,194500.0,2261300.0,1257800.0,2185700.0,1673600.0,0.0,0.0,0.0,0.0,0.0,410000.0,859000.0,1848600.0,820100.0,472800.0,0.0,0.0,0.0,0.0,0.0
20230824140833016,SZSE,SZSE.ETF.159633,2.405,2.399,2.425,2.383,0.0,2.635,2.156,285108078.0,0.0,684124980.674,0.0,0.0,0.0,20230824,20230824,140833016,2.395,0.0,0.0,2.404,2.403,2.402,2.401,2.4,0.0,0.0,0.0,0.0,0.0,2.405,2.406,2.407,2.408,2.409,0.0,0.0,0.0,0.0,0.0,190200.0,2261300.0,1207800.0,2185700.0,1673600.0,0.0,0.0,0.0,0.0,0.0,410000.0,909000.0,2048600.0,570100.0,472800.0,0.0,0.0,0.0,0.0,0.0
20230824140831160,SZSE,SZSE.ETF.159633,2.405,2.399,2.425,2.383,0.0,2.635,2.156,285108078.0,0.0,684124980.674,0.0,0.0,0.0,20230824,20230824,140831162,2.395,0.0,0.0,2.404,2.403,2.402,2.401,2.4,0.0,0.0,0.0,0.0,0.0,2.405,2.406,2.407,2.408,2.409,0.0,0.0,0.0,0.0,0.0,190200.0,2261300.0,1207800.0,2185700.0,1673600.0,0.0,0.0,0.0,0.0,0.0,410000.0,909000.0,2048600.0,570100.0,472800.0,0.0,0.0,0.0,0.0,0.0
20230824140836032,SZSE,SZSE.ETF.159633,2.405,2.399,2.425,2.383,0.0,2.635,2.156,285108078.0,0.0,684124980.674,0.0,0.0,0.0,20230824,20230824,140836032,2.395,0.0,0.0,2.404,2.403,2.402,2.401,2.4,0.0,0.0,0.0,0.0,0.0,2.405,2.406,2.407,2.408,2.409,0.0,0.0,0.0,0.0,0.0,190200.0,2071300.0,1207800.0,2185700.0,1673600.0,0.0,0.0,0.0,0.0,0.0,410000.0,909000.0,2048600.0,580100.0,272800.0,0.0,0.0,0.0,0.0,0.0
20230824140834176,SZSE,SZSE.ETF.159633,2.405,2.399,2.425,2.383,0.0,2.635,2.156,285108078.0,0.0,684124980.674,0.0,0.0,0.0,20230824,20230824,140834175,2.395,0.0,0.0,2.404,2.403,2.402,2.401,2.4,0.0,0.0,0.0,0.0,0.0,2.405,2.406,2.407,2.408,2.409,0.0,0.0,0.0,0.0,0.0,190200.0,2071300.0,1207800.0,2185700.0,1673600.0,0.0,0.0,0.0,0.0,0.0,410000.0,909000.0,2048600.0,580100.0,272800.0,0.0,0.0,0.0,0.0,0.0
20230824140839016,SZSE,SZSE.ETF.159633,2.405,2.399,2.425,2.383,0.0,2.635,2.156,285108178.0,100.0,684125221.174,240.5,0.0,0.0,20230824,20230824,140839016,2.395,0.0,0.0,2.404,2.403,2.402,2.401,2.4,0.0,0.0,0.0,0.0,0.0,2.405,2.406,2.407,2.408,2.409,0.0,0.0,0.0,0.0,0.0,200.0,2021300.0,1347800.0,2185700.0,1673600.0,0.0,0.0,0.0,0.0,0.0,409900.0,909000.0,2048600.0,580100.0,272800.0,0.0,0.0,0.0,0.0,0.0
20230824140842016,SZSE,SZSE.ETF.159633,2.405,2.399,2.425,2.383,0.0,2.635,2.156,285108178.0,0.0,684125221.174,0.0,0.0,0.0,20230824,20230824,140842016,2.395,0.0,0.0,2.404,2.403,2.402,2.401,2.4,0.0,0.0,0.0,0.0,0.0,2.405,2.406,2.407,2.408,2.409,0.0,0.0,0.0,0.0,0.0,200.0,803800.0,2655300.0,2385700.0,1673600.0,0.0,0.0,0.0,0.0,0.0,848800.0,694100.0,1084700.0,510000.0,1272800.0,0.0,0.0,0.0,0.0,0.0
20230824140840160,SZSE,SZSE.ETF.159633,2.405,2.399,2.425,2.383,0.0,2.635,2.156,285108178.0,0.0,684125221.174,0.0,0.0,0.0,20230824,20230824,140840161,2.395,0.0,0.0,2.404,2.403,2.402,2.401,2.4,0.0,0.0,0.0,0.0,0.0,2.405,2.406,2.407,2.408,2.409,0.0,0.0,0.0,0.0,0.0,200.0,803800.0,2655300.0,2385700.0,1673600.0,0.0,0.0,0.0,0.0,0.0,848800.0,694100.0,1084700.0,510000.0,1272800.0,0.0,0.0,0.0,0.0,0.0
20230824140845016,SZSE,SZSE.ETF.159633,2.405,2.399,2.425,2.383,0.0,2.635,2.156,285108178.0,0.0,684125221.174,0.0,0.0,0.0,20230824,20230824,140845016,2.395,0.0,0.0,2.404,2.403,2.402,2.401,2.4,0.0,0.0,0.0,0.0,0.0,2.405,2.406,2.407,2.408,2.409,0.0,0.0,0.0,0.0,0.0,200.0,753800.0,2855300.0,2035700.0,1374600.0,0.0,0.0,0.0,0.0,0.0,898800.0,660100.0,2068700.0,510000.0,1272800.0,0.0,0.0,0.0,0.0,0.0
20230824140843160,SZSE,SZSE.ETF.159633,2.405,2.399,2.425,2.383,0.0,2.635,2.156,285108178.0,0.0,684125221.174,0.0,0.0,0.0,20230824,20230824,140843161,2.395,0.0,0.0,2.404,2.403,2.402,2.401,2.4,0.0,0.0,0.0,0.0,0.0,2.405,2.406,2.407,2.408,2.409,0.0,0.0,0.0,0.0,0.0,200.0,753800.0,2855300.0,2035700.0,1374600.0,0.0,0.0,0.0,0.0,0.0,898800.0,660100.0,2068700.0,510000.0,1272800.0,0.0,0.0,0.0,0.0,0.0
20230824140848080,SZSE,SZSE.ETF.159633,2.404,2.399,2.425,2.383,0.0,2.635,2.156,285108378.0,200.0,684125701.974,480.7999999523163,0.0,0.0,20230824,20230824,140848078,2.395,0.0,0.0,2.403,2.402,2.401,2.4,2.399,0.0,0.0,0.0,0.0,0.0,2.405,2.406,2.407,2.408,2.409,0.0,0.0,0.0,0.0,0.0,804000.0,2855300.0,2484600.0,1374700.0,1936000.0,0.0,0.0,0.0,0.0,0.0,848800.0,660100.0,2118700.0,510000.0,1272800.0,0.0,0.0,0.0,0.0,0.0
20230824140846212,SZSE,SZSE.ETF.159633,2.404,2.399,2.425,2.383,0.0,2.635,2.156,285108378.0,200.0,684125701.974,480.7999999523163,0.0,0.0,20230824,20230824,140846213,2.395,0.0,0.0,2.403,2.402,2.401,2.4,2.399,0.0,0.0,0.0,0.0,0.0,2.405,2.406,2.407,2.408,2.409,0.0,0.0,0.0,0.0,0.0,804000.0,2855300.0,2484600.0,1374700.0,1936000.0,0.0,0.0,0.0,0.0,0.0,848800.0,660100.0,2118700.0,510000.0,1272800.0,0.0,0.0,0.0,0.0,0.0
20230824140851032,SZSE,SZSE.ETF.159633,2.404,2.399,2.425,2.383,0.0,2.635,2.156,285108478.0,100.0,684125942.374,240.39999997615814,0.0,0.0,20230824,20230824,140851031,2.395,0.0,0.0,2.403,2.402,2.401,2.4,2.399,0.0,0.0,0.0,0.0,0.0,2.404,2.405,2.406,2.407,2.408,0.0,0.0,0.0,0.0,0.0,264100.0,2433600.0,2182400.0,790700.0,2036000.0,0.0,0.0,0.0,0.0,0.0,405100.0,1848800.0,660100.0,1069200.0,468400.0,0.0,0.0,0.0,0.0,0.0
20230824140849176,SZSE,SZSE.ETF.159633,2.404,2.399,2.425,2.383,0.0,2.635,2.156,285108478.0,100.0,684125942.374,240.39999997615814,0.0,0.0,20230824,20230824,140849177,2.395,0.0,0.0,2.403,2.402,2.401,2.4,2.399,0.0,0.0,0.0,0.0,0.0,2.404,2.405,2.406,2.407,2.408,0.0,0.0,0.0,0.0,0.0,264100.0,2433600.0,2182400.0,790700.0,2036000.0,0.0,0.0,0.0,0.0,0.0,405100.0,1848800.0,660100.0,1069200.0,468400.0,0.0,0.0,0.0,0.0,0.0
20230824140854096,SZSE,SZSE.ETF.159633,2.403,2.399,2.425,2.383,0.0,2.635,2.156,285772578.0,664100.0,685721774.674,1595832.3000000715,0.0,0.0,20230824,20230824,140854094,2.395,0.0,0.0,2.402,2.401,2.4,2.399,2.398,0.0,0.0,0.0,0.0,0.0,2.403,2.404,2.405,2.406,2.407,0.0,0.0,0.0,0.0,0.0,2473500.0,2247000.0,1125100.0,2136100.0,1720000.0,0.0,0.0,0.0,0.0,0.0,1335900.0,200500.0,1858800.0,1011200.0,1555300.0,0.0,0.0,0.0,0.0,0.0
20230824140852228,SZSE,SZSE.ETF.159633,2.403,2.399,2.425,2.383,0.0,2.635,2.156,285772578.0,664100.0,685721774.674,1595832.3000000715,0.0,0.0,20230824,20230824,140852229,2.395,0.0,0.0,2.402,2.401,2.4,2.399,2.398,0.0,0.0,0.0,0.0,0.0,2.403,2.404,2.405,2.406,2.407,0.0,0.0,0.0,0.0,0.0,2473500.0,2247000.0,1125100.0,2136100.0,1720000.0,0.0,0.0,0.0,0.0,0.0,1335900.0,200500.0,1858800.0,1011200.0,1555300.0,0.0,0.0,0.0,0.0,0.0
20230824140857048,SZSE,SZSE.ETF.159633,2.403,2.399,2.425,2.383,0.0,2.635,2.156,285772578.0,0.0,685721774.674,0.0,0.0,0.0,20230824,20230824,140857047,2.395,0.0,0.0,2.402,2.401,2.4,2.399,2.398,0.0,0.0,0.0,0.0,0.0,2.403,2.404,2.405,2.406,2.407,0.0,0.0,0.0,0.0,0.0,1765000.0,2045200.0,1739700.0,2343300.0,1870100.0,0.0,0.0,0.0,0.0,0.0,5300.0,610500.0,1520000.0,1200000.0,1066600.0,0.0,0.0,0.0,0.0,0.0
20230824140855192,SZSE,SZSE.ETF.159633,2.403,2.399,2.425,2.383,0.0,2.635,2.156,285772578.0,0.0,685721774.674,0.0,0.0,0.0,20230824,20230824,140855193,2.395,0.0,0.0,2.402,2.401,2.4,2.399,2.398,0.0,0.0,0.0,0.0,0.0,2.403,2.404,2.405,2.406,2.407,0.0,0.0,0.0,0.0,0.0,1765000.0,2045200.0,1739700.0,2343300.0,1870100.0,0.0,0.0,0.0,0.0,0.0,5300.0,610500.0,1520000.0,1200000.0,1066600.0,0.0,0.0,0.0,0.0,0.0
20230824140900080,SZSE,SZSE.ETF.159633,2.403,2.399,2.425,2.383,0.0,2.635,2.156,285777878.0,5300.0,685734510.574,12735.899999976158,0.0,0.0,20230824,20230824,140900078,2.395,0.0,0.0,2.403,2.402,2.401,2.4,2.399,0.0,0.0,0.0,0.0,0.0,2.404,2.405,2.406,2.407,2.408,0.0,0.0,0.0,0.0,0.0,1452200.0,865000.0,1995200.0,2089800.0,2553300.0,0.0,0.0,0.0,0.0,0.0,210500.0,958900.0,2200000.0,567700.0,221200.0,0.0,0.0,0.0,0.0,0.0
20230824140858224,SZSE,SZSE.ETF.159633,2.403,2.399,2.425,2.383,0.0,2.635,2.156,285777878.0,5300.0,685734510.574,12735.899999976158,0.0,0.0,20230824,20230824,140858222,2.395,0.0,0.0,2.403,2.402,2.401,2.4,2.399,0.0,0.0,0.0,0.0,0.0,2.404,2.405,2.406,2.407,2.408,0.0,0.0,0.0,0.0,0.0,1452200.0,865000.0,1995200.0,2089800.0,2553300.0,0.0,0.0,0.0,0.0,0.0,210500.0,958900.0,2200000.0,567700.0,221200.0,0.0,0.0,0.0,0.0,0.0
20230824140903096,SZSE,SZSE.ETF.159633,2.403,2.399,2.425,2.383,0.0,2.635,2.156,285777878.0,0.0,685734510.574,0.0,0.0,0.0,20230824,20230824,140903094,2.395,0.0,0.0,2.403,2.402,2.401,2.4,2.399,0.0,0.0,0.0,0.0,0.0,2.404,2.405,2.406,2.407,2.408,0.0,0.0,0.0,0.0,0.0,1452400.0,922000.0,3187500.0,1833500.0,2206100.0,0.0,0.0,0.0,0.0,0.0,210500.0,858800.0,902800.0,2164800.0,421300.0,0.0,0.0,0.0,0.0,0.0
20230824140906096,SZSE,SZSE.ETF.159633,2.403,2.399,2.425,2.383,0.0,2.635,2.156,285777878.0,0.0,685734510.574,0.0,0.0,0.0,20230824,20230824,140906094,2.395,0.0,0.0,2.403,2.402,2.401,2.4,2.399,0.0,0.0,0.0,0.0,0.0,2.404,2.405,2.406,2.407,2.408,0.0,0.0,0.0,0.0,0.0,1862200.0,1122000.0,2837500.0,2083500.0,2156100.0,0.0,0.0,0.0,0.0,0.0,190100.0,659900.0,1291700.0,1904700.0,491400.0,0.0,0.0,0.0,0.0,0.0
20230824140904240,SZSE,SZSE.ETF.159633,2.403,2.399,2.425,2.383,0.0,2.635,2.156,285777878.0,0.0,685734510.574,0.0,0.0,0.0,20230824,20230824,140904242,2.395,0.0,0.0,2.403,2.402,2.401,2.4,2.399,0.0,0.0,0.0,0.0,0.0,2.404,2.405,2.406,2.407,2.408,0.0,0.0,0.0,0.0,0.0,1862200.0,1122000.0,2837500.0,2083500.0,2156100.0,0.0,0.0,0.0,0.0,0.0,190100.0,659900.0,1291700.0,1904700.0,491400.0,0.0,0.0,0.0,0.0,0.0
20230824140909064,SZSE,SZSE.ETF.159633,2.403,2.399,2.425,2.383,0.0,2.635,2.156,285777878.0,0.0,685734510.574,0.0,0.0,0.0,20230824,20230824,140909063,2.395,0.0,0.0,2.403,2.402,2.401,2.4,2.399,0.0,0.0,0.0,0.0,0.0,2.404,2.405,2.406,2.407,2.408,0.0,0.0,0.0,0.0,0.0,1912200.0,1122000.0,2787500.0,2083500.0,2156100.0,0.0,0.0,0.0,0.0,0.0,200000.0,609900.0,1291700.0,1954700.0,491400.0,0.0,0.0,0.0,0.0,0.0
20230824140907864,SZSE,SZSE.ETF.159633,2.403,2.399,2.425,2.383,0.0,2.635,2.156,285777878.0,0.0,685734510.574,0.0,0.0,0.0,20230824,20230824,140907862,2.395,0.0,0.0,2.403,2.402,2.401,2.4,2.399,0.0,0.0,0.0,0.0,0.0,2.404,2.405,2.406,2.407,2.408,0.0,0.0,0.0,0.0,0.0,1912200.0,1122000.0,2787500.0,2083500.0,2156100.0,0.0,0.0,0.0,0.0,0.0,200000.0,609900.0,1291700.0,1954700.0,491400.0,0.0,0.0,0.0,0.0,0.0
20230824140912016,SZSE,SZSE.ETF.159633,2.403,2.399,2.425,2.383,0.0,2.635,2.156,285777878.0,0.0,685734510.574,0.0,0.0,0.0,20230824,20230824,140912016,2.395,0.0,0.0,2.403,2.402,2.401,2.4,2.399,0.0,0.0,0.0,0.0,0.0,2.404,2.405,2.406,2.407,2.408,0.0,0.0,0.0,0.0,0.0,1912200.0,1122000.0,2787500.0,2133500.0,2106100.0,0.0,0.0,0.0,0.0,0.0,190100.0,609900.0,1291700.0,1954700.0,491400.0,0.0,0.0,0.0,0.0,0.0
20230824140910164,SZSE,SZSE.ETF.159633,2.403,2.399,2.425,2.383,0.0,2.635,2.156,285777878.0,0.0,685734510.574,0.0,0.0,0.0,20230824,20230824,140910165,2.395,0.0,0.0,2.403,2.402,2.401,2.4,2.399,0.0,0.0,0.0,0.0,0.0,2.404,2.405,2.406,2.407,2.408,0.0,0.0,0.0,0.0,0.0,1912200.0,1122000.0,2787500.0,2133500.0,2106100.0,0.0,0.0,0.0,0.0,0.0,190100.0,609900.0,1291700.0,1954700.0,491400.0,0.0,0.0,0.0,0.0,0.0
20230824140915048,SZSE,SZSE.ETF.159633,2.403,2.399,2.425,2.383,0.0,2.635,2.156,285777878.0,0.0,685734510.574,0.0,0.0,0.0,20230824,20230824,140915047,2.395,0.0,0.0,2.403,2.402,2.401,2.4,2.399,0.0,0.0,0.0,0.0,0.0,2.404,2.405,2.406,2.407,2.408,0.0,0.0,0.0,0.0,0.0,1912200.0,1122000.0,2787500.0,2133500.0,2106100.0,0.0,0.0,0.0,0.0,0.0,200000.0,609900.0,1291700.0,1954700.0,491400.0,0.0,0.0,0.0,0.0,0.0
20230824140913196,SZSE,SZSE.ETF.159633,2.403,2.399,2.425,2.383,0.0,2.635,2.156,285777878.0,0.0,685734510.574,0.0,0.0,0.0,20230824,20230824,140913196,2.395,0.0,0.0,2.403,2.402,2.401,2.4,2.399,0.0,0.0,0.0,0.0,0.0,2.404,2.405,2.406,2.407,2.408,0.0,0.0,0.0,0.0,0.0,1912200.0,1122000.0,2787500.0,2133500.0,2106100.0,0.0,0.0,0.0,0.0,0.0,200000.0,609900.0,1291700.0,1954700.0,491400.0,0.0,0.0,0.0,0.0,0.0
20230824140918032,SZSE,SZSE.ETF.159633,2.403,2.399,2.425,2.383,0.0,2.635,2.156,285777878.0,0.0,685734510.574,0.0,0.0,0.0,20230824,20230824,140918031,2.395,0.0,0.0,2.403,2.402,2.401,2.4,2.399,0.0,0.0,0.0,0.0,0.0,2.404,2.405,2.406,2.407,2.408,0.0,0.0,0.0,0.0,0.0,460000.0,2122000.0,2597500.0,2133500.0,2106100.0,0.0,0.0,0.0,0.0,0.0,190100.0,609900.0,1101700.0,1954700.0,491400.0,0.0,0.0,0.0,0.0,0.0
20230824140916168,SZSE,SZSE.ETF.159633,2.403,2.399,2.425,2.383,0.0,2.635,2.156,285777878.0,0.0,685734510.574,0.0,0.0,0.0,20230824,20230824,140916170,2.395,0.0,0.0,2.403,2.402,2.401,2.4,2.399,0.0,0.0,0.0,0.0,0.0,2.404,2.405,2.406,2.407,2.408,0.0,0.0,0.0,0.0,0.0,460000.0,2122000.0,2597500.0,2133500.0,2106100.0,0.0,0.0,0.0,0.0,0.0,190100.0,609900.0,1101700.0,1954700.0,491400.0,0.0,0.0,0.0,0.0,0.0
20230824140921000,SZSE,SZSE.ETF.159633,2.403,2.399,2.425,2.383,0.0,2.635,2.156,285777878.0,0.0,685734510.574,0.0,0.0,0.0,20230824,20230824,140921000,2.395,0.0,0.0,2.403,2.402,2.401,2.4,2.399,0.0,0.0,0.0,0.0,0.0,2.404,2.405,2.406,2.407,2.408,0.0,0.0,0.0,0.0,0.0,1943200.0,1122000.0,2987500.0,1883500.0,2156100.0,0.0,0.0,0.0,0.0,0.0,200000.0,1048800.0,852800.0,1954700.0,491400.0,0.0,0.0,0.0,0.0,0.0
20230824140919144,SZSE,SZSE.ETF.159633,2.403,2.399,2.425,2.383,0.0,2.635,2.156,285777878.0,0.0,685734510.574,0.0,0.0,0.0,20230824,20230824,140919146,2.395,0.0,0.0,2.403,2.402,2.401,2.4,2.399,0.0,0.0,0.0,0.0,0.0,2.404,2.405,2.406,2.407,2.408,0.0,0.0,0.0,0.0,0.0,1943200.0,1122000.0,2987500.0,1883500.0,2156100.0,0.0,0.0,0.0,0.0,0.0,200000.0,1048800.0,852800.0,1954700.0,491400.0,0.0,0.0,0.0,0.0,0.0
20230824140924000,SZSE,SZSE.ETF.159633,2.404,2.399,2.425,2.383,0.0,2.635,2.156,285967978.0,190100.0,686191510.974,457000.39999997616,0.0,0.0,20230824,20230824,140924000,2.395,0.0,0.0,2.403,2.402,2.401,2.4,2.399,0.0,0.0,0.0,0.0,0.0,2.405,2.406,2.407,2.408,2.409,0.0,0.0,0.0,0.0,0.0,2043200.0,1122000.0,3887500.0,1933500.0,1106100.0,0.0,0.0,0.0,0.0,0.0,609900.0,1291700.0,1954700.0,491400.0,142700.0,0.0,0.0,0.0,0.0,0.0
20230824140922144,SZSE,SZSE.ETF.159633,2.404,2.399,2.425,2.383,0.0,2.635,2.156,285967978.0,190100.0,686191510.974,457000.39999997616,0.0,0.0,20230824,20230824,140922142,2.395,0.0,0.0,2.403,2.402,2.401,2.4,2.399,0.0,0.0,0.0,0.0,0.0,2.405,2.406,2.407,2.408,2.409,0.0,0.0,0.0,0.0,0.0,2043200.0,1122000.0,3887500.0,1933500.0,1106100.0,0.0,0.0,0.0,0.0,0.0,609900.0,1291700.0,1954700.0,491400.0,142700.0,0.0,0.0,0.0,0.0,0.0
20230824140927000,SZSE,SZSE.ETF.159633,2.404,2.399,2.425,2.383,0.0,2.635,2.156,285968078.0,100.0,686191751.374,240.39999997615814,0.0,0.0,20230824,20230824,140927000,2.395,0.0,0.0,2.404,2.403,2.402,2.401,2.4,0.0,0.0,0.0,0.0,0.0,2.405,2.406,2.407,2.408,2.409,0.0,0.0,0.0,0.0,0.0,400000.0,2043200.0,1355400.0,3538000.0,1699700.0,0.0,0.0,0.0,0.0,0.0,210100.0,660100.0,1900200.0,938500.0,342800.0,0.0,0.0,0.0,0.0,0.0
20230824140925148,SZSE,SZSE.ETF.159633,2.404,2.399,2.425,2.383,0.0,2.635,2.156,285968078.0,100.0,686191751.374,240.39999997615814,0.0,0.0,20230824,20230824,140925147,2.395,0.0,0.0,2.404,2.403,2.402,2.401,2.4,0.0,0.0,0.0,0.0,0.0,2.405,2.406,2.407,2.408,2.409,0.0,0.0,0.0,0.0,0.0,400000.0,2043200.0,1355400.0,3538000.0,1699700.0,0.0,0.0,0.0,0.0,0.0,210100.0,660100.0,1900200.0,938500.0,342800.0,0.0,0.0,0.0,0.0,0.0
20230824140930016,SZSE,SZSE.ETF.159633,2.405,2.399,2.425,2.383,0.0,2.635,2.156,285993378.0,25300.0,686252597.874,60846.5,0.0,0.0,20230824,20230824,140930016,2.395,0.0,0.0,2.404,2.403,2.402,2.401,2.4,0.0,0.0,0.0,0.0,0.0,2.405,2.406,2.407,2.408,2.409,0.0,0.0,0.0,0.0,0.0,1472400.0,841000.0,2124300.0,3533100.0,1694700.0,0.0,0.0,0.0,0.0,0.0,394800.0,850100.0,2339100.0,468400.0,412900.0,0.0,0.0,0.0,0.0,0.0
20230824140928160,SZSE,SZSE.ETF.159633,2.405,2.399,2.425,2.383,0.0,2.635,2.156,285993378.0,25300.0,686252597.874,60846.5,0.0,0.0,20230824,20230824,140928160,2.395,0.0,0.0,2.404,2.403,2.402,2.401,2.4,0.0,0.0,0.0,0.0,0.0,2.405,2.406,2.407,2.408,2.409,0.0,0.0,0.0,0.0,0.0,1472400.0,841000.0,2124300.0,3533100.0,1694700.0,0.0,0.0,0.0,0.0,0.0,394800.0,850100.0,2339100.0,468400.0,412900.0,0.0,0.0,0.0,0.0,0.0
20230824140933048,SZSE,SZSE.ETF.159633,2.405,2.399,2.425,2.383,0.0,2.635,2.156,285993378.0,0.0,686252597.874,0.0,0.0,0.0,20230824,20230824,140933047,2.395,0.0,0.0,2.404,2.403,2.402,2.401,2.4,0.0,0.0,0.0,0.0,0.0,2.405,2.406,2.407,2.408,2.409,0.0,0.0,0.0,0.0,0.0,1872400.0,1041000.0,3766000.0,2101400.0,694700.0,0.0,0.0,0.0,0.0,0.0,100.0,660100.0,2063500.0,1144000.0,412900.0,0.0,0.0,0.0,0.0,0.0
20230824140931188,SZSE,SZSE.ETF.159633,2.405,2.399,2.425,2.383,0.0,2.635,2.156,285993378.0,0.0,686252597.874,0.0,0.0,0.0,20230824,20230824,140931187,2.395,0.0,0.0,2.404,2.403,2.402,2.401,2.4,0.0,0.0,0.0,0.0,0.0,2.405,2.406,2.407,2.408,2.409,0.0,0.0,0.0,0.0,0.0,1872400.0,1041000.0,3766000.0,2101400.0,694700.0,0.0,0.0,0.0,0.0,0.0,100.0,660100.0,2063500.0,1144000.0,412900.0,0.0,0.0,0.0,0.0,0.0
20230824140936064,SZSE,SZSE.ETF.159633,2.405,2.399,2.425,2.383,0.0,2.635,2.156,285993478.0,100.0,686252838.374,240.5,0.0,0.0,20230824,20230824,140936062,2.395,0.0,0.0,2.404,2.403,2.402,2.401,2.4,0.0,0.0,0.0,0.0,0.0,2.406,2.407,2.408,2.409,2.41,0.0,0.0,0.0,0.0,0.0,1922400.0,1111000.0,4036000.0,1901400.0,694700.0,0.0,0.0,0.0,0.0,0.0,610100.0,1253500.0,2194000.0,342900.0,1090000.0,0.0,0.0,0.0,0.0,0.0
20230824140934200,SZSE,SZSE.ETF.159633,2.405,2.399,2.425,2.383,0.0,2.635,2.156,285993478.0,100.0,686252838.374,240.5,0.0,0.0,20230824,20230824,140934202,2.395,0.0,0.0,2.404,2.403,2.402,2.401,2.4,0.0,0.0,0.0,0.0,0.0,2.406,2.407,2.408,2.409,2.41,0.0,0.0,0.0,0.0,0.0,1922400.0,1111000.0,4036000.0,1901400.0,694700.0,0.0,0.0,0.0,0.0,0.0,610100.0,1253500.0,2194000.0,342900.0,1090000.0,0.0,0.0,0.0,0.0,0.0
20230824140939048,SZSE,SZSE.ETF.159633,2.405,2.399,2.425,2.383,0.0,2.635,2.156,285993578.0,100.0,686253078.874,240.5,0.0,0.0,20230824,20230824,140939047,2.395,0.0,0.0,2.405,2.404,2.403,2.402,2.401,0.0,0.0,0.0,0.0,0.0,2.406,2.407,2.408,2.409,2.41,0.0,0.0,0.0,0.0,0.0,15200.0,1922400.0,1294300.0,3594800.0,1759300.0,0.0,0.0,0.0,0.0,0.0,190100.0,1102400.0,2097900.0,340000.0,1290000.0,0.0,0.0,0.0,0.0,0.0
20230824140937196,SZSE,SZSE.ETF.159633,2.405,2.399,2.425,2.383,0.0,2.635,2.156,285993578.0,100.0,686253078.874,240.5,0.0,0.0,20230824,20230824,140937196,2.395,0.0,0.0,2.405,2.404,2.403,2.402,2.401,0.0,0.0,0.0,0.0,0.0,2.406,2.407,2.408,2.409,2.41,0.0,0.0,0.0,0.0,0.0,15200.0,1922400.0,1294300.0,3594800.0,1759300.0,0.0,0.0,0.0,0.0,0.0,190100.0,1102400.0,2097900.0,340000.0,1290000.0,0.0,0.0,0.0,0.0,0.0
20230824140942032,SZSE,SZSE.ETF.159633,2.405,2.399,2.425,2.383,0.0,2.635,2.156,285993578.0,0.0,686253078.874,0.0,0.0,0.0,20230824,20230824,140942031,2.395,0.0,0.0,2.405,2.404,2.403,2.402,2.401,0.0,0.0,0.0,0.0,0.0,2.406,2.407,2.408,2.409,2.41,0.0,0.0,0.0,0.0,0.0,15200.0,1972400.0,1331000.0,4422100.0,1754300.0,0.0,0.0,0.0,0.0,0.0,400100.0,1102400.0,2097900.0,390000.0,1290000.0,0.0,0.0,0.0,0.0,0.0
20230824140945032,SZSE,SZSE.ETF.159633,2.406,2.399,2.425,2.383,0.0,2.635,2.156,285993678.0,100.0,686253319.474,240.60000002384186,0.0,0.0,20230824,20230824,140945031,2.395,0.0,0.0,2.405,2.404,2.403,2.402,2.401,0.0,0.0,0.0,0.0,0.0,2.406,2.407,2.408,2.409,2.41,0.0,0.0,0.0,0.0,0.0,15200.0,2162400.0,1331000.0,4422100.0,1754300.0,0.0,0.0,0.0,0.0,0.0,400000.0,1292400.0,2063900.0,424000.0,1290000.0,0.0,0.0,0.0,0.0,0.0
20230824140943180,SZSE,SZSE.ETF.159633,2.406,2.399,2.425,2.383,0.0,2.635,2.156,285993678.0,100.0,686253319.474,240.60000002384186,0.0,0.0,20230824,20230824,140943181,2.395,0.0,0.0,2.405,2.404,2.403,2.402,2.401,0.0,0.0,0.0,0.0,0.0,2.406,2.407,2.408,2.409,2.41,0.0,0.0,0.0,0.0,0.0,15200.0,2162400.0,1331000.0,4422100.0,1754300.0,0.0,0.0,0.0,0.0,0.0,400000.0,1292400.0,2063900.0,424000.0,1290000.0,0.0,0.0,0.0,0.0,0.0
20230824140948000,SZSE,SZSE.ETF.159633,2.406,2.399,2.425,2.383,0.0,2.635,2.156,285993678.0,0.0,686253319.474,0.0,0.0,0.0,20230824,20230824,140948000,2.395,0.0,0.0,2.405,2.404,2.403,2.402,2.401,0.0,0.0,0.0,0.0,0.0,2.406,2.407,2.408,2.409,2.41,0.0,0.0,0.0,0.0,0.0,15200.0,2162400.0,1562800.0,2691400.0,1754300.0,0.0,0.0,0.0,0.0,0.0,400100.0,1102400.0,2212300.0,465600.0,1290000.0,0.0,0.0,0.0,0.0,0.0
20230824140946144,SZSE,SZSE.ETF.159633,2.406,2.399,2.425,2.383,0.0,2.635,2.156,285993678.0,0.0,686253319.474,0.0,0.0,0.0,20230824,20230824,140946146,2.395,0.0,0.0,2.405,2.404,2.403,2.402,2.401,0.0,0.0,0.0,0.0,0.0,2.406,2.407,2.408,2.409,2.41,0.0,0.0,0.0,0.0,0.0,15200.0,2162400.0,1562800.0,2691400.0,1754300.0,0.0,0.0,0.0,0.0,0.0,400100.0,1102400.0,2212300.0,465600.0,1290000.0,0.0,0.0,0.0,0.0,0.0
20230824140951016,SZSE,SZSE.ETF.159633,2.406,2.399,2.425,2.383,0.0,2.635,2.156,285993678.0,0.0,686253319.474,0.0,0.0,0.0,20230824,20230824,140951016,2.395,0.0,0.0,2.405,2.404,2.403,2.402,2.401,0.0,0.0,0.0,0.0,0.0,2.406,2.407,2.408,2.409,2.41,0.0,0.0,0.0,0.0,0.0,15200.0,310200.0,3015000.0,2192500.0,255300.0,0.0,0.0,0.0,0.0,0.0,839000.0,1663500.0,882400.0,395500.0,1290000.0,0.0,0.0,0.0,0.0,0.0
20230824140949156,SZSE,SZSE.ETF.159633,2.406,2.399,2.425,2.383,0.0,2.635,2.156,285993678.0,0.0,686253319.474,0.0,0.0,0.0,20230824,20230824,140949155,2.395,0.0,0.0,2.405,2.404,2.403,2.402,2.401,0.0,0.0,0.0,0.0,0.0,2.406,2.407,2.408,2.409,2.41,0.0,0.0,0.0,0.0,0.0,15200.0,310200.0,3015000.0,2192500.0,255300.0,0.0,0.0,0.0,0.0,0.0,839000.0,1663500.0,882400.0,395500.0,1290000.0,0.0,0.0,0.0,0.0,0.0
20230824140954000,SZSE,SZSE.ETF.159633,2.405,2.399,2.425,2.383,0.0,2.635,2.156,286008878.0,15200.0,686289875.474,36556.0,0.0,0.0,20230824,20230824,140954000,2.395,0.0,0.0,2.405,2.404,2.403,2.402,2.401,0.0,0.0,0.0,0.0,0.0,2.406,2.407,2.408,2.409,2.41,0.0,0.0,0.0,0.0,0.0,50100.0,710200.0,2965000.0,2192500.0,1255400.0,0.0,0.0,0.0,0.0,0.0,839000.0,1613500.0,1316400.0,411500.0,1290000.0,0.0,0.0,0.0,0.0,0.0
20230824140952140,SZSE,SZSE.ETF.159633,2.405,2.399,2.425,2.383,0.0,2.635,2.156,286008878.0,15200.0,686289875.474,36556.0,0.0,0.0,20230824,20230824,140952140,2.395,0.0,0.0,2.405,2.404,2.403,2.402,2.401,0.0,0.0,0.0,0.0,0.0,2.406,2.407,2.408,2.409,2.41,0.0,0.0,0.0,0.0,0.0,50100.0,710200.0,2965000.0,2192500.0,1255400.0,0.0,0.0,0.0,0.0,0.0,839000.0,1613500.0,1316400.0,411500.0,1290000.0,0.0,0.0,0.0,0.0,0.0
20230824140957000,SZSE,SZSE.ETF.159633,2.405,2.399,2.425,2.383,0.0,2.635,2.156,286008878.0,0.0,686289875.474,0.0,0.0,0.0,20230824,20230824,140957000,2.395,0.0,0.0,2.405,2.404,2.403,2.402,2.401,0.0,0.0,0.0,0.0,0.0,2.406,2.407,2.408,2.409,2.41,0.0,0.0,0.0,0.0,0.0,100.0,120200.0,2973300.0,2234200.0,1255400.0,0.0,0.0,0.0,0.0,0.0,839000.0,1473500.0,958000.0,319900.0,1290000.0,0.0,0.0,0.0,0.0,0.0
20230824140955140,SZSE,SZSE.ETF.159633,2.405,2.399,2.425,2.383,0.0,2.635,2.156,286008878.0,0.0,686289875.474,0.0,0.0,0.0,20230824,20230824,140955140,2.395,0.0,0.0,2.405,2.404,2.403,2.402,2.401,0.0,0.0,0.0,0.0,0.0,2.406,2.407,2.408,2.409,2.41,0.0,0.0,0.0,0.0,0.0,100.0,120200.0,2973300.0,2234200.0,1255400.0,0.0,0.0,0.0,0.0,0.0,839000.0,1473500.0,958000.0,319900.0,1290000.0,0.0,0.0,0.0,0.0,0.0
20230824141000020,SZSE,SZSE.ETF.159633,2.405,2.399,2.425,2.383,0.0,2.635,2.156,286009178.0,300.0,686290596.974,721.5,0.0,0.0,20230824,20230824,141000020,2.395,0.0,0.0,2.404,2.403,2.402,2.401,2.4,0.0,0.0,0.0,0.0,0.0,2.405,2.406,2.407,2.408,2.409,0.0,0.0,0.0,0.0,0.0,260200.0,2733300.0,2034200.0,1655400.0,1757600.0,0.0,0.0,0.0,0.0,0.0,899800.0,848900.0,1663500.0,768000.0,319900.0,0.0,0.0,0.0,0.0,0.0
20230824140958168,SZSE,SZSE.ETF.159633,2.405,2.399,2.425,2.383,0.0,2.635,2.156,286009178.0,300.0,686290596.974,721.5,0.0,0.0,20230824,20230824,140958167,2.395,0.0,0.0,2.404,2.403,2.402,2.401,2.4,0.0,0.0,0.0,0.0,0.0,2.405,2.406,2.407,2.408,2.409,0.0,0.0,0.0,0.0,0.0,260200.0,2733300.0,2034200.0,1655400.0,1757600.0,0.0,0.0,0.0,0.0,0.0,899800.0,848900.0,1663500.0,768000.0,319900.0,0.0,0.0,0.0,0.0,0.0
20230824141003032,SZSE,SZSE.ETF.159633,2.405,2.399,2.425,2.383,0.0,2.635,2.156,286009178.0,0.0,686290596.974,0.0,0.0,0.0,20230824,20230824,141003031,2.395,0.0,0.0,2.404,2.403,2.402,2.401,2.4,0.0,0.0,0.0,0.0,0.0,2.405,2.406,2.407,2.408,2.409,0.0,0.0,0.0,0.0,0.0,240100.0,2563300.0,1562700.0,3085800.0,1697700.0,0.0,0.0,0.0,0.0,0.0,902700.0,858900.0,1814600.0,1054100.0,272800.0,0.0,0.0,0.0,0.0,0.0
20230824141001168,SZSE,SZSE.ETF.159633,2.405,2.399,2.425,2.383,0.0,2.635,2.156,286009178.0,0.0,686290596.974,0.0,0.0,0.0,20230824,20230824,141001167,2.395,0.0,0.0,2.404,2.403,2.402,2.401,2.4,0.0,0.0,0.0,0.0,0.0,2.405,2.406,2.407,2.408,2.409,0.0,0.0,0.0,0.0,0.0,240100.0,2563300.0,1562700.0,3085800.0,1697700.0,0.0,0.0,0.0,0.0,0.0,902700.0,858900.0,1814600.0,1054100.0,272800.0,0.0,0.0,0.0,0.0,0.0
20230824141006064,SZSE,SZSE.ETF.159633,2.405,2.399,2.425,2.383,0.0,2.635,2.156,286009178.0,0.0,686290596.974,0.0,0.0,0.0,20230824,20230824,141006063,2.395,0.0,0.0,2.404,2.403,2.402,2.401,2.4,0.0,0.0,0.0,0.0,0.0,2.405,2.406,2.407,2.408,2.409,0.0,0.0,0.0,0.0,0.0,2092300.0,1111100.0,1562700.0,3184800.0,1697700.0,0.0,0.0,0.0,0.0,0.0,502700.0,420000.0,2253500.0,1384000.0,342900.0,0.0,0.0,0.0,0.0,0.0
20230824141004196,SZSE,SZSE.ETF.159633,2.405,2.399,2.425,2.383,0.0,2.635,2.156,286009178.0,0.0,686290596.974,0.0,0.0,0.0,20230824,20230824,141004197,2.395,0.0,0.0,2.404,2.403,2.402,2.401,2.4,0.0,0.0,0.0,0.0,0.0,2.405,2.406,2.407,2.408,2.409,0.0,0.0,0.0,0.0,0.0,2092300.0,1111100.0,1562700.0,3184800.0,1697700.0,0.0,0.0,0.0,0.0,0.0,502700.0,420000.0,2253500.0,1384000.0,342900.0,0.0,0.0,0.0,0.0,0.0
20230824141009048,SZSE,SZSE.ETF.159633,2.405,2.399,2.425,2.383,0.0,2.635,2.156,286011878.0,2700.0,686297090.474,6493.5,0.0,0.0,20230824,20230824,141009047,2.395,0.0,0.0,2.405,2.404,2.403,2.402,2.401,0.0,0.0,0.0,0.0,0.0,2.406,2.407,2.408,2.409,2.41,0.0,0.0,0.0,0.0,0.0,24800.0,2093300.0,1119100.0,2646000.0,3151500.0,0.0,0.0,0.0,0.0,0.0,420000.0,1253500.0,1384000.0,342900.0,1090000.0,0.0,0.0,0.0,0.0,0.0
20230824141012032,SZSE,SZSE.ETF.159633,2.406,2.399,2.425,2.383,0.0,2.635,2.156,286431878.0,420000.0,687307610.474,1010520.0,0.0,0.0,20230824,20230824,141012032,2.395,0.0,0.0,2.406,2.405,2.404,2.403,2.402,0.0,0.0,0.0,0.0,0.0,2.407,2.408,2.409,2.41,2.411,0.0,0.0,0.0,0.0,0.0,612500.0,1879000.0,711700.0,1504100.0,2108200.0,0.0,0.0,0.0,0.0,0.0,1102400.0,2053900.0,1024000.0,1290000.0,32400.0,0.0,0.0,0.0,0.0,0.0
20230824141015048,SZSE,SZSE.ETF.159633,2.406,2.399,2.425,2.383,0.0,2.635,2.156,286431878.0,0.0,687307610.474,0.0,0.0,0.0,20230824,20230824,141015047,2.395,0.0,0.0,2.406,2.405,2.404,2.403,2.402,0.0,0.0,0.0,0.0,0.0,2.407,2.408,2.409,2.41,2.411,0.0,0.0,0.0,0.0,0.0,32500.0,1889000.0,1081800.0,1426200.0,3036100.0,0.0,0.0,0.0,0.0,0.0,1078900.0,1471200.0,1169500.0,1387100.0,182500.0,0.0,0.0,0.0,0.0,0.0
20230824141013184,SZSE,SZSE.ETF.159633,2.406,2.399,2.425,2.383,0.0,2.635,2.156,286431878.0,0.0,687307610.474,0.0,0.0,0.0,20230824,20230824,141013182,2.395,0.0,0.0,2.406,2.405,2.404,2.403,2.402,0.0,0.0,0.0,0.0,0.0,2.407,2.408,2.409,2.41,2.411,0.0,0.0,0.0,0.0,0.0,32500.0,1889000.0,1081800.0,1426200.0,3036100.0,0.0,0.0,0.0,0.0,0.0,1078900.0,1471200.0,1169500.0,1387100.0,182500.0,0.0,0.0,0.0,0.0,0.0
20230824141018016,SZSE,SZSE.ETF.159633,2.406,2.399,2.425,2.383,0.0,2.635,2.156,286431878.0,0.0,687307610.474,0.0,0.0,0.0,20230824,20230824,141018016,2.395,0.0,0.0,2.406,2.405,2.404,2.403,2.402,0.0,0.0,0.0,0.0,0.0,2.407,2.408,2.409,2.41,2.411,0.0,0.0,0.0,0.0,0.0,100.0,1949000.0,1271800.0,1376200.0,3036100.0,0.0,0.0,0.0,0.0,0.0,1029000.0,1471200.0,1339400.0,457200.0,1182500.0,0.0,0.0,0.0,0.0,0.0
20230824141016168,SZSE,SZSE.ETF.159633,2.406,2.399,2.425,2.383,0.0,2.635,2.156,286431878.0,0.0,687307610.474,0.0,0.0,0.0,20230824,20230824,141016166,2.395,0.0,0.0,2.406,2.405,2.404,2.403,2.402,0.0,0.0,0.0,0.0,0.0,2.407,2.408,2.409,2.41,2.411,0.0,0.0,0.0,0.0,0.0,100.0,1949000.0,1271800.0,1376200.0,3036100.0,0.0,0.0,0.0,0.0,0.0,1029000.0,1471200.0,1339400.0,457200.0,1182500.0,0.0,0.0,0.0,0.0,0.0
20230824141021032,SZSE,SZSE.ETF.159633,2.407,2.399,2.425,2.383,0.0,2.635,2.156,286439378.0,7500.0,687325662.974,18052.5,0.0,0.0,20230824,20230824,141021031,2.395,0.0,0.0,2.406,2.405,2.404,2.403,2.402,0.0,0.0,0.0,0.0,0.0,2.407,2.408,2.409,2.41,2.411,0.0,0.0,0.0,0.0,0.0,100.0,496800.0,2724000.0,1576200.0,2337100.0,0.0,0.0,0.0,0.0,0.0,1021400.0,1471200.0,1409500.0,387100.0,1182500.0,0.0,0.0,0.0,0.0,0.0
20230824141019172,SZSE,SZSE.ETF.159633,2.407,2.399,2.425,2.383,0.0,2.635,2.156,286439378.0,7500.0,687325662.974,18052.5,0.0,0.0,20230824,20230824,141019171,2.395,0.0,0.0,2.406,2.405,2.404,2.403,2.402,0.0,0.0,0.0,0.0,0.0,2.407,2.408,2.409,2.41,2.411,0.0,0.0,0.0,0.0,0.0,100.0,496800.0,2724000.0,1576200.0,2337100.0,0.0,0.0,0.0,0.0,0.0,1021400.0,1471200.0,1409500.0,387100.0,1182500.0,0.0,0.0,0.0,0.0,0.0
20230824141024000,SZSE,SZSE.ETF.159633,2.407,2.399,2.425,2.383,0.0,2.635,2.156,286439378.0,0.0,687325662.974,0.0,0.0,0.0,20230824,20230824,141024000,2.395,0.0,0.0,2.406,2.405,2.404,2.403,2.402,0.0,0.0,0.0,0.0,0.0,2.407,2.408,2.409,2.41,2.411,0.0,0.0,0.0,0.0,0.0,100.0,507800.0,2575600.0,1434500.0,2437100.0,0.0,0.0,0.0,0.0,0.0,831500.0,1471200.0,1333900.0,562600.0,1082500.0,0.0,0.0,0.0,0.0,0.0
20230824141027000,SZSE,SZSE.ETF.159633,2.407,2.399,2.425,2.383,0.0,2.635,2.156,286439378.0,0.0,687325662.974,0.0,0.0,0.0,20230824,20230824,141027000,2.395,0.0,0.0,2.406,2.405,2.404,2.403,2.402,0.0,0.0,0.0,0.0,0.0,2.407,2.408,2.409,2.41,2.411,0.0,0.0,0.0,0.0,0.0,100.0,697800.0,2575600.0,1434500.0,2437100.0,0.0,0.0,0.0,0.0,0.0,831500.0,1661200.0,1367900.0,528600.0,1082500.0,0.0,0.0,0.0,0.0,0.0
20230824141025140,SZSE,SZSE.ETF.159633,2.407,2.399,2.425,2.383,0.0,2.635,2.156,286439378.0,0.0,687325662.974,0.0,0.0,0.0,20230824,20230824,141025141,2.395,0.0,0.0,2.406,2.405,2.404,2.403,2.402,0.0,0.0,0.0,0.0,0.0,2.407,2.408,2.409,2.41,2.411,0.0,0.0,0.0,0.0,0.0,100.0,697800.0,2575600.0,1434500.0,2437100.0,0.0,0.0,0.0,0.0,0.0,831500.0,1661200.0,1367900.0,528600.0,1082500.0,0.0,0.0,0.0,0.0,0.0
20230824141030000,SZSE,SZSE.ETF.159633,2.407,2.399,2.425,2.383,0.0,2.635,2.156,286439378.0,0.0,687325662.974,0.0,0.0,0.0,20230824,20230824,141030000,2.395,0.0,0.0,2.406,2.405,2.404,2.403,2.402,0.0,0.0,0.0,0.0,0.0,2.407,2.408,2.409,2.41,2.411,0.0,0.0,0.0,0.0,0.0,100.0,697800.0,2575600.0,1434500.0,1437100.0,0.0,0.0,0.0,0.0,0.0,831500.0,1661200.0,1866800.0,528600.0,1082500.0,0.0,0.0,0.0,0.0,0.0
20230824141028136,SZSE,SZSE.ETF.159633,2.407,2.399,2.425,2.383,0.0,2.635,2.156,286439378.0,0.0,687325662.974,0.0,0.0,0.0,20230824,20230824,141028138,2.395,0.0,0.0,2.406,2.405,2.404,2.403,2.402,0.0,0.0,0.0,0.0,0.0,2.407,2.408,2.409,2.41,2.411,0.0,0.0,0.0,0.0,0.0,100.0,697800.0,2575600.0,1434500.0,1437100.0,0.0,0.0,0.0,0.0,0.0,831500.0,1661200.0,1866800.0,528600.0,1082500.0,0.0,0.0,0.0,0.0,0.0
20230824141033000,SZSE,SZSE.ETF.159633,2.406,2.399,2.425,2.383,0.0,2.635,2.156,286449578.0,10200.0,687350204.174,24541.200000047684,0.0,0.0,20230824,20230824,141033000,2.395,0.0,0.0,2.405,2.404,2.403,2.402,2.401,0.0,0.0,0.0,0.0,0.0,2.406,2.407,2.408,2.409,2.41,0.0,0.0,0.0,0.0,0.0,298200.0,2123400.0,1234500.0,2037100.0,1529300.0,0.0,0.0,0.0,0.0,0.0,828700.0,392600.0,1731300.0,1396700.0,528600.0,0.0,0.0,0.0,0.0,0.0
20230824141036000,SZSE,SZSE.ETF.159633,2.406,2.399,2.425,2.383,0.0,2.635,2.156,286449578.0,0.0,687350204.174,0.0,0.0,0.0,20230824,20230824,141036000,2.395,0.0,0.0,2.405,2.404,2.403,2.402,2.401,0.0,0.0,0.0,0.0,0.0,2.406,2.407,2.408,2.409,2.41,0.0,0.0,0.0,0.0,0.0,298200.0,2373900.0,1105800.0,2167500.0,1729400.0,0.0,0.0,0.0,0.0,0.0,400000.0,831300.0,1812300.0,1604500.0,1290000.0,0.0,0.0,0.0,0.0,0.0
20230824141039000,SZSE,SZSE.ETF.159633,2.406,2.399,2.425,2.383,0.0,2.635,2.156,286449578.0,0.0,687350204.174,0.0,0.0,0.0,20230824,20230824,141039000,2.395,0.0,0.0,2.405,2.404,2.403,2.402,2.401,0.0,0.0,0.0,0.0,0.0,2.406,2.407,2.408,2.409,2.41,0.0,0.0,0.0,0.0,0.0,108200.0,871700.0,2508000.0,1967500.0,1230400.0,0.0,0.0,0.0,0.0,0.0,400000.0,412600.0,1692400.0,1484400.0,1290000.0,0.0,0.0,0.0,0.0,0.0
20230824141041976,SZSE,SZSE.ETF.159633,2.406,2.399,2.425,2.383,0.0,2.635,2.156,286449578.0,0.0,687350204.174,0.0,0.0,0.0,20230824,20230824,141041978,2.395,0.0,0.0,2.405,2.404,2.403,2.402,2.401,0.0,0.0,0.0,0.0,0.0,2.406,2.407,2.408,2.409,2.41,0.0,0.0,0.0,0.0,0.0,98200.0,920700.0,2558000.0,1967500.0,1430400.0,0.0,0.0,0.0,0.0,0.0,1828700.0,602600.0,692400.0,1344400.0,1290000.0,0.0,0.0,0.0,0.0,0.0
20230824141040112,SZSE,SZSE.ETF.159633,2.406,2.399,2.425,2.383,0.0,2.635,2.156,286449578.0,0.0,687350204.174,0.0,0.0,0.0,20230824,20230824,141040113,2.395,0.0,0.0,2.405,2.404,2.403,2.402,2.401,0.0,0.0,0.0,0.0,0.0,2.406,2.407,2.408,2.409,2.41,0.0,0.0,0.0,0.0,0.0,98200.0,920700.0,2558000.0,1967500.0,1430400.0,0.0,0.0,0.0,0.0,0.0,1828700.0,602600.0,692400.0,1344400.0,1290000.0,0.0,0.0,0.0,0.0,0.0
20230824141044980,SZSE,SZSE.ETF.159633,2.406,2.399,2.425,2.383,0.0,2.635,2.156,286449578.0,0.0,687350204.174,0.0,0.0,0.0,20230824,20230824,141044981,2.395,0.0,0.0,2.405,2.404,2.403,2.402,2.401,0.0,0.0,0.0,0.0,0.0,2.406,2.407,2.408,2.409,2.41,0.0,0.0,0.0,0.0,0.0,98200.0,720700.0,2948000.0,1967500.0,1430400.0,0.0,0.0,0.0,0.0,0.0,928700.0,1702600.0,916400.0,1310400.0,1290000.0,0.0,0.0,0.0,0.0,0.0
20230824141043116,SZSE,SZSE.ETF.159633,2.406,2.399,2.425,2.383,0.0,2.635,2.156,286449578.0,0.0,687350204.174,0.0,0.0,0.0,20230824,20230824,141043115,2.395,0.0,0.0,2.405,2.404,2.403,2.402,2.401,0.0,0.0,0.0,0.0,0.0,2.406,2.407,2.408,2.409,2.41,0.0,0.0,0.0,0.0,0.0,98200.0,720700.0,2948000.0,1967500.0,1430400.0,0.0,0.0,0.0,0.0,0.0,928700.0,1702600.0,916400.0,1310400.0,1290000.0,0.0,0.0,0.0,0.0,0.0
20230824141047972,SZSE,SZSE.ETF.159633,2.406,2.399,2.425,2.383,0.0,2.635,2.156,286449578.0,0.0,687350204.174,0.0,0.0,0.0,20230824,20230824,141047971,2.395,0.0,0.0,2.405,2.404,2.403,2.402,2.401,0.0,0.0,0.0,0.0,0.0,2.406,2.407,2.408,2.409,2.41,0.0,0.0,0.0,0.0,0.0,48200.0,720700.0,2998000.0,2167500.0,1230400.0,0.0,0.0,0.0,0.0,0.0,500000.0,2181300.0,812300.0,1364500.0,1290000.0,0.0,0.0,0.0,0.0,0.0
20230824141046104,SZSE,SZSE.ETF.159633,2.406,2.399,2.425,2.383,0.0,2.635,2.156,286449578.0,0.0,687350204.174,0.0,0.0,0.0,20230824,20230824,141046106,2.395,0.0,0.0,2.405,2.404,2.403,2.402,2.401,0.0,0.0,0.0,0.0,0.0,2.406,2.407,2.408,2.409,2.41,0.0,0.0,0.0,0.0,0.0,48200.0,720700.0,2998000.0,2167500.0,1230400.0,0.0,0.0,0.0,0.0,0.0,500000.0,2181300.0,812300.0,1364500.0,1290000.0,0.0,0.0,0.0,0.0,0.0
20230824141050992,SZSE,SZSE.ETF.159633,2.406,2.399,2.425,2.383,0.0,2.635,2.156,286464378.0,14800.0,687385812.974,35608.799999952316,0.0,0.0,20230824,20230824,141050990,2.395,0.0,0.0,2.405,2.404,2.403,2.402,2.401,0.0,0.0,0.0,0.0,0.0,2.406,2.407,2.408,2.409,2.41,0.0,0.0,0.0,0.0,0.0,48200.0,530700.0,2898000.0,2167500.0,1230400.0,0.0,0.0,0.0,0.0,0.0,913900.0,1562600.0,882400.0,1294400.0,1290000.0,0.0,0.0,0.0,0.0,0.0
20230824141049124,SZSE,SZSE.ETF.159633,2.406,2.399,2.425,2.383,0.0,2.635,2.156,286464378.0,14800.0,687385812.974,35608.799999952316,0.0,0.0,20230824,20230824,141049125,2.395,0.0,0.0,2.405,2.404,2.403,2.402,2.401,0.0,0.0,0.0,0.0,0.0,2.406,2.407,2.408,2.409,2.41,0.0,0.0,0.0,0.0,0.0,48200.0,530700.0,2898000.0,2167500.0,1230400.0,0.0,0.0,0.0,0.0,0.0,913900.0,1562600.0,882400.0,1294400.0,1290000.0,0.0,0.0,0.0,0.0,0.0
20230824141053984,SZSE,SZSE.ETF.159633,2.406,2.399,2.425,2.383,0.0,2.635,2.156,286464378.0,0.0,687385812.974,0.0,0.0,0.0,20230824,20230824,141053985,2.395,0.0,0.0,2.405,2.404,2.403,2.402,2.401,0.0,0.0,0.0,0.0,0.0,2.406,2.407,2.408,2.409,2.41,0.0,0.0,0.0,0.0,0.0,25800.0,2172900.0,1355800.0,1767500.0,1729400.0,0.0,0.0,0.0,0.0,0.0,110000.0,2181300.0,622300.0,1364500.0,1290000.0,0.0,0.0,0.0,0.0,0.0
20230824141056984,SZSE,SZSE.ETF.159633,2.406,2.399,2.425,2.383,0.0,2.635,2.156,286464378.0,0.0,687385812.974,0.0,0.0,0.0,20230824,20230824,141056984,2.395,0.0,0.0,2.405,2.404,2.403,2.402,2.401,0.0,0.0,0.0,0.0,0.0,2.406,2.407,2.408,2.409,2.41,0.0,0.0,0.0,0.0,0.0,435800.0,2372900.0,1345800.0,2767500.0,1729400.0,0.0,0.0,0.0,0.0,0.0,110000.0,1181300.0,812300.0,2764500.0,1290000.0,0.0,0.0,0.0,0.0,0.0
20230824141100000,SZSE,SZSE.ETF.159633,2.406,2.399,2.425,2.383,0.0,2.635,2.156,286469178.0,4800.0,687397361.774,11548.800000071526,0.0,0.0,20230824,20230824,141100000,2.395,0.0,0.0,2.405,2.404,2.403,2.402,2.401,0.0,0.0,0.0,0.0,0.0,2.406,2.407,2.408,2.409,2.41,0.0,0.0,0.0,0.0,0.0,485800.0,2322900.0,1329100.0,2684200.0,1729400.0,0.0,0.0,0.0,0.0,0.0,105200.0,1131300.0,812300.0,1814500.0,1290000.0,0.0,0.0,0.0,0.0,0.0
20230824141103032,SZSE,SZSE.ETF.159633,2.406,2.399,2.425,2.383,0.0,2.635,2.156,286469878.0,700.0,687399045.974,1684.1999999284744,0.0,0.0,20230824,20230824,141103031,2.395,0.0,0.0,2.405,2.404,2.403,2.402,2.401,0.0,0.0,0.0,0.0,0.0,2.406,2.407,2.408,2.409,2.41,0.0,0.0,0.0,0.0,0.0,485800.0,2182900.0,1379100.0,1734200.0,1729400.0,0.0,0.0,0.0,0.0,0.0,104500.0,941300.0,1812300.0,1830500.0,324000.0,0.0,0.0,0.0,0.0,0.0
20230824141101176,SZSE,SZSE.ETF.159633,2.406,2.399,2.425,2.383,0.0,2.635,2.156,286469878.0,700.0,687399045.974,1684.1999999284744,0.0,0.0,20230824,20230824,141101175,2.395,0.0,0.0,2.405,2.404,2.403,2.402,2.401,0.0,0.0,0.0,0.0,0.0,2.406,2.407,2.408,2.409,2.41,0.0,0.0,0.0,0.0,0.0,485800.0,2182900.0,1379100.0,1734200.0,1729400.0,0.0,0.0,0.0,0.0,0.0,104500.0,941300.0,1812300.0,1830500.0,324000.0,0.0,0.0,0.0,0.0,0.0
20230824141106064,SZSE,SZSE.ETF.159633,2.406,2.399,2.425,2.383,0.0,2.635,2.156,286469878.0,0.0,687399045.974,0.0,0.0,0.0,20230824,20230824,141106062,2.395,0.0,0.0,2.405,2.404,2.403,2.402,2.401,0.0,0.0,0.0,0.0,0.0,2.406,2.407,2.408,2.409,2.41,0.0,0.0,0.0,0.0,0.0,1938000.0,940700.0,1688000.0,3183200.0,1729400.0,0.0,0.0,0.0,0.0,0.0,104500.0,702600.0,2051000.0,1211500.0,394100.0,0.0,0.0,0.0,0.0,0.0
20230824141104212,SZSE,SZSE.ETF.159633,2.406,2.399,2.425,2.383,0.0,2.635,2.156,286469878.0,0.0,687399045.974,0.0,0.0,0.0,20230824,20230824,141104212,2.395,0.0,0.0,2.405,2.404,2.403,2.402,2.401,0.0,0.0,0.0,0.0,0.0,2.406,2.407,2.408,2.409,2.41,0.0,0.0,0.0,0.0,0.0,1938000.0,940700.0,1688000.0,3183200.0,1729400.0,0.0,0.0,0.0,0.0,0.0,104500.0,702600.0,2051000.0,1211500.0,394100.0,0.0,0.0,0.0,0.0,0.0
20230824141109080,SZSE,SZSE.ETF.159633,2.406,2.399,2.425,2.383,0.0,2.635,2.156,286574378.0,104500.0,687650472.974,251427.0,0.0,0.0,20230824,20230824,141109078,2.395,0.0,0.0,2.406,2.405,2.404,2.403,2.402,0.0,0.0,0.0,0.0,0.0,2.407,2.408,2.409,2.41,2.411,0.0,0.0,0.0,0.0,0.0,35000.0,1947900.0,940700.0,1478000.0,3183200.0,0.0,0.0,0.0,0.0,0.0,310100.0,2241000.0,1211500.0,394100.0,1032400.0,0.0,0.0,0.0,0.0,0.0
20230824141107212,SZSE,SZSE.ETF.159633,2.406,2.399,2.425,2.383,0.0,2.635,2.156,286574378.0,104500.0,687650472.974,251427.0,0.0,0.0,20230824,20230824,141107213,2.395,0.0,0.0,2.406,2.405,2.404,2.403,2.402,0.0,0.0,0.0,0.0,0.0,2.407,2.408,2.409,2.41,2.411,0.0,0.0,0.0,0.0,0.0,35000.0,1947900.0,940700.0,1478000.0,3183200.0,0.0,0.0,0.0,0.0,0.0,310100.0,2241000.0,1211500.0,394100.0,1032400.0,0.0,0.0,0.0,0.0,0.0
20230824141112108,SZSE,SZSE.ETF.159633,2.406,2.399,2.425,2.383,0.0,2.635,2.156,286574378.0,0.0,687650472.974,0.0,0.0,0.0,20230824,20230824,141112109,2.395,0.0,0.0,2.406,2.405,2.404,2.403,2.402,0.0,0.0,0.0,0.0,0.0,2.407,2.408,2.409,2.41,2.411,0.0,0.0,0.0,0.0,0.0,35000.0,505700.0,2100800.0,2055100.0,2986100.0,0.0,0.0,0.0,0.0,0.0,590100.0,1661200.0,1115400.0,491200.0,1182500.0,0.0,0.0,0.0,0.0,0.0
20230824141110248,SZSE,SZSE.ETF.159633,2.406,2.399,2.425,2.383,0.0,2.635,2.156,286574378.0,0.0,687650472.974,0.0,0.0,0.0,20230824,20230824,141110249,2.395,0.0,0.0,2.406,2.405,2.404,2.403,2.402,0.0,0.0,0.0,0.0,0.0,2.407,2.408,2.409,2.41,2.411,0.0,0.0,0.0,0.0,0.0,35000.0,505700.0,2100800.0,2055100.0,2986100.0,0.0,0.0,0.0,0.0,0.0,590100.0,1661200.0,1115400.0,491200.0,1182500.0,0.0,0.0,0.0,0.0,0.0
20230824141115096,SZSE,SZSE.ETF.159633,2.406,2.399,2.425,2.383,0.0,2.635,2.156,286574378.0,0.0,687650472.974,0.0,0.0,0.0,20230824,20230824,141115094,2.395,0.0,0.0,2.406,2.405,2.404,2.403,2.402,0.0,0.0,0.0,0.0,0.0,2.407,2.408,2.409,2.41,2.411,0.0,0.0,0.0,0.0,0.0,60000.0,2207900.0,930800.0,2785100.0,1986100.0,0.0,0.0,0.0,0.0,0.0,400100.0,2039900.0,1115400.0,471200.0,1252500.0,0.0,0.0,0.0,0.0,0.0
20230824141113232,SZSE,SZSE.ETF.159633,2.406,2.399,2.425,2.383,0.0,2.635,2.156,286574378.0,0.0,687650472.974,0.0,0.0,0.0,20230824,20230824,141113230,2.395,0.0,0.0,2.406,2.405,2.404,2.403,2.402,0.0,0.0,0.0,0.0,0.0,2.407,2.408,2.409,2.41,2.411,0.0,0.0,0.0,0.0,0.0,60000.0,2207900.0,930800.0,2785100.0,1986100.0,0.0,0.0,0.0,0.0,0.0,400100.0,2039900.0,1115400.0,471200.0,1252500.0,0.0,0.0,0.0,0.0,0.0
20230824141118096,SZSE,SZSE.ETF.159633,2.406,2.399,2.425,2.383,0.0,2.635,2.156,286574378.0,0.0,687650472.974,0.0,0.0,0.0,20230824,20230824,141118094,2.395,0.0,0.0,2.406,2.405,2.404,2.403,2.402,0.0,0.0,0.0,0.0,0.0,2.407,2.408,2.409,2.41,2.411,0.0,0.0,0.0,0.0,0.0,460000.0,2397900.0,1130800.0,3385100.0,1829100.0,0.0,0.0,0.0,0.0,0.0,100.0,1229900.0,1915400.0,1071200.0,252500.0,0.0,0.0,0.0,0.0,0.0
20230824141116232,SZSE,SZSE.ETF.159633,2.406,2.399,2.425,2.383,0.0,2.635,2.156,286574378.0,0.0,687650472.974,0.0,0.0,0.0,20230824,20230824,141116230,2.395,0.0,0.0,2.406,2.405,2.404,2.403,2.402,0.0,0.0,0.0,0.0,0.0,2.407,2.408,2.409,2.41,2.411,0.0,0.0,0.0,0.0,0.0,460000.0,2397900.0,1130800.0,3385100.0,1829100.0,0.0,0.0,0.0,0.0,0.0,100.0,1229900.0,1915400.0,1071200.0,252500.0,0.0,0.0,0.0,0.0,0.0
20230824141121080,SZSE,SZSE.ETF.159633,2.407,2.399,2.425,2.383,0.0,2.635,2.156,286574478.0,100.0,687650713.674,240.70000004768372,0.0,0.0,20230824,20230824,141121078,2.395,0.0,0.0,2.406,2.405,2.404,2.403,2.402,0.0,0.0,0.0,0.0,0.0,2.408,2.409,2.41,2.411,2.412,0.0,0.0,0.0,0.0,0.0,485000.0,1945700.0,1314000.0,2612900.0,1729100.0,0.0,0.0,0.0,0.0,0.0,1039900.0,1865400.0,1071200.0,302500.0,1293100.0,0.0,0.0,0.0,0.0,0.0
20230824141119220,SZSE,SZSE.ETF.159633,2.407,2.399,2.425,2.383,0.0,2.635,2.156,286574478.0,100.0,687650713.674,240.70000004768372,0.0,0.0,20230824,20230824,141119221,2.395,0.0,0.0,2.406,2.405,2.404,2.403,2.402,0.0,0.0,0.0,0.0,0.0,2.408,2.409,2.41,2.411,2.412,0.0,0.0,0.0,0.0,0.0,485000.0,1945700.0,1314000.0,2612900.0,1729100.0,0.0,0.0,0.0,0.0,0.0,1039900.0,1865400.0,1071200.0,302500.0,1293100.0,0.0,0.0,0.0,0.0,0.0
20230824141124080,SZSE,SZSE.ETF.159633,2.407,2.399,2.425,2.383,0.0,2.635,2.156,286574578.0,100.0,687650954.374,240.69999992847443,0.0,0.0,20230824,20230824,141124078,2.395,0.0,0.0,2.407,2.406,2.405,2.404,2.403,0.0,0.0,0.0,0.0,0.0,2.408,2.409,2.41,2.411,2.412,0.0,0.0,0.0,0.0,0.0,110100.0,1937200.0,1045800.0,2236500.0,2828200.0,0.0,0.0,0.0,0.0,0.0,611200.0,2091400.0,1062600.0,553600.0,1443200.0,0.0,0.0,0.0,0.0,0.0
20230824141122216,SZSE,SZSE.ETF.159633,2.407,2.399,2.425,2.383,0.0,2.635,2.156,286574578.0,100.0,687650954.374,240.69999992847443,0.0,0.0,20230824,20230824,141122218,2.395,0.0,0.0,2.407,2.406,2.405,2.404,2.403,0.0,0.0,0.0,0.0,0.0,2.408,2.409,2.41,2.411,2.412,0.0,0.0,0.0,0.0,0.0,110100.0,1937200.0,1045800.0,2236500.0,2828200.0,0.0,0.0,0.0,0.0,0.0,611200.0,2091400.0,1062600.0,553600.0,1443200.0,0.0,0.0,0.0,0.0,0.0
20230824141127048,SZSE,SZSE.ETF.159633,2.407,2.399,2.425,2.383,0.0,2.635,2.156,286574578.0,0.0,687650954.374,0.0,0.0,0.0,20230824,20230824,141127047,2.395,0.0,0.0,2.407,2.406,2.405,2.404,2.403,0.0,0.0,0.0,0.0,0.0,2.408,2.409,2.41,2.411,2.412,0.0,0.0,0.0,0.0,0.0,160100.0,2147200.0,855800.0,1881500.0,2867200.0,0.0,0.0,0.0,0.0,0.0,190100.0,1612700.0,1062600.0,603600.0,1443200.0,0.0,0.0,0.0,0.0,0.0
20230824141130032,SZSE,SZSE.ETF.159633,2.407,2.399,2.425,2.383,0.0,2.635,2.156,286574578.0,0.0,687650954.374,0.0,0.0,0.0,20230824,20230824,141130031,2.395,0.0,0.0,2.407,2.406,2.405,2.404,2.403,0.0,0.0,0.0,0.0,0.0,2.408,2.409,2.41,2.411,2.412,0.0,0.0,0.0,0.0,0.0,160100.0,685000.0,2318000.0,2181500.0,2368200.0,0.0,0.0,0.0,0.0,0.0,828800.0,1802700.0,1132700.0,533500.0,1443200.0,0.0,0.0,0.0,0.0,0.0
20230824141133016,SZSE,SZSE.ETF.159633,2.407,2.399,2.425,2.383,0.0,2.635,2.156,286574578.0,0.0,687650954.374,0.0,0.0,0.0,20230824,20230824,141133016,2.395,0.0,0.0,2.407,2.406,2.405,2.404,2.403,0.0,0.0,0.0,0.0,0.0,2.408,2.409,2.41,2.411,2.412,0.0,0.0,0.0,0.0,0.0,161100.0,685000.0,2318000.0,2281500.0,2368200.0,0.0,0.0,0.0,0.0,0.0,828800.0,2002700.0,966700.0,499500.0,1443200.0,0.0,0.0,0.0,0.0,0.0
20230824141131164,SZSE,SZSE.ETF.159633,2.407,2.399,2.425,2.383,0.0,2.635,2.156,286574578.0,0.0,687650954.374,0.0,0.0,0.0,20230824,20230824,141131163,2.395,0.0,0.0,2.407,2.406,2.405,2.404,2.403,0.0,0.0,0.0,0.0,0.0,2.408,2.409,2.41,2.411,2.412,0.0,0.0,0.0,0.0,0.0,161100.0,685000.0,2318000.0,2281500.0,2368200.0,0.0,0.0,0.0,0.0,0.0,828800.0,2002700.0,966700.0,499500.0,1443200.0,0.0,0.0,0.0,0.0,0.0
20230824141136016,SZSE,SZSE.ETF.159633,2.407,2.399,2.425,2.383,0.0,2.635,2.156,286574578.0,0.0,687650954.374,0.0,0.0,0.0,20230824,20230824,141136016,2.395,0.0,0.0,2.407,2.406,2.405,2.404,2.403,0.0,0.0,0.0,0.0,0.0,2.408,2.409,2.41,2.411,2.412,0.0,0.0,0.0,0.0,0.0,111100.0,685000.0,2114800.0,2091500.0,2867200.0,0.0,0.0,0.0,0.0,0.0,400100.0,2091400.0,1286600.0,519600.0,1443200.0,0.0,0.0,0.0,0.0,0.0
20230824141134164,SZSE,SZSE.ETF.159633,2.407,2.399,2.425,2.383,0.0,2.635,2.156,286574578.0,0.0,687650954.374,0.0,0.0,0.0,20230824,20230824,141134164,2.395,0.0,0.0,2.407,2.406,2.405,2.404,2.403,0.0,0.0,0.0,0.0,0.0,2.408,2.409,2.41,2.411,2.412,0.0,0.0,0.0,0.0,0.0,111100.0,685000.0,2114800.0,2091500.0,2867200.0,0.0,0.0,0.0,0.0,0.0,400100.0,2091400.0,1286600.0,519600.0,1443200.0,0.0,0.0,0.0,0.0,0.0
20230824141139032,SZSE,SZSE.ETF.159633,2.407,2.399,2.425,2.383,0.0,2.635,2.156,286574578.0,0.0,687650954.374,0.0,0.0,0.0,20230824,20230824,141139031,2.395,0.0,0.0,2.407,2.406,2.405,2.404,2.403,0.0,0.0,0.0,0.0,0.0,2.408,2.409,2.41,2.411,2.412,0.0,0.0,0.0,0.0,0.0,111100.0,685000.0,2517000.0,1641500.0,2817200.0,0.0,0.0,0.0,0.0,0.0,100.0,2091400.0,1286600.0,469600.0,1443200.0,0.0,0.0,0.0,0.0,0.0
20230824141137176,SZSE,SZSE.ETF.159633,2.407,2.399,2.425,2.383,0.0,2.635,2.156,286574578.0,0.0,687650954.374,0.0,0.0,0.0,20230824,20230824,141137175,2.395,0.0,0.0,2.407,2.406,2.405,2.404,2.403,0.0,0.0,0.0,0.0,0.0,2.408,2.409,2.41,2.411,2.412,0.0,0.0,0.0,0.0,0.0,111100.0,685000.0,2517000.0,1641500.0,2817200.0,0.0,0.0,0.0,0.0,0.0,100.0,2091400.0,1286600.0,469600.0,1443200.0,0.0,0.0,0.0,0.0,0.0
20230824141142016,SZSE,SZSE.ETF.159633,2.407,2.399,2.425,2.383,0.0,2.635,2.156,286574578.0,0.0,687650954.374,0.0,0.0,0.0,20230824,20230824,141142016,2.395,0.0,0.0,2.407,2.406,2.405,2.404,2.403,0.0,0.0,0.0,0.0,0.0,2.408,2.409,2.41,2.411,2.412,0.0,0.0,0.0,0.0,0.0,113200.0,495000.0,2650200.0,2008300.0,2859200.0,0.0,0.0,0.0,0.0,0.0,828800.0,1472700.0,1322700.0,483500.0,1443200.0,0.0,0.0,0.0,0.0,0.0
20230824141145016,SZSE,SZSE.ETF.159633,2.407,2.399,2.425,2.383,0.0,2.635,2.156,286574578.0,0.0,687650954.374,0.0,0.0,0.0,20230824,20230824,141145016,2.395,0.0,0.0,2.407,2.406,2.405,2.404,2.403,0.0,0.0,0.0,0.0,0.0,2.408,2.409,2.41,2.411,2.412,0.0,0.0,0.0,0.0,0.0,113200.0,2137200.0,1114800.0,2091500.0,2859200.0,0.0,0.0,0.0,0.0,0.0,828800.0,1862700.0,1122700.0,483500.0,1443200.0,0.0,0.0,0.0,0.0,0.0
20230824141143160,SZSE,SZSE.ETF.159633,2.407,2.399,2.425,2.383,0.0,2.635,2.156,286574578.0,0.0,687650954.374,0.0,0.0,0.0,20230824,20230824,141143161,2.395,0.0,0.0,2.407,2.406,2.405,2.404,2.403,0.0,0.0,0.0,0.0,0.0,2.408,2.409,2.41,2.411,2.412,0.0,0.0,0.0,0.0,0.0,113200.0,2137200.0,1114800.0,2091500.0,2859200.0,0.0,0.0,0.0,0.0,0.0,828800.0,1862700.0,1122700.0,483500.0,1443200.0,0.0,0.0,0.0,0.0,0.0
20230824141148016,SZSE,SZSE.ETF.159633,2.407,2.399,2.425,2.383,0.0,2.635,2.156,286574578.0,0.0,687650954.374,0.0,0.0,0.0,20230824,20230824,141148016,2.395,0.0,0.0,2.407,2.406,2.405,2.404,2.403,0.0,0.0,0.0,0.0,0.0,2.408,2.409,2.41,2.411,2.412,0.0,0.0,0.0,0.0,0.0,113200.0,2137200.0,1114800.0,2091500.0,2859200.0,0.0,0.0,0.0,0.0,0.0,400100.0,2091400.0,1052600.0,553600.0,1443200.0,0.0,0.0,0.0,0.0,0.0
20230824141146164,SZSE,SZSE.ETF.159633,2.407,2.399,2.425,2.383,0.0,2.635,2.156,286574578.0,0.0,687650954.374,0.0,0.0,0.0,20230824,20230824,141146163,2.395,0.0,0.0,2.407,2.406,2.405,2.404,2.403,0.0,0.0,0.0,0.0,0.0,2.408,2.409,2.41,2.411,2.412,0.0,0.0,0.0,0.0,0.0,113200.0,2137200.0,1114800.0,2091500.0,2859200.0,0.0,0.0,0.0,0.0,0.0,400100.0,2091400.0,1052600.0,553600.0,1443200.0,0.0,0.0,0.0,0.0,0.0
20230824141151000,SZSE,SZSE.ETF.159633,2.407,2.399,2.425,2.383,0.0,2.635,2.156,286574578.0,0.0,687650954.374,0.0,0.0,0.0,20230824,20230824,141151000,2.395,0.0,0.0,2.407,2.406,2.405,2.404,2.403,0.0,0.0,0.0,0.0,0.0,2.408,2.409,2.41,2.411,2.412,0.0,0.0,0.0,0.0,0.0,513200.0,2137200.0,1114800.0,2741500.0,2859200.0,0.0,0.0,0.0,0.0,0.0,100.0,2091400.0,1252600.0,1003600.0,1443200.0,0.0,0.0,0.0,0.0,0.0
20230824141149144,SZSE,SZSE.ETF.159633,2.407,2.399,2.425,2.383,0.0,2.635,2.156,286574578.0,0.0,687650954.374,0.0,0.0,0.0,20230824,20230824,141149146,2.395,0.0,0.0,2.407,2.406,2.405,2.404,2.403,0.0,0.0,0.0,0.0,0.0,2.408,2.409,2.41,2.411,2.412,0.0,0.0,0.0,0.0,0.0,513200.0,2137200.0,1114800.0,2741500.0,2859200.0,0.0,0.0,0.0,0.0,0.0,100.0,2091400.0,1252600.0,1003600.0,1443200.0,0.0,0.0,0.0,0.0,0.0
20230824141154032,SZSE,SZSE.ETF.159633,2.407,2.399,2.425,2.383,0.0,2.635,2.156,286574578.0,0.0,687650954.374,0.0,0.0,0.0,20230824,20230824,141154031,2.395,0.0,0.0,2.407,2.406,2.405,2.404,2.403,0.0,0.0,0.0,0.0,0.0,2.408,2.409,2.41,2.411,2.412,0.0,0.0,0.0,0.0,0.0,513200.0,2387200.0,998000.0,1558300.0,2859200.0,0.0,0.0,0.0,0.0,0.0,100.0,2091400.0,1252600.0,953600.0,1443200.0,0.0,0.0,0.0,0.0,0.0
