time,exchg,code,price,open,high,low,settle_price,upper_limit,lower_limit,total_volume,volume,total_turnover,turnover,open_interest,diff_interest,trading_date,action_date,action_time,pre_close,pre_settle,pre_interest,bid_price_0,bid_price_1,bid_price_2,bid_price_3,bid_price_4,bid_price_5,bid_price_6,bid_price_7,bid_price_8,bid_price_9,ask_price_0,ask_price_1,ask_price_2,ask_price_3,ask_price_4,ask_price_5,ask_price_6,ask_price_7,ask_price_8,ask_price_9,bid_qty_0,bid_qty_1,bid_qty_2,bid_qty_3,bid_qty_4,bid_qty_5,bid_qty_6,bid_qty_7,bid_qty_8,bid_qty_9,ask_qty_0,ask_qty_1,ask_qty_2,ask_qty_3,ask_qty_4,ask_qty_5,ask_qty_6,ask_qty_7,ask_qty_8,ask_qty_9
20230824133624084,SZSE,SZSE.ETF.159928,0.931,0.914,0.933,0.91,0.0,1.003,0.821,105329515.0,49900.0,96909211.055,46456.90000000596,0.0,0.0,20230824,20230824,133624083,0.912,0.0,0.0,0.93,0.929,0.928,0.927,0.926,0.0,0.0,0.0,0.0,0.0,0.931,0.932,0.933,0.934,0.935,0.0,0.0,0.0,0.0,0.0,3493500.0,1237600.0,856400.0,1026500.0,454700.0,0.0,0.0,0.0,0.0,0.0,39700.0,1618800.0,2153500.0,3269000.0,1318300.0,0.0,0.0,0.0,0.0,0.0
20230824133622336,SZSE,SZSE.ETF.159928,0.931,0.914,0.933,0.91,0.0,1.003,0.821,105329515.0,49900.0,96909211.055,46456.90000000596,0.0,0.0,20230824,20230824,133622334,0.912,0.0,0.0,0.93,0.929,0.928,0.927,0.926,0.0,0.0,0.0,0.0,0.0,0.931,0.932,0.933,0.934,0.935,0.0,0.0,0.0,0.0,0.0,3493500.0,1237600.0,856400.0,1026500.0,454700.0,0.0,0.0,0.0,0.0,0.0,39700.0,1618800.0,2153500.0,3269000.0,1318300.0,0.0,0.0,0.0,0.0,0.0
20230824133627068,SZSE,SZSE.ETF.159928,0.931,0.914,0.933,0.91,0.0,1.003,0.821,105329515.0,0.0,96909211.055,0.0,0.0,0.0,20230824,20230824,133627067,0.912,0.0,0.0,0.93,0.929,0.928,0.927,0.926,0.0,0.0,0.0,0.0,0.0,0.931,0.932,0.933,0.934,0.935,0.0,0.0,0.0,0.0,0.0,3493500.0,1357600.0,856400.0,1026500.0,454700.0,0.0,0.0,0.0,0.0,0.0,59700.0,1388800.0,2033500.0,3269000.0,1318300.0,0.0,0.0,0.0,0.0,0.0
20230824133625316,SZSE,SZSE.ETF.159928,0.931,0.914,0.933,0.91,0.0,1.003,0.821,105329515.0,0.0,96909211.055,0.0,0.0,0.0,20230824,20230824,133625317,0.912,0.0,0.0,0.93,0.929,0.928,0.927,0.926,0.0,0.0,0.0,0.0,0.0,0.931,0.932,0.933,0.934,0.935,0.0,0.0,0.0,0.0,0.0,3493500.0,1357600.0,856400.0,1026500.0,454700.0,0.0,0.0,0.0,0.0,0.0,59700.0,1388800.0,2033500.0,3269000.0,1318300.0,0.0,0.0,0.0,0.0,0.0
20230824133630040,SZSE,SZSE.ETF.159928,0.931,0.914,0.933,0.91,0.0,1.003,0.821,105401115.0,71600.0,96975870.655,66659.59999999404,0.0,0.0,20230824,20230824,133630038,0.912,0.0,0.0,0.931,0.93,0.929,0.928,0.927,0.0,0.0,0.0,0.0,0.0,0.932,0.933,0.934,0.935,0.936,0.0,0.0,0.0,0.0,0.0,239000.0,3493500.0,1357600.0,856400.0,1026500.0,0.0,0.0,0.0,0.0,0.0,1044800.0,2033500.0,3269000.0,1562300.0,391100.0,0.0,0.0,0.0,0.0,0.0
20230824133628288,SZSE,SZSE.ETF.159928,0.931,0.914,0.933,0.91,0.0,1.003,0.821,105401115.0,71600.0,96975870.655,66659.59999999404,0.0,0.0,20230824,20230824,133628290,0.912,0.0,0.0,0.931,0.93,0.929,0.928,0.927,0.0,0.0,0.0,0.0,0.0,0.932,0.933,0.934,0.935,0.936,0.0,0.0,0.0,0.0,0.0,239000.0,3493500.0,1357600.0,856400.0,1026500.0,0.0,0.0,0.0,0.0,0.0,1044800.0,2033500.0,3269000.0,1562300.0,391100.0,0.0,0.0,0.0,0.0,0.0
20230824133633068,SZSE,SZSE.ETF.159928,0.931,0.914,0.933,0.91,0.0,1.003,0.821,105401115.0,0.0,96975870.655,0.0,0.0,0.0,20230824,20230824,133633067,0.912,0.0,0.0,0.931,0.93,0.929,0.928,0.927,0.0,0.0,0.0,0.0,0.0,0.932,0.933,0.934,0.935,0.936,0.0,0.0,0.0,0.0,0.0,263000.0,3757500.0,1237600.0,856400.0,1026500.0,0.0,0.0,0.0,0.0,0.0,1012900.0,2153500.0,3269000.0,1562300.0,391100.0,0.0,0.0,0.0,0.0,0.0
20230824133631316,SZSE,SZSE.ETF.159928,0.931,0.914,0.933,0.91,0.0,1.003,0.821,105401115.0,0.0,96975870.655,0.0,0.0,0.0,20230824,20230824,133631316,0.912,0.0,0.0,0.931,0.93,0.929,0.928,0.927,0.0,0.0,0.0,0.0,0.0,0.932,0.933,0.934,0.935,0.936,0.0,0.0,0.0,0.0,0.0,263000.0,3757500.0,1237600.0,856400.0,1026500.0,0.0,0.0,0.0,0.0,0.0,1012900.0,2153500.0,3269000.0,1562300.0,391100.0,0.0,0.0,0.0,0.0,0.0
20230824133706136,SZSE,SZSE.ETF.159928,0.931,0.914,0.933,0.91,0.0,1.003,0.821,105582615.0,0.0,97145017.155,0.0,0.0,0.0,20230824,20230824,133706134,0.912,0.0,0.0,0.931,0.93,0.929,0.928,0.927,0.0,0.0,0.0,0.0,0.0,0.932,0.933,0.934,0.935,0.936,0.0,0.0,0.0,0.0,0.0,723800.0,3757500.0,1237600.0,856400.0,1026500.0,0.0,0.0,0.0,0.0,0.0,1595300.0,2261700.0,3269000.0,1666300.0,391100.0,0.0,0.0,0.0,0.0,0.0
20230824133709116,SZSE,SZSE.ETF.159928,0.931,0.914,0.933,0.91,0.0,1.003,0.821,105592615.0,10000.0,97154327.155,9310.0,0.0,0.0,20230824,20230824,133709115,0.912,0.0,0.0,0.931,0.93,0.929,0.928,0.927,0.0,0.0,0.0,0.0,0.0,0.932,0.933,0.934,0.935,0.936,0.0,0.0,0.0,0.0,0.0,713800.0,3757500.0,1237600.0,856400.0,1026500.0,0.0,0.0,0.0,0.0,0.0,1245300.0,2261700.0,3269000.0,1666300.0,391100.0,0.0,0.0,0.0,0.0,0.0
20230824133710296,SZSE,SZSE.ETF.159928,0.931,0.914,0.933,0.91,0.0,1.003,0.821,105592615.0,0.0,97154327.155,0.0,0.0,0.0,20230824,20230824,133710298,0.912,0.0,0.0,0.931,0.93,0.929,0.928,0.927,0.0,0.0,0.0,0.0,0.0,0.932,0.933,0.934,0.935,0.936,0.0,0.0,0.0,0.0,0.0,723800.0,3757500.0,1237600.0,856400.0,1026500.0,0.0,0.0,0.0,0.0,0.0,1245300.0,2261700.0,3269000.0,1666300.0,389100.0,0.0,0.0,0.0,0.0,0.0
20230824133712048,SZSE,SZSE.ETF.159928,0.931,0.914,0.933,0.91,0.0,1.003,0.821,105592615.0,0.0,97154327.155,0.0,0.0,0.0,20230824,20230824,133712049,0.912,0.0,0.0,0.931,0.93,0.929,0.928,0.927,0.0,0.0,0.0,0.0,0.0,0.932,0.933,0.934,0.935,0.936,0.0,0.0,0.0,0.0,0.0,723800.0,3757500.0,1237600.0,856400.0,1026500.0,0.0,0.0,0.0,0.0,0.0,1245300.0,2261700.0,3269000.0,1666300.0,389100.0,0.0,0.0,0.0,0.0,0.0
20230824133715064,SZSE,SZSE.ETF.159928,0.931,0.914,0.933,0.91,0.0,1.003,0.821,105623715.0,31100.0,97183281.255,28954.09999999404,0.0,0.0,20230824,20230824,133715066,0.912,0.0,0.0,0.931,0.93,0.929,0.928,0.927,0.0,0.0,0.0,0.0,0.0,0.932,0.933,0.934,0.935,0.936,0.0,0.0,0.0,0.0,0.0,692700.0,3760500.0,1237600.0,856400.0,1026500.0,0.0,0.0,0.0,0.0,0.0,1251100.0,2259700.0,3269000.0,1666300.0,389100.0,0.0,0.0,0.0,0.0,0.0
20230824133721156,SZSE,SZSE.ETF.159928,0.931,0.914,0.933,0.91,0.0,1.003,0.821,105623715.0,0.0,97183281.255,0.0,0.0,0.0,20230824,20230824,133721157,0.912,0.0,0.0,0.931,0.93,0.929,0.928,0.927,0.0,0.0,0.0,0.0,0.0,0.932,0.933,0.934,0.935,0.936,0.0,0.0,0.0,0.0,0.0,692700.0,3760500.0,1237600.0,856400.0,1026500.0,0.0,0.0,0.0,0.0,0.0,1263200.0,2259700.0,3269000.0,1666300.0,389100.0,0.0,0.0,0.0,0.0,0.0
20230824133724048,SZSE,SZSE.ETF.159928,0.931,0.914,0.933,0.91,0.0,1.003,0.821,105628115.0,4400.0,97187377.655,4096.4000000059605,0.0,0.0,20230824,20230824,133724049,0.912,0.0,0.0,0.931,0.93,0.929,0.928,0.927,0.0,0.0,0.0,0.0,0.0,0.932,0.933,0.934,0.935,0.936,0.0,0.0,0.0,0.0,0.0,688300.0,3760500.0,1237600.0,856400.0,1026500.0,0.0,0.0,0.0,0.0,0.0,1265200.0,2259700.0,3269000.0,1666300.0,389100.0,0.0,0.0,0.0,0.0,0.0
20230824133722300,SZSE,SZSE.ETF.159928,0.931,0.914,0.933,0.91,0.0,1.003,0.821,105628115.0,4400.0,97187377.655,4096.4000000059605,0.0,0.0,20230824,20230824,133722299,0.912,0.0,0.0,0.931,0.93,0.929,0.928,0.927,0.0,0.0,0.0,0.0,0.0,0.932,0.933,0.934,0.935,0.936,0.0,0.0,0.0,0.0,0.0,688300.0,3760500.0,1237600.0,856400.0,1026500.0,0.0,0.0,0.0,0.0,0.0,1265200.0,2259700.0,3269000.0,1666300.0,389100.0,0.0,0.0,0.0,0.0,0.0
20230824133727040,SZSE,SZSE.ETF.159928,0.931,0.914,0.933,0.91,0.0,1.003,0.821,105628215.0,100.0,97187470.755,93.09999999403954,0.0,0.0,20230824,20230824,133727038,0.912,0.0,0.0,0.931,0.93,0.929,0.928,0.927,0.0,0.0,0.0,0.0,0.0,0.932,0.933,0.934,0.935,0.936,0.0,0.0,0.0,0.0,0.0,688200.0,3760500.0,1237600.0,856400.0,1026500.0,0.0,0.0,0.0,0.0,0.0,1265200.0,2259700.0,3269000.0,1666300.0,389100.0,0.0,0.0,0.0,0.0,0.0
20230824133725288,SZSE,SZSE.ETF.159928,0.931,0.914,0.933,0.91,0.0,1.003,0.821,105628215.0,100.0,97187470.755,93.09999999403954,0.0,0.0,20230824,20230824,133725289,0.912,0.0,0.0,0.931,0.93,0.929,0.928,0.927,0.0,0.0,0.0,0.0,0.0,0.932,0.933,0.934,0.935,0.936,0.0,0.0,0.0,0.0,0.0,688200.0,3760500.0,1237600.0,856400.0,1026500.0,0.0,0.0,0.0,0.0,0.0,1265200.0,2259700.0,3269000.0,1666300.0,389100.0,0.0,0.0,0.0,0.0,0.0
20230824133730024,SZSE,SZSE.ETF.159928,0.931,0.914,0.933,0.91,0.0,1.003,0.821,105656315.0,28100.0,97213631.855,26161.10000000894,0.0,0.0,20230824,20230824,133730025,0.912,0.0,0.0,0.931,0.93,0.929,0.928,0.927,0.0,0.0,0.0,0.0,0.0,0.932,0.933,0.934,0.935,0.936,0.0,0.0,0.0,0.0,0.0,660100.0,3760500.0,1237600.0,856400.0,1026500.0,0.0,0.0,0.0,0.0,0.0,1187200.0,2326400.0,3269100.0,1666300.0,389100.0,0.0,0.0,0.0,0.0,0.0
20230824133728276,SZSE,SZSE.ETF.159928,0.931,0.914,0.933,0.91,0.0,1.003,0.821,105656315.0,28100.0,97213631.855,26161.10000000894,0.0,0.0,20230824,20230824,133728276,0.912,0.0,0.0,0.931,0.93,0.929,0.928,0.927,0.0,0.0,0.0,0.0,0.0,0.932,0.933,0.934,0.935,0.936,0.0,0.0,0.0,0.0,0.0,660100.0,3760500.0,1237600.0,856400.0,1026500.0,0.0,0.0,0.0,0.0,0.0,1187200.0,2326400.0,3269100.0,1666300.0,389100.0,0.0,0.0,0.0,0.0,0.0
20230824133733048,SZSE,SZSE.ETF.159928,0.931,0.914,0.933,0.91,0.0,1.003,0.821,105656915.0,600.0,97214190.455,558.5999999940395,0.0,0.0,20230824,20230824,133733050,0.912,0.0,0.0,0.931,0.93,0.929,0.928,0.927,0.0,0.0,0.0,0.0,0.0,0.932,0.933,0.934,0.935,0.936,0.0,0.0,0.0,0.0,0.0,659500.0,3760500.0,1237600.0,856400.0,1026500.0,0.0,0.0,0.0,0.0,0.0,1267600.0,2326400.0,3269100.0,1666300.0,389100.0,0.0,0.0,0.0,0.0,0.0
20230824133731300,SZSE,SZSE.ETF.159928,0.931,0.914,0.933,0.91,0.0,1.003,0.821,105656915.0,600.0,97214190.455,558.5999999940395,0.0,0.0,20230824,20230824,133731301,0.912,0.0,0.0,0.931,0.93,0.929,0.928,0.927,0.0,0.0,0.0,0.0,0.0,0.932,0.933,0.934,0.935,0.936,0.0,0.0,0.0,0.0,0.0,659500.0,3760500.0,1237600.0,856400.0,1026500.0,0.0,0.0,0.0,0.0,0.0,1267600.0,2326400.0,3269100.0,1666300.0,389100.0,0.0,0.0,0.0,0.0,0.0
20230824133736072,SZSE,SZSE.ETF.159928,0.931,0.914,0.933,0.91,0.0,1.003,0.821,105656915.0,0.0,97214190.455,0.0,0.0,0.0,20230824,20230824,133736070,0.912,0.0,0.0,0.931,0.93,0.929,0.928,0.927,0.0,0.0,0.0,0.0,0.0,0.932,0.933,0.934,0.935,0.936,0.0,0.0,0.0,0.0,0.0,659500.0,3760500.0,1237600.0,856400.0,1026500.0,0.0,0.0,0.0,0.0,0.0,1267600.0,2330400.0,3269100.0,1666300.0,389100.0,0.0,0.0,0.0,0.0,0.0
20230824133739020,SZSE,SZSE.ETF.159928,0.931,0.914,0.933,0.91,0.0,1.003,0.821,105665715.0,8800.0,97222391.955,8201.5,0.0,0.0,20230824,20230824,133739021,0.912,0.0,0.0,0.931,0.93,0.929,0.928,0.927,0.0,0.0,0.0,0.0,0.0,0.932,0.933,0.934,0.935,0.936,0.0,0.0,0.0,0.0,0.0,659400.0,3760500.0,1237600.0,856400.0,1026500.0,0.0,0.0,0.0,0.0,0.0,1258900.0,2330400.0,3269100.0,1666300.0,389100.0,0.0,0.0,0.0,0.0,0.0
20230824133737272,SZSE,SZSE.ETF.159928,0.931,0.914,0.933,0.91,0.0,1.003,0.821,105665715.0,8800.0,97222391.955,8201.5,0.0,0.0,20230824,20230824,133737272,0.912,0.0,0.0,0.931,0.93,0.929,0.928,0.927,0.0,0.0,0.0,0.0,0.0,0.932,0.933,0.934,0.935,0.936,0.0,0.0,0.0,0.0,0.0,659400.0,3760500.0,1237600.0,856400.0,1026500.0,0.0,0.0,0.0,0.0,0.0,1258900.0,2330400.0,3269100.0,1666300.0,389100.0,0.0,0.0,0.0,0.0,0.0
20230824133742012,SZSE,SZSE.ETF.159928,0.931,0.914,0.933,0.91,0.0,1.003,0.821,105665715.0,0.0,97222391.955,0.0,0.0,0.0,20230824,20230824,133742013,0.912,0.0,0.0,0.931,0.93,0.929,0.928,0.927,0.0,0.0,0.0,0.0,0.0,0.932,0.933,0.934,0.935,0.936,0.0,0.0,0.0,0.0,0.0,658400.0,3760500.0,1237600.0,856400.0,1026500.0,0.0,0.0,0.0,0.0,0.0,1258900.0,2330400.0,3269100.0,1666300.0,389100.0,0.0,0.0,0.0,0.0,0.0
20230824133740264,SZSE,SZSE.ETF.159928,0.931,0.914,0.933,0.91,0.0,1.003,0.821,105665715.0,0.0,97222391.955,0.0,0.0,0.0,20230824,20230824,133740263,0.912,0.0,0.0,0.931,0.93,0.929,0.928,0.927,0.0,0.0,0.0,0.0,0.0,0.932,0.933,0.934,0.935,0.936,0.0,0.0,0.0,0.0,0.0,658400.0,3760500.0,1237600.0,856400.0,1026500.0,0.0,0.0,0.0,0.0,0.0,1258900.0,2330400.0,3269100.0,1666300.0,389100.0,0.0,0.0,0.0,0.0,0.0
20230824133746264,SZSE,SZSE.ETF.159928,0.931,0.914,0.933,0.91,0.0,1.003,0.821,105669115.0,3400.0,97225557.355,3165.4000000059605,0.0,0.0,20230824,20230824,133746265,0.912,0.0,0.0,0.931,0.93,0.929,0.928,0.927,0.0,0.0,0.0,0.0,0.0,0.932,0.933,0.934,0.935,0.936,0.0,0.0,0.0,0.0,0.0,655000.0,3760500.0,1237600.0,856400.0,1026500.0,0.0,0.0,0.0,0.0,0.0,1258900.0,2340400.0,3269100.0,1666300.0,389100.0,0.0,0.0,0.0,0.0,0.0
20230824133748016,SZSE,SZSE.ETF.159928,0.931,0.914,0.933,0.91,0.0,1.003,0.821,105669115.0,3400.0,97225557.355,3165.4000000059605,0.0,0.0,20230824,20230824,133748016,0.912,0.0,0.0,0.931,0.93,0.929,0.928,0.927,0.0,0.0,0.0,0.0,0.0,0.932,0.933,0.934,0.935,0.936,0.0,0.0,0.0,0.0,0.0,655000.0,3760500.0,1237600.0,856400.0,1026500.0,0.0,0.0,0.0,0.0,0.0,1258900.0,2340400.0,3269100.0,1666300.0,389100.0,0.0,0.0,0.0,0.0,0.0
20230824133749304,SZSE,SZSE.ETF.159928,0.931,0.914,0.933,0.91,0.0,1.003,0.821,105680615.0,11500.0,97236264.855,10707.5,0.0,0.0,20230824,20230824,133749303,0.912,0.0,0.0,0.931,0.93,0.929,0.928,0.927,0.0,0.0,0.0,0.0,0.0,0.932,0.933,0.934,0.935,0.936,0.0,0.0,0.0,0.0,0.0,644500.0,3760500.0,1237600.0,856400.0,1026500.0,0.0,0.0,0.0,0.0,0.0,1257900.0,2340400.0,3269100.0,1666300.0,389100.0,0.0,0.0,0.0,0.0,0.0
20230824133751056,SZSE,SZSE.ETF.159928,0.931,0.914,0.933,0.91,0.0,1.003,0.821,105680615.0,11500.0,97236264.855,10707.5,0.0,0.0,20230824,20230824,133751055,0.912,0.0,0.0,0.931,0.93,0.929,0.928,0.927,0.0,0.0,0.0,0.0,0.0,0.932,0.933,0.934,0.935,0.936,0.0,0.0,0.0,0.0,0.0,644500.0,3760500.0,1237600.0,856400.0,1026500.0,0.0,0.0,0.0,0.0,0.0,1257900.0,2340400.0,3269100.0,1666300.0,389100.0,0.0,0.0,0.0,0.0,0.0
20230824133754048,SZSE,SZSE.ETF.159928,0.931,0.914,0.933,0.91,0.0,1.003,0.821,105680615.0,0.0,97236264.855,0.0,0.0,0.0,20230824,20230824,133754048,0.912,0.0,0.0,0.931,0.93,0.929,0.928,0.927,0.0,0.0,0.0,0.0,0.0,0.932,0.933,0.934,0.935,0.936,0.0,0.0,0.0,0.0,0.0,644500.0,3760500.0,1237600.0,856400.0,1026500.0,0.0,0.0,0.0,0.0,0.0,1257900.0,2340400.0,3268000.0,1666300.0,389100.0,0.0,0.0,0.0,0.0,0.0
20230824133752296,SZSE,SZSE.ETF.159928,0.931,0.914,0.933,0.91,0.0,1.003,0.821,105680615.0,0.0,97236264.855,0.0,0.0,0.0,20230824,20230824,133752297,0.912,0.0,0.0,0.931,0.93,0.929,0.928,0.927,0.0,0.0,0.0,0.0,0.0,0.932,0.933,0.934,0.935,0.936,0.0,0.0,0.0,0.0,0.0,644500.0,3760500.0,1237600.0,856400.0,1026500.0,0.0,0.0,0.0,0.0,0.0,1257900.0,2340400.0,3268000.0,1666300.0,389100.0,0.0,0.0,0.0,0.0,0.0
20230824140539068,SZSE,SZSE.ETF.159928,0.931,0.914,0.933,0.91,0.0,1.003,0.821,114320615.0,265000.0,105277430.055,246715.0,0.0,0.0,20230824,20230824,140539067,0.912,0.0,0.0,0.931,0.93,0.929,0.928,0.927,0.0,0.0,0.0,0.0,0.0,0.932,0.933,0.934,0.935,0.936,0.0,0.0,0.0,0.0,0.0,872800.0,5319000.0,728600.0,1018100.0,772000.0,0.0,0.0,0.0,0.0,0.0,1200800.0,2641700.0,3262300.0,1761300.0,605200.0,0.0,0.0,0.0,0.0,0.0
20230824140537204,SZSE,SZSE.ETF.159928,0.931,0.914,0.933,0.91,0.0,1.003,0.821,114320615.0,265000.0,105277430.055,246715.0,0.0,0.0,20230824,20230824,140537203,0.912,0.0,0.0,0.931,0.93,0.929,0.928,0.927,0.0,0.0,0.0,0.0,0.0,0.932,0.933,0.934,0.935,0.936,0.0,0.0,0.0,0.0,0.0,872800.0,5319000.0,728600.0,1018100.0,772000.0,0.0,0.0,0.0,0.0,0.0,1200800.0,2641700.0,3262300.0,1761300.0,605200.0,0.0,0.0,0.0,0.0,0.0
20230824140542076,SZSE,SZSE.ETF.159928,0.931,0.914,0.933,0.91,0.0,1.003,0.821,114563415.0,242800.0,105503476.855,226046.79999999702,0.0,0.0,20230824,20230824,140542076,0.912,0.0,0.0,0.931,0.93,0.929,0.928,0.927,0.0,0.0,0.0,0.0,0.0,0.932,0.933,0.934,0.935,0.936,0.0,0.0,0.0,0.0,0.0,530000.0,5519000.0,728600.0,1018100.0,772000.0,0.0,0.0,0.0,0.0,0.0,1400800.0,2441700.0,3262300.0,1761300.0,605200.0,0.0,0.0,0.0,0.0,0.0
20230824140540212,SZSE,SZSE.ETF.159928,0.931,0.914,0.933,0.91,0.0,1.003,0.821,114563415.0,242800.0,105503476.855,226046.79999999702,0.0,0.0,20230824,20230824,140540213,0.912,0.0,0.0,0.931,0.93,0.929,0.928,0.927,0.0,0.0,0.0,0.0,0.0,0.932,0.933,0.934,0.935,0.936,0.0,0.0,0.0,0.0,0.0,530000.0,5519000.0,728600.0,1018100.0,772000.0,0.0,0.0,0.0,0.0,0.0,1400800.0,2441700.0,3262300.0,1761300.0,605200.0,0.0,0.0,0.0,0.0,0.0
20230824140545072,SZSE,SZSE.ETF.159928,0.931,0.914,0.933,0.91,0.0,1.003,0.821,114563415.0,0.0,105503476.855,0.0,0.0,0.0,20230824,20230824,140545072,0.912,0.0,0.0,0.931,0.93,0.929,0.928,0.927,0.0,0.0,0.0,0.0,0.0,0.932,0.933,0.934,0.935,0.936,0.0,0.0,0.0,0.0,0.0,730000.0,5319000.0,728600.0,1018100.0,772000.0,0.0,0.0,0.0,0.0,0.0,1200800.0,2841700.0,3262300.0,1761300.0,405200.0,0.0,0.0,0.0,0.0,0.0
20230824140548088,SZSE,SZSE.ETF.159928,0.931,0.914,0.933,0.91,0.0,1.003,0.821,114563415.0,0.0,105503476.855,0.0,0.0,0.0,20230824,20230824,140548090,0.912,0.0,0.0,0.931,0.93,0.929,0.928,0.927,0.0,0.0,0.0,0.0,0.0,0.932,0.933,0.934,0.935,0.936,0.0,0.0,0.0,0.0,0.0,930000.0,5328000.0,728600.0,1018100.0,772000.0,0.0,0.0,0.0,0.0,0.0,1202800.0,3041700.0,3262300.0,1761300.0,405200.0,0.0,0.0,0.0,0.0,0.0
20230824140551104,SZSE,SZSE.ETF.159928,0.931,0.914,0.933,0.91,0.0,1.003,0.821,114563415.0,0.0,105503476.855,0.0,0.0,0.0,20230824,20230824,140551104,0.912,0.0,0.0,0.931,0.93,0.929,0.928,0.927,0.0,0.0,0.0,0.0,0.0,0.932,0.933,0.934,0.935,0.936,0.0,0.0,0.0,0.0,0.0,930000.0,5328000.0,728600.0,1018100.0,772000.0,0.0,0.0,0.0,0.0,0.0,1552800.0,3061700.0,3262300.0,1761300.0,405200.0,0.0,0.0,0.0,0.0,0.0
20230824140549240,SZSE,SZSE.ETF.159928,0.931,0.914,0.933,0.91,0.0,1.003,0.821,114563415.0,0.0,105503476.855,0.0,0.0,0.0,20230824,20230824,140549239,0.912,0.0,0.0,0.931,0.93,0.929,0.928,0.927,0.0,0.0,0.0,0.0,0.0,0.932,0.933,0.934,0.935,0.936,0.0,0.0,0.0,0.0,0.0,930000.0,5328000.0,728600.0,1018100.0,772000.0,0.0,0.0,0.0,0.0,0.0,1552800.0,3061700.0,3262300.0,1761300.0,405200.0,0.0,0.0,0.0,0.0,0.0
20230824140554096,SZSE,SZSE.ETF.159928,0.931,0.914,0.933,0.91,0.0,1.003,0.821,114563415.0,0.0,105503476.855,0.0,0.0,0.0,20230824,20230824,140554098,0.912,0.0,0.0,0.931,0.93,0.929,0.928,0.927,0.0,0.0,0.0,0.0,0.0,0.932,0.933,0.934,0.935,0.936,0.0,0.0,0.0,0.0,0.0,730000.0,5328000.0,728600.0,1018100.0,772000.0,0.0,0.0,0.0,0.0,0.0,1552800.0,2661700.0,3262300.0,1761300.0,405200.0,0.0,0.0,0.0,0.0,0.0
20230824140552236,SZSE,SZSE.ETF.159928,0.931,0.914,0.933,0.91,0.0,1.003,0.821,114563415.0,0.0,105503476.855,0.0,0.0,0.0,20230824,20230824,140552236,0.912,0.0,0.0,0.931,0.93,0.929,0.928,0.927,0.0,0.0,0.0,0.0,0.0,0.932,0.933,0.934,0.935,0.936,0.0,0.0,0.0,0.0,0.0,730000.0,5328000.0,728600.0,1018100.0,772000.0,0.0,0.0,0.0,0.0,0.0,1552800.0,2661700.0,3262300.0,1761300.0,405200.0,0.0,0.0,0.0,0.0,0.0
20230824140555224,SZSE,SZSE.ETF.159928,0.932,0.914,0.933,0.91,0.0,1.003,0.821,114563915.0,500.0,105503942.855,466.0,0.0,0.0,20230824,20230824,140555222,0.912,0.0,0.0,0.931,0.93,0.929,0.928,0.927,0.0,0.0,0.0,0.0,0.0,0.932,0.933,0.934,0.935,0.936,0.0,0.0,0.0,0.0,0.0,730000.0,5328000.0,728600.0,1018100.0,772000.0,0.0,0.0,0.0,0.0,0.0,1203100.0,2669200.0,3262300.0,1761300.0,405200.0,0.0,0.0,0.0,0.0,0.0
20230824140557088,SZSE,SZSE.ETF.159928,0.932,0.914,0.933,0.91,0.0,1.003,0.821,114563915.0,500.0,105503942.855,466.0,0.0,0.0,20230824,20230824,140557088,0.912,0.0,0.0,0.931,0.93,0.929,0.928,0.927,0.0,0.0,0.0,0.0,0.0,0.932,0.933,0.934,0.935,0.936,0.0,0.0,0.0,0.0,0.0,730000.0,5328000.0,728600.0,1018100.0,772000.0,0.0,0.0,0.0,0.0,0.0,1203100.0,2669200.0,3262300.0,1761300.0,405200.0,0.0,0.0,0.0,0.0,0.0
20230824140600072,SZSE,SZSE.ETF.159928,0.932,0.914,0.933,0.91,0.0,1.003,0.821,114563915.0,0.0,105503942.855,0.0,0.0,0.0,20230824,20230824,140600070,0.912,0.0,0.0,0.931,0.93,0.929,0.928,0.927,0.0,0.0,0.0,0.0,0.0,0.932,0.933,0.934,0.935,0.936,0.0,0.0,0.0,0.0,0.0,930000.0,5328000.0,728600.0,1018100.0,772000.0,0.0,0.0,0.0,0.0,0.0,1203100.0,3069200.0,3262400.0,1761300.0,405200.0,0.0,0.0,0.0,0.0,0.0
20230824140558204,SZSE,SZSE.ETF.159928,0.932,0.914,0.933,0.91,0.0,1.003,0.821,114563915.0,0.0,105503942.855,0.0,0.0,0.0,20230824,20230824,140558205,0.912,0.0,0.0,0.931,0.93,0.929,0.928,0.927,0.0,0.0,0.0,0.0,0.0,0.932,0.933,0.934,0.935,0.936,0.0,0.0,0.0,0.0,0.0,930000.0,5328000.0,728600.0,1018100.0,772000.0,0.0,0.0,0.0,0.0,0.0,1203100.0,3069200.0,3262400.0,1761300.0,405200.0,0.0,0.0,0.0,0.0,0.0
20230824140603128,SZSE,SZSE.ETF.159928,0.932,0.914,0.933,0.91,0.0,1.003,0.821,114563915.0,0.0,105503942.855,0.0,0.0,0.0,20230824,20230824,140603130,0.912,0.0,0.0,0.931,0.93,0.929,0.928,0.927,0.0,0.0,0.0,0.0,0.0,0.932,0.933,0.934,0.935,0.936,0.0,0.0,0.0,0.0,0.0,930000.0,5328000.0,728600.0,1018100.0,772000.0,0.0,0.0,0.0,0.0,0.0,1233100.0,2869200.0,3262400.0,1761300.0,605200.0,0.0,0.0,0.0,0.0,0.0
20230824140601264,SZSE,SZSE.ETF.159928,0.932,0.914,0.933,0.91,0.0,1.003,0.821,114563915.0,0.0,105503942.855,0.0,0.0,0.0,20230824,20230824,140601265,0.912,0.0,0.0,0.931,0.93,0.929,0.928,0.927,0.0,0.0,0.0,0.0,0.0,0.932,0.933,0.934,0.935,0.936,0.0,0.0,0.0,0.0,0.0,930000.0,5328000.0,728600.0,1018100.0,772000.0,0.0,0.0,0.0,0.0,0.0,1233100.0,2869200.0,3262400.0,1761300.0,605200.0,0.0,0.0,0.0,0.0,0.0
20230824140606152,SZSE,SZSE.ETF.159928,0.932,0.914,0.933,0.91,0.0,1.003,0.821,114617615.0,53700.0,105553991.255,50048.39999999106,0.0,0.0,20230824,20230824,140606151,0.912,0.0,0.0,0.931,0.93,0.929,0.928,0.927,0.0,0.0,0.0,0.0,0.0,0.932,0.933,0.934,0.935,0.936,0.0,0.0,0.0,0.0,0.0,1280000.0,5328000.0,728600.0,1018100.0,772000.0,0.0,0.0,0.0,0.0,0.0,1179400.0,3069200.0,3262400.0,1761300.0,405200.0,0.0,0.0,0.0,0.0,0.0
20230824140604284,SZSE,SZSE.ETF.159928,0.932,0.914,0.933,0.91,0.0,1.003,0.821,114617615.0,53700.0,105553991.255,50048.39999999106,0.0,0.0,20230824,20230824,140604283,0.912,0.0,0.0,0.931,0.93,0.929,0.928,0.927,0.0,0.0,0.0,0.0,0.0,0.932,0.933,0.934,0.935,0.936,0.0,0.0,0.0,0.0,0.0,1280000.0,5328000.0,728600.0,1018100.0,772000.0,0.0,0.0,0.0,0.0,0.0,1179400.0,3069200.0,3262400.0,1761300.0,405200.0,0.0,0.0,0.0,0.0,0.0
20230824140612140,SZSE,SZSE.ETF.159928,0.932,0.914,0.933,0.91,0.0,1.003,0.821,114647615.0,30000.0,105581951.255,27960.0,0.0,0.0,20230824,20230824,140612141,0.912,0.0,0.0,0.931,0.93,0.929,0.928,0.927,0.0,0.0,0.0,0.0,0.0,0.932,0.933,0.934,0.935,0.936,0.0,0.0,0.0,0.0,0.0,930000.0,5328000.0,728600.0,1018100.0,772000.0,0.0,0.0,0.0,0.0,0.0,1149600.0,3069200.0,3262400.0,1761300.0,405200.0,0.0,0.0,0.0,0.0,0.0
20230824140610276,SZSE,SZSE.ETF.159928,0.932,0.914,0.933,0.91,0.0,1.003,0.821,114647615.0,30000.0,105581951.255,27960.0,0.0,0.0,20230824,20230824,140610277,0.912,0.0,0.0,0.931,0.93,0.929,0.928,0.927,0.0,0.0,0.0,0.0,0.0,0.932,0.933,0.934,0.935,0.936,0.0,0.0,0.0,0.0,0.0,930000.0,5328000.0,728600.0,1018100.0,772000.0,0.0,0.0,0.0,0.0,0.0,1149600.0,3069200.0,3262400.0,1761300.0,405200.0,0.0,0.0,0.0,0.0,0.0
20230824140615220,SZSE,SZSE.ETF.159928,0.932,0.914,0.933,0.91,0.0,1.003,0.821,114647615.0,0.0,105581951.255,0.0,0.0,0.0,20230824,20230824,140615219,0.912,0.0,0.0,0.931,0.93,0.929,0.928,0.927,0.0,0.0,0.0,0.0,0.0,0.932,0.933,0.934,0.935,0.936,0.0,0.0,0.0,0.0,0.0,930000.0,5328000.0,728600.0,1018100.0,772000.0,0.0,0.0,0.0,0.0,0.0,1149600.0,3069300.0,3262400.0,1751300.0,405200.0,0.0,0.0,0.0,0.0,0.0
20230824140621164,SZSE,SZSE.ETF.159928,0.932,0.914,0.933,0.91,0.0,1.003,0.821,114647615.0,0.0,105581951.255,0.0,0.0,0.0,20230824,20230824,140621163,0.912,0.0,0.0,0.931,0.93,0.929,0.928,0.927,0.0,0.0,0.0,0.0,0.0,0.932,0.933,0.934,0.935,0.936,0.0,0.0,0.0,0.0,0.0,734300.0,5328000.0,728600.0,1018100.0,772000.0,0.0,0.0,0.0,0.0,0.0,1504600.0,2669300.0,3262400.0,1751300.0,405200.0,0.0,0.0,0.0,0.0,0.0
20230824140624224,SZSE,SZSE.ETF.159928,0.932,0.914,0.933,0.91,0.0,1.003,0.821,114647615.0,0.0,105581951.255,0.0,0.0,0.0,20230824,20230824,140624224,0.912,0.0,0.0,0.931,0.93,0.929,0.928,0.927,0.0,0.0,0.0,0.0,0.0,0.932,0.933,0.934,0.935,0.936,0.0,0.0,0.0,0.0,0.0,734300.0,5528000.0,728600.0,1018100.0,772000.0,0.0,0.0,0.0,0.0,0.0,1904600.0,2669300.0,3262400.0,1751300.0,405200.0,0.0,0.0,0.0,0.0,0.0
20230824140630144,SZSE,SZSE.ETF.159928,0.932,0.914,0.933,0.91,0.0,1.003,0.821,114647615.0,0.0,105581951.255,0.0,0.0,0.0,20230824,20230824,140630145,0.912,0.0,0.0,0.931,0.93,0.929,0.928,0.927,0.0,0.0,0.0,0.0,0.0,0.932,0.933,0.934,0.935,0.936,0.0,0.0,0.0,0.0,0.0,734300.0,5528000.0,728600.0,1018100.0,772000.0,0.0,0.0,0.0,0.0,0.0,1914600.0,2669700.0,3262400.0,1751300.0,405200.0,0.0,0.0,0.0,0.0,0.0
20230824140628280,SZSE,SZSE.ETF.159928,0.932,0.914,0.933,0.91,0.0,1.003,0.821,114647615.0,0.0,105581951.255,0.0,0.0,0.0,20230824,20230824,140628281,0.912,0.0,0.0,0.931,0.93,0.929,0.928,0.927,0.0,0.0,0.0,0.0,0.0,0.932,0.933,0.934,0.935,0.936,0.0,0.0,0.0,0.0,0.0,734300.0,5528000.0,728600.0,1018100.0,772000.0,0.0,0.0,0.0,0.0,0.0,1914600.0,2669700.0,3262400.0,1751300.0,405200.0,0.0,0.0,0.0,0.0,0.0
20230824140703116,SZSE,SZSE.ETF.159928,0.931,0.914,0.933,0.91,0.0,1.003,0.821,115382315.0,0.0,106265956.955,0.0,0.0,0.0,20230824,20230824,140703115,0.912,0.0,0.0,0.93,0.929,0.928,0.927,0.926,0.0,0.0,0.0,0.0,0.0,0.931,0.932,0.933,0.934,0.935,0.0,0.0,0.0,0.0,0.0,3346100.0,3348600.0,1018100.0,972000.0,475100.0,0.0,0.0,0.0,0.0,0.0,1000000.0,2020100.0,4050700.0,1262400.0,1507300.0,0.0,0.0,0.0,0.0,0.0
20230824140701252,SZSE,SZSE.ETF.159928,0.931,0.914,0.933,0.91,0.0,1.003,0.821,115382315.0,0.0,106265956.955,0.0,0.0,0.0,20230824,20230824,140701251,0.912,0.0,0.0,0.93,0.929,0.928,0.927,0.926,0.0,0.0,0.0,0.0,0.0,0.931,0.932,0.933,0.934,0.935,0.0,0.0,0.0,0.0,0.0,3346100.0,3348600.0,1018100.0,972000.0,475100.0,0.0,0.0,0.0,0.0,0.0,1000000.0,2020100.0,4050700.0,1262400.0,1507300.0,0.0,0.0,0.0,0.0,0.0
20230824140706128,SZSE,SZSE.ETF.159928,0.931,0.914,0.933,0.91,0.0,1.003,0.821,115382315.0,0.0,106265956.955,0.0,0.0,0.0,20230824,20230824,140706127,0.912,0.0,0.0,0.93,0.929,0.928,0.927,0.926,0.0,0.0,0.0,0.0,0.0,0.931,0.932,0.933,0.934,0.935,0.0,0.0,0.0,0.0,0.0,3354200.0,3348600.0,1018100.0,972000.0,475100.0,0.0,0.0,0.0,0.0,0.0,1000000.0,2020100.0,4050700.0,1262400.0,1507300.0,0.0,0.0,0.0,0.0,0.0
20230824140704264,SZSE,SZSE.ETF.159928,0.931,0.914,0.933,0.91,0.0,1.003,0.821,115382315.0,0.0,106265956.955,0.0,0.0,0.0,20230824,20230824,140704263,0.912,0.0,0.0,0.93,0.929,0.928,0.927,0.926,0.0,0.0,0.0,0.0,0.0,0.931,0.932,0.933,0.934,0.935,0.0,0.0,0.0,0.0,0.0,3354200.0,3348600.0,1018100.0,972000.0,475100.0,0.0,0.0,0.0,0.0,0.0,1000000.0,2020100.0,4050700.0,1262400.0,1507300.0,0.0,0.0,0.0,0.0,0.0
20230824140709120,SZSE,SZSE.ETF.159928,0.931,0.914,0.933,0.91,0.0,1.003,0.821,115393015.0,10700.0,106275918.655,9961.70000000298,0.0,0.0,20230824,20230824,140709119,0.912,0.0,0.0,0.93,0.929,0.928,0.927,0.926,0.0,0.0,0.0,0.0,0.0,0.931,0.932,0.933,0.934,0.935,0.0,0.0,0.0,0.0,0.0,3154200.0,1348600.0,1018100.0,972000.0,475100.0,0.0,0.0,0.0,0.0,0.0,789300.0,2020500.0,4050300.0,1262400.0,1507300.0,0.0,0.0,0.0,0.0,0.0
20230824140707256,SZSE,SZSE.ETF.159928,0.931,0.914,0.933,0.91,0.0,1.003,0.821,115393015.0,10700.0,106275918.655,9961.70000000298,0.0,0.0,20230824,20230824,140707254,0.912,0.0,0.0,0.93,0.929,0.928,0.927,0.926,0.0,0.0,0.0,0.0,0.0,0.931,0.932,0.933,0.934,0.935,0.0,0.0,0.0,0.0,0.0,3154200.0,1348600.0,1018100.0,972000.0,475100.0,0.0,0.0,0.0,0.0,0.0,789300.0,2020500.0,4050300.0,1262400.0,1507300.0,0.0,0.0,0.0,0.0,0.0
20230824140712128,SZSE,SZSE.ETF.159928,0.931,0.914,0.933,0.91,0.0,1.003,0.821,115393015.0,0.0,106275918.655,0.0,0.0,0.0,20230824,20230824,140712127,0.912,0.0,0.0,0.93,0.929,0.928,0.927,0.926,0.0,0.0,0.0,0.0,0.0,0.931,0.932,0.933,0.934,0.935,0.0,0.0,0.0,0.0,0.0,5154200.0,1348600.0,1018100.0,972000.0,475100.0,0.0,0.0,0.0,0.0,0.0,789300.0,2020500.0,4050300.0,1262400.0,1507300.0,0.0,0.0,0.0,0.0,0.0
20230824140710264,SZSE,SZSE.ETF.159928,0.931,0.914,0.933,0.91,0.0,1.003,0.821,115393015.0,0.0,106275918.655,0.0,0.0,0.0,20230824,20230824,140710262,0.912,0.0,0.0,0.93,0.929,0.928,0.927,0.926,0.0,0.0,0.0,0.0,0.0,0.931,0.932,0.933,0.934,0.935,0.0,0.0,0.0,0.0,0.0,5154200.0,1348600.0,1018100.0,972000.0,475100.0,0.0,0.0,0.0,0.0,0.0,789300.0,2020500.0,4050300.0,1262400.0,1507300.0,0.0,0.0,0.0,0.0,0.0
20230824140715064,SZSE,SZSE.ETF.159928,0.931,0.914,0.933,0.91,0.0,1.003,0.821,115393015.0,0.0,106275918.655,0.0,0.0,0.0,20230824,20230824,140715062,0.912,0.0,0.0,0.93,0.929,0.928,0.927,0.926,0.0,0.0,0.0,0.0,0.0,0.931,0.932,0.933,0.934,0.935,0.0,0.0,0.0,0.0,0.0,5354200.0,1348600.0,1018100.0,972000.0,475100.0,0.0,0.0,0.0,0.0,0.0,1004300.0,2020500.0,4050300.0,1262400.0,1507300.0,0.0,0.0,0.0,0.0,0.0
20230824140713200,SZSE,SZSE.ETF.159928,0.931,0.914,0.933,0.91,0.0,1.003,0.821,115393015.0,0.0,106275918.655,0.0,0.0,0.0,20230824,20230824,140713198,0.912,0.0,0.0,0.93,0.929,0.928,0.927,0.926,0.0,0.0,0.0,0.0,0.0,0.931,0.932,0.933,0.934,0.935,0.0,0.0,0.0,0.0,0.0,5354200.0,1348600.0,1018100.0,972000.0,475100.0,0.0,0.0,0.0,0.0,0.0,1004300.0,2020500.0,4050300.0,1262400.0,1507300.0,0.0,0.0,0.0,0.0,0.0
20230824140721100,SZSE,SZSE.ETF.159928,0.931,0.914,0.933,0.91,0.0,1.003,0.821,115433915.0,40900.0,106313996.555,38077.90000000596,0.0,0.0,20230824,20230824,140721100,0.912,0.0,0.0,0.93,0.929,0.928,0.927,0.926,0.0,0.0,0.0,0.0,0.0,0.931,0.932,0.933,0.934,0.935,0.0,0.0,0.0,0.0,0.0,3154200.0,3348600.0,1018100.0,972000.0,475100.0,0.0,0.0,0.0,0.0,0.0,768400.0,2020500.0,4050300.0,1262400.0,1507300.0,0.0,0.0,0.0,0.0,0.0
20230824140724080,SZSE,SZSE.ETF.159928,0.931,0.914,0.933,0.91,0.0,1.003,0.821,115433915.0,0.0,106313996.555,0.0,0.0,0.0,20230824,20230824,140724078,0.912,0.0,0.0,0.93,0.929,0.928,0.927,0.926,0.0,0.0,0.0,0.0,0.0,0.931,0.932,0.933,0.934,0.935,0.0,0.0,0.0,0.0,0.0,3354200.0,3348600.0,1018100.0,972000.0,475100.0,0.0,0.0,0.0,0.0,0.0,968400.0,2020500.0,4050300.0,1262400.0,1507300.0,0.0,0.0,0.0,0.0,0.0
20230824140722216,SZSE,SZSE.ETF.159928,0.931,0.914,0.933,0.91,0.0,1.003,0.821,115433915.0,0.0,106313996.555,0.0,0.0,0.0,20230824,20230824,140722215,0.912,0.0,0.0,0.93,0.929,0.928,0.927,0.926,0.0,0.0,0.0,0.0,0.0,0.931,0.932,0.933,0.934,0.935,0.0,0.0,0.0,0.0,0.0,3354200.0,3348600.0,1018100.0,972000.0,475100.0,0.0,0.0,0.0,0.0,0.0,968400.0,2020500.0,4050300.0,1262400.0,1507300.0,0.0,0.0,0.0,0.0,0.0
20230824140727144,SZSE,SZSE.ETF.159928,0.931,0.914,0.933,0.91,0.0,1.003,0.821,115433915.0,0.0,106313996.555,0.0,0.0,0.0,20230824,20230824,140727142,0.912,0.0,0.0,0.93,0.929,0.928,0.927,0.926,0.0,0.0,0.0,0.0,0.0,0.931,0.932,0.933,0.934,0.935,0.0,0.0,0.0,0.0,0.0,3354200.0,3348600.0,1018100.0,972000.0,475100.0,0.0,0.0,0.0,0.0,0.0,968400.0,2020500.0,4171100.0,1262400.0,1507300.0,0.0,0.0,0.0,0.0,0.0
20230824140725280,SZSE,SZSE.ETF.159928,0.931,0.914,0.933,0.91,0.0,1.003,0.821,115433915.0,0.0,106313996.555,0.0,0.0,0.0,20230824,20230824,140725278,0.912,0.0,0.0,0.93,0.929,0.928,0.927,0.926,0.0,0.0,0.0,0.0,0.0,0.931,0.932,0.933,0.934,0.935,0.0,0.0,0.0,0.0,0.0,3354200.0,3348600.0,1018100.0,972000.0,475100.0,0.0,0.0,0.0,0.0,0.0,968400.0,2020500.0,4171100.0,1262400.0,1507300.0,0.0,0.0,0.0,0.0,0.0
20230824140730104,SZSE,SZSE.ETF.159928,0.931,0.914,0.933,0.91,0.0,1.003,0.821,115433915.0,0.0,106313996.555,0.0,0.0,0.0,20230824,20230824,140730104,0.912,0.0,0.0,0.93,0.929,0.928,0.927,0.926,0.0,0.0,0.0,0.0,0.0,0.931,0.932,0.933,0.934,0.935,0.0,0.0,0.0,0.0,0.0,3354200.0,3348600.0,1018100.0,972000.0,475100.0,0.0,0.0,0.0,0.0,0.0,968400.0,2029500.0,4171100.0,1262400.0,1507300.0,0.0,0.0,0.0,0.0,0.0
20230824140728240,SZSE,SZSE.ETF.159928,0.931,0.914,0.933,0.91,0.0,1.003,0.821,115433915.0,0.0,106313996.555,0.0,0.0,0.0,20230824,20230824,140728238,0.912,0.0,0.0,0.93,0.929,0.928,0.927,0.926,0.0,0.0,0.0,0.0,0.0,0.931,0.932,0.933,0.934,0.935,0.0,0.0,0.0,0.0,0.0,3354200.0,3348600.0,1018100.0,972000.0,475100.0,0.0,0.0,0.0,0.0,0.0,968400.0,2029500.0,4171100.0,1262400.0,1507300.0,0.0,0.0,0.0,0.0,0.0
20230824140733124,SZSE,SZSE.ETF.159928,0.931,0.914,0.933,0.91,0.0,1.003,0.821,115433915.0,0.0,106313996.555,0.0,0.0,0.0,20230824,20230824,140733123,0.912,0.0,0.0,0.93,0.929,0.928,0.927,0.926,0.0,0.0,0.0,0.0,0.0,0.931,0.932,0.933,0.934,0.935,0.0,0.0,0.0,0.0,0.0,2954200.0,3748600.0,1018100.0,972000.0,475100.0,0.0,0.0,0.0,0.0,0.0,1168400.0,1829500.0,4171100.0,1262400.0,1507300.0,0.0,0.0,0.0,0.0,0.0
20230824140731256,SZSE,SZSE.ETF.159928,0.931,0.914,0.933,0.91,0.0,1.003,0.821,115433915.0,0.0,106313996.555,0.0,0.0,0.0,20230824,20230824,140731257,0.912,0.0,0.0,0.93,0.929,0.928,0.927,0.926,0.0,0.0,0.0,0.0,0.0,0.931,0.932,0.933,0.934,0.935,0.0,0.0,0.0,0.0,0.0,2954200.0,3748600.0,1018100.0,972000.0,475100.0,0.0,0.0,0.0,0.0,0.0,1168400.0,1829500.0,4171100.0,1262400.0,1507300.0,0.0,0.0,0.0,0.0,0.0
20230824140736140,SZSE,SZSE.ETF.159928,0.931,0.914,0.933,0.91,0.0,1.003,0.821,115433915.0,0.0,106313996.555,0.0,0.0,0.0,20230824,20230824,140736141,0.912,0.0,0.0,0.93,0.929,0.928,0.927,0.926,0.0,0.0,0.0,0.0,0.0,0.931,0.932,0.933,0.934,0.935,0.0,0.0,0.0,0.0,0.0,2604200.0,4098600.0,1018100.0,972000.0,475100.0,0.0,0.0,0.0,0.0,0.0,1168400.0,1829500.0,4171100.0,1262400.0,1507300.0,0.0,0.0,0.0,0.0,0.0
20230824140734280,SZSE,SZSE.ETF.159928,0.931,0.914,0.933,0.91,0.0,1.003,0.821,115433915.0,0.0,106313996.555,0.0,0.0,0.0,20230824,20230824,140734280,0.912,0.0,0.0,0.93,0.929,0.928,0.927,0.926,0.0,0.0,0.0,0.0,0.0,0.931,0.932,0.933,0.934,0.935,0.0,0.0,0.0,0.0,0.0,2604200.0,4098600.0,1018100.0,972000.0,475100.0,0.0,0.0,0.0,0.0,0.0,1168400.0,1829500.0,4171100.0,1262400.0,1507300.0,0.0,0.0,0.0,0.0,0.0
20230824140739108,SZSE,SZSE.ETF.159928,0.931,0.914,0.933,0.91,0.0,1.003,0.821,115437515.0,3600.0,106317348.155,3351.5999999940395,0.0,0.0,20230824,20230824,140739109,0.912,0.0,0.0,0.93,0.929,0.928,0.927,0.926,0.0,0.0,0.0,0.0,0.0,0.931,0.932,0.933,0.934,0.935,0.0,0.0,0.0,0.0,0.0,2524200.0,3898600.0,1018100.0,972000.0,475100.0,0.0,0.0,0.0,0.0,0.0,964800.0,2029500.0,4171100.0,1262400.0,1307300.0,0.0,0.0,0.0,0.0,0.0
20230824140737256,SZSE,SZSE.ETF.159928,0.931,0.914,0.933,0.91,0.0,1.003,0.821,115437515.0,3600.0,106317348.155,3351.5999999940395,0.0,0.0,20230824,20230824,140737257,0.912,0.0,0.0,0.93,0.929,0.928,0.927,0.926,0.0,0.0,0.0,0.0,0.0,0.931,0.932,0.933,0.934,0.935,0.0,0.0,0.0,0.0,0.0,2524200.0,3898600.0,1018100.0,972000.0,475100.0,0.0,0.0,0.0,0.0,0.0,964800.0,2029500.0,4171100.0,1262400.0,1307300.0,0.0,0.0,0.0,0.0,0.0
20230824140742140,SZSE,SZSE.ETF.159928,0.931,0.914,0.933,0.91,0.0,1.003,0.821,115437515.0,0.0,106317348.155,0.0,0.0,0.0,20230824,20230824,140742141,0.912,0.0,0.0,0.93,0.929,0.928,0.927,0.926,0.0,0.0,0.0,0.0,0.0,0.931,0.932,0.933,0.934,0.935,0.0,0.0,0.0,0.0,0.0,2524200.0,3898600.0,1018100.0,972000.0,475100.0,0.0,0.0,0.0,0.0,0.0,1314800.0,2029500.0,3821100.0,1262400.0,1307300.0,0.0,0.0,0.0,0.0,0.0
20230824140745156,SZSE,SZSE.ETF.159928,0.93,0.914,0.933,0.91,0.0,1.003,0.821,116465015.0,1027500.0,107272923.155,955575.0,0.0,0.0,20230824,20230824,140745156,0.912,0.0,0.0,0.93,0.929,0.928,0.927,0.926,0.0,0.0,0.0,0.0,0.0,0.931,0.932,0.933,0.934,0.935,0.0,0.0,0.0,0.0,0.0,1496700.0,4083600.0,1018100.0,972000.0,490100.0,0.0,0.0,0.0,0.0,0.0,1514800.0,2029500.0,3821100.0,1262400.0,1307300.0,0.0,0.0,0.0,0.0,0.0
20230824140748144,SZSE,SZSE.ETF.159928,0.931,0.914,0.933,0.91,0.0,1.003,0.821,116468015.0,3000.0,107275716.155,2793.0,0.0,0.0,20230824,20230824,140748142,0.912,0.0,0.0,0.93,0.929,0.928,0.927,0.926,0.0,0.0,0.0,0.0,0.0,0.931,0.932,0.933,0.934,0.935,0.0,0.0,0.0,0.0,0.0,1496700.0,3683600.0,1018100.0,972000.0,690100.0,0.0,0.0,0.0,0.0,0.0,1353800.0,4029500.0,1821100.0,1262400.0,1307300.0,0.0,0.0,0.0,0.0,0.0
20230824140746280,SZSE,SZSE.ETF.159928,0.931,0.914,0.933,0.91,0.0,1.003,0.821,116468015.0,3000.0,107275716.155,2793.0,0.0,0.0,20230824,20230824,140746278,0.912,0.0,0.0,0.93,0.929,0.928,0.927,0.926,0.0,0.0,0.0,0.0,0.0,0.931,0.932,0.933,0.934,0.935,0.0,0.0,0.0,0.0,0.0,1496700.0,3683600.0,1018100.0,972000.0,690100.0,0.0,0.0,0.0,0.0,0.0,1353800.0,4029500.0,1821100.0,1262400.0,1307300.0,0.0,0.0,0.0,0.0,0.0
20230824140751108,SZSE,SZSE.ETF.159928,0.931,0.914,0.933,0.91,0.0,1.003,0.821,116468015.0,0.0,107275716.155,0.0,0.0,0.0,20230824,20230824,140751109,0.912,0.0,0.0,0.93,0.929,0.928,0.927,0.926,0.0,0.0,0.0,0.0,0.0,0.931,0.932,0.933,0.934,0.935,0.0,0.0,0.0,0.0,0.0,1696700.0,3683600.0,1018100.0,972000.0,690100.0,0.0,0.0,0.0,0.0,0.0,1553800.0,4029500.0,1821100.0,1262400.0,1307300.0,0.0,0.0,0.0,0.0,0.0
20230824140749252,SZSE,SZSE.ETF.159928,0.931,0.914,0.933,0.91,0.0,1.003,0.821,116468015.0,0.0,107275716.155,0.0,0.0,0.0,20230824,20230824,140749251,0.912,0.0,0.0,0.93,0.929,0.928,0.927,0.926,0.0,0.0,0.0,0.0,0.0,0.931,0.932,0.933,0.934,0.935,0.0,0.0,0.0,0.0,0.0,1696700.0,3683600.0,1018100.0,972000.0,690100.0,0.0,0.0,0.0,0.0,0.0,1553800.0,4029500.0,1821100.0,1262400.0,1307300.0,0.0,0.0,0.0,0.0,0.0
20230824140754140,SZSE,SZSE.ETF.159928,0.93,0.914,0.933,0.91,0.0,1.003,0.821,116491615.0,23600.0,107297664.155,21948.0,0.0,0.0,20230824,20230824,140754141,0.912,0.0,0.0,0.93,0.929,0.928,0.927,0.926,0.0,0.0,0.0,0.0,0.0,0.931,0.932,0.933,0.934,0.935,0.0,0.0,0.0,0.0,0.0,1673100.0,3683600.0,1018100.0,972000.0,690100.0,0.0,0.0,0.0,0.0,0.0,1553800.0,4029500.0,1821100.0,1262400.0,1307300.0,0.0,0.0,0.0,0.0,0.0
20230824140752280,SZSE,SZSE.ETF.159928,0.93,0.914,0.933,0.91,0.0,1.003,0.821,116491615.0,23600.0,107297664.155,21948.0,0.0,0.0,20230824,20230824,140752281,0.912,0.0,0.0,0.93,0.929,0.928,0.927,0.926,0.0,0.0,0.0,0.0,0.0,0.931,0.932,0.933,0.934,0.935,0.0,0.0,0.0,0.0,0.0,1673100.0,3683600.0,1018100.0,972000.0,690100.0,0.0,0.0,0.0,0.0,0.0,1553800.0,4029500.0,1821100.0,1262400.0,1307300.0,0.0,0.0,0.0,0.0,0.0
20230824140757140,SZSE,SZSE.ETF.159928,0.93,0.914,0.933,0.91,0.0,1.003,0.821,116491615.0,0.0,107297664.155,0.0,0.0,0.0,20230824,20230824,140757141,0.912,0.0,0.0,0.93,0.929,0.928,0.927,0.926,0.0,0.0,0.0,0.0,0.0,0.931,0.932,0.933,0.934,0.935,0.0,0.0,0.0,0.0,0.0,1673100.0,3683600.0,1018100.0,972000.0,690100.0,0.0,0.0,0.0,0.0,0.0,1561800.0,4029500.0,1821100.0,1262400.0,1307300.0,0.0,0.0,0.0,0.0,0.0
20230824140800124,SZSE,SZSE.ETF.159928,0.93,0.914,0.933,0.91,0.0,1.003,0.821,116491615.0,0.0,107297664.155,0.0,0.0,0.0,20230824,20230824,140800125,0.912,0.0,0.0,0.93,0.929,0.928,0.927,0.926,0.0,0.0,0.0,0.0,0.0,0.931,0.932,0.933,0.934,0.935,0.0,0.0,0.0,0.0,0.0,1753200.0,3683600.0,1018100.0,972000.0,690100.0,0.0,0.0,0.0,0.0,0.0,1519800.0,4029500.0,1821100.0,1262400.0,1307300.0,0.0,0.0,0.0,0.0,0.0
20230824140758264,SZSE,SZSE.ETF.159928,0.93,0.914,0.933,0.91,0.0,1.003,0.821,116491615.0,0.0,107297664.155,0.0,0.0,0.0,20230824,20230824,140758263,0.912,0.0,0.0,0.93,0.929,0.928,0.927,0.926,0.0,0.0,0.0,0.0,0.0,0.931,0.932,0.933,0.934,0.935,0.0,0.0,0.0,0.0,0.0,1753200.0,3683600.0,1018100.0,972000.0,690100.0,0.0,0.0,0.0,0.0,0.0,1519800.0,4029500.0,1821100.0,1262400.0,1307300.0,0.0,0.0,0.0,0.0,0.0
20230824140803144,SZSE,SZSE.ETF.159928,0.93,0.914,0.933,0.91,0.0,1.003,0.821,116491615.0,0.0,107297664.155,0.0,0.0,0.0,20230824,20230824,140803142,0.912,0.0,0.0,0.93,0.929,0.928,0.927,0.926,0.0,0.0,0.0,0.0,0.0,0.931,0.932,0.933,0.934,0.935,0.0,0.0,0.0,0.0,0.0,1673200.0,3683600.0,1018100.0,972000.0,690100.0,0.0,0.0,0.0,0.0,0.0,1520300.0,4029500.0,1821100.0,1262400.0,1307300.0,0.0,0.0,0.0,0.0,0.0
20230824140801280,SZSE,SZSE.ETF.159928,0.93,0.914,0.933,0.91,0.0,1.003,0.821,116491615.0,0.0,107297664.155,0.0,0.0,0.0,20230824,20230824,140801278,0.912,0.0,0.0,0.93,0.929,0.928,0.927,0.926,0.0,0.0,0.0,0.0,0.0,0.931,0.932,0.933,0.934,0.935,0.0,0.0,0.0,0.0,0.0,1673200.0,3683600.0,1018100.0,972000.0,690100.0,0.0,0.0,0.0,0.0,0.0,1520300.0,4029500.0,1821100.0,1262400.0,1307300.0,0.0,0.0,0.0,0.0,0.0
20230824140804252,SZSE,SZSE.ETF.159928,0.93,0.914,0.933,0.91,0.0,1.003,0.821,116491615.0,0.0,107297664.155,0.0,0.0,0.0,20230824,20230824,140804252,0.912,0.0,0.0,0.93,0.929,0.928,0.927,0.926,0.0,0.0,0.0,0.0,0.0,0.931,0.932,0.933,0.934,0.935,0.0,0.0,0.0,0.0,0.0,1673200.0,3683600.0,1018100.0,972000.0,690100.0,0.0,0.0,0.0,0.0,0.0,1522300.0,4071500.0,1821100.0,1262400.0,1307300.0,0.0,0.0,0.0,0.0,0.0
20230824140806108,SZSE,SZSE.ETF.159928,0.93,0.914,0.933,0.91,0.0,1.003,0.821,116491615.0,0.0,107297664.155,0.0,0.0,0.0,20230824,20230824,140806109,0.912,0.0,0.0,0.93,0.929,0.928,0.927,0.926,0.0,0.0,0.0,0.0,0.0,0.931,0.932,0.933,0.934,0.935,0.0,0.0,0.0,0.0,0.0,1673200.0,3683600.0,1018100.0,972000.0,690100.0,0.0,0.0,0.0,0.0,0.0,1522300.0,4071500.0,1821100.0,1262400.0,1307300.0,0.0,0.0,0.0,0.0,0.0
20230824140809096,SZSE,SZSE.ETF.159928,0.93,0.914,0.933,0.91,0.0,1.003,0.821,116548015.0,56400.0,107350116.155,52452.0,0.0,0.0,20230824,20230824,140809094,0.912,0.0,0.0,0.93,0.929,0.928,0.927,0.926,0.0,0.0,0.0,0.0,0.0,0.931,0.932,0.933,0.934,0.935,0.0,0.0,0.0,0.0,0.0,1616800.0,3683600.0,1018100.0,972000.0,690100.0,0.0,0.0,0.0,0.0,0.0,1522300.0,4071500.0,1821100.0,1262400.0,1307300.0,0.0,0.0,0.0,0.0,0.0
20230824140807232,SZSE,SZSE.ETF.159928,0.93,0.914,0.933,0.91,0.0,1.003,0.821,116548015.0,56400.0,107350116.155,52452.0,0.0,0.0,20230824,20230824,140807233,0.912,0.0,0.0,0.93,0.929,0.928,0.927,0.926,0.0,0.0,0.0,0.0,0.0,0.931,0.932,0.933,0.934,0.935,0.0,0.0,0.0,0.0,0.0,1616800.0,3683600.0,1018100.0,972000.0,690100.0,0.0,0.0,0.0,0.0,0.0,1522300.0,4071500.0,1821100.0,1262400.0,1307300.0,0.0,0.0,0.0,0.0,0.0
20230824140812108,SZSE,SZSE.ETF.159928,0.93,0.914,0.933,0.91,0.0,1.003,0.821,116549115.0,1100.0,107351139.155,1023.0,0.0,0.0,20230824,20230824,140812109,0.912,0.0,0.0,0.93,0.929,0.928,0.927,0.926,0.0,0.0,0.0,0.0,0.0,0.931,0.932,0.933,0.934,0.935,0.0,0.0,0.0,0.0,0.0,1615700.0,3683600.0,1018100.0,972000.0,690100.0,0.0,0.0,0.0,0.0,0.0,1522300.0,4071500.0,1821100.0,1262400.0,1307300.0,0.0,0.0,0.0,0.0,0.0
20230824140810256,SZSE,SZSE.ETF.159928,0.93,0.914,0.933,0.91,0.0,1.003,0.821,116549115.0,1100.0,107351139.155,1023.0,0.0,0.0,20230824,20230824,140810256,0.912,0.0,0.0,0.93,0.929,0.928,0.927,0.926,0.0,0.0,0.0,0.0,0.0,0.931,0.932,0.933,0.934,0.935,0.0,0.0,0.0,0.0,0.0,1615700.0,3683600.0,1018100.0,972000.0,690100.0,0.0,0.0,0.0,0.0,0.0,1522300.0,4071500.0,1821100.0,1262400.0,1307300.0,0.0,0.0,0.0,0.0,0.0
20230824140818064,SZSE,SZSE.ETF.159928,0.93,0.914,0.933,0.91,0.0,1.003,0.821,116549115.0,0.0,107351139.155,0.0,0.0,0.0,20230824,20230824,140818063,0.912,0.0,0.0,0.93,0.929,0.928,0.927,0.926,0.0,0.0,0.0,0.0,0.0,0.931,0.932,0.933,0.934,0.935,0.0,0.0,0.0,0.0,0.0,1615700.0,3683600.0,1018100.0,972000.0,690100.0,0.0,0.0,0.0,0.0,0.0,1517300.0,4071500.0,1821100.0,1262400.0,1307300.0,0.0,0.0,0.0,0.0,0.0
20230824140816208,SZSE,SZSE.ETF.159928,0.93,0.914,0.933,0.91,0.0,1.003,0.821,116549115.0,0.0,107351139.155,0.0,0.0,0.0,20230824,20230824,140816206,0.912,0.0,0.0,0.93,0.929,0.928,0.927,0.926,0.0,0.0,0.0,0.0,0.0,0.931,0.932,0.933,0.934,0.935,0.0,0.0,0.0,0.0,0.0,1615700.0,3683600.0,1018100.0,972000.0,690100.0,0.0,0.0,0.0,0.0,0.0,1517300.0,4071500.0,1821100.0,1262400.0,1307300.0,0.0,0.0,0.0,0.0,0.0
20230824140821064,SZSE,SZSE.ETF.159928,0.93,0.914,0.933,0.91,0.0,1.003,0.821,116699115.0,150000.0,107490639.155,139500.0,0.0,0.0,20230824,20230824,140821062,0.912,0.0,0.0,0.93,0.929,0.928,0.927,0.926,0.0,0.0,0.0,0.0,0.0,0.931,0.932,0.933,0.934,0.935,0.0,0.0,0.0,0.0,0.0,1466200.0,3683600.0,1018100.0,972000.0,690100.0,0.0,0.0,0.0,0.0,0.0,1517300.0,4029500.0,1821100.0,1262400.0,1307300.0,0.0,0.0,0.0,0.0,0.0
20230824140819200,SZSE,SZSE.ETF.159928,0.93,0.914,0.933,0.91,0.0,1.003,0.821,116699115.0,150000.0,107490639.155,139500.0,0.0,0.0,20230824,20230824,140819199,0.912,0.0,0.0,0.93,0.929,0.928,0.927,0.926,0.0,0.0,0.0,0.0,0.0,0.931,0.932,0.933,0.934,0.935,0.0,0.0,0.0,0.0,0.0,1466200.0,3683600.0,1018100.0,972000.0,690100.0,0.0,0.0,0.0,0.0,0.0,1517300.0,4029500.0,1821100.0,1262400.0,1307300.0,0.0,0.0,0.0,0.0,0.0
20230824140827048,SZSE,SZSE.ETF.159928,0.93,0.914,0.933,0.91,0.0,1.003,0.821,116699115.0,0.0,107490639.155,0.0,0.0,0.0,20230824,20230824,140827047,0.912,0.0,0.0,0.93,0.929,0.928,0.927,0.926,0.0,0.0,0.0,0.0,0.0,0.931,0.932,0.933,0.934,0.935,0.0,0.0,0.0,0.0,0.0,1466200.0,3683600.0,1018100.0,972000.0,690100.0,0.0,0.0,0.0,0.0,0.0,1559300.0,4029500.0,1821100.0,1262400.0,1307300.0,0.0,0.0,0.0,0.0,0.0
20230824140833096,SZSE,SZSE.ETF.159928,0.93,0.914,0.933,0.91,0.0,1.003,0.821,116715315.0,16200.0,107505705.155,15066.0,0.0,0.0,20230824,20230824,140833094,0.912,0.0,0.0,0.93,0.929,0.928,0.927,0.926,0.0,0.0,0.0,0.0,0.0,0.931,0.932,0.933,0.934,0.935,0.0,0.0,0.0,0.0,0.0,1450000.0,1683600.0,1018100.0,972000.0,690100.0,0.0,0.0,0.0,0.0,0.0,1559300.0,4029500.0,1821100.0,1262400.0,1307300.0,0.0,0.0,0.0,0.0,0.0
20230824140831232,SZSE,SZSE.ETF.159928,0.93,0.914,0.933,0.91,0.0,1.003,0.821,116715315.0,16200.0,107505705.155,15066.0,0.0,0.0,20230824,20230824,140831230,0.912,0.0,0.0,0.93,0.929,0.928,0.927,0.926,0.0,0.0,0.0,0.0,0.0,0.931,0.932,0.933,0.934,0.935,0.0,0.0,0.0,0.0,0.0,1450000.0,1683600.0,1018100.0,972000.0,690100.0,0.0,0.0,0.0,0.0,0.0,1559300.0,4029500.0,1821100.0,1262400.0,1307300.0,0.0,0.0,0.0,0.0,0.0
20230824140836096,SZSE,SZSE.ETF.159928,0.93,0.914,0.933,0.91,0.0,1.003,0.821,116716015.0,700.0,107506356.155,651.0,0.0,0.0,20230824,20230824,140836094,0.912,0.0,0.0,0.93,0.929,0.928,0.927,0.926,0.0,0.0,0.0,0.0,0.0,0.931,0.932,0.933,0.934,0.935,0.0,0.0,0.0,0.0,0.0,1449300.0,1683600.0,3018100.0,972000.0,690100.0,0.0,0.0,0.0,0.0,0.0,1559300.0,4029500.0,1821100.0,1262400.0,1307300.0,0.0,0.0,0.0,0.0,0.0
20230824140834244,SZSE,SZSE.ETF.159928,0.93,0.914,0.933,0.91,0.0,1.003,0.821,116716015.0,700.0,107506356.155,651.0,0.0,0.0,20230824,20230824,140834243,0.912,0.0,0.0,0.93,0.929,0.928,0.927,0.926,0.0,0.0,0.0,0.0,0.0,0.931,0.932,0.933,0.934,0.935,0.0,0.0,0.0,0.0,0.0,1449300.0,1683600.0,3018100.0,972000.0,690100.0,0.0,0.0,0.0,0.0,0.0,1559300.0,4029500.0,1821100.0,1262400.0,1307300.0,0.0,0.0,0.0,0.0,0.0
20230824140839080,SZSE,SZSE.ETF.159928,0.93,0.914,0.933,0.91,0.0,1.003,0.821,116726915.0,10900.0,107516493.155,10137.0,0.0,0.0,20230824,20230824,140839078,0.912,0.0,0.0,0.93,0.929,0.928,0.927,0.926,0.0,0.0,0.0,0.0,0.0,0.931,0.932,0.933,0.934,0.935,0.0,0.0,0.0,0.0,0.0,1438400.0,1683600.0,3018100.0,972000.0,690100.0,0.0,0.0,0.0,0.0,0.0,1579300.0,4029500.0,1821100.0,1262400.0,1307300.0,0.0,0.0,0.0,0.0,0.0
20230824140837220,SZSE,SZSE.ETF.159928,0.93,0.914,0.933,0.91,0.0,1.003,0.821,116726915.0,10900.0,107516493.155,10137.0,0.0,0.0,20230824,20230824,140837221,0.912,0.0,0.0,0.93,0.929,0.928,0.927,0.926,0.0,0.0,0.0,0.0,0.0,0.931,0.932,0.933,0.934,0.935,0.0,0.0,0.0,0.0,0.0,1438400.0,1683600.0,3018100.0,972000.0,690100.0,0.0,0.0,0.0,0.0,0.0,1579300.0,4029500.0,1821100.0,1262400.0,1307300.0,0.0,0.0,0.0,0.0,0.0
20230824140842080,SZSE,SZSE.ETF.159928,0.93,0.914,0.933,0.91,0.0,1.003,0.821,116732915.0,6000.0,107522073.155,5580.0,0.0,0.0,20230824,20230824,140842078,0.912,0.0,0.0,0.93,0.929,0.928,0.927,0.926,0.0,0.0,0.0,0.0,0.0,0.931,0.932,0.933,0.934,0.935,0.0,0.0,0.0,0.0,0.0,1432400.0,1683600.0,3018100.0,972000.0,690100.0,0.0,0.0,0.0,0.0,0.0,1579300.0,4029500.0,1821100.0,1262400.0,1307300.0,0.0,0.0,0.0,0.0,0.0
20230824140840220,SZSE,SZSE.ETF.159928,0.93,0.914,0.933,0.91,0.0,1.003,0.821,116732915.0,6000.0,107522073.155,5580.0,0.0,0.0,20230824,20230824,140840219,0.912,0.0,0.0,0.93,0.929,0.928,0.927,0.926,0.0,0.0,0.0,0.0,0.0,0.931,0.932,0.933,0.934,0.935,0.0,0.0,0.0,0.0,0.0,1432400.0,1683600.0,3018100.0,972000.0,690100.0,0.0,0.0,0.0,0.0,0.0,1579300.0,4029500.0,1821100.0,1262400.0,1307300.0,0.0,0.0,0.0,0.0,0.0
20230824140845124,SZSE,SZSE.ETF.159928,0.93,0.914,0.933,0.91,0.0,1.003,0.821,116738015.0,5100.0,107526816.155,4743.0,0.0,0.0,20230824,20230824,140845125,0.912,0.0,0.0,0.93,0.929,0.928,0.927,0.926,0.0,0.0,0.0,0.0,0.0,0.931,0.932,0.933,0.934,0.935,0.0,0.0,0.0,0.0,0.0,1427300.0,1683600.0,3018100.0,972000.0,690100.0,0.0,0.0,0.0,0.0,0.0,1579300.0,4029500.0,1821100.0,1262400.0,1307300.0,0.0,0.0,0.0,0.0,0.0
20230824140843260,SZSE,SZSE.ETF.159928,0.93,0.914,0.933,0.91,0.0,1.003,0.821,116738015.0,5100.0,107526816.155,4743.0,0.0,0.0,20230824,20230824,140843260,0.912,0.0,0.0,0.93,0.929,0.928,0.927,0.926,0.0,0.0,0.0,0.0,0.0,0.931,0.932,0.933,0.934,0.935,0.0,0.0,0.0,0.0,0.0,1427300.0,1683600.0,3018100.0,972000.0,690100.0,0.0,0.0,0.0,0.0,0.0,1579300.0,4029500.0,1821100.0,1262400.0,1307300.0,0.0,0.0,0.0,0.0,0.0
20230824140848140,SZSE,SZSE.ETF.159928,0.93,0.914,0.933,0.91,0.0,1.003,0.821,116789415.0,51400.0,107574618.155,47802.0,0.0,0.0,20230824,20230824,140848141,0.912,0.0,0.0,0.93,0.929,0.928,0.927,0.926,0.0,0.0,0.0,0.0,0.0,0.931,0.932,0.933,0.934,0.935,0.0,0.0,0.0,0.0,0.0,1375900.0,1683600.0,3018100.0,972000.0,690100.0,0.0,0.0,0.0,0.0,0.0,1579300.0,4029500.0,1821100.0,1262400.0,1307300.0,0.0,0.0,0.0,0.0,0.0
20230824140846284,SZSE,SZSE.ETF.159928,0.93,0.914,0.933,0.91,0.0,1.003,0.821,116789415.0,51400.0,107574618.155,47802.0,0.0,0.0,20230824,20230824,140846284,0.912,0.0,0.0,0.93,0.929,0.928,0.927,0.926,0.0,0.0,0.0,0.0,0.0,0.931,0.932,0.933,0.934,0.935,0.0,0.0,0.0,0.0,0.0,1375900.0,1683600.0,3018100.0,972000.0,690100.0,0.0,0.0,0.0,0.0,0.0,1579300.0,4029500.0,1821100.0,1262400.0,1307300.0,0.0,0.0,0.0,0.0,0.0
20230824140851108,SZSE,SZSE.ETF.159928,0.93,0.914,0.933,0.91,0.0,1.003,0.821,116789915.0,500.0,107575083.155,465.0,0.0,0.0,20230824,20230824,140851109,0.912,0.0,0.0,0.93,0.929,0.928,0.927,0.926,0.0,0.0,0.0,0.0,0.0,0.931,0.932,0.933,0.934,0.935,0.0,0.0,0.0,0.0,0.0,1375400.0,1683600.0,3018100.0,972000.0,690100.0,0.0,0.0,0.0,0.0,0.0,1579300.0,4029500.0,1825100.0,1262400.0,1307300.0,0.0,0.0,0.0,0.0,0.0
20230824140849244,SZSE,SZSE.ETF.159928,0.93,0.914,0.933,0.91,0.0,1.003,0.821,116789915.0,500.0,107575083.155,465.0,0.0,0.0,20230824,20230824,140849245,0.912,0.0,0.0,0.93,0.929,0.928,0.927,0.926,0.0,0.0,0.0,0.0,0.0,0.931,0.932,0.933,0.934,0.935,0.0,0.0,0.0,0.0,0.0,1375400.0,1683600.0,3018100.0,972000.0,690100.0,0.0,0.0,0.0,0.0,0.0,1579300.0,4029500.0,1825100.0,1262400.0,1307300.0,0.0,0.0,0.0,0.0,0.0
20230824140854156,SZSE,SZSE.ETF.159928,0.93,0.914,0.933,0.91,0.0,1.003,0.821,116821015.0,31100.0,107604006.155,28923.0,0.0,0.0,20230824,20230824,140854156,0.912,0.0,0.0,0.93,0.929,0.928,0.927,0.926,0.0,0.0,0.0,0.0,0.0,0.931,0.932,0.933,0.934,0.935,0.0,0.0,0.0,0.0,0.0,1344300.0,1683600.0,3018100.0,972000.0,690100.0,0.0,0.0,0.0,0.0,0.0,1580300.0,4029500.0,1825100.0,1262400.0,1307300.0,0.0,0.0,0.0,0.0,0.0
20230824140857096,SZSE,SZSE.ETF.159928,0.93,0.914,0.933,0.91,0.0,1.003,0.821,116841015.0,20000.0,107622606.155,18600.0,0.0,0.0,20230824,20230824,140857094,0.912,0.0,0.0,0.93,0.929,0.928,0.927,0.926,0.0,0.0,0.0,0.0,0.0,0.931,0.932,0.933,0.934,0.935,0.0,0.0,0.0,0.0,0.0,1324300.0,1683600.0,3018100.0,972000.0,690100.0,0.0,0.0,0.0,0.0,0.0,1580300.0,4029500.0,1825100.0,1262400.0,1307300.0,0.0,0.0,0.0,0.0,0.0
20230824140855240,SZSE,SZSE.ETF.159928,0.93,0.914,0.933,0.91,0.0,1.003,0.821,116841015.0,20000.0,107622606.155,18600.0,0.0,0.0,20230824,20230824,140855242,0.912,0.0,0.0,0.93,0.929,0.928,0.927,0.926,0.0,0.0,0.0,0.0,0.0,0.931,0.932,0.933,0.934,0.935,0.0,0.0,0.0,0.0,0.0,1324300.0,1683600.0,3018100.0,972000.0,690100.0,0.0,0.0,0.0,0.0,0.0,1580300.0,4029500.0,1825100.0,1262400.0,1307300.0,0.0,0.0,0.0,0.0,0.0
20230824140900140,SZSE,SZSE.ETF.159928,0.93,0.914,0.933,0.91,0.0,1.003,0.821,116842015.0,1000.0,107623536.155,930.0,0.0,0.0,20230824,20230824,140900141,0.912,0.0,0.0,0.93,0.929,0.928,0.927,0.926,0.0,0.0,0.0,0.0,0.0,0.931,0.932,0.933,0.934,0.935,0.0,0.0,0.0,0.0,0.0,1403300.0,1683600.0,3018100.0,972000.0,690100.0,0.0,0.0,0.0,0.0,0.0,1580300.0,4029500.0,1825100.0,1262400.0,1307300.0,0.0,0.0,0.0,0.0,0.0
20230824140858280,SZSE,SZSE.ETF.159928,0.93,0.914,0.933,0.91,0.0,1.003,0.821,116842015.0,1000.0,107623536.155,930.0,0.0,0.0,20230824,20230824,140858282,0.912,0.0,0.0,0.93,0.929,0.928,0.927,0.926,0.0,0.0,0.0,0.0,0.0,0.931,0.932,0.933,0.934,0.935,0.0,0.0,0.0,0.0,0.0,1403300.0,1683600.0,3018100.0,972000.0,690100.0,0.0,0.0,0.0,0.0,0.0,1580300.0,4029500.0,1825100.0,1262400.0,1307300.0,0.0,0.0,0.0,0.0,0.0
20230824140906156,SZSE,SZSE.ETF.159928,0.93,0.914,0.933,0.91,0.0,1.003,0.821,116855115.0,13100.0,107635719.155,12183.0,0.0,0.0,20230824,20230824,140906156,0.912,0.0,0.0,0.93,0.929,0.928,0.927,0.926,0.0,0.0,0.0,0.0,0.0,0.931,0.932,0.933,0.934,0.935,0.0,0.0,0.0,0.0,0.0,1390200.0,1683600.0,3018100.0,972000.0,690100.0,0.0,0.0,0.0,0.0,0.0,1580300.0,4029500.0,1825100.0,1262400.0,1307300.0,0.0,0.0,0.0,0.0,0.0
20230824140909124,SZSE,SZSE.ETF.159928,0.93,0.914,0.933,0.91,0.0,1.003,0.821,116859715.0,4600.0,107639997.155,4278.0,0.0,0.0,20230824,20230824,140909125,0.912,0.0,0.0,0.93,0.929,0.928,0.927,0.926,0.0,0.0,0.0,0.0,0.0,0.931,0.932,0.933,0.934,0.935,0.0,0.0,0.0,0.0,0.0,1305600.0,1683600.0,3018100.0,972000.0,690100.0,0.0,0.0,0.0,0.0,0.0,1580300.0,4030000.0,1824600.0,1262400.0,1307300.0,0.0,0.0,0.0,0.0,0.0
20230824140912080,SZSE,SZSE.ETF.159928,0.93,0.914,0.933,0.91,0.0,1.003,0.821,116861715.0,2000.0,107641857.155,1860.0,0.0,0.0,20230824,20230824,140912078,0.912,0.0,0.0,0.93,0.929,0.928,0.927,0.926,0.0,0.0,0.0,0.0,0.0,0.931,0.932,0.933,0.934,0.935,0.0,0.0,0.0,0.0,0.0,1303600.0,1683600.0,3018100.0,972000.0,690100.0,0.0,0.0,0.0,0.0,0.0,1580300.0,4030000.0,1824600.0,1262400.0,1307300.0,0.0,0.0,0.0,0.0,0.0
20230824140910224,SZSE,SZSE.ETF.159928,0.93,0.914,0.933,0.91,0.0,1.003,0.821,116861715.0,2000.0,107641857.155,1860.0,0.0,0.0,20230824,20230824,140910224,0.912,0.0,0.0,0.93,0.929,0.928,0.927,0.926,0.0,0.0,0.0,0.0,0.0,0.931,0.932,0.933,0.934,0.935,0.0,0.0,0.0,0.0,0.0,1303600.0,1683600.0,3018100.0,972000.0,690100.0,0.0,0.0,0.0,0.0,0.0,1580300.0,4030000.0,1824600.0,1262400.0,1307300.0,0.0,0.0,0.0,0.0,0.0
20230824140915140,SZSE,SZSE.ETF.159928,0.93,0.914,0.933,0.91,0.0,1.003,0.821,116864715.0,3000.0,107644647.155,2790.0,0.0,0.0,20230824,20230824,140915141,0.912,0.0,0.0,0.93,0.929,0.928,0.927,0.926,0.0,0.0,0.0,0.0,0.0,0.931,0.932,0.933,0.934,0.935,0.0,0.0,0.0,0.0,0.0,1300600.0,1683600.0,3018100.0,972000.0,690100.0,0.0,0.0,0.0,0.0,0.0,1580300.0,4030000.0,1824600.0,1262400.0,1307300.0,0.0,0.0,0.0,0.0,0.0
20230824140918096,SZSE,SZSE.ETF.159928,0.93,0.914,0.933,0.91,0.0,1.003,0.821,116864715.0,0.0,107644647.155,0.0,0.0,0.0,20230824,20230824,140918094,0.912,0.0,0.0,0.93,0.929,0.928,0.927,0.926,0.0,0.0,0.0,0.0,0.0,0.931,0.932,0.933,0.934,0.935,0.0,0.0,0.0,0.0,0.0,1300600.0,1683600.0,3018100.0,972000.0,690100.0,0.0,0.0,0.0,0.0,0.0,1580300.0,4030000.0,1824600.0,1257400.0,1307300.0,0.0,0.0,0.0,0.0,0.0
20230824140916236,SZSE,SZSE.ETF.159928,0.93,0.914,0.933,0.91,0.0,1.003,0.821,116864715.0,0.0,107644647.155,0.0,0.0,0.0,20230824,20230824,140916237,0.912,0.0,0.0,0.93,0.929,0.928,0.927,0.926,0.0,0.0,0.0,0.0,0.0,0.931,0.932,0.933,0.934,0.935,0.0,0.0,0.0,0.0,0.0,1300600.0,1683600.0,3018100.0,972000.0,690100.0,0.0,0.0,0.0,0.0,0.0,1580300.0,4030000.0,1824600.0,1257400.0,1307300.0,0.0,0.0,0.0,0.0,0.0
20230824140921080,SZSE,SZSE.ETF.159928,0.93,0.914,0.933,0.91,0.0,1.003,0.821,116884715.0,20000.0,107663247.155,18600.0,0.0,0.0,20230824,20230824,140921078,0.912,0.0,0.0,0.93,0.929,0.928,0.927,0.926,0.0,0.0,0.0,0.0,0.0,0.931,0.932,0.933,0.934,0.935,0.0,0.0,0.0,0.0,0.0,1280600.0,1683600.0,3018100.0,972000.0,690100.0,0.0,0.0,0.0,0.0,0.0,1580300.0,4030000.0,1824600.0,1257400.0,1307300.0,0.0,0.0,0.0,0.0,0.0
20230824140919228,SZSE,SZSE.ETF.159928,0.93,0.914,0.933,0.91,0.0,1.003,0.821,116884715.0,20000.0,107663247.155,18600.0,0.0,0.0,20230824,20230824,140919227,0.912,0.0,0.0,0.93,0.929,0.928,0.927,0.926,0.0,0.0,0.0,0.0,0.0,0.931,0.932,0.933,0.934,0.935,0.0,0.0,0.0,0.0,0.0,1280600.0,1683600.0,3018100.0,972000.0,690100.0,0.0,0.0,0.0,0.0,0.0,1580300.0,4030000.0,1824600.0,1257400.0,1307300.0,0.0,0.0,0.0,0.0,0.0
20230824140924064,SZSE,SZSE.ETF.159928,0.93,0.914,0.933,0.91,0.0,1.003,0.821,116884715.0,0.0,107663247.155,0.0,0.0,0.0,20230824,20230824,140924063,0.912,0.0,0.0,0.93,0.929,0.928,0.927,0.926,0.0,0.0,0.0,0.0,0.0,0.931,0.932,0.933,0.934,0.935,0.0,0.0,0.0,0.0,0.0,1280600.0,1683600.0,3018100.0,972000.0,690100.0,0.0,0.0,0.0,0.0,0.0,1230300.0,4030000.0,1824600.0,1257400.0,1307300.0,0.0,0.0,0.0,0.0,0.0
20230824140922200,SZSE,SZSE.ETF.159928,0.93,0.914,0.933,0.91,0.0,1.003,0.821,116884715.0,0.0,107663247.155,0.0,0.0,0.0,20230824,20230824,140922201,0.912,0.0,0.0,0.93,0.929,0.928,0.927,0.926,0.0,0.0,0.0,0.0,0.0,0.931,0.932,0.933,0.934,0.935,0.0,0.0,0.0,0.0,0.0,1280600.0,1683600.0,3018100.0,972000.0,690100.0,0.0,0.0,0.0,0.0,0.0,1230300.0,4030000.0,1824600.0,1257400.0,1307300.0,0.0,0.0,0.0,0.0,0.0
20230824140927080,SZSE,SZSE.ETF.159928,0.93,0.914,0.933,0.91,0.0,1.003,0.821,116884715.0,0.0,107663247.155,0.0,0.0,0.0,20230824,20230824,140927078,0.912,0.0,0.0,0.93,0.929,0.928,0.927,0.926,0.0,0.0,0.0,0.0,0.0,0.931,0.932,0.933,0.934,0.935,0.0,0.0,0.0,0.0,0.0,1360600.0,1683600.0,3018100.0,972000.0,690100.0,0.0,0.0,0.0,0.0,0.0,1240300.0,4030000.0,1824600.0,1257400.0,1307300.0,0.0,0.0,0.0,0.0,0.0
20230824140925216,SZSE,SZSE.ETF.159928,0.93,0.914,0.933,0.91,0.0,1.003,0.821,116884715.0,0.0,107663247.155,0.0,0.0,0.0,20230824,20230824,140925218,0.912,0.0,0.0,0.93,0.929,0.928,0.927,0.926,0.0,0.0,0.0,0.0,0.0,0.931,0.932,0.933,0.934,0.935,0.0,0.0,0.0,0.0,0.0,1360600.0,1683600.0,3018100.0,972000.0,690100.0,0.0,0.0,0.0,0.0,0.0,1240300.0,4030000.0,1824600.0,1257400.0,1307300.0,0.0,0.0,0.0,0.0,0.0
20230824140930096,SZSE,SZSE.ETF.159928,0.93,0.914,0.933,0.91,0.0,1.003,0.821,116887715.0,3000.0,107666037.155,2790.0,0.0,0.0,20230824,20230824,140930095,0.912,0.0,0.0,0.93,0.929,0.928,0.927,0.926,0.0,0.0,0.0,0.0,0.0,0.931,0.932,0.933,0.934,0.935,0.0,0.0,0.0,0.0,0.0,1707600.0,1683600.0,3018100.0,972000.0,690100.0,0.0,0.0,0.0,0.0,0.0,1294600.0,4030000.0,1824200.0,1257400.0,1307300.0,0.0,0.0,0.0,0.0,0.0
20230824140928232,SZSE,SZSE.ETF.159928,0.93,0.914,0.933,0.91,0.0,1.003,0.821,116887715.0,3000.0,107666037.155,2790.0,0.0,0.0,20230824,20230824,140928231,0.912,0.0,0.0,0.93,0.929,0.928,0.927,0.926,0.0,0.0,0.0,0.0,0.0,0.931,0.932,0.933,0.934,0.935,0.0,0.0,0.0,0.0,0.0,1707600.0,1683600.0,3018100.0,972000.0,690100.0,0.0,0.0,0.0,0.0,0.0,1294600.0,4030000.0,1824200.0,1257400.0,1307300.0,0.0,0.0,0.0,0.0,0.0
20230824140931256,SZSE,SZSE.ETF.159928,0.93,0.914,0.933,0.91,0.0,1.003,0.821,116912715.0,25000.0,107689287.155,23250.0,0.0,0.0,20230824,20230824,140931258,0.912,0.0,0.0,0.93,0.929,0.928,0.927,0.926,0.0,0.0,0.0,0.0,0.0,0.931,0.932,0.933,0.934,0.935,0.0,0.0,0.0,0.0,0.0,1682600.0,1683600.0,3018100.0,972000.0,690100.0,0.0,0.0,0.0,0.0,0.0,1294600.0,4030000.0,1824200.0,1257400.0,1307300.0,0.0,0.0,0.0,0.0,0.0
20230824140933108,SZSE,SZSE.ETF.159928,0.93,0.914,0.933,0.91,0.0,1.003,0.821,116912715.0,25000.0,107689287.155,23250.0,0.0,0.0,20230824,20230824,140933109,0.912,0.0,0.0,0.93,0.929,0.928,0.927,0.926,0.0,0.0,0.0,0.0,0.0,0.931,0.932,0.933,0.934,0.935,0.0,0.0,0.0,0.0,0.0,1682600.0,1683600.0,3018100.0,972000.0,690100.0,0.0,0.0,0.0,0.0,0.0,1294600.0,4030000.0,1824200.0,1257400.0,1307300.0,0.0,0.0,0.0,0.0,0.0
20230824140937252,SZSE,SZSE.ETF.159928,0.93,0.914,0.933,0.91,0.0,1.003,0.821,116913315.0,600.0,107689845.155,558.0,0.0,0.0,20230824,20230824,140937251,0.912,0.0,0.0,0.93,0.929,0.928,0.927,0.926,0.0,0.0,0.0,0.0,0.0,0.931,0.932,0.933,0.934,0.935,0.0,0.0,0.0,0.0,0.0,1682000.0,1683600.0,3018100.0,972000.0,690100.0,0.0,0.0,0.0,0.0,0.0,1304400.0,4030000.0,1824200.0,1257400.0,1307300.0,0.0,0.0,0.0,0.0,0.0
20230824140939108,SZSE,SZSE.ETF.159928,0.93,0.914,0.933,0.91,0.0,1.003,0.821,116913315.0,600.0,107689845.155,558.0,0.0,0.0,20230824,20230824,140939109,0.912,0.0,0.0,0.93,0.929,0.928,0.927,0.926,0.0,0.0,0.0,0.0,0.0,0.931,0.932,0.933,0.934,0.935,0.0,0.0,0.0,0.0,0.0,1682000.0,1683600.0,3018100.0,972000.0,690100.0,0.0,0.0,0.0,0.0,0.0,1304400.0,4030000.0,1824200.0,1257400.0,1307300.0,0.0,0.0,0.0,0.0,0.0
20230824140942096,SZSE,SZSE.ETF.159928,0.93,0.914,0.933,0.91,0.0,1.003,0.821,116913315.0,0.0,107689845.155,0.0,0.0,0.0,20230824,20230824,140942094,0.912,0.0,0.0,0.93,0.929,0.928,0.927,0.926,0.0,0.0,0.0,0.0,0.0,0.931,0.932,0.933,0.934,0.935,0.0,0.0,0.0,0.0,0.0,1683100.0,3683600.0,1018100.0,972000.0,690100.0,0.0,0.0,0.0,0.0,0.0,1299400.0,4030000.0,1824200.0,1257400.0,1307300.0,0.0,0.0,0.0,0.0,0.0
20230824140940232,SZSE,SZSE.ETF.159928,0.93,0.914,0.933,0.91,0.0,1.003,0.821,116913315.0,0.0,107689845.155,0.0,0.0,0.0,20230824,20230824,140940230,0.912,0.0,0.0,0.93,0.929,0.928,0.927,0.926,0.0,0.0,0.0,0.0,0.0,0.931,0.932,0.933,0.934,0.935,0.0,0.0,0.0,0.0,0.0,1683100.0,3683600.0,1018100.0,972000.0,690100.0,0.0,0.0,0.0,0.0,0.0,1299400.0,4030000.0,1824200.0,1257400.0,1307300.0,0.0,0.0,0.0,0.0,0.0
20230824140945124,SZSE,SZSE.ETF.159928,0.93,0.914,0.933,0.91,0.0,1.003,0.821,116921415.0,8100.0,107697378.155,7533.0,0.0,0.0,20230824,20230824,140945125,0.912,0.0,0.0,0.93,0.929,0.928,0.927,0.926,0.0,0.0,0.0,0.0,0.0,0.931,0.932,0.933,0.934,0.935,0.0,0.0,0.0,0.0,0.0,1675000.0,3683600.0,1018100.0,972000.0,690100.0,0.0,0.0,0.0,0.0,0.0,1299400.0,4030000.0,1824200.0,1257400.0,1307300.0,0.0,0.0,0.0,0.0,0.0
20230824140943272,SZSE,SZSE.ETF.159928,0.93,0.914,0.933,0.91,0.0,1.003,0.821,116921415.0,8100.0,107697378.155,7533.0,0.0,0.0,20230824,20230824,140943270,0.912,0.0,0.0,0.93,0.929,0.928,0.927,0.926,0.0,0.0,0.0,0.0,0.0,0.931,0.932,0.933,0.934,0.935,0.0,0.0,0.0,0.0,0.0,1675000.0,3683600.0,1018100.0,972000.0,690100.0,0.0,0.0,0.0,0.0,0.0,1299400.0,4030000.0,1824200.0,1257400.0,1307300.0,0.0,0.0,0.0,0.0,0.0
20230824140946220,SZSE,SZSE.ETF.159928,0.93,0.914,0.933,0.91,0.0,1.003,0.821,116921915.0,500.0,107697843.155,465.0,0.0,0.0,20230824,20230824,140946220,0.912,0.0,0.0,0.93,0.929,0.928,0.927,0.926,0.0,0.0,0.0,0.0,0.0,0.931,0.932,0.933,0.934,0.935,0.0,0.0,0.0,0.0,0.0,1674500.0,3683600.0,1018100.0,972000.0,690100.0,0.0,0.0,0.0,0.0,0.0,1299400.0,4030000.0,1854200.0,1257400.0,1307300.0,0.0,0.0,0.0,0.0,0.0
20230824140948080,SZSE,SZSE.ETF.159928,0.93,0.914,0.933,0.91,0.0,1.003,0.821,116921915.0,500.0,107697843.155,465.0,0.0,0.0,20230824,20230824,140948079,0.912,0.0,0.0,0.93,0.929,0.928,0.927,0.926,0.0,0.0,0.0,0.0,0.0,0.931,0.932,0.933,0.934,0.935,0.0,0.0,0.0,0.0,0.0,1674500.0,3683600.0,1018100.0,972000.0,690100.0,0.0,0.0,0.0,0.0,0.0,1299400.0,4030000.0,1854200.0,1257400.0,1307300.0,0.0,0.0,0.0,0.0,0.0
20230824140951064,SZSE,SZSE.ETF.159928,0.93,0.914,0.933,0.91,0.0,1.003,0.821,116922315.0,400.0,107698215.155,372.0,0.0,0.0,20230824,20230824,140951062,0.912,0.0,0.0,0.93,0.929,0.928,0.927,0.926,0.0,0.0,0.0,0.0,0.0,0.931,0.932,0.933,0.934,0.935,0.0,0.0,0.0,0.0,0.0,1324100.0,3683600.0,1018100.0,972000.0,690100.0,0.0,0.0,0.0,0.0,0.0,1295200.0,3963800.0,1854200.0,1273400.0,1307300.0,0.0,0.0,0.0,0.0,0.0
20230824140949212,SZSE,SZSE.ETF.159928,0.93,0.914,0.933,0.91,0.0,1.003,0.821,116922315.0,400.0,107698215.155,372.0,0.0,0.0,20230824,20230824,140949211,0.912,0.0,0.0,0.93,0.929,0.928,0.927,0.926,0.0,0.0,0.0,0.0,0.0,0.931,0.932,0.933,0.934,0.935,0.0,0.0,0.0,0.0,0.0,1324100.0,3683600.0,1018100.0,972000.0,690100.0,0.0,0.0,0.0,0.0,0.0,1295200.0,3963800.0,1854200.0,1273400.0,1307300.0,0.0,0.0,0.0,0.0,0.0
20230824140957064,SZSE,SZSE.ETF.159928,0.93,0.914,0.933,0.91,0.0,1.003,0.821,116941915.0,19600.0,107716443.155,18228.0,0.0,0.0,20230824,20230824,140957062,0.912,0.0,0.0,0.93,0.929,0.928,0.927,0.926,0.0,0.0,0.0,0.0,0.0,0.931,0.932,0.933,0.934,0.935,0.0,0.0,0.0,0.0,0.0,1304500.0,3683600.0,1018100.0,972000.0,690100.0,0.0,0.0,0.0,0.0,0.0,1295200.0,3963800.0,1854200.0,1273400.0,1307300.0,0.0,0.0,0.0,0.0,0.0
20230824140955212,SZSE,SZSE.ETF.159928,0.93,0.914,0.933,0.91,0.0,1.003,0.821,116941915.0,19600.0,107716443.155,18228.0,0.0,0.0,20230824,20230824,140955211,0.912,0.0,0.0,0.93,0.929,0.928,0.927,0.926,0.0,0.0,0.0,0.0,0.0,0.931,0.932,0.933,0.934,0.935,0.0,0.0,0.0,0.0,0.0,1304500.0,3683600.0,1018100.0,972000.0,690100.0,0.0,0.0,0.0,0.0,0.0,1295200.0,3963800.0,1854200.0,1273400.0,1307300.0,0.0,0.0,0.0,0.0,0.0
20230824141000112,SZSE,SZSE.ETF.159928,0.93,0.914,0.933,0.91,0.0,1.003,0.821,117141915.0,200000.0,107902443.155,186000.0,0.0,0.0,20230824,20230824,141000110,0.912,0.0,0.0,0.93,0.929,0.928,0.927,0.926,0.0,0.0,0.0,0.0,0.0,0.931,0.932,0.933,0.934,0.935,0.0,0.0,0.0,0.0,0.0,1110500.0,3683600.0,1018100.0,972000.0,690100.0,0.0,0.0,0.0,0.0,0.0,1645200.0,3963800.0,1854200.0,1273400.0,1307300.0,0.0,0.0,0.0,0.0,0.0
20230824140958256,SZSE,SZSE.ETF.159928,0.93,0.914,0.933,0.91,0.0,1.003,0.821,117141915.0,200000.0,107902443.155,186000.0,0.0,0.0,20230824,20230824,140958256,0.912,0.0,0.0,0.93,0.929,0.928,0.927,0.926,0.0,0.0,0.0,0.0,0.0,0.931,0.932,0.933,0.934,0.935,0.0,0.0,0.0,0.0,0.0,1110500.0,3683600.0,1018100.0,972000.0,690100.0,0.0,0.0,0.0,0.0,0.0,1645200.0,3963800.0,1854200.0,1273400.0,1307300.0,0.0,0.0,0.0,0.0,0.0
20230824141003080,SZSE,SZSE.ETF.159928,0.93,0.914,0.933,0.91,0.0,1.003,0.821,117141915.0,0.0,107902443.155,0.0,0.0,0.0,20230824,20230824,141003078,0.912,0.0,0.0,0.93,0.929,0.928,0.927,0.926,0.0,0.0,0.0,0.0,0.0,0.931,0.932,0.933,0.934,0.935,0.0,0.0,0.0,0.0,0.0,1030500.0,3683600.0,1018100.0,972000.0,690100.0,0.0,0.0,0.0,0.0,0.0,1645200.0,3963800.0,1854200.0,1273400.0,1307300.0,0.0,0.0,0.0,0.0,0.0
20230824141006124,SZSE,SZSE.ETF.159928,0.931,0.914,0.933,0.91,0.0,1.003,0.821,117173315.0,31400.0,107931645.455,29202.29999999702,0.0,0.0,20230824,20230824,141006125,0.912,0.0,0.0,0.93,0.929,0.928,0.927,0.926,0.0,0.0,0.0,0.0,0.0,0.931,0.932,0.933,0.934,0.935,0.0,0.0,0.0,0.0,0.0,879400.0,3683600.0,1018100.0,972000.0,690100.0,0.0,0.0,0.0,0.0,0.0,1094900.0,3976600.0,1854200.0,1273400.0,1307300.0,0.0,0.0,0.0,0.0,0.0
20230824141004268,SZSE,SZSE.ETF.159928,0.931,0.914,0.933,0.91,0.0,1.003,0.821,117173315.0,31400.0,107931645.455,29202.29999999702,0.0,0.0,20230824,20230824,141004267,0.912,0.0,0.0,0.93,0.929,0.928,0.927,0.926,0.0,0.0,0.0,0.0,0.0,0.931,0.932,0.933,0.934,0.935,0.0,0.0,0.0,0.0,0.0,879400.0,3683600.0,1018100.0,972000.0,690100.0,0.0,0.0,0.0,0.0,0.0,1094900.0,3976600.0,1854200.0,1273400.0,1307300.0,0.0,0.0,0.0,0.0,0.0
20230824141009124,SZSE,SZSE.ETF.159928,0.93,0.914,0.933,0.91,0.0,1.003,0.821,117183315.0,10000.0,107940945.455,9300.0,0.0,0.0,20230824,20230824,141009125,0.912,0.0,0.0,0.93,0.929,0.928,0.927,0.926,0.0,0.0,0.0,0.0,0.0,0.931,0.932,0.933,0.934,0.935,0.0,0.0,0.0,0.0,0.0,874400.0,3683600.0,1018100.0,972000.0,690100.0,0.0,0.0,0.0,0.0,0.0,1134900.0,3976600.0,1854200.0,1273400.0,1307300.0,0.0,0.0,0.0,0.0,0.0
20230824141007264,SZSE,SZSE.ETF.159928,0.93,0.914,0.933,0.91,0.0,1.003,0.821,117183315.0,10000.0,107940945.455,9300.0,0.0,0.0,20230824,20230824,141007264,0.912,0.0,0.0,0.93,0.929,0.928,0.927,0.926,0.0,0.0,0.0,0.0,0.0,0.931,0.932,0.933,0.934,0.935,0.0,0.0,0.0,0.0,0.0,874400.0,3683600.0,1018100.0,972000.0,690100.0,0.0,0.0,0.0,0.0,0.0,1134900.0,3976600.0,1854200.0,1273400.0,1307300.0,0.0,0.0,0.0,0.0,0.0
20230824141010240,SZSE,SZSE.ETF.159928,0.93,0.914,0.933,0.91,0.0,1.003,0.821,117246815.0,63500.0,108000000.455,59055.0,0.0,0.0,20230824,20230824,141010240,0.912,0.0,0.0,0.93,0.929,0.928,0.927,0.926,0.0,0.0,0.0,0.0,0.0,0.931,0.932,0.933,0.934,0.935,0.0,0.0,0.0,0.0,0.0,1010900.0,3683600.0,1018100.0,972000.0,690100.0,0.0,0.0,0.0,0.0,0.0,1334900.0,3976600.0,1854200.0,1273400.0,1307300.0,0.0,0.0,0.0,0.0,0.0
20230824141012096,SZSE,SZSE.ETF.159928,0.93,0.914,0.933,0.91,0.0,1.003,0.821,117246815.0,63500.0,108000000.455,59055.0,0.0,0.0,20230824,20230824,141012094,0.912,0.0,0.0,0.93,0.929,0.928,0.927,0.926,0.0,0.0,0.0,0.0,0.0,0.931,0.932,0.933,0.934,0.935,0.0,0.0,0.0,0.0,0.0,1010900.0,3683600.0,1018100.0,972000.0,690100.0,0.0,0.0,0.0,0.0,0.0,1334900.0,3976600.0,1854200.0,1273400.0,1307300.0,0.0,0.0,0.0,0.0,0.0
20230824141015124,SZSE,SZSE.ETF.159928,0.93,0.914,0.933,0.91,0.0,1.003,0.821,117247115.0,300.0,108000279.455,279.0,0.0,0.0,20230824,20230824,141015125,0.912,0.0,0.0,0.93,0.929,0.928,0.927,0.926,0.0,0.0,0.0,0.0,0.0,0.931,0.932,0.933,0.934,0.935,0.0,0.0,0.0,0.0,0.0,1360600.0,3683600.0,1018100.0,972000.0,690100.0,0.0,0.0,0.0,0.0,0.0,1280600.0,3976600.0,1854200.0,1273400.0,1307300.0,0.0,0.0,0.0,0.0,0.0
20230824141013272,SZSE,SZSE.ETF.159928,0.93,0.914,0.933,0.91,0.0,1.003,0.821,117247115.0,300.0,108000279.455,279.0,0.0,0.0,20230824,20230824,141013270,0.912,0.0,0.0,0.93,0.929,0.928,0.927,0.926,0.0,0.0,0.0,0.0,0.0,0.931,0.932,0.933,0.934,0.935,0.0,0.0,0.0,0.0,0.0,1360600.0,3683600.0,1018100.0,972000.0,690100.0,0.0,0.0,0.0,0.0,0.0,1280600.0,3976600.0,1854200.0,1273400.0,1307300.0,0.0,0.0,0.0,0.0,0.0
20230824141016236,SZSE,SZSE.ETF.159928,0.93,0.914,0.933,0.91,0.0,1.003,0.821,117247915.0,800.0,108001023.455,744.0,0.0,0.0,20230824,20230824,141016236,0.912,0.0,0.0,0.93,0.929,0.928,0.927,0.926,0.0,0.0,0.0,0.0,0.0,0.931,0.932,0.933,0.934,0.935,0.0,0.0,0.0,0.0,0.0,1359800.0,3683600.0,1125800.0,972000.0,690100.0,0.0,0.0,0.0,0.0,0.0,1280600.0,3976600.0,1854200.0,1273400.0,1307300.0,0.0,0.0,0.0,0.0,0.0
20230824141018096,SZSE,SZSE.ETF.159928,0.93,0.914,0.933,0.91,0.0,1.003,0.821,117247915.0,800.0,108001023.455,744.0,0.0,0.0,20230824,20230824,141018094,0.912,0.0,0.0,0.93,0.929,0.928,0.927,0.926,0.0,0.0,0.0,0.0,0.0,0.931,0.932,0.933,0.934,0.935,0.0,0.0,0.0,0.0,0.0,1359800.0,3683600.0,1125800.0,972000.0,690100.0,0.0,0.0,0.0,0.0,0.0,1280600.0,3976600.0,1854200.0,1273400.0,1307300.0,0.0,0.0,0.0,0.0,0.0
20230824141021080,SZSE,SZSE.ETF.159928,0.93,0.914,0.933,0.91,0.0,1.003,0.821,117247915.0,0.0,108001023.455,0.0,0.0,0.0,20230824,20230824,141021078,0.912,0.0,0.0,0.93,0.929,0.928,0.927,0.926,0.0,0.0,0.0,0.0,0.0,0.931,0.932,0.933,0.934,0.935,0.0,0.0,0.0,0.0,0.0,1359800.0,3683600.0,1125800.0,972000.0,690100.0,0.0,0.0,0.0,0.0,0.0,1316700.0,3976600.0,1854200.0,1273400.0,1307300.0,0.0,0.0,0.0,0.0,0.0
20230824141019216,SZSE,SZSE.ETF.159928,0.93,0.914,0.933,0.91,0.0,1.003,0.821,117247915.0,0.0,108001023.455,0.0,0.0,0.0,20230824,20230824,141019217,0.912,0.0,0.0,0.93,0.929,0.928,0.927,0.926,0.0,0.0,0.0,0.0,0.0,0.931,0.932,0.933,0.934,0.935,0.0,0.0,0.0,0.0,0.0,1359800.0,3683600.0,1125800.0,972000.0,690100.0,0.0,0.0,0.0,0.0,0.0,1316700.0,3976600.0,1854200.0,1273400.0,1307300.0,0.0,0.0,0.0,0.0,0.0
20230824141024064,SZSE,SZSE.ETF.159928,0.93,0.914,0.933,0.91,0.0,1.003,0.821,117247915.0,0.0,108001023.455,0.0,0.0,0.0,20230824,20230824,141024063,0.912,0.0,0.0,0.93,0.929,0.928,0.927,0.926,0.0,0.0,0.0,0.0,0.0,0.931,0.932,0.933,0.934,0.935,0.0,0.0,0.0,0.0,0.0,1359800.0,3683600.0,1125800.0,972000.0,690100.0,0.0,0.0,0.0,0.0,0.0,1316700.0,3982000.0,1854200.0,1273400.0,1307300.0,0.0,0.0,0.0,0.0,0.0
20230824141022200,SZSE,SZSE.ETF.159928,0.93,0.914,0.933,0.91,0.0,1.003,0.821,117247915.0,0.0,108001023.455,0.0,0.0,0.0,20230824,20230824,141022199,0.912,0.0,0.0,0.93,0.929,0.928,0.927,0.926,0.0,0.0,0.0,0.0,0.0,0.931,0.932,0.933,0.934,0.935,0.0,0.0,0.0,0.0,0.0,1359800.0,3683600.0,1125800.0,972000.0,690100.0,0.0,0.0,0.0,0.0,0.0,1316700.0,3982000.0,1854200.0,1273400.0,1307300.0,0.0,0.0,0.0,0.0,0.0
20230824141027064,SZSE,SZSE.ETF.159928,0.931,0.914,0.933,0.91,0.0,1.003,0.821,117282915.0,35000.0,108033576.055,32552.60000000894,0.0,0.0,20230824,20230824,141027062,0.912,0.0,0.0,0.93,0.929,0.928,0.927,0.926,0.0,0.0,0.0,0.0,0.0,0.931,0.932,0.933,0.934,0.935,0.0,0.0,0.0,0.0,0.0,1127400.0,3683600.0,1125800.0,972000.0,690100.0,0.0,0.0,0.0,0.0,0.0,1114100.0,3982000.0,1854700.0,1273400.0,1307300.0,0.0,0.0,0.0,0.0,0.0
20230824141030064,SZSE,SZSE.ETF.159928,0.931,0.914,0.933,0.91,0.0,1.003,0.821,117282915.0,0.0,108033576.055,0.0,0.0,0.0,20230824,20230824,141030062,0.912,0.0,0.0,0.93,0.929,0.928,0.927,0.926,0.0,0.0,0.0,0.0,0.0,0.931,0.932,0.933,0.934,0.935,0.0,0.0,0.0,0.0,0.0,1127400.0,3683600.0,1125800.0,972000.0,690100.0,0.0,0.0,0.0,0.0,0.0,1114100.0,3982000.0,1856700.0,1273400.0,1307300.0,0.0,0.0,0.0,0.0,0.0
20230824141031180,SZSE,SZSE.ETF.159928,0.931,0.914,0.933,0.91,0.0,1.003,0.821,117282915.0,0.0,108033576.055,0.0,0.0,0.0,20230824,20230824,141031181,0.912,0.0,0.0,0.93,0.929,0.928,0.927,0.926,0.0,0.0,0.0,0.0,0.0,0.931,0.932,0.933,0.934,0.935,0.0,0.0,0.0,0.0,0.0,897400.0,3683600.0,1125800.0,972000.0,690100.0,0.0,0.0,0.0,0.0,0.0,1314100.0,3982000.0,1856700.0,1273400.0,1307300.0,0.0,0.0,0.0,0.0,0.0
20230824141033080,SZSE,SZSE.ETF.159928,0.931,0.914,0.933,0.91,0.0,1.003,0.821,117282915.0,0.0,108033576.055,0.0,0.0,0.0,20230824,20230824,141033078,0.912,0.0,0.0,0.93,0.929,0.928,0.927,0.926,0.0,0.0,0.0,0.0,0.0,0.931,0.932,0.933,0.934,0.935,0.0,0.0,0.0,0.0,0.0,897400.0,3683600.0,1125800.0,972000.0,690100.0,0.0,0.0,0.0,0.0,0.0,1314100.0,3982000.0,1856700.0,1273400.0,1307300.0,0.0,0.0,0.0,0.0,0.0
20230824141036048,SZSE,SZSE.ETF.159928,0.931,0.914,0.933,0.91,0.0,1.003,0.821,117282915.0,0.0,108033576.055,0.0,0.0,0.0,20230824,20230824,141036047,0.912,0.0,0.0,0.93,0.929,0.928,0.927,0.926,0.0,0.0,0.0,0.0,0.0,0.931,0.932,0.933,0.934,0.935,0.0,0.0,0.0,0.0,0.0,1247400.0,3683600.0,1125800.0,972000.0,690100.0,0.0,0.0,0.0,0.0,0.0,1314100.0,3982000.0,1856700.0,1273400.0,1307300.0,0.0,0.0,0.0,0.0,0.0
20230824141039080,SZSE,SZSE.ETF.159928,0.931,0.914,0.933,0.91,0.0,1.003,0.821,117325715.0,42800.0,108073422.855,39846.79999999702,0.0,0.0,20230824,20230824,141039078,0.912,0.0,0.0,0.93,0.929,0.928,0.927,0.926,0.0,0.0,0.0,0.0,0.0,0.931,0.932,0.933,0.934,0.935,0.0,0.0,0.0,0.0,0.0,1127400.0,3683600.0,1125800.0,972000.0,690100.0,0.0,0.0,0.0,0.0,0.0,1074300.0,3982000.0,1856700.0,1273400.0,1307300.0,0.0,0.0,0.0,0.0,0.0
20230824141037220,SZSE,SZSE.ETF.159928,0.931,0.914,0.933,0.91,0.0,1.003,0.821,117325715.0,42800.0,108073422.855,39846.79999999702,0.0,0.0,20230824,20230824,141037219,0.912,0.0,0.0,0.93,0.929,0.928,0.927,0.926,0.0,0.0,0.0,0.0,0.0,0.931,0.932,0.933,0.934,0.935,0.0,0.0,0.0,0.0,0.0,1127400.0,3683600.0,1125800.0,972000.0,690100.0,0.0,0.0,0.0,0.0,0.0,1074300.0,3982000.0,1856700.0,1273400.0,1307300.0,0.0,0.0,0.0,0.0,0.0
20230824141042056,SZSE,SZSE.ETF.159928,0.931,0.914,0.933,0.91,0.0,1.003,0.821,117325715.0,0.0,108073422.855,0.0,0.0,0.0,20230824,20230824,141042056,0.912,0.0,0.0,0.93,0.929,0.928,0.927,0.926,0.0,0.0,0.0,0.0,0.0,0.931,0.932,0.933,0.934,0.935,0.0,0.0,0.0,0.0,0.0,1327400.0,3683600.0,1125800.0,972000.0,690100.0,0.0,0.0,0.0,0.0,0.0,1274300.0,3988000.0,1856700.0,1273400.0,1307300.0,0.0,0.0,0.0,0.0,0.0
20230824141040192,SZSE,SZSE.ETF.159928,0.931,0.914,0.933,0.91,0.0,1.003,0.821,117325715.0,0.0,108073422.855,0.0,0.0,0.0,20230824,20230824,141040190,0.912,0.0,0.0,0.93,0.929,0.928,0.927,0.926,0.0,0.0,0.0,0.0,0.0,0.931,0.932,0.933,0.934,0.935,0.0,0.0,0.0,0.0,0.0,1327400.0,3683600.0,1125800.0,972000.0,690100.0,0.0,0.0,0.0,0.0,0.0,1274300.0,3988000.0,1856700.0,1273400.0,1307300.0,0.0,0.0,0.0,0.0,0.0
20230824141045064,SZSE,SZSE.ETF.159928,0.931,0.914,0.933,0.91,0.0,1.003,0.821,117325715.0,0.0,108073422.855,0.0,0.0,0.0,20230824,20230824,141045064,0.912,0.0,0.0,0.93,0.929,0.928,0.927,0.926,0.0,0.0,0.0,0.0,0.0,0.931,0.932,0.933,0.934,0.935,0.0,0.0,0.0,0.0,0.0,1327400.0,3683600.0,1125800.0,972000.0,690100.0,0.0,0.0,0.0,0.0,0.0,1274300.0,3992000.0,1856700.0,1273400.0,1307300.0,0.0,0.0,0.0,0.0,0.0
20230824141043200,SZSE,SZSE.ETF.159928,0.931,0.914,0.933,0.91,0.0,1.003,0.821,117325715.0,0.0,108073422.855,0.0,0.0,0.0,20230824,20230824,141043199,0.912,0.0,0.0,0.93,0.929,0.928,0.927,0.926,0.0,0.0,0.0,0.0,0.0,0.931,0.932,0.933,0.934,0.935,0.0,0.0,0.0,0.0,0.0,1327400.0,3683600.0,1125800.0,972000.0,690100.0,0.0,0.0,0.0,0.0,0.0,1274300.0,3992000.0,1856700.0,1273400.0,1307300.0,0.0,0.0,0.0,0.0,0.0
20230824141054048,SZSE,SZSE.ETF.159928,0.931,0.914,0.933,0.91,0.0,1.003,0.821,117325715.0,0.0,108073422.855,0.0,0.0,0.0,20230824,20230824,141054049,0.912,0.0,0.0,0.93,0.929,0.928,0.927,0.926,0.0,0.0,0.0,0.0,0.0,0.931,0.932,0.933,0.934,0.935,0.0,0.0,0.0,0.0,0.0,1327400.0,3683600.0,1125800.0,972000.0,690100.0,0.0,0.0,0.0,0.0,0.0,1294300.0,3992000.0,1856700.0,1273400.0,1307300.0,0.0,0.0,0.0,0.0,0.0
20230824141100080,SZSE,SZSE.ETF.159928,0.931,0.914,0.933,0.91,0.0,1.003,0.821,117325715.0,0.0,108073422.855,0.0,0.0,0.0,20230824,20230824,141100079,0.912,0.0,0.0,0.93,0.929,0.928,0.927,0.926,0.0,0.0,0.0,0.0,0.0,0.931,0.932,0.933,0.934,0.935,0.0,0.0,0.0,0.0,0.0,977400.0,3683600.0,1126300.0,972000.0,690100.0,0.0,0.0,0.0,0.0,0.0,1644300.0,3992000.0,1856700.0,1273400.0,1307300.0,0.0,0.0,0.0,0.0,0.0
20230824141104272,SZSE,SZSE.ETF.159928,0.931,0.914,0.933,0.91,0.0,1.003,0.821,117325715.0,0.0,108073422.855,0.0,0.0,0.0,20230824,20230824,141104274,0.912,0.0,0.0,0.93,0.929,0.928,0.927,0.926,0.0,0.0,0.0,0.0,0.0,0.931,0.932,0.933,0.934,0.935,0.0,0.0,0.0,0.0,0.0,1327400.0,3683600.0,1126300.0,972000.0,690100.0,0.0,0.0,0.0,0.0,0.0,1294300.0,3992000.0,1856700.0,1273400.0,1307300.0,0.0,0.0,0.0,0.0,0.0
20230824141106132,SZSE,SZSE.ETF.159928,0.931,0.914,0.933,0.91,0.0,1.003,0.821,117325715.0,0.0,108073422.855,0.0,0.0,0.0,20230824,20230824,141106132,0.912,0.0,0.0,0.93,0.929,0.928,0.927,0.926,0.0,0.0,0.0,0.0,0.0,0.931,0.932,0.933,0.934,0.935,0.0,0.0,0.0,0.0,0.0,1327400.0,3683600.0,1126300.0,972000.0,690100.0,0.0,0.0,0.0,0.0,0.0,1294300.0,3992000.0,1856700.0,1273400.0,1307300.0,0.0,0.0,0.0,0.0,0.0
20230824141112172,SZSE,SZSE.ETF.159928,0.931,0.914,0.933,0.91,0.0,1.003,0.821,117325715.0,0.0,108073422.855,0.0,0.0,0.0,20230824,20230824,141112172,0.912,0.0,0.0,0.93,0.929,0.928,0.927,0.926,0.0,0.0,0.0,0.0,0.0,0.931,0.932,0.933,0.934,0.935,0.0,0.0,0.0,0.0,0.0,1327400.0,3683600.0,1126300.0,972000.0,690100.0,0.0,0.0,0.0,0.0,0.0,1294300.0,1992000.0,3856700.0,1273400.0,1307300.0,0.0,0.0,0.0,0.0,0.0
20230824141110312,SZSE,SZSE.ETF.159928,0.931,0.914,0.933,0.91,0.0,1.003,0.821,117325715.0,0.0,108073422.855,0.0,0.0,0.0,20230824,20230824,141110313,0.912,0.0,0.0,0.93,0.929,0.928,0.927,0.926,0.0,0.0,0.0,0.0,0.0,0.931,0.932,0.933,0.934,0.935,0.0,0.0,0.0,0.0,0.0,1327400.0,3683600.0,1126300.0,972000.0,690100.0,0.0,0.0,0.0,0.0,0.0,1294300.0,1992000.0,3856700.0,1273400.0,1307300.0,0.0,0.0,0.0,0.0,0.0
20230824141115140,SZSE,SZSE.ETF.159928,0.93,0.914,0.933,0.91,0.0,1.003,0.821,117367715.0,42000.0,108112492.855,39070.0,0.0,0.0,20230824,20230824,141115141,0.912,0.0,0.0,0.93,0.929,0.928,0.927,0.926,0.0,0.0,0.0,0.0,0.0,0.931,0.932,0.933,0.934,0.935,0.0,0.0,0.0,0.0,0.0,1095400.0,3683600.0,1126300.0,972000.0,690100.0,0.0,0.0,0.0,0.0,0.0,1084300.0,1992000.0,3856700.0,1273400.0,1307300.0,0.0,0.0,0.0,0.0,0.0
20230824141118220,SZSE,SZSE.ETF.159928,0.93,0.914,0.933,0.91,0.0,1.003,0.821,117373715.0,6000.0,108118072.855,5580.0,0.0,0.0,20230824,20230824,141118220,0.912,0.0,0.0,0.93,0.929,0.928,0.927,0.926,0.0,0.0,0.0,0.0,0.0,0.931,0.932,0.933,0.934,0.935,0.0,0.0,0.0,0.0,0.0,1289400.0,3683600.0,1126300.0,972000.0,690100.0,0.0,0.0,0.0,0.0,0.0,1284300.0,1992000.0,3856700.0,1273400.0,1307300.0,0.0,0.0,0.0,0.0,0.0
20230824141121156,SZSE,SZSE.ETF.159928,0.93,0.914,0.933,0.91,0.0,1.003,0.821,117373715.0,0.0,108118072.855,0.0,0.0,0.0,20230824,20230824,141121156,0.912,0.0,0.0,0.93,0.929,0.928,0.927,0.926,0.0,0.0,0.0,0.0,0.0,0.931,0.932,0.933,0.934,0.935,0.0,0.0,0.0,0.0,0.0,1289400.0,3683600.0,1126300.0,972000.0,690100.0,0.0,0.0,0.0,0.0,0.0,1284300.0,1985500.0,3856700.0,1273400.0,1307300.0,0.0,0.0,0.0,0.0,0.0
20230824141130124,SZSE,SZSE.ETF.159928,0.93,0.914,0.933,0.91,0.0,1.003,0.821,117373715.0,0.0,108118072.855,0.0,0.0,0.0,20230824,20230824,141130125,0.912,0.0,0.0,0.93,0.929,0.928,0.927,0.926,0.0,0.0,0.0,0.0,0.0,0.931,0.932,0.933,0.934,0.935,0.0,0.0,0.0,0.0,0.0,1289400.0,3693600.0,1126300.0,972000.0,690100.0,0.0,0.0,0.0,0.0,0.0,1284300.0,2027500.0,3856700.0,1273400.0,1307300.0,0.0,0.0,0.0,0.0,0.0
20230824141136080,SZSE,SZSE.ETF.159928,0.93,0.914,0.933,0.91,0.0,1.003,0.821,117373715.0,0.0,108118072.855,0.0,0.0,0.0,20230824,20230824,141136078,0.912,0.0,0.0,0.93,0.929,0.928,0.927,0.926,0.0,0.0,0.0,0.0,0.0,0.931,0.932,0.933,0.934,0.935,0.0,0.0,0.0,0.0,0.0,1289400.0,3693600.0,1126300.0,972000.0,690100.0,0.0,0.0,0.0,0.0,0.0,1304300.0,2027500.0,3856700.0,1273400.0,1307300.0,0.0,0.0,0.0,0.0,0.0
20230824141134224,SZSE,SZSE.ETF.159928,0.93,0.914,0.933,0.91,0.0,1.003,0.821,117373715.0,0.0,108118072.855,0.0,0.0,0.0,20230824,20230824,141134223,0.912,0.0,0.0,0.93,0.929,0.928,0.927,0.926,0.0,0.0,0.0,0.0,0.0,0.931,0.932,0.933,0.934,0.935,0.0,0.0,0.0,0.0,0.0,1289400.0,3693600.0,1126300.0,972000.0,690100.0,0.0,0.0,0.0,0.0,0.0,1304300.0,2027500.0,3856700.0,1273400.0,1307300.0,0.0,0.0,0.0,0.0,0.0
20230824141137232,SZSE,SZSE.ETF.159928,0.93,0.914,0.933,0.91,0.0,1.003,0.821,117373715.0,0.0,108118072.855,0.0,0.0,0.0,20230824,20230824,141137234,0.912,0.0,0.0,0.93,0.929,0.928,0.927,0.926,0.0,0.0,0.0,0.0,0.0,0.931,0.932,0.933,0.934,0.935,0.0,0.0,0.0,0.0,0.0,1289400.0,3693600.0,1126300.0,972000.0,690100.0,0.0,0.0,0.0,0.0,0.0,1304300.0,2028000.0,3856700.0,1273400.0,1307300.0,0.0,0.0,0.0,0.0,0.0
20230824141139096,SZSE,SZSE.ETF.159928,0.93,0.914,0.933,0.91,0.0,1.003,0.821,117373715.0,0.0,108118072.855,0.0,0.0,0.0,20230824,20230824,141139094,0.912,0.0,0.0,0.93,0.929,0.928,0.927,0.926,0.0,0.0,0.0,0.0,0.0,0.931,0.932,0.933,0.934,0.935,0.0,0.0,0.0,0.0,0.0,1289400.0,3693600.0,1126300.0,972000.0,690100.0,0.0,0.0,0.0,0.0,0.0,1304300.0,2028000.0,3856700.0,1273400.0,1307300.0,0.0,0.0,0.0,0.0,0.0
20230824141142096,SZSE,SZSE.ETF.159928,0.93,0.914,0.933,0.91,0.0,1.003,0.821,117373715.0,0.0,108118072.855,0.0,0.0,0.0,20230824,20230824,141142094,0.912,0.0,0.0,0.93,0.929,0.928,0.927,0.926,0.0,0.0,0.0,0.0,0.0,0.931,0.932,0.933,0.934,0.935,0.0,0.0,0.0,0.0,0.0,1289400.0,3893600.0,1126300.0,972000.0,490100.0,0.0,0.0,0.0,0.0,0.0,1304300.0,2058500.0,3856700.0,1273400.0,1307300.0,0.0,0.0,0.0,0.0,0.0
20230824141140228,SZSE,SZSE.ETF.159928,0.93,0.914,0.933,0.91,0.0,1.003,0.821,117373715.0,0.0,108118072.855,0.0,0.0,0.0,20230824,20230824,141140229,0.912,0.0,0.0,0.93,0.929,0.928,0.927,0.926,0.0,0.0,0.0,0.0,0.0,0.931,0.932,0.933,0.934,0.935,0.0,0.0,0.0,0.0,0.0,1289400.0,3893600.0,1126300.0,972000.0,490100.0,0.0,0.0,0.0,0.0,0.0,1304300.0,2058500.0,3856700.0,1273400.0,1307300.0,0.0,0.0,0.0,0.0,0.0
20230824141154080,SZSE,SZSE.ETF.159928,0.93,0.914,0.933,0.91,0.0,1.003,0.821,117373715.0,0.0,108118072.855,0.0,0.0,0.0,20230824,20230824,141154078,0.912,0.0,0.0,0.93,0.929,0.928,0.927,0.926,0.0,0.0,0.0,0.0,0.0,0.931,0.932,0.933,0.934,0.935,0.0,0.0,0.0,0.0,0.0,1289500.0,3893600.0,1126300.0,972000.0,490100.0,0.0,0.0,0.0,0.0,0.0,1304300.0,2058500.0,3856700.0,1273400.0,1307300.0,0.0,0.0,0.0,0.0,0.0
20230824141152216,SZSE,SZSE.ETF.159928,0.93,0.914,0.933,0.91,0.0,1.003,0.821,117373715.0,0.0,108118072.855,0.0,0.0,0.0,20230824,20230824,141152214,0.912,0.0,0.0,0.93,0.929,0.928,0.927,0.926,0.0,0.0,0.0,0.0,0.0,0.931,0.932,0.933,0.934,0.935,0.0,0.0,0.0,0.0,0.0,1289500.0,3893600.0,1126300.0,972000.0,490100.0,0.0,0.0,0.0,0.0,0.0,1304300.0,2058500.0,3856700.0,1273400.0,1307300.0,0.0,0.0,0.0,0.0,0.0
20230824141200124,SZSE,SZSE.ETF.159928,0.93,0.914,0.933,0.91,0.0,1.003,0.821,117373715.0,0.0,108118072.855,0.0,0.0,0.0,20230824,20230824,141200125,0.912,0.0,0.0,0.93,0.929,0.928,0.927,0.926,0.0,0.0,0.0,0.0,0.0,0.931,0.932,0.933,0.934,0.935,0.0,0.0,0.0,0.0,0.0,1289500.0,3893600.0,1126300.0,972000.0,490100.0,0.0,0.0,0.0,0.0,0.0,1304300.0,2066500.0,3856700.0,1273400.0,1307300.0,0.0,0.0,0.0,0.0,0.0
20230824141158264,SZSE,SZSE.ETF.159928,0.93,0.914,0.933,0.91,0.0,1.003,0.821,117373715.0,0.0,108118072.855,0.0,0.0,0.0,20230824,20230824,141158262,0.912,0.0,0.0,0.93,0.929,0.928,0.927,0.926,0.0,0.0,0.0,0.0,0.0,0.931,0.932,0.933,0.934,0.935,0.0,0.0,0.0,0.0,0.0,1289500.0,3893600.0,1126300.0,972000.0,490100.0,0.0,0.0,0.0,0.0,0.0,1304300.0,2066500.0,3856700.0,1273400.0,1307300.0,0.0,0.0,0.0,0.0,0.0
20230824141203108,SZSE,SZSE.ETF.159928,0.93,0.914,0.933,0.91,0.0,1.003,0.821,117423715.0,50000.0,108164572.855,46500.0,0.0,0.0,20230824,20230824,141203109,0.912,0.0,0.0,0.93,0.929,0.928,0.927,0.926,0.0,0.0,0.0,0.0,0.0,0.931,0.932,0.933,0.934,0.935,0.0,0.0,0.0,0.0,0.0,1239500.0,3893600.0,1126300.0,972000.0,490100.0,0.0,0.0,0.0,0.0,0.0,1304300.0,2066500.0,3856700.0,1273400.0,1307300.0,0.0,0.0,0.0,0.0,0.0
20230824141209108,SZSE,SZSE.ETF.159928,0.93,0.914,0.933,0.91,0.0,1.003,0.821,117443715.0,20000.0,108183172.855,18600.0,0.0,0.0,20230824,20230824,141209109,0.912,0.0,0.0,0.93,0.929,0.928,0.927,0.926,0.0,0.0,0.0,0.0,0.0,0.931,0.932,0.933,0.934,0.935,0.0,0.0,0.0,0.0,0.0,1219500.0,3893600.0,1126300.0,972000.0,490100.0,0.0,0.0,0.0,0.0,0.0,1304300.0,1866500.0,3856700.0,1273400.0,1507300.0,0.0,0.0,0.0,0.0,0.0
20230824141215096,SZSE,SZSE.ETF.159928,0.93,0.914,0.933,0.91,0.0,1.003,0.821,117443715.0,0.0,108183172.855,0.0,0.0,0.0,20230824,20230824,141215094,0.912,0.0,0.0,0.93,0.929,0.928,0.927,0.926,0.0,0.0,0.0,0.0,0.0,0.931,0.932,0.933,0.934,0.935,0.0,0.0,0.0,0.0,0.0,1219500.0,3893600.0,1126300.0,972000.0,490100.0,0.0,0.0,0.0,0.0,0.0,1304300.0,2066500.0,3856700.0,1273400.0,1307300.0,0.0,0.0,0.0,0.0,0.0
20230824141213236,SZSE,SZSE.ETF.159928,0.93,0.914,0.933,0.91,0.0,1.003,0.821,117443715.0,0.0,108183172.855,0.0,0.0,0.0,20230824,20230824,141213237,0.912,0.0,0.0,0.93,0.929,0.928,0.927,0.926,0.0,0.0,0.0,0.0,0.0,0.931,0.932,0.933,0.934,0.935,0.0,0.0,0.0,0.0,0.0,1219500.0,3893600.0,1126300.0,972000.0,490100.0,0.0,0.0,0.0,0.0,0.0,1304300.0,2066500.0,3856700.0,1273400.0,1307300.0,0.0,0.0,0.0,0.0,0.0
20230824141218064,SZSE,SZSE.ETF.159928,0.93,0.914,0.933,0.91,0.0,1.003,0.821,117450815.0,7100.0,108189780.855,6608.0,0.0,0.0,20230824,20230824,141218063,0.912,0.0,0.0,0.93,0.929,0.928,0.927,0.926,0.0,0.0,0.0,0.0,0.0,0.931,0.932,0.933,0.934,0.935,0.0,0.0,0.0,0.0,0.0,1017400.0,3893600.0,1128300.0,972000.0,490100.0,0.0,0.0,0.0,0.0,0.0,1099300.0,1844400.0,3856700.0,1273400.0,1507300.0,0.0,0.0,0.0,0.0,0.0
20230824141216208,SZSE,SZSE.ETF.159928,0.93,0.914,0.933,0.91,0.0,1.003,0.821,117450815.0,7100.0,108189780.855,6608.0,0.0,0.0,20230824,20230824,141216208,0.912,0.0,0.0,0.93,0.929,0.928,0.927,0.926,0.0,0.0,0.0,0.0,0.0,0.931,0.932,0.933,0.934,0.935,0.0,0.0,0.0,0.0,0.0,1017400.0,3893600.0,1128300.0,972000.0,490100.0,0.0,0.0,0.0,0.0,0.0,1099300.0,1844400.0,3856700.0,1273400.0,1507300.0,0.0,0.0,0.0,0.0,0.0
20230824141219204,SZSE,SZSE.ETF.159928,0.93,0.914,0.933,0.91,0.0,1.003,0.821,117450815.0,0.0,108189780.855,0.0,0.0,0.0,20230824,20230824,141219204,0.912,0.0,0.0,0.93,0.929,0.928,0.927,0.926,0.0,0.0,0.0,0.0,0.0,0.931,0.932,0.933,0.934,0.935,0.0,0.0,0.0,0.0,0.0,1217400.0,3893600.0,1128300.0,972000.0,490100.0,0.0,0.0,0.0,0.0,0.0,1299300.0,2044400.0,3856700.0,1273400.0,1307300.0,0.0,0.0,0.0,0.0,0.0
20230824141221124,SZSE,SZSE.ETF.159928,0.93,0.914,0.933,0.91,0.0,1.003,0.821,117450815.0,0.0,108189780.855,0.0,0.0,0.0,20230824,20230824,141221125,0.912,0.0,0.0,0.93,0.929,0.928,0.927,0.926,0.0,0.0,0.0,0.0,0.0,0.931,0.932,0.933,0.934,0.935,0.0,0.0,0.0,0.0,0.0,1217400.0,3893600.0,1128300.0,972000.0,490100.0,0.0,0.0,0.0,0.0,0.0,1299300.0,2044400.0,3856700.0,1273400.0,1307300.0,0.0,0.0,0.0,0.0,0.0
20230824141224064,SZSE,SZSE.ETF.159928,0.931,0.914,0.933,0.91,0.0,1.003,0.821,117451015.0,200.0,108189967.055,186.20000000298023,0.0,0.0,20230824,20230824,141224063,0.912,0.0,0.0,0.93,0.929,0.928,0.927,0.926,0.0,0.0,0.0,0.0,0.0,0.931,0.932,0.933,0.934,0.935,0.0,0.0,0.0,0.0,0.0,1017400.0,3893600.0,1128300.0,972000.0,490100.0,0.0,0.0,0.0,0.0,0.0,1099100.0,1844400.0,3856700.0,1273400.0,1507300.0,0.0,0.0,0.0,0.0,0.0
20230824141222212,SZSE,SZSE.ETF.159928,0.931,0.914,0.933,0.91,0.0,1.003,0.821,117451015.0,200.0,108189967.055,186.20000000298023,0.0,0.0,20230824,20230824,141222211,0.912,0.0,0.0,0.93,0.929,0.928,0.927,0.926,0.0,0.0,0.0,0.0,0.0,0.931,0.932,0.933,0.934,0.935,0.0,0.0,0.0,0.0,0.0,1017400.0,3893600.0,1128300.0,972000.0,490100.0,0.0,0.0,0.0,0.0,0.0,1099100.0,1844400.0,3856700.0,1273400.0,1507300.0,0.0,0.0,0.0,0.0,0.0
20230824141227064,SZSE,SZSE.ETF.159928,0.931,0.914,0.933,0.91,0.0,1.003,0.821,117537015.0,86000.0,108270000.655,80033.59999999404,0.0,0.0,20230824,20230824,141227063,0.912,0.0,0.0,0.93,0.929,0.928,0.927,0.926,0.0,0.0,0.0,0.0,0.0,0.931,0.932,0.933,0.934,0.935,0.0,0.0,0.0,0.0,0.0,985000.0,3893600.0,1128300.0,972000.0,490100.0,0.0,0.0,0.0,0.0,0.0,1045500.0,1844400.0,3856700.0,1273400.0,1507300.0,0.0,0.0,0.0,0.0,0.0
20230824141225204,SZSE,SZSE.ETF.159928,0.931,0.914,0.933,0.91,0.0,1.003,0.821,117537015.0,86000.0,108270000.655,80033.59999999404,0.0,0.0,20230824,20230824,141225205,0.912,0.0,0.0,0.93,0.929,0.928,0.927,0.926,0.0,0.0,0.0,0.0,0.0,0.931,0.932,0.933,0.934,0.935,0.0,0.0,0.0,0.0,0.0,985000.0,3893600.0,1128300.0,972000.0,490100.0,0.0,0.0,0.0,0.0,0.0,1045500.0,1844400.0,3856700.0,1273400.0,1507300.0,0.0,0.0,0.0,0.0,0.0
20230824141233080,SZSE,SZSE.ETF.159928,0.931,0.914,0.933,0.91,0.0,1.003,0.821,117537015.0,0.0,108270000.655,0.0,0.0,0.0,20230824,20230824,141233078,0.912,0.0,0.0,0.93,0.929,0.928,0.927,0.926,0.0,0.0,0.0,0.0,0.0,0.931,0.932,0.933,0.934,0.935,0.0,0.0,0.0,0.0,0.0,1185000.0,3893600.0,1128300.0,972000.0,490100.0,0.0,0.0,0.0,0.0,0.0,1245500.0,1844400.0,3856700.0,1273400.0,1507300.0,0.0,0.0,0.0,0.0,0.0
20230824141231212,SZSE,SZSE.ETF.159928,0.931,0.914,0.933,0.91,0.0,1.003,0.821,117537015.0,0.0,108270000.655,0.0,0.0,0.0,20230824,20230824,141231213,0.912,0.0,0.0,0.93,0.929,0.928,0.927,0.926,0.0,0.0,0.0,0.0,0.0,0.931,0.932,0.933,0.934,0.935,0.0,0.0,0.0,0.0,0.0,1185000.0,3893600.0,1128300.0,972000.0,490100.0,0.0,0.0,0.0,0.0,0.0,1245500.0,1844400.0,3856700.0,1273400.0,1507300.0,0.0,0.0,0.0,0.0,0.0
20230824141234160,SZSE,SZSE.ETF.159928,0.931,0.914,0.933,0.91,0.0,1.003,0.821,117537015.0,0.0,108270000.655,0.0,0.0,0.0,20230824,20230824,141234159,0.912,0.0,0.0,0.93,0.929,0.928,0.927,0.926,0.0,0.0,0.0,0.0,0.0,0.931,0.932,0.933,0.934,0.935,0.0,0.0,0.0,0.0,0.0,1185000.0,3893600.0,1128300.0,972000.0,490100.0,0.0,0.0,0.0,0.0,0.0,1267600.0,1844400.0,3856700.0,1273400.0,1507300.0,0.0,0.0,0.0,0.0,0.0
20230824141236048,SZSE,SZSE.ETF.159928,0.931,0.914,0.933,0.91,0.0,1.003,0.821,117537015.0,0.0,108270000.655,0.0,0.0,0.0,20230824,20230824,141236047,0.912,0.0,0.0,0.93,0.929,0.928,0.927,0.926,0.0,0.0,0.0,0.0,0.0,0.931,0.932,0.933,0.934,0.935,0.0,0.0,0.0,0.0,0.0,1185000.0,3893600.0,1128300.0,972000.0,490100.0,0.0,0.0,0.0,0.0,0.0,1267600.0,1844400.0,3856700.0,1273400.0,1507300.0,0.0,0.0,0.0,0.0,0.0
20230824141239000,SZSE,SZSE.ETF.159928,0.931,0.914,0.933,0.91,0.0,1.003,0.821,117537015.0,0.0,108270000.655,0.0,0.0,0.0,20230824,20230824,141239000,0.912,0.0,0.0,0.93,0.929,0.928,0.927,0.926,0.0,0.0,0.0,0.0,0.0,0.931,0.932,0.933,0.934,0.935,0.0,0.0,0.0,0.0,0.0,1385000.0,3693600.0,1128300.0,972000.0,490100.0,0.0,0.0,0.0,0.0,0.0,867600.0,2244400.0,3856700.0,1273400.0,1507300.0,0.0,0.0,0.0,0.0,0.0
20230824141242048,SZSE,SZSE.ETF.159928,0.931,0.914,0.933,0.91,0.0,1.003,0.821,117537015.0,0.0,108270000.655,0.0,0.0,0.0,20230824,20230824,141242047,0.912,0.0,0.0,0.93,0.929,0.928,0.927,0.926,0.0,0.0,0.0,0.0,0.0,0.931,0.932,0.933,0.934,0.935,0.0,0.0,0.0,0.0,0.0,1385000.0,3693600.0,1128300.0,972000.0,490100.0,0.0,0.0,0.0,0.0,0.0,367600.0,2244600.0,4366700.0,1273400.0,1507300.0,0.0,0.0,0.0,0.0,0.0
20230824141243168,SZSE,SZSE.ETF.159928,0.931,0.914,0.933,0.91,0.0,1.003,0.821,117905615.0,368600.0,108613167.255,343166.59999999404,0.0,0.0,20230824,20230824,141243170,0.912,0.0,0.0,0.931,0.93,0.929,0.928,0.927,0.0,0.0,0.0,0.0,0.0,0.932,0.933,0.934,0.935,0.936,0.0,0.0,0.0,0.0,0.0,131400.0,3429000.0,1193600.0,1128300.0,972000.0,0.0,0.0,0.0,0.0,0.0,1800600.0,4366700.0,1273400.0,1751300.0,401000.0,0.0,0.0,0.0,0.0,0.0
20230824141245064,SZSE,SZSE.ETF.159928,0.931,0.914,0.933,0.91,0.0,1.003,0.821,117905615.0,368600.0,108613167.255,343166.59999999404,0.0,0.0,20230824,20230824,141245062,0.912,0.0,0.0,0.931,0.93,0.929,0.928,0.927,0.0,0.0,0.0,0.0,0.0,0.932,0.933,0.934,0.935,0.936,0.0,0.0,0.0,0.0,0.0,131400.0,3429000.0,1193600.0,1128300.0,972000.0,0.0,0.0,0.0,0.0,0.0,1800600.0,4366700.0,1273400.0,1751300.0,401000.0,0.0,0.0,0.0,0.0,0.0
20230824141246164,SZSE,SZSE.ETF.159928,0.931,0.914,0.933,0.91,0.0,1.003,0.821,117905615.0,0.0,108613167.255,0.0,0.0,0.0,20230824,20230824,141246165,0.912,0.0,0.0,0.931,0.93,0.929,0.928,0.927,0.0,0.0,0.0,0.0,0.0,0.932,0.933,0.934,0.935,0.936,0.0,0.0,0.0,0.0,0.0,157600.0,3549000.0,1073600.0,1128300.0,972000.0,0.0,0.0,0.0,0.0,0.0,1781600.0,4486700.0,1273400.0,1751300.0,401000.0,0.0,0.0,0.0,0.0,0.0
20230824141248032,SZSE,SZSE.ETF.159928,0.931,0.914,0.933,0.91,0.0,1.003,0.821,117905615.0,0.0,108613167.255,0.0,0.0,0.0,20230824,20230824,141248031,0.912,0.0,0.0,0.931,0.93,0.929,0.928,0.927,0.0,0.0,0.0,0.0,0.0,0.932,0.933,0.934,0.935,0.936,0.0,0.0,0.0,0.0,0.0,157600.0,3549000.0,1073600.0,1128300.0,972000.0,0.0,0.0,0.0,0.0,0.0,1781600.0,4486700.0,1273400.0,1751300.0,401000.0,0.0,0.0,0.0,0.0,0.0
20230824141251000,SZSE,SZSE.ETF.159928,0.931,0.914,0.933,0.91,0.0,1.003,0.821,117971915.0,66300.0,108674892.555,61725.30000001192,0.0,0.0,20230824,20230824,141251000,0.912,0.0,0.0,0.931,0.93,0.929,0.928,0.927,0.0,0.0,0.0,0.0,0.0,0.932,0.933,0.934,0.935,0.936,0.0,0.0,0.0,0.0,0.0,96600.0,3724300.0,1073600.0,1128300.0,972000.0,0.0,0.0,0.0,0.0,0.0,1981600.0,4486700.0,1273400.0,1751300.0,401000.0,0.0,0.0,0.0,0.0,0.0
20230824141249152,SZSE,SZSE.ETF.159928,0.931,0.914,0.933,0.91,0.0,1.003,0.821,117971915.0,66300.0,108674892.555,61725.30000001192,0.0,0.0,20230824,20230824,141249150,0.912,0.0,0.0,0.931,0.93,0.929,0.928,0.927,0.0,0.0,0.0,0.0,0.0,0.932,0.933,0.934,0.935,0.936,0.0,0.0,0.0,0.0,0.0,96600.0,3724300.0,1073600.0,1128300.0,972000.0,0.0,0.0,0.0,0.0,0.0,1981600.0,4486700.0,1273400.0,1751300.0,401000.0,0.0,0.0,0.0,0.0,0.0
20230824141254032,SZSE,SZSE.ETF.159928,0.931,0.914,0.933,0.91,0.0,1.003,0.821,117971915.0,0.0,108674892.555,0.0,0.0,0.0,20230824,20230824,141254031,0.912,0.0,0.0,0.931,0.93,0.929,0.928,0.927,0.0,0.0,0.0,0.0,0.0,0.932,0.933,0.934,0.935,0.936,0.0,0.0,0.0,0.0,0.0,121300.0,3724300.0,1073600.0,1128300.0,972000.0,0.0,0.0,0.0,0.0,0.0,1981600.0,4486700.0,1273400.0,1751300.0,401000.0,0.0,0.0,0.0,0.0,0.0
20230824141255148,SZSE,SZSE.ETF.159928,0.931,0.914,0.933,0.91,0.0,1.003,0.821,117974415.0,2500.0,108677220.055,2327.5,0.0,0.0,20230824,20230824,141255148,0.912,0.0,0.0,0.931,0.93,0.929,0.928,0.927,0.0,0.0,0.0,0.0,0.0,0.932,0.933,0.934,0.935,0.936,0.0,0.0,0.0,0.0,0.0,118800.0,3724300.0,1073600.0,1128300.0,972000.0,0.0,0.0,0.0,0.0,0.0,1981600.0,4486700.0,1273400.0,1751300.0,401000.0,0.0,0.0,0.0,0.0,0.0
20230824141257032,SZSE,SZSE.ETF.159928,0.931,0.914,0.933,0.91,0.0,1.003,0.821,117974415.0,2500.0,108677220.055,2327.5,0.0,0.0,20230824,20230824,141257031,0.912,0.0,0.0,0.931,0.93,0.929,0.928,0.927,0.0,0.0,0.0,0.0,0.0,0.932,0.933,0.934,0.935,0.936,0.0,0.0,0.0,0.0,0.0,118800.0,3724300.0,1073600.0,1128300.0,972000.0,0.0,0.0,0.0,0.0,0.0,1981600.0,4486700.0,1273400.0,1751300.0,401000.0,0.0,0.0,0.0,0.0,0.0
20230824141300048,SZSE,SZSE.ETF.159928,0.931,0.914,0.933,0.91,0.0,1.003,0.821,117974415.0,0.0,108677220.055,0.0,0.0,0.0,20230824,20230824,141300047,0.912,0.0,0.0,0.931,0.93,0.929,0.928,0.927,0.0,0.0,0.0,0.0,0.0,0.932,0.933,0.934,0.935,0.936,0.0,0.0,0.0,0.0,0.0,118800.0,3724300.0,1073600.0,1128300.0,972000.0,0.0,0.0,0.0,0.0,0.0,1991600.0,4486700.0,1273400.0,1751300.0,401000.0,0.0,0.0,0.0,0.0,0.0
20230824141303080,SZSE,SZSE.ETF.159928,0.931,0.914,0.933,0.91,0.0,1.003,0.821,117974415.0,0.0,108677220.055,0.0,0.0,0.0,20230824,20230824,141303078,0.912,0.0,0.0,0.931,0.93,0.929,0.928,0.927,0.0,0.0,0.0,0.0,0.0,0.932,0.933,0.934,0.935,0.936,0.0,0.0,0.0,0.0,0.0,119200.0,3724300.0,1073600.0,1128300.0,972000.0,0.0,0.0,0.0,0.0,0.0,1991600.0,4486700.0,1273400.0,1751300.0,401000.0,0.0,0.0,0.0,0.0,0.0
20230824141301216,SZSE,SZSE.ETF.159928,0.931,0.914,0.933,0.91,0.0,1.003,0.821,117974415.0,0.0,108677220.055,0.0,0.0,0.0,20230824,20230824,141301216,0.912,0.0,0.0,0.931,0.93,0.929,0.928,0.927,0.0,0.0,0.0,0.0,0.0,0.932,0.933,0.934,0.935,0.936,0.0,0.0,0.0,0.0,0.0,119200.0,3724300.0,1073600.0,1128300.0,972000.0,0.0,0.0,0.0,0.0,0.0,1991600.0,4486700.0,1273400.0,1751300.0,401000.0,0.0,0.0,0.0,0.0,0.0
20230824141306124,SZSE,SZSE.ETF.159928,0.931,0.914,0.933,0.91,0.0,1.003,0.821,117974415.0,0.0,108677220.055,0.0,0.0,0.0,20230824,20230824,141306125,0.912,0.0,0.0,0.931,0.93,0.929,0.928,0.927,0.0,0.0,0.0,0.0,0.0,0.932,0.933,0.934,0.935,0.936,0.0,0.0,0.0,0.0,0.0,469200.0,3724300.0,723600.0,1128300.0,972000.0,0.0,0.0,0.0,0.0,0.0,1641600.0,4836700.0,1273400.0,1751300.0,401000.0,0.0,0.0,0.0,0.0,0.0
20230824141309048,SZSE,SZSE.ETF.159928,0.931,0.914,0.933,0.91,0.0,1.003,0.821,117974415.0,0.0,108677220.055,0.0,0.0,0.0,20230824,20230824,141309047,0.912,0.0,0.0,0.931,0.93,0.929,0.928,0.927,0.0,0.0,0.0,0.0,0.0,0.932,0.933,0.934,0.935,0.936,0.0,0.0,0.0,0.0,0.0,731500.0,3524300.0,723600.0,1128300.0,972000.0,0.0,0.0,0.0,0.0,0.0,1641700.0,4836700.0,1273400.0,1751300.0,401000.0,0.0,0.0,0.0,0.0,0.0
20230824141307184,SZSE,SZSE.ETF.159928,0.931,0.914,0.933,0.91,0.0,1.003,0.821,117974415.0,0.0,108677220.055,0.0,0.0,0.0,20230824,20230824,141307186,0.912,0.0,0.0,0.931,0.93,0.929,0.928,0.927,0.0,0.0,0.0,0.0,0.0,0.932,0.933,0.934,0.935,0.936,0.0,0.0,0.0,0.0,0.0,731500.0,3524300.0,723600.0,1128300.0,972000.0,0.0,0.0,0.0,0.0,0.0,1641700.0,4836700.0,1273400.0,1751300.0,401000.0,0.0,0.0,0.0,0.0,0.0
20230824141312000,SZSE,SZSE.ETF.159928,0.931,0.914,0.933,0.91,0.0,1.003,0.821,117974415.0,0.0,108677220.055,0.0,0.0,0.0,20230824,20230824,141312000,0.912,0.0,0.0,0.931,0.93,0.929,0.928,0.927,0.0,0.0,0.0,0.0,0.0,0.932,0.933,0.934,0.935,0.936,0.0,0.0,0.0,0.0,0.0,737700.0,3524300.0,723600.0,1128300.0,972000.0,0.0,0.0,0.0,0.0,0.0,1641700.0,4836700.0,1273400.0,1751300.0,401000.0,0.0,0.0,0.0,0.0,0.0
20230824141318048,SZSE,SZSE.ETF.159928,0.931,0.914,0.933,0.91,0.0,1.003,0.821,117976115.0,1700.0,108678802.755,1582.699999988079,0.0,0.0,20230824,20230824,141318047,0.912,0.0,0.0,0.931,0.93,0.929,0.928,0.927,0.0,0.0,0.0,0.0,0.0,0.932,0.933,0.934,0.935,0.936,0.0,0.0,0.0,0.0,0.0,736000.0,3524300.0,723600.0,1128300.0,972000.0,0.0,0.0,0.0,0.0,0.0,1641700.0,2836800.0,3273400.0,1751300.0,401000.0,0.0,0.0,0.0,0.0,0.0
20230824141327016,SZSE,SZSE.ETF.159928,0.931,0.914,0.933,0.91,0.0,1.003,0.821,117976115.0,0.0,108678802.755,0.0,0.0,0.0,20230824,20230824,141327016,0.912,0.0,0.0,0.931,0.93,0.929,0.928,0.927,0.0,0.0,0.0,0.0,0.0,0.932,0.933,0.934,0.935,0.936,0.0,0.0,0.0,0.0,0.0,736000.0,3524300.0,723600.0,1128300.0,972000.0,0.0,0.0,0.0,0.0,0.0,1631700.0,2836800.0,3273400.0,1751300.0,401000.0,0.0,0.0,0.0,0.0,0.0
20230824141325156,SZSE,SZSE.ETF.159928,0.931,0.914,0.933,0.91,0.0,1.003,0.821,117976115.0,0.0,108678802.755,0.0,0.0,0.0,20230824,20230824,141325155,0.912,0.0,0.0,0.931,0.93,0.929,0.928,0.927,0.0,0.0,0.0,0.0,0.0,0.932,0.933,0.934,0.935,0.936,0.0,0.0,0.0,0.0,0.0,736000.0,3524300.0,723600.0,1128300.0,972000.0,0.0,0.0,0.0,0.0,0.0,1631700.0,2836800.0,3273400.0,1751300.0,401000.0,0.0,0.0,0.0,0.0,0.0
20230824141330032,SZSE,SZSE.ETF.159928,0.931,0.914,0.933,0.91,0.0,1.003,0.821,117996115.0,20000.0,108697422.755,18620.0,0.0,0.0,20230824,20230824,141330031,0.912,0.0,0.0,0.931,0.93,0.929,0.928,0.927,0.0,0.0,0.0,0.0,0.0,0.932,0.933,0.934,0.935,0.936,0.0,0.0,0.0,0.0,0.0,716000.0,3524300.0,723600.0,1128300.0,972000.0,0.0,0.0,0.0,0.0,0.0,1631700.0,2836800.0,3273400.0,1751300.0,401000.0,0.0,0.0,0.0,0.0,0.0
20230824141333016,SZSE,SZSE.ETF.159928,0.931,0.914,0.933,0.91,0.0,1.003,0.821,118025915.0,29800.0,108725166.555,27743.80000001192,0.0,0.0,20230824,20230824,141333016,0.912,0.0,0.0,0.931,0.93,0.929,0.928,0.927,0.0,0.0,0.0,0.0,0.0,0.932,0.933,0.934,0.935,0.936,0.0,0.0,0.0,0.0,0.0,690200.0,3524300.0,723600.0,1128300.0,972000.0,0.0,0.0,0.0,0.0,0.0,1631700.0,2836800.0,3273400.0,1751300.0,401000.0,0.0,0.0,0.0,0.0,0.0
20230824141336048,SZSE,SZSE.ETF.159928,0.931,0.914,0.933,0.91,0.0,1.003,0.821,118035915.0,10000.0,108734476.555,9310.0,0.0,0.0,20230824,20230824,141336047,0.912,0.0,0.0,0.931,0.93,0.929,0.928,0.927,0.0,0.0,0.0,0.0,0.0,0.932,0.933,0.934,0.935,0.936,0.0,0.0,0.0,0.0,0.0,680200.0,3518300.0,723600.0,1128300.0,972000.0,0.0,0.0,0.0,0.0,0.0,1651900.0,2836800.0,3273400.0,1751300.0,401000.0,0.0,0.0,0.0,0.0,0.0
20230824141342048,SZSE,SZSE.ETF.159928,0.931,0.914,0.933,0.91,0.0,1.003,0.821,118035915.0,0.0,108734476.555,0.0,0.0,0.0,20230824,20230824,141342047,0.912,0.0,0.0,0.931,0.93,0.929,0.928,0.927,0.0,0.0,0.0,0.0,0.0,0.932,0.933,0.934,0.935,0.936,0.0,0.0,0.0,0.0,0.0,680200.0,3518300.0,723600.0,1128300.0,972000.0,0.0,0.0,0.0,0.0,0.0,1651900.0,2837800.0,3273400.0,1751300.0,401000.0,0.0,0.0,0.0,0.0,0.0
20230824141351016,SZSE,SZSE.ETF.159928,0.931,0.914,0.933,0.91,0.0,1.003,0.821,118035915.0,0.0,108734476.555,0.0,0.0,0.0,20230824,20230824,141351016,0.912,0.0,0.0,0.931,0.93,0.929,0.928,0.927,0.0,0.0,0.0,0.0,0.0,0.932,0.933,0.934,0.935,0.936,0.0,0.0,0.0,0.0,0.0,686200.0,3518300.0,723600.0,1128300.0,972000.0,0.0,0.0,0.0,0.0,0.0,1651900.0,2607800.0,3273400.0,1751300.0,401000.0,0.0,0.0,0.0,0.0,0.0
20230824141349152,SZSE,SZSE.ETF.159928,0.931,0.914,0.933,0.91,0.0,1.003,0.821,118035915.0,0.0,108734476.555,0.0,0.0,0.0,20230824,20230824,141349154,0.912,0.0,0.0,0.931,0.93,0.929,0.928,0.927,0.0,0.0,0.0,0.0,0.0,0.932,0.933,0.934,0.935,0.936,0.0,0.0,0.0,0.0,0.0,686200.0,3518300.0,723600.0,1128300.0,972000.0,0.0,0.0,0.0,0.0,0.0,1651900.0,2607800.0,3273400.0,1751300.0,401000.0,0.0,0.0,0.0,0.0,0.0
20230824141353984,SZSE,SZSE.ETF.159928,0.931,0.914,0.933,0.91,0.0,1.003,0.821,118035915.0,0.0,108734476.555,0.0,0.0,0.0,20230824,20230824,141353984,0.912,0.0,0.0,0.931,0.93,0.929,0.928,0.927,0.0,0.0,0.0,0.0,0.0,0.932,0.933,0.934,0.935,0.936,0.0,0.0,0.0,0.0,0.0,686200.0,3518300.0,723600.0,1128300.0,972000.0,0.0,0.0,0.0,0.0,0.0,1651900.0,2606800.0,3273400.0,1751300.0,401000.0,0.0,0.0,0.0,0.0,0.0
20230824141352128,SZSE,SZSE.ETF.159928,0.931,0.914,0.933,0.91,0.0,1.003,0.821,118035915.0,0.0,108734476.555,0.0,0.0,0.0,20230824,20230824,141352130,0.912,0.0,0.0,0.931,0.93,0.929,0.928,0.927,0.0,0.0,0.0,0.0,0.0,0.932,0.933,0.934,0.935,0.936,0.0,0.0,0.0,0.0,0.0,686200.0,3518300.0,723600.0,1128300.0,972000.0,0.0,0.0,0.0,0.0,0.0,1651900.0,2606800.0,3273400.0,1751300.0,401000.0,0.0,0.0,0.0,0.0,0.0
