time,exchg,code,price,open,high,low,settle_price,upper_limit,lower_limit,total_volume,volume,total_turnover,turnover,open_interest,diff_interest,trading_date,action_date,action_time,pre_close,pre_settle,pre_interest,bid_price_0,bid_price_1,bid_price_2,bid_price_3,bid_price_4,bid_price_5,bid_price_6,bid_price_7,bid_price_8,bid_price_9,ask_price_0,ask_price_1,ask_price_2,ask_price_3,ask_price_4,ask_price_5,ask_price_6,ask_price_7,ask_price_8,ask_price_9,bid_qty_0,bid_qty_1,bid_qty_2,bid_qty_3,bid_qty_4,bid_qty_5,bid_qty_6,bid_qty_7,bid_qty_8,bid_qty_9,ask_qty_0,ask_qty_1,ask_qty_2,ask_qty_3,ask_qty_4,ask_qty_5,ask_qty_6,ask_qty_7,ask_qty_8,ask_qty_9
20230824133624092,SZSE,SZSE.ETF.159995,0.953,0.935,0.955,0.932,0.0,1.024,0.838,542276159.0,14700.0,511713391.638,13995.400000035763,0.0,0.0,20230824,20230824,133624093,0.931,0.0,0.0,0.952,0.951,0.95,0.949,0.948,0.0,0.0,0.0,0.0,0.0,0.953,0.954,0.955,0.956,0.957,0.0,0.0,0.0,0.0,0.0,3247600.0,12556400.0,9641200.0,1095100.0,1651000.0,0.0,0.0,0.0,0.0,0.0,4367500.0,5596200.0,8691200.0,2247300.0,2199800.0,0.0,0.0,0.0,0.0,0.0
20230824133627068,SZSE,SZSE.ETF.159995,0.953,0.935,0.955,0.932,0.0,1.024,0.838,542276159.0,0.0,511713391.638,0.0,0.0,0.0,20230824,20230824,133627067,0.931,0.0,0.0,0.952,0.951,0.95,0.949,0.948,0.0,0.0,0.0,0.0,0.0,0.953,0.954,0.955,0.956,0.957,0.0,0.0,0.0,0.0,0.0,3127600.0,12216400.0,9761200.0,1325100.0,1651000.0,0.0,0.0,0.0,0.0,0.0,4368000.0,5472200.0,8681200.0,2247300.0,2199800.0,0.0,0.0,0.0,0.0,0.0
20230824133625316,SZSE,SZSE.ETF.159995,0.953,0.935,0.955,0.932,0.0,1.024,0.838,542276159.0,0.0,511713391.638,0.0,0.0,0.0,20230824,20230824,133625317,0.931,0.0,0.0,0.952,0.951,0.95,0.949,0.948,0.0,0.0,0.0,0.0,0.0,0.953,0.954,0.955,0.956,0.957,0.0,0.0,0.0,0.0,0.0,3127600.0,12216400.0,9761200.0,1325100.0,1651000.0,0.0,0.0,0.0,0.0,0.0,4368000.0,5472200.0,8681200.0,2247300.0,2199800.0,0.0,0.0,0.0,0.0,0.0
20230824133630060,SZSE,SZSE.ETF.159995,0.952,0.935,0.955,0.932,0.0,1.024,0.838,542296159.0,20000.0,511732431.638,19040.0,0.0,0.0,20230824,20230824,133630059,0.931,0.0,0.0,0.952,0.951,0.95,0.949,0.948,0.0,0.0,0.0,0.0,0.0,0.953,0.954,0.955,0.956,0.957,0.0,0.0,0.0,0.0,0.0,3107600.0,10816400.0,11161200.0,1325100.0,1651000.0,0.0,0.0,0.0,0.0,0.0,4435500.0,5472200.0,8606900.0,2247300.0,2199800.0,0.0,0.0,0.0,0.0,0.0
20230824133628312,SZSE,SZSE.ETF.159995,0.952,0.935,0.955,0.932,0.0,1.024,0.838,542296159.0,20000.0,511732431.638,19040.0,0.0,0.0,20230824,20230824,133628310,0.931,0.0,0.0,0.952,0.951,0.95,0.949,0.948,0.0,0.0,0.0,0.0,0.0,0.953,0.954,0.955,0.956,0.957,0.0,0.0,0.0,0.0,0.0,3107600.0,10816400.0,11161200.0,1325100.0,1651000.0,0.0,0.0,0.0,0.0,0.0,4435500.0,5472200.0,8606900.0,2247300.0,2199800.0,0.0,0.0,0.0,0.0,0.0
20230824133633076,SZSE,SZSE.ETF.159995,0.953,0.935,0.955,0.932,0.0,1.024,0.838,542458659.0,162500.0,511887231.638,154800.0,0.0,0.0,20230824,20230824,133633075,0.931,0.0,0.0,0.952,0.951,0.95,0.949,0.948,0.0,0.0,0.0,0.0,0.0,0.953,0.954,0.955,0.956,0.957,0.0,0.0,0.0,0.0,0.0,3045100.0,6816400.0,11161200.0,5325100.0,1651000.0,0.0,0.0,0.0,0.0,0.0,4331300.0,5482200.0,8606900.0,2247300.0,2199800.0,0.0,0.0,0.0,0.0,0.0
20230824133631328,SZSE,SZSE.ETF.159995,0.953,0.935,0.955,0.932,0.0,1.024,0.838,542458659.0,162500.0,511887231.638,154800.0,0.0,0.0,20230824,20230824,133631327,0.931,0.0,0.0,0.952,0.951,0.95,0.949,0.948,0.0,0.0,0.0,0.0,0.0,0.953,0.954,0.955,0.956,0.957,0.0,0.0,0.0,0.0,0.0,3045100.0,6816400.0,11161200.0,5325100.0,1651000.0,0.0,0.0,0.0,0.0,0.0,4331300.0,5482200.0,8606900.0,2247300.0,2199800.0,0.0,0.0,0.0,0.0,0.0
20230824133706144,SZSE,SZSE.ETF.159995,0.952,0.935,0.955,0.932,0.0,1.024,0.838,542603759.0,16600.0,512025415.238,15805.299999952316,0.0,0.0,20230824,20230824,133706143,0.931,0.0,0.0,0.952,0.951,0.95,0.949,0.948,0.0,0.0,0.0,0.0,0.0,0.953,0.954,0.955,0.956,0.957,0.0,0.0,0.0,0.0,0.0,2644900.0,6666400.0,11159200.0,5365600.0,1803000.0,0.0,0.0,0.0,0.0,0.0,5416200.0,5511300.0,8731400.0,2048300.0,2199800.0,0.0,0.0,0.0,0.0,0.0
20230824133709124,SZSE,SZSE.ETF.159995,0.952,0.935,0.955,0.932,0.0,1.024,0.838,542611559.0,7800.0,512032840.838,7425.600000023842,0.0,0.0,20230824,20230824,133709124,0.931,0.0,0.0,0.952,0.951,0.95,0.949,0.948,0.0,0.0,0.0,0.0,0.0,0.953,0.954,0.955,0.956,0.957,0.0,0.0,0.0,0.0,0.0,2637100.0,6786400.0,11159200.0,5365600.0,1803000.0,0.0,0.0,0.0,0.0,0.0,5506200.0,5626000.0,8731400.0,2058300.0,2199800.0,0.0,0.0,0.0,0.0,0.0
20230824133712072,SZSE,SZSE.ETF.159995,0.952,0.935,0.955,0.932,0.0,1.024,0.838,542643559.0,32000.0,512063316.838,30476.0,0.0,0.0,20230824,20230824,133712070,0.931,0.0,0.0,0.952,0.951,0.95,0.949,0.948,0.0,0.0,0.0,0.0,0.0,0.953,0.954,0.955,0.956,0.957,0.0,0.0,0.0,0.0,0.0,1237100.0,6717400.0,11159200.0,5365600.0,1803000.0,0.0,0.0,0.0,0.0,0.0,5545100.0,5516000.0,8731400.0,2058300.0,2199800.0,0.0,0.0,0.0,0.0,0.0
20230824133710320,SZSE,SZSE.ETF.159995,0.952,0.935,0.955,0.932,0.0,1.024,0.838,542643559.0,32000.0,512063316.838,30476.0,0.0,0.0,20230824,20230824,133710320,0.931,0.0,0.0,0.952,0.951,0.95,0.949,0.948,0.0,0.0,0.0,0.0,0.0,0.953,0.954,0.955,0.956,0.957,0.0,0.0,0.0,0.0,0.0,1237100.0,6717400.0,11159200.0,5365600.0,1803000.0,0.0,0.0,0.0,0.0,0.0,5545100.0,5516000.0,8731400.0,2058300.0,2199800.0,0.0,0.0,0.0,0.0,0.0
20230824133715076,SZSE,SZSE.ETF.159995,0.953,0.935,0.955,0.932,0.0,1.024,0.838,543084459.0,440900.0,512483063.638,419746.8000000119,0.0,0.0,20230824,20230824,133715075,0.931,0.0,0.0,0.952,0.951,0.95,0.949,0.948,0.0,0.0,0.0,0.0,0.0,0.953,0.954,0.955,0.956,0.957,0.0,0.0,0.0,0.0,0.0,814100.0,4437400.0,11159200.0,6365600.0,1803000.0,0.0,0.0,0.0,0.0,0.0,5535100.0,5640200.0,8732400.0,2058300.0,2199800.0,0.0,0.0,0.0,0.0,0.0
20230824133718080,SZSE,SZSE.ETF.159995,0.952,0.935,0.955,0.932,0.0,1.024,0.838,543903559.0,819100.0,513262851.838,779788.1999999881,0.0,0.0,20230824,20230824,133718078,0.931,0.0,0.0,0.951,0.95,0.949,0.948,0.947,0.0,0.0,0.0,0.0,0.0,0.952,0.953,0.954,0.955,0.956,0.0,0.0,0.0,0.0,0.0,4212200.0,10145500.0,7364600.0,1803000.0,1450500.0,0.0,0.0,0.0,0.0,0.0,117100.0,5743300.0,5295300.0,8733400.0,2058300.0,0.0,0.0,0.0,0.0,0.0
20230824133719360,SZSE,SZSE.ETF.159995,0.952,0.935,0.955,0.932,0.0,1.024,0.838,544169959.0,266400.0,513516464.638,253612.80000001192,0.0,0.0,20230824,20230824,133719358,0.931,0.0,0.0,0.951,0.95,0.949,0.948,0.947,0.0,0.0,0.0,0.0,0.0,0.952,0.953,0.954,0.955,0.956,0.0,0.0,0.0,0.0,0.0,3985900.0,10421900.0,7484600.0,1803000.0,1450500.0,0.0,0.0,0.0,0.0,0.0,3343100.0,6131800.0,5069000.0,8753400.0,2058300.0,0.0,0.0,0.0,0.0,0.0
20230824133721156,SZSE,SZSE.ETF.159995,0.952,0.935,0.955,0.932,0.0,1.024,0.838,544169959.0,266400.0,513516464.638,253612.80000001192,0.0,0.0,20230824,20230824,133721157,0.931,0.0,0.0,0.951,0.95,0.949,0.948,0.947,0.0,0.0,0.0,0.0,0.0,0.952,0.953,0.954,0.955,0.956,0.0,0.0,0.0,0.0,0.0,3985900.0,10421900.0,7484600.0,1803000.0,1450500.0,0.0,0.0,0.0,0.0,0.0,3343100.0,6131800.0,5069000.0,8753400.0,2058300.0,0.0,0.0,0.0,0.0,0.0
20230824133724060,SZSE,SZSE.ETF.159995,0.952,0.935,0.955,0.932,0.0,1.024,0.838,544190059.0,20100.0,513535599.838,19135.19999998808,0.0,0.0,20230824,20230824,133724060,0.931,0.0,0.0,0.951,0.95,0.949,0.948,0.947,0.0,0.0,0.0,0.0,0.0,0.952,0.953,0.954,0.955,0.956,0.0,0.0,0.0,0.0,0.0,3835900.0,10541900.0,7484600.0,1803000.0,1450500.0,0.0,0.0,0.0,0.0,0.0,4598900.0,6269200.0,3949000.0,8753400.0,2058300.0,0.0,0.0,0.0,0.0,0.0
20230824133722312,SZSE,SZSE.ETF.159995,0.952,0.935,0.955,0.932,0.0,1.024,0.838,544190059.0,20100.0,513535599.838,19135.19999998808,0.0,0.0,20230824,20230824,133722311,0.931,0.0,0.0,0.951,0.95,0.949,0.948,0.947,0.0,0.0,0.0,0.0,0.0,0.952,0.953,0.954,0.955,0.956,0.0,0.0,0.0,0.0,0.0,3835900.0,10541900.0,7484600.0,1803000.0,1450500.0,0.0,0.0,0.0,0.0,0.0,4598900.0,6269200.0,3949000.0,8753400.0,2058300.0,0.0,0.0,0.0,0.0,0.0
20230824133727048,SZSE,SZSE.ETF.159995,0.952,0.935,0.955,0.932,0.0,1.024,0.838,544192059.0,2000.0,513537503.838,1904.0,0.0,0.0,20230824,20230824,133727048,0.931,0.0,0.0,0.951,0.95,0.949,0.948,0.947,0.0,0.0,0.0,0.0,0.0,0.952,0.953,0.954,0.955,0.956,0.0,0.0,0.0,0.0,0.0,3835900.0,11660900.0,8884600.0,1803000.0,1520000.0,0.0,0.0,0.0,0.0,0.0,4689000.0,6409800.0,3947000.0,8753400.0,2058300.0,0.0,0.0,0.0,0.0,0.0
20230824133725300,SZSE,SZSE.ETF.159995,0.952,0.935,0.955,0.932,0.0,1.024,0.838,544192059.0,2000.0,513537503.838,1904.0,0.0,0.0,20230824,20230824,133725299,0.931,0.0,0.0,0.951,0.95,0.949,0.948,0.947,0.0,0.0,0.0,0.0,0.0,0.952,0.953,0.954,0.955,0.956,0.0,0.0,0.0,0.0,0.0,3835900.0,11660900.0,8884600.0,1803000.0,1520000.0,0.0,0.0,0.0,0.0,0.0,4689000.0,6409800.0,3947000.0,8753400.0,2058300.0,0.0,0.0,0.0,0.0,0.0
20230824133730036,SZSE,SZSE.ETF.159995,0.952,0.935,0.955,0.932,0.0,1.024,0.838,544220459.0,28400.0,513564529.438,27025.600000023842,0.0,0.0,20230824,20230824,133730035,0.931,0.0,0.0,0.951,0.95,0.949,0.948,0.947,0.0,0.0,0.0,0.0,0.0,0.952,0.953,0.954,0.955,0.956,0.0,0.0,0.0,0.0,0.0,3824700.0,11560900.0,8884600.0,1803000.0,1520000.0,0.0,0.0,0.0,0.0,0.0,4717000.0,6272700.0,3967000.0,8726000.0,2058300.0,0.0,0.0,0.0,0.0,0.0
20230824133728288,SZSE,SZSE.ETF.159995,0.952,0.935,0.955,0.932,0.0,1.024,0.838,544220459.0,28400.0,513564529.438,27025.600000023842,0.0,0.0,20230824,20230824,133728286,0.931,0.0,0.0,0.951,0.95,0.949,0.948,0.947,0.0,0.0,0.0,0.0,0.0,0.952,0.953,0.954,0.955,0.956,0.0,0.0,0.0,0.0,0.0,3824700.0,11560900.0,8884600.0,1803000.0,1520000.0,0.0,0.0,0.0,0.0,0.0,4717000.0,6272700.0,3967000.0,8726000.0,2058300.0,0.0,0.0,0.0,0.0,0.0
20230824133733048,SZSE,SZSE.ETF.159995,0.951,0.935,0.955,0.932,0.0,1.024,0.838,544229759.0,9300.0,513573373.738,8844.299999952316,0.0,0.0,20230824,20230824,133733050,0.931,0.0,0.0,0.951,0.95,0.949,0.948,0.947,0.0,0.0,0.0,0.0,0.0,0.952,0.953,0.954,0.955,0.956,0.0,0.0,0.0,0.0,0.0,3815400.0,11770900.0,8884600.0,3203000.0,1520000.0,0.0,0.0,0.0,0.0,0.0,4727600.0,6333900.0,3967000.0,8806000.0,2058300.0,0.0,0.0,0.0,0.0,0.0
20230824133731300,SZSE,SZSE.ETF.159995,0.951,0.935,0.955,0.932,0.0,1.024,0.838,544229759.0,9300.0,513573373.738,8844.299999952316,0.0,0.0,20230824,20230824,133731301,0.931,0.0,0.0,0.951,0.95,0.949,0.948,0.947,0.0,0.0,0.0,0.0,0.0,0.952,0.953,0.954,0.955,0.956,0.0,0.0,0.0,0.0,0.0,3815400.0,11770900.0,8884600.0,3203000.0,1520000.0,0.0,0.0,0.0,0.0,0.0,4727600.0,6333900.0,3967000.0,8806000.0,2058300.0,0.0,0.0,0.0,0.0,0.0
20230824133736080,SZSE,SZSE.ETF.159995,0.951,0.935,0.955,0.932,0.0,1.024,0.838,544231859.0,2100.0,513575370.838,1997.1000000238419,0.0,0.0,20230824,20230824,133736081,0.931,0.0,0.0,0.951,0.95,0.949,0.948,0.947,0.0,0.0,0.0,0.0,0.0,0.952,0.953,0.954,0.955,0.956,0.0,0.0,0.0,0.0,0.0,3813300.0,11650900.0,8884600.0,3203000.0,1520000.0,0.0,0.0,0.0,0.0,0.0,4760900.0,6170700.0,3967000.0,8811300.0,2058300.0,0.0,0.0,0.0,0.0,0.0
20230824133739024,SZSE,SZSE.ETF.159995,0.952,0.935,0.955,0.932,0.0,1.024,0.838,544232859.0,1000.0,513576322.838,952.0,0.0,0.0,20230824,20230824,133739022,0.931,0.0,0.0,0.951,0.95,0.949,0.948,0.947,0.0,0.0,0.0,0.0,0.0,0.952,0.953,0.954,0.955,0.956,0.0,0.0,0.0,0.0,0.0,3813300.0,11770900.0,8884600.0,3203000.0,1520000.0,0.0,0.0,0.0,0.0,0.0,4759900.0,6306300.0,3967000.0,8811300.0,2058300.0,0.0,0.0,0.0,0.0,0.0
20230824133737272,SZSE,SZSE.ETF.159995,0.952,0.935,0.955,0.932,0.0,1.024,0.838,544232859.0,1000.0,513576322.838,952.0,0.0,0.0,20230824,20230824,133737273,0.931,0.0,0.0,0.951,0.95,0.949,0.948,0.947,0.0,0.0,0.0,0.0,0.0,0.952,0.953,0.954,0.955,0.956,0.0,0.0,0.0,0.0,0.0,3813300.0,11770900.0,8884600.0,3203000.0,1520000.0,0.0,0.0,0.0,0.0,0.0,4759900.0,6306300.0,3967000.0,8811300.0,2058300.0,0.0,0.0,0.0,0.0,0.0
20230824133742012,SZSE,SZSE.ETF.159995,0.951,0.935,0.955,0.932,0.0,1.024,0.838,544642859.0,410000.0,513966232.838,389910.0,0.0,0.0,20230824,20230824,133742013,0.931,0.0,0.0,0.951,0.95,0.949,0.948,0.947,0.0,0.0,0.0,0.0,0.0,0.952,0.953,0.954,0.955,0.956,0.0,0.0,0.0,0.0,0.0,3283300.0,11650900.0,9004600.0,3203000.0,1520000.0,0.0,0.0,0.0,0.0,0.0,4790900.0,6204300.0,3967000.0,8811500.0,2058300.0,0.0,0.0,0.0,0.0,0.0
20230824133740264,SZSE,SZSE.ETF.159995,0.951,0.935,0.955,0.932,0.0,1.024,0.838,544642859.0,410000.0,513966232.838,389910.0,0.0,0.0,20230824,20230824,133740263,0.931,0.0,0.0,0.951,0.95,0.949,0.948,0.947,0.0,0.0,0.0,0.0,0.0,0.952,0.953,0.954,0.955,0.956,0.0,0.0,0.0,0.0,0.0,3283300.0,11650900.0,9004600.0,3203000.0,1520000.0,0.0,0.0,0.0,0.0,0.0,4790900.0,6204300.0,3967000.0,8811500.0,2058300.0,0.0,0.0,0.0,0.0,0.0
20230824133745044,SZSE,SZSE.ETF.159995,0.951,0.935,0.955,0.932,0.0,1.024,0.838,544642859.0,0.0,513966232.838,0.0,0.0,0.0,20230824,20230824,133745043,0.931,0.0,0.0,0.951,0.95,0.949,0.948,0.947,0.0,0.0,0.0,0.0,0.0,0.952,0.953,0.954,0.955,0.956,0.0,0.0,0.0,0.0,0.0,1483800.0,11650900.0,9004600.0,3203000.0,1520300.0,0.0,0.0,0.0,0.0,0.0,4798200.0,6210300.0,3977200.0,8819500.0,2063300.0,0.0,0.0,0.0,0.0,0.0
20230824133743292,SZSE,SZSE.ETF.159995,0.951,0.935,0.955,0.932,0.0,1.024,0.838,544642859.0,0.0,513966232.838,0.0,0.0,0.0,20230824,20230824,133743293,0.931,0.0,0.0,0.951,0.95,0.949,0.948,0.947,0.0,0.0,0.0,0.0,0.0,0.952,0.953,0.954,0.955,0.956,0.0,0.0,0.0,0.0,0.0,1483800.0,11650900.0,9004600.0,3203000.0,1520300.0,0.0,0.0,0.0,0.0,0.0,4798200.0,6210300.0,3977200.0,8819500.0,2063300.0,0.0,0.0,0.0,0.0,0.0
20230824133748024,SZSE,SZSE.ETF.159995,0.951,0.935,0.955,0.932,0.0,1.024,0.838,544642859.0,0.0,513966232.838,0.0,0.0,0.0,20230824,20230824,133748026,0.931,0.0,0.0,0.951,0.95,0.949,0.948,0.947,0.0,0.0,0.0,0.0,0.0,0.952,0.953,0.954,0.955,0.956,0.0,0.0,0.0,0.0,0.0,1483800.0,11421400.0,9004600.0,3483000.0,1520300.0,0.0,0.0,0.0,0.0,0.0,4926900.0,6231600.0,3857200.0,8898500.0,2063300.0,0.0,0.0,0.0,0.0,0.0
20230824133746276,SZSE,SZSE.ETF.159995,0.951,0.935,0.955,0.932,0.0,1.024,0.838,544642859.0,0.0,513966232.838,0.0,0.0,0.0,20230824,20230824,133746276,0.931,0.0,0.0,0.951,0.95,0.949,0.948,0.947,0.0,0.0,0.0,0.0,0.0,0.952,0.953,0.954,0.955,0.956,0.0,0.0,0.0,0.0,0.0,1483800.0,11421400.0,9004600.0,3483000.0,1520300.0,0.0,0.0,0.0,0.0,0.0,4926900.0,6231600.0,3857200.0,8898500.0,2063300.0,0.0,0.0,0.0,0.0,0.0
20230824133751064,SZSE,SZSE.ETF.159995,0.951,0.935,0.955,0.932,0.0,1.024,0.838,544677959.0,35100.0,513999612.938,33380.10000002384,0.0,0.0,20230824,20230824,133751062,0.931,0.0,0.0,0.951,0.95,0.949,0.948,0.947,0.0,0.0,0.0,0.0,0.0,0.952,0.953,0.954,0.955,0.956,0.0,0.0,0.0,0.0,0.0,1448700.0,11421400.0,9004600.0,3483000.0,1520300.0,0.0,0.0,0.0,0.0,0.0,4996300.0,6225600.0,3827200.0,8948500.0,2063300.0,0.0,0.0,0.0,0.0,0.0
20230824133749312,SZSE,SZSE.ETF.159995,0.951,0.935,0.955,0.932,0.0,1.024,0.838,544677959.0,35100.0,513999612.938,33380.10000002384,0.0,0.0,20230824,20230824,133749313,0.931,0.0,0.0,0.951,0.95,0.949,0.948,0.947,0.0,0.0,0.0,0.0,0.0,0.952,0.953,0.954,0.955,0.956,0.0,0.0,0.0,0.0,0.0,1448700.0,11421400.0,9004600.0,3483000.0,1520300.0,0.0,0.0,0.0,0.0,0.0,4996300.0,6225600.0,3827200.0,8948500.0,2063300.0,0.0,0.0,0.0,0.0,0.0
20230824133754048,SZSE,SZSE.ETF.159995,0.951,0.935,0.955,0.932,0.0,1.024,0.838,544783559.0,105600.0,514100066.538,100453.59999996424,0.0,0.0,20230824,20230824,133754048,0.931,0.0,0.0,0.951,0.95,0.949,0.948,0.947,0.0,0.0,0.0,0.0,0.0,0.952,0.953,0.954,0.955,0.956,0.0,0.0,0.0,0.0,0.0,1371100.0,9146900.0,10404600.0,3483000.0,1519700.0,0.0,0.0,0.0,0.0,0.0,4981300.0,6343600.0,3850600.0,8977400.0,2063300.0,0.0,0.0,0.0,0.0,0.0
20230824133752296,SZSE,SZSE.ETF.159995,0.951,0.935,0.955,0.932,0.0,1.024,0.838,544783559.0,105600.0,514100066.538,100453.59999996424,0.0,0.0,20230824,20230824,133752297,0.931,0.0,0.0,0.951,0.95,0.949,0.948,0.947,0.0,0.0,0.0,0.0,0.0,0.952,0.953,0.954,0.955,0.956,0.0,0.0,0.0,0.0,0.0,1371100.0,9146900.0,10404600.0,3483000.0,1519700.0,0.0,0.0,0.0,0.0,0.0,4981300.0,6343600.0,3850600.0,8977400.0,2063300.0,0.0,0.0,0.0,0.0,0.0
20230824140539068,SZSE,SZSE.ETF.159995,0.951,0.935,0.955,0.932,0.0,1.024,0.838,568964059.0,400.0,537081696.038,380.39999997615814,0.0,0.0,20230824,20230824,140539067,0.931,0.0,0.0,0.95,0.949,0.948,0.947,0.946,0.0,0.0,0.0,0.0,0.0,0.951,0.952,0.953,0.954,0.955,0.0,0.0,0.0,0.0,0.0,5339200.0,3349300.0,9375800.0,6266400.0,1421100.0,0.0,0.0,0.0,0.0,0.0,3887300.0,7138000.0,4169000.0,3600000.0,10145700.0,0.0,0.0,0.0,0.0,0.0
20230824140537204,SZSE,SZSE.ETF.159995,0.951,0.935,0.955,0.932,0.0,1.024,0.838,568964059.0,400.0,537081696.038,380.39999997615814,0.0,0.0,20230824,20230824,140537203,0.931,0.0,0.0,0.95,0.949,0.948,0.947,0.946,0.0,0.0,0.0,0.0,0.0,0.951,0.952,0.953,0.954,0.955,0.0,0.0,0.0,0.0,0.0,5339200.0,3349300.0,9375800.0,6266400.0,1421100.0,0.0,0.0,0.0,0.0,0.0,3887300.0,7138000.0,4169000.0,3600000.0,10145700.0,0.0,0.0,0.0,0.0,0.0
20230824140542096,SZSE,SZSE.ETF.159995,0.95,0.935,0.955,0.932,0.0,1.024,0.838,568985759.0,21700.0,537102311.038,20615.0,0.0,0.0,20230824,20230824,140542097,0.931,0.0,0.0,0.95,0.949,0.948,0.947,0.946,0.0,0.0,0.0,0.0,0.0,0.951,0.952,0.953,0.954,0.955,0.0,0.0,0.0,0.0,0.0,5317500.0,3469300.0,9378800.0,6266400.0,1421100.0,0.0,0.0,0.0,0.0,0.0,4914100.0,7258000.0,4169000.0,3600000.0,10145700.0,0.0,0.0,0.0,0.0,0.0
20230824140540232,SZSE,SZSE.ETF.159995,0.95,0.935,0.955,0.932,0.0,1.024,0.838,568985759.0,21700.0,537102311.038,20615.0,0.0,0.0,20230824,20230824,140540234,0.931,0.0,0.0,0.95,0.949,0.948,0.947,0.946,0.0,0.0,0.0,0.0,0.0,0.951,0.952,0.953,0.954,0.955,0.0,0.0,0.0,0.0,0.0,5317500.0,3469300.0,9378800.0,6266400.0,1421100.0,0.0,0.0,0.0,0.0,0.0,4914100.0,7258000.0,4169000.0,3600000.0,10145700.0,0.0,0.0,0.0,0.0,0.0
20230824140545092,SZSE,SZSE.ETF.159995,0.95,0.935,0.955,0.932,0.0,1.024,0.838,569135859.0,150100.0,537244906.038,142595.0,0.0,0.0,20230824,20230824,140545091,0.931,0.0,0.0,0.95,0.949,0.948,0.947,0.946,0.0,0.0,0.0,0.0,0.0,0.951,0.952,0.953,0.954,0.955,0.0,0.0,0.0,0.0,0.0,5167400.0,3349300.0,9378800.0,6266400.0,1421100.0,0.0,0.0,0.0,0.0,0.0,4914100.0,7138200.0,4169000.0,3600000.0,10145700.0,0.0,0.0,0.0,0.0,0.0
20230824140543228,SZSE,SZSE.ETF.159995,0.95,0.935,0.955,0.932,0.0,1.024,0.838,569135859.0,150100.0,537244906.038,142595.0,0.0,0.0,20230824,20230824,140543228,0.931,0.0,0.0,0.95,0.949,0.948,0.947,0.946,0.0,0.0,0.0,0.0,0.0,0.951,0.952,0.953,0.954,0.955,0.0,0.0,0.0,0.0,0.0,5167400.0,3349300.0,9378800.0,6266400.0,1421100.0,0.0,0.0,0.0,0.0,0.0,4914100.0,7138200.0,4169000.0,3600000.0,10145700.0,0.0,0.0,0.0,0.0,0.0
20230824140548100,SZSE,SZSE.ETF.159995,0.951,0.935,0.955,0.932,0.0,1.024,0.838,569186459.0,50600.0,537292976.138,48070.10000002384,0.0,0.0,20230824,20230824,140548101,0.931,0.0,0.0,0.95,0.949,0.948,0.947,0.946,0.0,0.0,0.0,0.0,0.0,0.951,0.952,0.953,0.954,0.955,0.0,0.0,0.0,0.0,0.0,4999600.0,3469300.0,9498800.0,6266400.0,1421100.0,0.0,0.0,0.0,0.0,0.0,4919800.0,7258200.0,4169000.0,3600000.0,10145700.0,0.0,0.0,0.0,0.0,0.0
20230824140546236,SZSE,SZSE.ETF.159995,0.951,0.935,0.955,0.932,0.0,1.024,0.838,569186459.0,50600.0,537292976.138,48070.10000002384,0.0,0.0,20230824,20230824,140546237,0.931,0.0,0.0,0.95,0.949,0.948,0.947,0.946,0.0,0.0,0.0,0.0,0.0,0.951,0.952,0.953,0.954,0.955,0.0,0.0,0.0,0.0,0.0,4999600.0,3469300.0,9498800.0,6266400.0,1421100.0,0.0,0.0,0.0,0.0,0.0,4919800.0,7258200.0,4169000.0,3600000.0,10145700.0,0.0,0.0,0.0,0.0,0.0
20230824140551104,SZSE,SZSE.ETF.159995,0.951,0.935,0.955,0.932,0.0,1.024,0.838,569208459.0,22000.0,537313898.138,20922.0,0.0,0.0,20230824,20230824,140551104,0.931,0.0,0.0,0.95,0.949,0.948,0.947,0.946,0.0,0.0,0.0,0.0,0.0,0.951,0.952,0.953,0.954,0.955,0.0,0.0,0.0,0.0,0.0,5119600.0,3349300.0,9378800.0,6266400.0,1421100.0,0.0,0.0,0.0,0.0,0.0,4907800.0,7138200.0,4169000.0,3600000.0,10145900.0,0.0,0.0,0.0,0.0,0.0
20230824140549240,SZSE,SZSE.ETF.159995,0.951,0.935,0.955,0.932,0.0,1.024,0.838,569208459.0,22000.0,537313898.138,20922.0,0.0,0.0,20230824,20230824,140549240,0.931,0.0,0.0,0.95,0.949,0.948,0.947,0.946,0.0,0.0,0.0,0.0,0.0,0.951,0.952,0.953,0.954,0.955,0.0,0.0,0.0,0.0,0.0,5119600.0,3349300.0,9378800.0,6266400.0,1421100.0,0.0,0.0,0.0,0.0,0.0,4907800.0,7138200.0,4169000.0,3600000.0,10145900.0,0.0,0.0,0.0,0.0,0.0
20230824140554100,SZSE,SZSE.ETF.159995,0.951,0.935,0.955,0.932,0.0,1.024,0.838,569209859.0,1400.0,537315229.538,1331.3999999761581,0.0,0.0,20230824,20230824,140554099,0.931,0.0,0.0,0.95,0.949,0.948,0.947,0.946,0.0,0.0,0.0,0.0,0.0,0.951,0.952,0.953,0.954,0.955,0.0,0.0,0.0,0.0,0.0,5119600.0,3508700.0,9378800.0,6266400.0,1421100.0,0.0,0.0,0.0,0.0,0.0,4906400.0,7258200.0,4169000.0,3600000.0,10145900.0,0.0,0.0,0.0,0.0,0.0
20230824140552236,SZSE,SZSE.ETF.159995,0.951,0.935,0.955,0.932,0.0,1.024,0.838,569209859.0,1400.0,537315229.538,1331.3999999761581,0.0,0.0,20230824,20230824,140552236,0.931,0.0,0.0,0.95,0.949,0.948,0.947,0.946,0.0,0.0,0.0,0.0,0.0,0.951,0.952,0.953,0.954,0.955,0.0,0.0,0.0,0.0,0.0,5119600.0,3508700.0,9378800.0,6266400.0,1421100.0,0.0,0.0,0.0,0.0,0.0,4906400.0,7258200.0,4169000.0,3600000.0,10145900.0,0.0,0.0,0.0,0.0,0.0
20230824140557096,SZSE,SZSE.ETF.159995,0.95,0.935,0.955,0.932,0.0,1.024,0.838,569221259.0,11400.0,537326059.538,10830.0,0.0,0.0,20230824,20230824,140557097,0.931,0.0,0.0,0.95,0.949,0.948,0.947,0.946,0.0,0.0,0.0,0.0,0.0,0.951,0.952,0.953,0.954,0.955,0.0,0.0,0.0,0.0,0.0,4998200.0,3388700.0,9498800.0,6266400.0,1421100.0,0.0,0.0,0.0,0.0,0.0,4906400.0,7138200.0,4085000.0,3599000.0,10145900.0,0.0,0.0,0.0,0.0,0.0
20230824140555232,SZSE,SZSE.ETF.159995,0.95,0.935,0.955,0.932,0.0,1.024,0.838,569221259.0,11400.0,537326059.538,10830.0,0.0,0.0,20230824,20230824,140555232,0.931,0.0,0.0,0.95,0.949,0.948,0.947,0.946,0.0,0.0,0.0,0.0,0.0,0.951,0.952,0.953,0.954,0.955,0.0,0.0,0.0,0.0,0.0,4998200.0,3388700.0,9498800.0,6266400.0,1421100.0,0.0,0.0,0.0,0.0,0.0,4906400.0,7138200.0,4085000.0,3599000.0,10145900.0,0.0,0.0,0.0,0.0,0.0
20230824140600080,SZSE,SZSE.ETF.159995,0.95,0.935,0.955,0.932,0.0,1.024,0.838,569221259.0,0.0,537326059.538,0.0,0.0,0.0,20230824,20230824,140600081,0.931,0.0,0.0,0.95,0.949,0.948,0.947,0.946,0.0,0.0,0.0,0.0,0.0,0.951,0.952,0.953,0.954,0.955,0.0,0.0,0.0,0.0,0.0,5016100.0,3508700.0,9498800.0,6266400.0,1421100.0,0.0,0.0,0.0,0.0,0.0,4926400.0,7258200.0,4085000.0,3599000.0,10145900.0,0.0,0.0,0.0,0.0,0.0
20230824140558216,SZSE,SZSE.ETF.159995,0.95,0.935,0.955,0.932,0.0,1.024,0.838,569221259.0,0.0,537326059.538,0.0,0.0,0.0,20230824,20230824,140558217,0.931,0.0,0.0,0.95,0.949,0.948,0.947,0.946,0.0,0.0,0.0,0.0,0.0,0.951,0.952,0.953,0.954,0.955,0.0,0.0,0.0,0.0,0.0,5016100.0,3508700.0,9498800.0,6266400.0,1421100.0,0.0,0.0,0.0,0.0,0.0,4926400.0,7258200.0,4085000.0,3599000.0,10145900.0,0.0,0.0,0.0,0.0,0.0
20230824140603144,SZSE,SZSE.ETF.159995,0.95,0.935,0.955,0.932,0.0,1.024,0.838,569226259.0,5000.0,537330809.538,4750.0,0.0,0.0,20230824,20230824,140603142,0.931,0.0,0.0,0.95,0.949,0.948,0.947,0.946,0.0,0.0,0.0,0.0,0.0,0.951,0.952,0.953,0.954,0.955,0.0,0.0,0.0,0.0,0.0,5021100.0,3391700.0,9498800.0,6266400.0,1421100.0,0.0,0.0,0.0,0.0,0.0,4926800.0,7191800.0,4085000.0,3599000.0,10145900.0,0.0,0.0,0.0,0.0,0.0
20230824140601280,SZSE,SZSE.ETF.159995,0.95,0.935,0.955,0.932,0.0,1.024,0.838,569226259.0,5000.0,537330809.538,4750.0,0.0,0.0,20230824,20230824,140601278,0.931,0.0,0.0,0.95,0.949,0.948,0.947,0.946,0.0,0.0,0.0,0.0,0.0,0.951,0.952,0.953,0.954,0.955,0.0,0.0,0.0,0.0,0.0,5021100.0,3391700.0,9498800.0,6266400.0,1421100.0,0.0,0.0,0.0,0.0,0.0,4926800.0,7191800.0,4085000.0,3599000.0,10145900.0,0.0,0.0,0.0,0.0,0.0
20230824140606156,SZSE,SZSE.ETF.159995,0.951,0.935,0.955,0.932,0.0,1.024,0.838,569233259.0,7000.0,537337464.538,6655.0,0.0,0.0,20230824,20230824,140606157,0.931,0.0,0.0,0.95,0.949,0.948,0.947,0.946,0.0,0.0,0.0,0.0,0.0,0.951,0.952,0.953,0.954,0.955,0.0,0.0,0.0,0.0,0.0,5029700.0,3531700.0,9378800.0,6266400.0,1421100.0,0.0,0.0,0.0,0.0,0.0,4921800.0,7311800.0,4085000.0,3617000.0,10145900.0,0.0,0.0,0.0,0.0,0.0
20230824140609132,SZSE,SZSE.ETF.159995,0.951,0.935,0.955,0.932,0.0,1.024,0.838,569233359.0,100.0,537337559.638,95.10000002384186,0.0,0.0,20230824,20230824,140609132,0.931,0.0,0.0,0.95,0.949,0.948,0.947,0.946,0.0,0.0,0.0,0.0,0.0,0.951,0.952,0.953,0.954,0.955,0.0,0.0,0.0,0.0,0.0,5039700.0,3411700.0,9498800.0,6266400.0,1421100.0,0.0,0.0,0.0,0.0,0.0,4931700.0,7191800.0,4085000.0,3617000.0,10145900.0,0.0,0.0,0.0,0.0,0.0
20230824140612164,SZSE,SZSE.ETF.159995,0.951,0.935,0.955,0.932,0.0,1.024,0.838,569233359.0,0.0,537337559.638,0.0,0.0,0.0,20230824,20230824,140612164,0.931,0.0,0.0,0.95,0.949,0.948,0.947,0.946,0.0,0.0,0.0,0.0,0.0,0.951,0.952,0.953,0.954,0.955,0.0,0.0,0.0,0.0,0.0,5039700.0,3531700.0,9498800.0,6266400.0,1421100.0,0.0,0.0,0.0,0.0,0.0,4931700.0,7311800.0,4085000.0,3617000.0,10145900.0,0.0,0.0,0.0,0.0,0.0
20230824140615228,SZSE,SZSE.ETF.159995,0.951,0.935,0.955,0.932,0.0,1.024,0.838,569233359.0,0.0,537337559.638,0.0,0.0,0.0,20230824,20230824,140615227,0.931,0.0,0.0,0.95,0.949,0.948,0.947,0.946,0.0,0.0,0.0,0.0,0.0,0.951,0.952,0.953,0.954,0.955,0.0,0.0,0.0,0.0,0.0,2344700.0,3411700.0,8499800.0,7265400.0,1421100.0,0.0,0.0,0.0,0.0,0.0,5051700.0,7186500.0,3965000.0,3617000.0,10145900.0,0.0,0.0,0.0,0.0,0.0
20230824140618248,SZSE,SZSE.ETF.159995,0.951,0.935,0.955,0.932,0.0,1.024,0.838,569233359.0,0.0,537337559.638,0.0,0.0,0.0,20230824,20230824,140618249,0.931,0.0,0.0,0.95,0.949,0.948,0.947,0.946,0.0,0.0,0.0,0.0,0.0,0.951,0.952,0.953,0.954,0.955,0.0,0.0,0.0,0.0,0.0,2344700.0,4996700.0,8379800.0,8495400.0,1421100.0,0.0,0.0,0.0,0.0,0.0,5051700.0,7186500.0,3965000.0,3617000.0,10147900.0,0.0,0.0,0.0,0.0,0.0
20230824140616384,SZSE,SZSE.ETF.159995,0.951,0.935,0.955,0.932,0.0,1.024,0.838,569233359.0,0.0,537337559.638,0.0,0.0,0.0,20230824,20230824,140616385,0.931,0.0,0.0,0.95,0.949,0.948,0.947,0.946,0.0,0.0,0.0,0.0,0.0,0.951,0.952,0.953,0.954,0.955,0.0,0.0,0.0,0.0,0.0,2344700.0,4996700.0,8379800.0,8495400.0,1421100.0,0.0,0.0,0.0,0.0,0.0,5051700.0,7186500.0,3965000.0,3617000.0,10147900.0,0.0,0.0,0.0,0.0,0.0
20230824140621172,SZSE,SZSE.ETF.159995,0.95,0.935,0.955,0.932,0.0,1.024,0.838,570713459.0,1480100.0,538743666.638,1406107.0,0.0,0.0,20230824,20230824,140621173,0.931,0.0,0.0,0.95,0.949,0.948,0.947,0.946,0.0,0.0,0.0,0.0,0.0,0.951,0.952,0.953,0.954,0.955,0.0,0.0,0.0,0.0,0.0,876600.0,4877700.0,8379800.0,8615400.0,1421100.0,0.0,0.0,0.0,0.0,0.0,6165600.0,7066500.0,3965000.0,3617000.0,10147900.0,0.0,0.0,0.0,0.0,0.0
20230824140624224,SZSE,SZSE.ETF.159995,0.95,0.935,0.955,0.932,0.0,1.024,0.838,571346059.0,632600.0,539344646.638,600980.0,0.0,0.0,20230824,20230824,140624224,0.931,0.0,0.0,0.95,0.949,0.948,0.947,0.946,0.0,0.0,0.0,0.0,0.0,0.951,0.952,0.953,0.954,0.955,0.0,0.0,0.0,0.0,0.0,258400.0,5997700.0,8379800.0,7615400.0,1421100.0,0.0,0.0,0.0,0.0,0.0,6177400.0,7186500.0,3965000.0,3617000.0,10147900.0,0.0,0.0,0.0,0.0,0.0
20230824140627200,SZSE,SZSE.ETF.159995,0.95,0.935,0.955,0.932,0.0,1.024,0.838,571347759.0,1700.0,539346261.938,1615.2999999523163,0.0,0.0,20230824,20230824,140627199,0.931,0.0,0.0,0.95,0.949,0.948,0.947,0.946,0.0,0.0,0.0,0.0,0.0,0.951,0.952,0.953,0.954,0.955,0.0,0.0,0.0,0.0,0.0,257000.0,5877700.0,8369800.0,7605400.0,1380800.0,0.0,0.0,0.0,0.0,0.0,6177100.0,7066500.0,3965000.0,3617000.0,10147900.0,0.0,0.0,0.0,0.0,0.0
20230824140625336,SZSE,SZSE.ETF.159995,0.95,0.935,0.955,0.932,0.0,1.024,0.838,571347759.0,1700.0,539346261.938,1615.2999999523163,0.0,0.0,20230824,20230824,140625335,0.931,0.0,0.0,0.95,0.949,0.948,0.947,0.946,0.0,0.0,0.0,0.0,0.0,0.951,0.952,0.953,0.954,0.955,0.0,0.0,0.0,0.0,0.0,257000.0,5877700.0,8369800.0,7605400.0,1380800.0,0.0,0.0,0.0,0.0,0.0,6177100.0,7066500.0,3965000.0,3617000.0,10147900.0,0.0,0.0,0.0,0.0,0.0
20230824140630160,SZSE,SZSE.ETF.159995,0.95,0.935,0.955,0.932,0.0,1.024,0.838,571367759.0,20000.0,539365261.938,19000.0,0.0,0.0,20230824,20230824,140630158,0.931,0.0,0.0,0.95,0.949,0.948,0.947,0.946,0.0,0.0,0.0,0.0,0.0,0.951,0.952,0.953,0.954,0.955,0.0,0.0,0.0,0.0,0.0,297000.0,5997700.0,8369800.0,7605400.0,1380800.0,0.0,0.0,0.0,0.0,0.0,6129700.0,7186500.0,3965000.0,3617000.0,10147900.0,0.0,0.0,0.0,0.0,0.0
20230824140703136,SZSE,SZSE.ETF.159995,0.95,0.935,0.955,0.932,0.0,1.024,0.838,571870759.0,5000.0,539843058.138,4750.0,0.0,0.0,20230824,20230824,140703135,0.931,0.0,0.0,0.949,0.948,0.947,0.946,0.945,0.0,0.0,0.0,0.0,0.0,0.95,0.951,0.952,0.953,0.954,0.0,0.0,0.0,0.0,0.0,5369900.0,7525900.0,9005400.0,1380800.0,1966000.0,0.0,0.0,0.0,0.0,0.0,510100.0,6646900.0,6719900.0,3941800.0,3300800.0,0.0,0.0,0.0,0.0,0.0
20230824140701272,SZSE,SZSE.ETF.159995,0.95,0.935,0.955,0.932,0.0,1.024,0.838,571870759.0,5000.0,539843058.138,4750.0,0.0,0.0,20230824,20230824,140701271,0.931,0.0,0.0,0.949,0.948,0.947,0.946,0.945,0.0,0.0,0.0,0.0,0.0,0.95,0.951,0.952,0.953,0.954,0.0,0.0,0.0,0.0,0.0,5369900.0,7525900.0,9005400.0,1380800.0,1966000.0,0.0,0.0,0.0,0.0,0.0,510100.0,6646900.0,6719900.0,3941800.0,3300800.0,0.0,0.0,0.0,0.0,0.0
20230824140704264,SZSE,SZSE.ETF.159995,0.949,0.935,0.955,0.932,0.0,1.024,0.838,571890759.0,20000.0,539862038.138,18980.0,0.0,0.0,20230824,20230824,140704263,0.931,0.0,0.0,0.949,0.948,0.947,0.946,0.945,0.0,0.0,0.0,0.0,0.0,0.95,0.951,0.952,0.953,0.954,0.0,0.0,0.0,0.0,0.0,5319900.0,7405900.0,9005400.0,1380800.0,1966000.0,0.0,0.0,0.0,0.0,0.0,510100.0,6511800.0,6719900.0,3941800.0,3300800.0,0.0,0.0,0.0,0.0,0.0
20230824140706128,SZSE,SZSE.ETF.159995,0.949,0.935,0.955,0.932,0.0,1.024,0.838,571890759.0,20000.0,539862038.138,18980.0,0.0,0.0,20230824,20230824,140706129,0.931,0.0,0.0,0.949,0.948,0.947,0.946,0.945,0.0,0.0,0.0,0.0,0.0,0.95,0.951,0.952,0.953,0.954,0.0,0.0,0.0,0.0,0.0,5319900.0,7405900.0,9005400.0,1380800.0,1966000.0,0.0,0.0,0.0,0.0,0.0,510100.0,6511800.0,6719900.0,3941800.0,3300800.0,0.0,0.0,0.0,0.0,0.0
20230824140709120,SZSE,SZSE.ETF.159995,0.949,0.935,0.955,0.932,0.0,1.024,0.838,571900759.0,10000.0,539871528.138,9490.0,0.0,0.0,20230824,20230824,140709119,0.931,0.0,0.0,0.949,0.948,0.947,0.946,0.945,0.0,0.0,0.0,0.0,0.0,0.95,0.951,0.952,0.953,0.954,0.0,0.0,0.0,0.0,0.0,5309900.0,3525900.0,9005400.0,3380800.0,1966000.0,0.0,0.0,0.0,0.0,0.0,490100.0,6631800.0,6719900.0,3941800.0,3300800.0,0.0,0.0,0.0,0.0,0.0
20230824140707256,SZSE,SZSE.ETF.159995,0.949,0.935,0.955,0.932,0.0,1.024,0.838,571900759.0,10000.0,539871528.138,9490.0,0.0,0.0,20230824,20230824,140707255,0.931,0.0,0.0,0.949,0.948,0.947,0.946,0.945,0.0,0.0,0.0,0.0,0.0,0.95,0.951,0.952,0.953,0.954,0.0,0.0,0.0,0.0,0.0,5309900.0,3525900.0,9005400.0,3380800.0,1966000.0,0.0,0.0,0.0,0.0,0.0,490100.0,6631800.0,6719900.0,3941800.0,3300800.0,0.0,0.0,0.0,0.0,0.0
20230824140712128,SZSE,SZSE.ETF.159995,0.949,0.935,0.955,0.932,0.0,1.024,0.838,571900759.0,0.0,539871528.138,0.0,0.0,0.0,20230824,20230824,140712129,0.931,0.0,0.0,0.949,0.948,0.947,0.946,0.945,0.0,0.0,0.0,0.0,0.0,0.95,0.951,0.952,0.953,0.954,0.0,0.0,0.0,0.0,0.0,5309900.0,3405900.0,9005400.0,5380800.0,1966000.0,0.0,0.0,0.0,0.0,0.0,490100.0,6511800.0,6719900.0,3941800.0,3300800.0,0.0,0.0,0.0,0.0,0.0
20230824140710264,SZSE,SZSE.ETF.159995,0.949,0.935,0.955,0.932,0.0,1.024,0.838,571900759.0,0.0,539871528.138,0.0,0.0,0.0,20230824,20230824,140710263,0.931,0.0,0.0,0.949,0.948,0.947,0.946,0.945,0.0,0.0,0.0,0.0,0.0,0.95,0.951,0.952,0.953,0.954,0.0,0.0,0.0,0.0,0.0,5309900.0,3405900.0,9005400.0,5380800.0,1966000.0,0.0,0.0,0.0,0.0,0.0,490100.0,6511800.0,6719900.0,3941800.0,3300800.0,0.0,0.0,0.0,0.0,0.0
20230824140715064,SZSE,SZSE.ETF.159995,0.949,0.935,0.955,0.932,0.0,1.024,0.838,571900759.0,0.0,539871528.138,0.0,0.0,0.0,20230824,20230824,140715062,0.931,0.0,0.0,0.949,0.948,0.947,0.946,0.945,0.0,0.0,0.0,0.0,0.0,0.95,0.951,0.952,0.953,0.954,0.0,0.0,0.0,0.0,0.0,5309900.0,3425900.0,9005400.0,5380800.0,1966000.0,0.0,0.0,0.0,0.0,0.0,522100.0,6511800.0,6719900.0,3941800.0,3300800.0,0.0,0.0,0.0,0.0,0.0
20230824140713200,SZSE,SZSE.ETF.159995,0.949,0.935,0.955,0.932,0.0,1.024,0.838,571900759.0,0.0,539871528.138,0.0,0.0,0.0,20230824,20230824,140713198,0.931,0.0,0.0,0.949,0.948,0.947,0.946,0.945,0.0,0.0,0.0,0.0,0.0,0.95,0.951,0.952,0.953,0.954,0.0,0.0,0.0,0.0,0.0,5309900.0,3425900.0,9005400.0,5380800.0,1966000.0,0.0,0.0,0.0,0.0,0.0,522100.0,6511800.0,6719900.0,3941800.0,3300800.0,0.0,0.0,0.0,0.0,0.0
20230824140716200,SZSE,SZSE.ETF.159995,0.949,0.935,0.955,0.932,0.0,1.024,0.838,571905759.0,5000.0,539876273.138,4745.0,0.0,0.0,20230824,20230824,140716202,0.931,0.0,0.0,0.949,0.948,0.947,0.946,0.945,0.0,0.0,0.0,0.0,0.0,0.95,0.951,0.952,0.953,0.954,0.0,0.0,0.0,0.0,0.0,5304900.0,3485800.0,9005400.0,5380800.0,1966000.0,0.0,0.0,0.0,0.0,0.0,556100.0,6517300.0,6679900.0,3941800.0,3300800.0,0.0,0.0,0.0,0.0,0.0
20230824140718080,SZSE,SZSE.ETF.159995,0.949,0.935,0.955,0.932,0.0,1.024,0.838,571905759.0,5000.0,539876273.138,4745.0,0.0,0.0,20230824,20230824,140718081,0.931,0.0,0.0,0.949,0.948,0.947,0.946,0.945,0.0,0.0,0.0,0.0,0.0,0.95,0.951,0.952,0.953,0.954,0.0,0.0,0.0,0.0,0.0,5304900.0,3485800.0,9005400.0,5380800.0,1966000.0,0.0,0.0,0.0,0.0,0.0,556100.0,6517300.0,6679900.0,3941800.0,3300800.0,0.0,0.0,0.0,0.0,0.0
20230824140721100,SZSE,SZSE.ETF.159995,0.949,0.935,0.955,0.932,0.0,1.024,0.838,571955759.0,50000.0,539923723.138,47450.0,0.0,0.0,20230824,20230824,140721100,0.931,0.0,0.0,0.949,0.948,0.947,0.946,0.945,0.0,0.0,0.0,0.0,0.0,0.95,0.951,0.952,0.953,0.954,0.0,0.0,0.0,0.0,0.0,5254900.0,3235800.0,9005400.0,5380800.0,2116000.0,0.0,0.0,0.0,0.0,0.0,1227000.0,6371900.0,6679900.0,3941800.0,3306800.0,0.0,0.0,0.0,0.0,0.0
20230824140724088,SZSE,SZSE.ETF.159995,0.949,0.935,0.955,0.932,0.0,1.024,0.838,571971959.0,16200.0,539939096.938,15373.799999952316,0.0,0.0,20230824,20230824,140724089,0.931,0.0,0.0,0.949,0.948,0.947,0.946,0.945,0.0,0.0,0.0,0.0,0.0,0.95,0.951,0.952,0.953,0.954,0.0,0.0,0.0,0.0,0.0,5238700.0,3355800.0,9005400.0,5380800.0,2116000.0,0.0,0.0,0.0,0.0,0.0,1385300.0,6501900.0,6679900.0,3941800.0,3306800.0,0.0,0.0,0.0,0.0,0.0
20230824140722224,SZSE,SZSE.ETF.159995,0.949,0.935,0.955,0.932,0.0,1.024,0.838,571971959.0,16200.0,539939096.938,15373.799999952316,0.0,0.0,20230824,20230824,140722225,0.931,0.0,0.0,0.949,0.948,0.947,0.946,0.945,0.0,0.0,0.0,0.0,0.0,0.95,0.951,0.952,0.953,0.954,0.0,0.0,0.0,0.0,0.0,5238700.0,3355800.0,9005400.0,5380800.0,2116000.0,0.0,0.0,0.0,0.0,0.0,1385300.0,6501900.0,6679900.0,3941800.0,3306800.0,0.0,0.0,0.0,0.0,0.0
20230824140725280,SZSE,SZSE.ETF.159995,0.95,0.935,0.955,0.932,0.0,1.024,0.838,571998959.0,27000.0,539964721.938,25625.0,0.0,0.0,20230824,20230824,140725278,0.931,0.0,0.0,0.949,0.948,0.947,0.946,0.945,0.0,0.0,0.0,0.0,0.0,0.95,0.951,0.952,0.953,0.954,0.0,0.0,0.0,0.0,0.0,5223700.0,3239800.0,9125400.0,5380800.0,2116000.0,0.0,0.0,0.0,0.0,0.0,1428300.0,6381900.0,6594900.0,3941800.0,3306800.0,0.0,0.0,0.0,0.0,0.0
20230824140727144,SZSE,SZSE.ETF.159995,0.95,0.935,0.955,0.932,0.0,1.024,0.838,571998959.0,27000.0,539964721.938,25625.0,0.0,0.0,20230824,20230824,140727144,0.931,0.0,0.0,0.949,0.948,0.947,0.946,0.945,0.0,0.0,0.0,0.0,0.0,0.95,0.951,0.952,0.953,0.954,0.0,0.0,0.0,0.0,0.0,5223700.0,3239800.0,9125400.0,5380800.0,2116000.0,0.0,0.0,0.0,0.0,0.0,1428300.0,6381900.0,6594900.0,3941800.0,3306800.0,0.0,0.0,0.0,0.0,0.0
20230824140730112,SZSE,SZSE.ETF.159995,0.949,0.935,0.955,0.932,0.0,1.024,0.838,572009759.0,10800.0,539974971.138,10249.200000047684,0.0,0.0,20230824,20230824,140730113,0.931,0.0,0.0,0.949,0.948,0.947,0.946,0.945,0.0,0.0,0.0,0.0,0.0,0.95,0.951,0.952,0.953,0.954,0.0,0.0,0.0,0.0,0.0,5332900.0,3359800.0,9005400.0,5380800.0,2116000.0,0.0,0.0,0.0,0.0,0.0,1428300.0,6501900.0,6592900.0,3941800.0,3306800.0,0.0,0.0,0.0,0.0,0.0
20230824140728248,SZSE,SZSE.ETF.159995,0.949,0.935,0.955,0.932,0.0,1.024,0.838,572009759.0,10800.0,539974971.138,10249.200000047684,0.0,0.0,20230824,20230824,140728249,0.931,0.0,0.0,0.949,0.948,0.947,0.946,0.945,0.0,0.0,0.0,0.0,0.0,0.95,0.951,0.952,0.953,0.954,0.0,0.0,0.0,0.0,0.0,5332900.0,3359800.0,9005400.0,5380800.0,2116000.0,0.0,0.0,0.0,0.0,0.0,1428300.0,6501900.0,6592900.0,3941800.0,3306800.0,0.0,0.0,0.0,0.0,0.0
20230824140733144,SZSE,SZSE.ETF.159995,0.949,0.935,0.955,0.932,0.0,1.024,0.838,572009759.0,0.0,539974971.138,0.0,0.0,0.0,20230824,20230824,140733143,0.931,0.0,0.0,0.949,0.948,0.947,0.946,0.945,0.0,0.0,0.0,0.0,0.0,0.95,0.951,0.952,0.953,0.954,0.0,0.0,0.0,0.0,0.0,5332900.0,3239800.0,9025400.0,5380800.0,2116000.0,0.0,0.0,0.0,0.0,0.0,1432300.0,6380100.0,6592900.0,3951800.0,3306800.0,0.0,0.0,0.0,0.0,0.0
20230824140731280,SZSE,SZSE.ETF.159995,0.949,0.935,0.955,0.932,0.0,1.024,0.838,572009759.0,0.0,539974971.138,0.0,0.0,0.0,20230824,20230824,140731279,0.931,0.0,0.0,0.949,0.948,0.947,0.946,0.945,0.0,0.0,0.0,0.0,0.0,0.95,0.951,0.952,0.953,0.954,0.0,0.0,0.0,0.0,0.0,5332900.0,3239800.0,9025400.0,5380800.0,2116000.0,0.0,0.0,0.0,0.0,0.0,1432300.0,6380100.0,6592900.0,3951800.0,3306800.0,0.0,0.0,0.0,0.0,0.0
20230824140736140,SZSE,SZSE.ETF.159995,0.949,0.935,0.955,0.932,0.0,1.024,0.838,572059759.0,50000.0,540022421.138,47450.0,0.0,0.0,20230824,20230824,140736141,0.931,0.0,0.0,0.949,0.948,0.947,0.946,0.945,0.0,0.0,0.0,0.0,0.0,0.95,0.951,0.952,0.953,0.954,0.0,0.0,0.0,0.0,0.0,5162900.0,3359800.0,9025400.0,5380800.0,2116000.0,0.0,0.0,0.0,0.0,0.0,1452300.0,6500100.0,6592900.0,3951800.0,3306800.0,0.0,0.0,0.0,0.0,0.0
20230824140734280,SZSE,SZSE.ETF.159995,0.949,0.935,0.955,0.932,0.0,1.024,0.838,572059759.0,50000.0,540022421.138,47450.0,0.0,0.0,20230824,20230824,140734280,0.931,0.0,0.0,0.949,0.948,0.947,0.946,0.945,0.0,0.0,0.0,0.0,0.0,0.95,0.951,0.952,0.953,0.954,0.0,0.0,0.0,0.0,0.0,5162900.0,3359800.0,9025400.0,5380800.0,2116000.0,0.0,0.0,0.0,0.0,0.0,1452300.0,6500100.0,6592900.0,3951800.0,3306800.0,0.0,0.0,0.0,0.0,0.0
20230824140739124,SZSE,SZSE.ETF.159995,0.949,0.935,0.955,0.932,0.0,1.024,0.838,572060959.0,1200.0,540023559.938,1138.7999999523163,0.0,0.0,20230824,20230824,140739125,0.931,0.0,0.0,0.949,0.948,0.947,0.946,0.945,0.0,0.0,0.0,0.0,0.0,0.95,0.951,0.952,0.953,0.954,0.0,0.0,0.0,0.0,0.0,5161700.0,3239800.0,9145400.0,5380800.0,2136000.0,0.0,0.0,0.0,0.0,0.0,1474100.0,6380100.0,6592900.0,3951800.0,3306800.0,0.0,0.0,0.0,0.0,0.0
20230824140737268,SZSE,SZSE.ETF.159995,0.949,0.935,0.955,0.932,0.0,1.024,0.838,572060959.0,1200.0,540023559.938,1138.7999999523163,0.0,0.0,20230824,20230824,140737268,0.931,0.0,0.0,0.949,0.948,0.947,0.946,0.945,0.0,0.0,0.0,0.0,0.0,0.95,0.951,0.952,0.953,0.954,0.0,0.0,0.0,0.0,0.0,5161700.0,3239800.0,9145400.0,5380800.0,2136000.0,0.0,0.0,0.0,0.0,0.0,1474100.0,6380100.0,6592900.0,3951800.0,3306800.0,0.0,0.0,0.0,0.0,0.0
20230824140742172,SZSE,SZSE.ETF.159995,0.949,0.935,0.955,0.932,0.0,1.024,0.838,572560959.0,500000.0,540498059.938,474500.0,0.0,0.0,20230824,20230824,140742172,0.931,0.0,0.0,0.949,0.948,0.947,0.946,0.945,0.0,0.0,0.0,0.0,0.0,0.95,0.951,0.952,0.953,0.954,0.0,0.0,0.0,0.0,0.0,4671700.0,3359800.0,8146400.0,6379800.0,2136000.0,0.0,0.0,0.0,0.0,0.0,1605700.0,6610700.0,6472900.0,3951800.0,3306800.0,0.0,0.0,0.0,0.0,0.0
20230824140745156,SZSE,SZSE.ETF.159995,0.949,0.935,0.955,0.932,0.0,1.024,0.838,572570959.0,10000.0,540507549.938,9490.0,0.0,0.0,20230824,20230824,140745156,0.931,0.0,0.0,0.949,0.948,0.947,0.946,0.945,0.0,0.0,0.0,0.0,0.0,0.95,0.951,0.952,0.953,0.954,0.0,0.0,0.0,0.0,0.0,906700.0,5939800.0,9145400.0,6379800.0,2136000.0,0.0,0.0,0.0,0.0,0.0,1625700.0,6460700.0,6472900.0,3951800.0,3306800.0,0.0,0.0,0.0,0.0,0.0
20230824140748232,SZSE,SZSE.ETF.159995,0.949,0.935,0.955,0.932,0.0,1.024,0.838,572570959.0,0.0,540507549.938,0.0,0.0,0.0,20230824,20230824,140748234,0.931,0.0,0.0,0.949,0.948,0.947,0.946,0.945,0.0,0.0,0.0,0.0,0.0,0.95,0.951,0.952,0.953,0.954,0.0,0.0,0.0,0.0,0.0,896600.0,6059800.0,9026400.0,6379800.0,2136000.0,0.0,0.0,0.0,0.0,0.0,2056100.0,6466700.0,6472900.0,3951800.0,3306800.0,0.0,0.0,0.0,0.0,0.0
20230824140751124,SZSE,SZSE.ETF.159995,0.949,0.935,0.955,0.932,0.0,1.024,0.838,572653959.0,83000.0,540586316.938,78767.0,0.0,0.0,20230824,20230824,140751125,0.931,0.0,0.0,0.949,0.948,0.947,0.946,0.945,0.0,0.0,0.0,0.0,0.0,0.95,0.951,0.952,0.953,0.954,0.0,0.0,0.0,0.0,0.0,738000.0,5709900.0,9026400.0,6750000.0,2136000.0,0.0,0.0,0.0,0.0,0.0,3186100.0,6431700.0,5472900.0,3951800.0,3506700.0,0.0,0.0,0.0,0.0,0.0
20230824140749260,SZSE,SZSE.ETF.159995,0.949,0.935,0.955,0.932,0.0,1.024,0.838,572653959.0,83000.0,540586316.938,78767.0,0.0,0.0,20230824,20230824,140749261,0.931,0.0,0.0,0.949,0.948,0.947,0.946,0.945,0.0,0.0,0.0,0.0,0.0,0.95,0.951,0.952,0.953,0.954,0.0,0.0,0.0,0.0,0.0,738000.0,5709900.0,9026400.0,6750000.0,2136000.0,0.0,0.0,0.0,0.0,0.0,3186100.0,6431700.0,5472900.0,3951800.0,3506700.0,0.0,0.0,0.0,0.0,0.0
20230824140754140,SZSE,SZSE.ETF.159995,0.949,0.935,0.955,0.932,0.0,1.024,0.838,572779759.0,125800.0,540705701.238,119384.30000007153,0.0,0.0,20230824,20230824,140754141,0.931,0.0,0.0,0.949,0.948,0.947,0.946,0.945,0.0,0.0,0.0,0.0,0.0,0.95,0.951,0.952,0.953,0.954,0.0,0.0,0.0,0.0,0.0,612300.0,5819900.0,10025400.0,6750000.0,2136000.0,0.0,0.0,0.0,0.0,0.0,3226000.0,6549700.0,5473900.0,3951800.0,3506700.0,0.0,0.0,0.0,0.0,0.0
20230824140752280,SZSE,SZSE.ETF.159995,0.949,0.935,0.955,0.932,0.0,1.024,0.838,572779759.0,125800.0,540705701.238,119384.30000007153,0.0,0.0,20230824,20230824,140752281,0.931,0.0,0.0,0.949,0.948,0.947,0.946,0.945,0.0,0.0,0.0,0.0,0.0,0.95,0.951,0.952,0.953,0.954,0.0,0.0,0.0,0.0,0.0,612300.0,5819900.0,10025400.0,6750000.0,2136000.0,0.0,0.0,0.0,0.0,0.0,3226000.0,6549700.0,5473900.0,3951800.0,3506700.0,0.0,0.0,0.0,0.0,0.0
20230824140757156,SZSE,SZSE.ETF.159995,0.949,0.935,0.955,0.932,0.0,1.024,0.838,572789759.0,10000.0,540715191.238,9490.0,0.0,0.0,20230824,20230824,140757156,0.931,0.0,0.0,0.949,0.948,0.947,0.946,0.945,0.0,0.0,0.0,0.0,0.0,0.95,0.951,0.952,0.953,0.954,0.0,0.0,0.0,0.0,0.0,612300.0,5702900.0,10025400.0,6750000.0,2136000.0,0.0,0.0,0.0,0.0,0.0,3319000.0,6427700.0,5463900.0,3951800.0,3506700.0,0.0,0.0,0.0,0.0,0.0
20230824140800124,SZSE,SZSE.ETF.159995,0.949,0.935,0.955,0.932,0.0,1.024,0.838,572790959.0,1200.0,540716330.038,1138.7999999523163,0.0,0.0,20230824,20230824,140800125,0.931,0.0,0.0,0.949,0.948,0.947,0.946,0.945,0.0,0.0,0.0,0.0,0.0,0.95,0.951,0.952,0.953,0.954,0.0,0.0,0.0,0.0,0.0,615400.0,5822900.0,10025400.0,6750000.0,2136000.0,0.0,0.0,0.0,0.0,0.0,3331000.0,6552700.0,5431500.0,3951800.0,3506700.0,0.0,0.0,0.0,0.0,0.0
20230824140758276,SZSE,SZSE.ETF.159995,0.949,0.935,0.955,0.932,0.0,1.024,0.838,572790959.0,1200.0,540716330.038,1138.7999999523163,0.0,0.0,20230824,20230824,140758275,0.931,0.0,0.0,0.949,0.948,0.947,0.946,0.945,0.0,0.0,0.0,0.0,0.0,0.95,0.951,0.952,0.953,0.954,0.0,0.0,0.0,0.0,0.0,615400.0,5822900.0,10025400.0,6750000.0,2136000.0,0.0,0.0,0.0,0.0,0.0,3331000.0,6552700.0,5431500.0,3951800.0,3506700.0,0.0,0.0,0.0,0.0,0.0
20230824140803144,SZSE,SZSE.ETF.159995,0.949,0.935,0.955,0.932,0.0,1.024,0.838,573020159.0,229200.0,540933840.838,217510.80000007153,0.0,0.0,20230824,20230824,140803142,0.931,0.0,0.0,0.949,0.948,0.947,0.946,0.945,0.0,0.0,0.0,0.0,0.0,0.95,0.951,0.952,0.953,0.954,0.0,0.0,0.0,0.0,0.0,386200.0,5702900.0,10025400.0,6750000.0,2136000.0,0.0,0.0,0.0,0.0,0.0,3261000.0,6314700.0,5394000.0,3951800.0,3506700.0,0.0,0.0,0.0,0.0,0.0
20230824140801280,SZSE,SZSE.ETF.159995,0.949,0.935,0.955,0.932,0.0,1.024,0.838,573020159.0,229200.0,540933840.838,217510.80000007153,0.0,0.0,20230824,20230824,140801278,0.931,0.0,0.0,0.949,0.948,0.947,0.946,0.945,0.0,0.0,0.0,0.0,0.0,0.95,0.951,0.952,0.953,0.954,0.0,0.0,0.0,0.0,0.0,386200.0,5702900.0,10025400.0,6750000.0,2136000.0,0.0,0.0,0.0,0.0,0.0,3261000.0,6314700.0,5394000.0,3951800.0,3506700.0,0.0,0.0,0.0,0.0,0.0
20230824140806124,SZSE,SZSE.ETF.159995,0.949,0.935,0.955,0.932,0.0,1.024,0.838,573030359.0,10200.0,540943520.638,9679.799999952316,0.0,0.0,20230824,20230824,140806125,0.931,0.0,0.0,0.949,0.948,0.947,0.946,0.945,0.0,0.0,0.0,0.0,0.0,0.95,0.951,0.952,0.953,0.954,0.0,0.0,0.0,0.0,0.0,376000.0,5822900.0,10028400.0,6750000.0,2136000.0,0.0,0.0,0.0,0.0,0.0,3261000.0,6413700.0,5394000.0,3951800.0,3501300.0,0.0,0.0,0.0,0.0,0.0
20230824140804264,SZSE,SZSE.ETF.159995,0.949,0.935,0.955,0.932,0.0,1.024,0.838,573030359.0,10200.0,540943520.638,9679.799999952316,0.0,0.0,20230824,20230824,140804264,0.931,0.0,0.0,0.949,0.948,0.947,0.946,0.945,0.0,0.0,0.0,0.0,0.0,0.95,0.951,0.952,0.953,0.954,0.0,0.0,0.0,0.0,0.0,376000.0,5822900.0,10028400.0,6750000.0,2136000.0,0.0,0.0,0.0,0.0,0.0,3261000.0,6413700.0,5394000.0,3951800.0,3501300.0,0.0,0.0,0.0,0.0,0.0
20230824140809096,SZSE,SZSE.ETF.159995,0.949,0.935,0.955,0.932,0.0,1.024,0.838,573178559.0,148200.0,541084162.438,140641.79999995232,0.0,0.0,20230824,20230824,140809094,0.931,0.0,0.0,0.949,0.948,0.947,0.946,0.945,0.0,0.0,0.0,0.0,0.0,0.95,0.951,0.952,0.953,0.954,0.0,0.0,0.0,0.0,0.0,227800.0,5702900.0,10028400.0,6750000.0,2136000.0,0.0,0.0,0.0,0.0,0.0,3066600.0,6286800.0,5379000.0,3951800.0,3501300.0,0.0,0.0,0.0,0.0,0.0
20230824140807232,SZSE,SZSE.ETF.159995,0.949,0.935,0.955,0.932,0.0,1.024,0.838,573178559.0,148200.0,541084162.438,140641.79999995232,0.0,0.0,20230824,20230824,140807233,0.931,0.0,0.0,0.949,0.948,0.947,0.946,0.945,0.0,0.0,0.0,0.0,0.0,0.95,0.951,0.952,0.953,0.954,0.0,0.0,0.0,0.0,0.0,227800.0,5702900.0,10028400.0,6750000.0,2136000.0,0.0,0.0,0.0,0.0,0.0,3066600.0,6286800.0,5379000.0,3951800.0,3501300.0,0.0,0.0,0.0,0.0,0.0
20230824140812124,SZSE,SZSE.ETF.159995,0.949,0.935,0.955,0.932,0.0,1.024,0.838,573191659.0,13100.0,541096594.938,12432.5,0.0,0.0,20230824,20230824,140812125,0.931,0.0,0.0,0.949,0.948,0.947,0.946,0.945,0.0,0.0,0.0,0.0,0.0,0.95,0.951,0.952,0.953,0.954,0.0,0.0,0.0,0.0,0.0,215300.0,5838600.0,10028400.0,6750000.0,2136000.0,0.0,0.0,0.0,0.0,0.0,3125500.0,6401800.0,5379000.0,3951800.0,3501300.0,0.0,0.0,0.0,0.0,0.0
20230824140810268,SZSE,SZSE.ETF.159995,0.949,0.935,0.955,0.932,0.0,1.024,0.838,573191659.0,13100.0,541096594.938,12432.5,0.0,0.0,20230824,20230824,140810267,0.931,0.0,0.0,0.949,0.948,0.947,0.946,0.945,0.0,0.0,0.0,0.0,0.0,0.95,0.951,0.952,0.953,0.954,0.0,0.0,0.0,0.0,0.0,215300.0,5838600.0,10028400.0,6750000.0,2136000.0,0.0,0.0,0.0,0.0,0.0,3125500.0,6401800.0,5379000.0,3951800.0,3501300.0,0.0,0.0,0.0,0.0,0.0
20230824140815124,SZSE,SZSE.ETF.159995,0.949,0.935,0.955,0.932,0.0,1.024,0.838,573226159.0,34500.0,541129335.438,32740.5,0.0,0.0,20230824,20230824,140815125,0.931,0.0,0.0,0.949,0.948,0.947,0.946,0.945,0.0,0.0,0.0,0.0,0.0,0.95,0.951,0.952,0.953,0.954,0.0,0.0,0.0,0.0,0.0,180800.0,5718600.0,10028400.0,6748000.0,2146500.0,0.0,0.0,0.0,0.0,0.0,3125500.0,6281800.0,5379000.0,3951800.0,3438600.0,0.0,0.0,0.0,0.0,0.0
20230824140813264,SZSE,SZSE.ETF.159995,0.949,0.935,0.955,0.932,0.0,1.024,0.838,573226159.0,34500.0,541129335.438,32740.5,0.0,0.0,20230824,20230824,140813262,0.931,0.0,0.0,0.949,0.948,0.947,0.946,0.945,0.0,0.0,0.0,0.0,0.0,0.95,0.951,0.952,0.953,0.954,0.0,0.0,0.0,0.0,0.0,180800.0,5718600.0,10028400.0,6748000.0,2146500.0,0.0,0.0,0.0,0.0,0.0,3125500.0,6281800.0,5379000.0,3951800.0,3438600.0,0.0,0.0,0.0,0.0,0.0
20230824140818080,SZSE,SZSE.ETF.159995,0.949,0.935,0.955,0.932,0.0,1.024,0.838,573229159.0,3000.0,541132182.438,2847.0,0.0,0.0,20230824,20230824,140818078,0.931,0.0,0.0,0.949,0.948,0.947,0.946,0.945,0.0,0.0,0.0,0.0,0.0,0.95,0.951,0.952,0.953,0.954,0.0,0.0,0.0,0.0,0.0,177800.0,7201800.0,9029400.0,6748000.0,2146500.0,0.0,0.0,0.0,0.0,0.0,3125500.0,6251800.0,5379000.0,3951800.0,3438600.0,0.0,0.0,0.0,0.0,0.0
20230824140821064,SZSE,SZSE.ETF.159995,0.949,0.935,0.955,0.932,0.0,1.024,0.838,573290659.0,61500.0,541190545.938,58363.5,0.0,0.0,20230824,20230824,140821062,0.931,0.0,0.0,0.949,0.948,0.947,0.946,0.945,0.0,0.0,0.0,0.0,0.0,0.95,0.951,0.952,0.953,0.954,0.0,0.0,0.0,0.0,0.0,116300.0,7202800.0,9029400.0,6748000.0,2146500.0,0.0,0.0,0.0,0.0,0.0,3123700.0,6251800.0,3243700.0,3951800.0,3438600.0,0.0,0.0,0.0,0.0,0.0
20230824140819208,SZSE,SZSE.ETF.159995,0.949,0.935,0.955,0.932,0.0,1.024,0.838,573290659.0,61500.0,541190545.938,58363.5,0.0,0.0,20230824,20230824,140819209,0.931,0.0,0.0,0.949,0.948,0.947,0.946,0.945,0.0,0.0,0.0,0.0,0.0,0.95,0.951,0.952,0.953,0.954,0.0,0.0,0.0,0.0,0.0,116300.0,7202800.0,9029400.0,6748000.0,2146500.0,0.0,0.0,0.0,0.0,0.0,3123700.0,6251800.0,3243700.0,3951800.0,3438600.0,0.0,0.0,0.0,0.0,0.0
20230824140824080,SZSE,SZSE.ETF.159995,0.949,0.935,0.955,0.932,0.0,1.024,0.838,573506959.0,216300.0,541395814.638,205268.70000004768,0.0,0.0,20230824,20230824,140824078,0.931,0.0,0.0,0.948,0.947,0.946,0.945,0.944,0.0,0.0,0.0,0.0,0.0,0.949,0.95,0.951,0.952,0.953,0.0,0.0,0.0,0.0,0.0,7097300.0,9135000.0,6748000.0,2186500.0,1936400.0,0.0,0.0,0.0,0.0,0.0,89800.0,3279000.0,7155600.0,3243700.0,3951800.0,0.0,0.0,0.0,0.0,0.0
20230824140822216,SZSE,SZSE.ETF.159995,0.949,0.935,0.955,0.932,0.0,1.024,0.838,573506959.0,216300.0,541395814.638,205268.70000004768,0.0,0.0,20230824,20230824,140822216,0.931,0.0,0.0,0.948,0.947,0.946,0.945,0.944,0.0,0.0,0.0,0.0,0.0,0.949,0.95,0.951,0.952,0.953,0.0,0.0,0.0,0.0,0.0,7097300.0,9135000.0,6748000.0,2186500.0,1936400.0,0.0,0.0,0.0,0.0,0.0,89800.0,3279000.0,7155600.0,3243700.0,3951800.0,0.0,0.0,0.0,0.0,0.0
20230824140827064,SZSE,SZSE.ETF.159995,0.949,0.935,0.955,0.932,0.0,1.024,0.838,573511959.0,5000.0,541400559.638,4745.0,0.0,0.0,20230824,20230824,140827062,0.931,0.0,0.0,0.948,0.947,0.946,0.945,0.944,0.0,0.0,0.0,0.0,0.0,0.949,0.95,0.951,0.952,0.953,0.0,0.0,0.0,0.0,0.0,6875700.0,9361700.0,6748000.0,2186500.0,1936400.0,0.0,0.0,0.0,0.0,0.0,208600.0,4504700.0,6929000.0,3243700.0,3951800.0,0.0,0.0,0.0,0.0,0.0
20230824140825200,SZSE,SZSE.ETF.159995,0.949,0.935,0.955,0.932,0.0,1.024,0.838,573511959.0,5000.0,541400559.638,4745.0,0.0,0.0,20230824,20230824,140825201,0.931,0.0,0.0,0.948,0.947,0.946,0.945,0.944,0.0,0.0,0.0,0.0,0.0,0.949,0.95,0.951,0.952,0.953,0.0,0.0,0.0,0.0,0.0,6875700.0,9361700.0,6748000.0,2186500.0,1936400.0,0.0,0.0,0.0,0.0,0.0,208600.0,4504700.0,6929000.0,3243700.0,3951800.0,0.0,0.0,0.0,0.0,0.0
20230824140830080,SZSE,SZSE.ETF.159995,0.948,0.935,0.955,0.932,0.0,1.024,0.838,573541959.0,30000.0,541428999.638,28440.0,0.0,0.0,20230824,20230824,140830078,0.931,0.0,0.0,0.948,0.947,0.946,0.945,0.944,0.0,0.0,0.0,0.0,0.0,0.949,0.95,0.951,0.952,0.953,0.0,0.0,0.0,0.0,0.0,6730100.0,9481700.0,6748000.0,2188500.0,1936400.0,0.0,0.0,0.0,0.0,0.0,229600.0,4525300.0,6809000.0,3243700.0,3951800.0,0.0,0.0,0.0,0.0,0.0
20230824140828224,SZSE,SZSE.ETF.159995,0.948,0.935,0.955,0.932,0.0,1.024,0.838,573541959.0,30000.0,541428999.638,28440.0,0.0,0.0,20230824,20230824,140828226,0.931,0.0,0.0,0.948,0.947,0.946,0.945,0.944,0.0,0.0,0.0,0.0,0.0,0.949,0.95,0.951,0.952,0.953,0.0,0.0,0.0,0.0,0.0,6730100.0,9481700.0,6748000.0,2188500.0,1936400.0,0.0,0.0,0.0,0.0,0.0,229600.0,4525300.0,6809000.0,3243700.0,3951800.0,0.0,0.0,0.0,0.0,0.0
20230824140833096,SZSE,SZSE.ETF.159995,0.949,0.935,0.955,0.932,0.0,1.024,0.838,573560559.0,18600.0,541446637.538,17637.899999976158,0.0,0.0,20230824,20230824,140833094,0.931,0.0,0.0,0.948,0.947,0.946,0.945,0.944,0.0,0.0,0.0,0.0,0.0,0.949,0.95,0.951,0.952,0.953,0.0,0.0,0.0,0.0,0.0,6701600.0,9601700.0,6748000.0,2186700.0,1936400.0,0.0,0.0,0.0,0.0,0.0,224400.0,5045300.0,6809000.0,3243700.0,3951800.0,0.0,0.0,0.0,0.0,0.0
20230824140831240,SZSE,SZSE.ETF.159995,0.949,0.935,0.955,0.932,0.0,1.024,0.838,573560559.0,18600.0,541446637.538,17637.899999976158,0.0,0.0,20230824,20230824,140831241,0.931,0.0,0.0,0.948,0.947,0.946,0.945,0.944,0.0,0.0,0.0,0.0,0.0,0.949,0.95,0.951,0.952,0.953,0.0,0.0,0.0,0.0,0.0,6701600.0,9601700.0,6748000.0,2186700.0,1936400.0,0.0,0.0,0.0,0.0,0.0,224400.0,5045300.0,6809000.0,3243700.0,3951800.0,0.0,0.0,0.0,0.0,0.0
20230824140836096,SZSE,SZSE.ETF.159995,0.949,0.935,0.955,0.932,0.0,1.024,0.838,573561559.0,1000.0,541447586.538,949.0,0.0,0.0,20230824,20230824,140836094,0.931,0.0,0.0,0.948,0.947,0.946,0.945,0.944,0.0,0.0,0.0,0.0,0.0,0.949,0.95,0.951,0.952,0.953,0.0,0.0,0.0,0.0,0.0,6681600.0,9481700.0,6748000.0,2186700.0,1936400.0,0.0,0.0,0.0,0.0,0.0,317500.0,5125300.0,6809000.0,3243700.0,3951800.0,0.0,0.0,0.0,0.0,0.0
20230824140834244,SZSE,SZSE.ETF.159995,0.949,0.935,0.955,0.932,0.0,1.024,0.838,573561559.0,1000.0,541447586.538,949.0,0.0,0.0,20230824,20230824,140834243,0.931,0.0,0.0,0.948,0.947,0.946,0.945,0.944,0.0,0.0,0.0,0.0,0.0,0.949,0.95,0.951,0.952,0.953,0.0,0.0,0.0,0.0,0.0,6681600.0,9481700.0,6748000.0,2186700.0,1936400.0,0.0,0.0,0.0,0.0,0.0,317500.0,5125300.0,6809000.0,3243700.0,3951800.0,0.0,0.0,0.0,0.0,0.0
20230824140839096,SZSE,SZSE.ETF.159995,0.949,0.935,0.955,0.932,0.0,1.024,0.838,573570659.0,9100.0,541456214.438,8627.899999976158,0.0,0.0,20230824,20230824,140839094,0.931,0.0,0.0,0.948,0.947,0.946,0.945,0.944,0.0,0.0,0.0,0.0,0.0,0.949,0.95,0.951,0.952,0.953,0.0,0.0,0.0,0.0,0.0,6673600.0,9601700.0,6748000.0,2186700.0,1936400.0,0.0,0.0,0.0,0.0,0.0,320500.0,5245300.0,6809000.0,3243700.0,3951800.0,0.0,0.0,0.0,0.0,0.0
20230824140837236,SZSE,SZSE.ETF.159995,0.949,0.935,0.955,0.932,0.0,1.024,0.838,573570659.0,9100.0,541456214.438,8627.899999976158,0.0,0.0,20230824,20230824,140837236,0.931,0.0,0.0,0.948,0.947,0.946,0.945,0.944,0.0,0.0,0.0,0.0,0.0,0.949,0.95,0.951,0.952,0.953,0.0,0.0,0.0,0.0,0.0,6673600.0,9601700.0,6748000.0,2186700.0,1936400.0,0.0,0.0,0.0,0.0,0.0,320500.0,5245300.0,6809000.0,3243700.0,3951800.0,0.0,0.0,0.0,0.0,0.0
20230824140842096,SZSE,SZSE.ETF.159995,0.948,0.935,0.955,0.932,0.0,1.024,0.838,573614059.0,43400.0,541497357.638,41143.200000047684,0.0,0.0,20230824,20230824,140842094,0.931,0.0,0.0,0.948,0.947,0.946,0.945,0.944,0.0,0.0,0.0,0.0,0.0,0.949,0.95,0.951,0.952,0.953,0.0,0.0,0.0,0.0,0.0,6631000.0,9481700.0,6748000.0,2186700.0,1936400.0,0.0,0.0,0.0,0.0,0.0,323500.0,5097000.0,6724000.0,3243700.0,3931800.0,0.0,0.0,0.0,0.0,0.0
20230824140840228,SZSE,SZSE.ETF.159995,0.948,0.935,0.955,0.932,0.0,1.024,0.838,573614059.0,43400.0,541497357.638,41143.200000047684,0.0,0.0,20230824,20230824,140840229,0.931,0.0,0.0,0.948,0.947,0.946,0.945,0.944,0.0,0.0,0.0,0.0,0.0,0.949,0.95,0.951,0.952,0.953,0.0,0.0,0.0,0.0,0.0,6631000.0,9481700.0,6748000.0,2186700.0,1936400.0,0.0,0.0,0.0,0.0,0.0,323500.0,5097000.0,6724000.0,3243700.0,3931800.0,0.0,0.0,0.0,0.0,0.0
20230824140843260,SZSE,SZSE.ETF.159995,0.948,0.935,0.955,0.932,0.0,1.024,0.838,573614059.0,0.0,541497357.638,0.0,0.0,0.0,20230824,20230824,140843260,0.931,0.0,0.0,0.948,0.947,0.946,0.945,0.944,0.0,0.0,0.0,0.0,0.0,0.949,0.95,0.951,0.952,0.953,0.0,0.0,0.0,0.0,0.0,6630700.0,9601700.0,6748000.0,2186700.0,1936400.0,0.0,0.0,0.0,0.0,0.0,431100.0,5197000.0,6724000.0,3243700.0,3931800.0,0.0,0.0,0.0,0.0,0.0
20230824140845124,SZSE,SZSE.ETF.159995,0.948,0.935,0.955,0.932,0.0,1.024,0.838,573614059.0,0.0,541497357.638,0.0,0.0,0.0,20230824,20230824,140845125,0.931,0.0,0.0,0.948,0.947,0.946,0.945,0.944,0.0,0.0,0.0,0.0,0.0,0.949,0.95,0.951,0.952,0.953,0.0,0.0,0.0,0.0,0.0,6630700.0,9601700.0,6748000.0,2186700.0,1936400.0,0.0,0.0,0.0,0.0,0.0,431100.0,5197000.0,6724000.0,3243700.0,3931800.0,0.0,0.0,0.0,0.0,0.0
20230824140846284,SZSE,SZSE.ETF.159995,0.948,0.935,0.955,0.932,0.0,1.024,0.838,573614059.0,0.0,541497357.638,0.0,0.0,0.0,20230824,20230824,140846284,0.931,0.0,0.0,0.948,0.947,0.946,0.945,0.944,0.0,0.0,0.0,0.0,0.0,0.949,0.95,0.951,0.952,0.953,0.0,0.0,0.0,0.0,0.0,6625700.0,9481700.0,6748000.0,2186700.0,1936400.0,0.0,0.0,0.0,0.0,0.0,452200.0,5120000.0,6756400.0,3243700.0,3941800.0,0.0,0.0,0.0,0.0,0.0
20230824140848140,SZSE,SZSE.ETF.159995,0.948,0.935,0.955,0.932,0.0,1.024,0.838,573614059.0,0.0,541497357.638,0.0,0.0,0.0,20230824,20230824,140848141,0.931,0.0,0.0,0.948,0.947,0.946,0.945,0.944,0.0,0.0,0.0,0.0,0.0,0.949,0.95,0.951,0.952,0.953,0.0,0.0,0.0,0.0,0.0,6625700.0,9481700.0,6748000.0,2186700.0,1936400.0,0.0,0.0,0.0,0.0,0.0,452200.0,5120000.0,6756400.0,3243700.0,3941800.0,0.0,0.0,0.0,0.0,0.0
20230824140851108,SZSE,SZSE.ETF.159995,0.949,0.935,0.955,0.932,0.0,1.024,0.838,573614159.0,100.0,541497452.538,94.89999997615814,0.0,0.0,20230824,20230824,140851109,0.931,0.0,0.0,0.948,0.947,0.946,0.945,0.944,0.0,0.0,0.0,0.0,0.0,0.949,0.95,0.951,0.952,0.953,0.0,0.0,0.0,0.0,0.0,6630700.0,9481700.0,6744500.0,2186700.0,1936400.0,0.0,0.0,0.0,0.0,0.0,457100.0,5100000.0,6756500.0,3243700.0,3941800.0,0.0,0.0,0.0,0.0,0.0
20230824140849244,SZSE,SZSE.ETF.159995,0.949,0.935,0.955,0.932,0.0,1.024,0.838,573614159.0,100.0,541497452.538,94.89999997615814,0.0,0.0,20230824,20230824,140849245,0.931,0.0,0.0,0.948,0.947,0.946,0.945,0.944,0.0,0.0,0.0,0.0,0.0,0.949,0.95,0.951,0.952,0.953,0.0,0.0,0.0,0.0,0.0,6630700.0,9481700.0,6744500.0,2186700.0,1936400.0,0.0,0.0,0.0,0.0,0.0,457100.0,5100000.0,6756500.0,3243700.0,3941800.0,0.0,0.0,0.0,0.0,0.0
20230824140854156,SZSE,SZSE.ETF.159995,0.949,0.935,0.955,0.932,0.0,1.024,0.838,573615959.0,1800.0,541499160.738,1708.2000000476837,0.0,0.0,20230824,20230824,140854156,0.931,0.0,0.0,0.948,0.947,0.946,0.945,0.944,0.0,0.0,0.0,0.0,0.0,0.949,0.95,0.951,0.952,0.953,0.0,0.0,0.0,0.0,0.0,6630500.0,9601700.0,6744500.0,2206800.0,1936400.0,0.0,0.0,0.0,0.0,0.0,541300.0,5511400.0,6756500.0,3243700.0,3709800.0,0.0,0.0,0.0,0.0,0.0
20230824140857124,SZSE,SZSE.ETF.159995,0.949,0.935,0.955,0.932,0.0,1.024,0.838,573615959.0,0.0,541499160.738,0.0,0.0,0.0,20230824,20230824,140857125,0.931,0.0,0.0,0.948,0.947,0.946,0.945,0.944,0.0,0.0,0.0,0.0,0.0,0.949,0.95,0.951,0.952,0.953,0.0,0.0,0.0,0.0,0.0,6630500.0,10480700.0,6744500.0,2203500.0,1936400.0,0.0,0.0,0.0,0.0,0.0,576300.0,5395400.0,6756500.0,3243700.0,3705800.0,0.0,0.0,0.0,0.0,0.0
20230824140855264,SZSE,SZSE.ETF.159995,0.949,0.935,0.955,0.932,0.0,1.024,0.838,573615959.0,0.0,541499160.738,0.0,0.0,0.0,20230824,20230824,140855265,0.931,0.0,0.0,0.948,0.947,0.946,0.945,0.944,0.0,0.0,0.0,0.0,0.0,0.949,0.95,0.951,0.952,0.953,0.0,0.0,0.0,0.0,0.0,6630500.0,10480700.0,6744500.0,2203500.0,1936400.0,0.0,0.0,0.0,0.0,0.0,576300.0,5395400.0,6756500.0,3243700.0,3705800.0,0.0,0.0,0.0,0.0,0.0
20230824140900156,SZSE,SZSE.ETF.159995,0.948,0.935,0.955,0.932,0.0,1.024,0.838,573618959.0,3000.0,541502004.738,2844.0,0.0,0.0,20230824,20230824,140900156,0.931,0.0,0.0,0.948,0.947,0.946,0.945,0.944,0.0,0.0,0.0,0.0,0.0,0.949,0.95,0.951,0.952,0.953,0.0,0.0,0.0,0.0,0.0,6627500.0,10600700.0,6745500.0,2203500.0,1936400.0,0.0,0.0,0.0,0.0,0.0,641900.0,5580100.0,6763500.0,3243700.0,3705800.0,0.0,0.0,0.0,0.0,0.0
20230824140903156,SZSE,SZSE.ETF.159995,0.948,0.935,0.955,0.932,0.0,1.024,0.838,573618959.0,0.0,541502004.738,0.0,0.0,0.0,20230824,20230824,140903156,0.931,0.0,0.0,0.948,0.947,0.946,0.945,0.944,0.0,0.0,0.0,0.0,0.0,0.949,0.95,0.951,0.952,0.953,0.0,0.0,0.0,0.0,0.0,6627500.0,10480700.0,6745500.0,2203500.0,1936400.0,0.0,0.0,0.0,0.0,0.0,641900.0,5525100.0,6763500.0,3233700.0,3705800.0,0.0,0.0,0.0,0.0,0.0
20230824140906172,SZSE,SZSE.ETF.159995,0.948,0.935,0.955,0.932,0.0,1.024,0.838,573694159.0,75200.0,541573294.338,71289.60000002384,0.0,0.0,20230824,20230824,140906172,0.931,0.0,0.0,0.948,0.947,0.946,0.945,0.944,0.0,0.0,0.0,0.0,0.0,0.949,0.95,0.951,0.952,0.953,0.0,0.0,0.0,0.0,0.0,6562300.0,10579500.0,6745500.0,2203500.0,1936400.0,0.0,0.0,0.0,0.0,0.0,659400.0,5645100.0,6753500.0,3233700.0,3705800.0,0.0,0.0,0.0,0.0,0.0
20230824140909124,SZSE,SZSE.ETF.159995,0.948,0.935,0.955,0.932,0.0,1.024,0.838,573704159.0,10000.0,541582774.338,9480.0,0.0,0.0,20230824,20230824,140909125,0.931,0.0,0.0,0.948,0.947,0.946,0.945,0.944,0.0,0.0,0.0,0.0,0.0,0.949,0.95,0.951,0.952,0.953,0.0,0.0,0.0,0.0,0.0,6555600.0,10459500.0,6745500.0,2203500.0,1936400.0,0.0,0.0,0.0,0.0,0.0,662400.0,5535100.0,6758500.0,3183200.0,3705800.0,0.0,0.0,0.0,0.0,0.0
20230824140912080,SZSE,SZSE.ETF.159995,0.948,0.935,0.955,0.932,0.0,1.024,0.838,573725259.0,21100.0,541602777.138,20002.799999952316,0.0,0.0,20230824,20230824,140912078,0.931,0.0,0.0,0.948,0.947,0.946,0.945,0.944,0.0,0.0,0.0,0.0,0.0,0.949,0.95,0.951,0.952,0.953,0.0,0.0,0.0,0.0,0.0,6534500.0,10582500.0,6745500.0,2208500.0,1936400.0,0.0,0.0,0.0,0.0,0.0,723300.0,4655100.0,6758500.0,4183200.0,3705800.0,0.0,0.0,0.0,0.0,0.0
20230824140910224,SZSE,SZSE.ETF.159995,0.948,0.935,0.955,0.932,0.0,1.024,0.838,573725259.0,21100.0,541602777.138,20002.799999952316,0.0,0.0,20230824,20230824,140910224,0.931,0.0,0.0,0.948,0.947,0.946,0.945,0.944,0.0,0.0,0.0,0.0,0.0,0.949,0.95,0.951,0.952,0.953,0.0,0.0,0.0,0.0,0.0,6534500.0,10582500.0,6745500.0,2208500.0,1936400.0,0.0,0.0,0.0,0.0,0.0,723300.0,4655100.0,6758500.0,4183200.0,3705800.0,0.0,0.0,0.0,0.0,0.0
20230824140915140,SZSE,SZSE.ETF.159995,0.948,0.935,0.955,0.932,0.0,1.024,0.838,573731959.0,6700.0,541609128.738,6351.600000023842,0.0,0.0,20230824,20230824,140915141,0.931,0.0,0.0,0.948,0.947,0.946,0.945,0.944,0.0,0.0,0.0,0.0,0.0,0.949,0.95,0.951,0.952,0.953,0.0,0.0,0.0,0.0,0.0,6527800.0,10462500.0,6745500.0,2208600.0,1936400.0,0.0,0.0,0.0,0.0,0.0,789500.0,5355900.0,6713500.0,3183200.0,3935800.0,0.0,0.0,0.0,0.0,0.0
20230824140918096,SZSE,SZSE.ETF.159995,0.948,0.935,0.955,0.932,0.0,1.024,0.838,573816359.0,84400.0,541689139.938,80011.19999992847,0.0,0.0,20230824,20230824,140918094,0.931,0.0,0.0,0.948,0.947,0.946,0.945,0.944,0.0,0.0,0.0,0.0,0.0,0.949,0.95,0.951,0.952,0.953,0.0,0.0,0.0,0.0,0.0,6443500.0,10582500.0,6745500.0,2206600.0,1941400.0,0.0,0.0,0.0,0.0,0.0,698500.0,4473900.0,6683500.0,4183200.0,3935800.0,0.0,0.0,0.0,0.0,0.0
20230824140916236,SZSE,SZSE.ETF.159995,0.948,0.935,0.955,0.932,0.0,1.024,0.838,573816359.0,84400.0,541689139.938,80011.19999992847,0.0,0.0,20230824,20230824,140916237,0.931,0.0,0.0,0.948,0.947,0.946,0.945,0.944,0.0,0.0,0.0,0.0,0.0,0.949,0.95,0.951,0.952,0.953,0.0,0.0,0.0,0.0,0.0,6443500.0,10582500.0,6745500.0,2206600.0,1941400.0,0.0,0.0,0.0,0.0,0.0,698500.0,4473900.0,6683500.0,4183200.0,3935800.0,0.0,0.0,0.0,0.0,0.0
20230824140921080,SZSE,SZSE.ETF.159995,0.949,0.935,0.955,0.932,0.0,1.024,0.838,574546659.0,730300.0,542382180.838,693040.9000000954,0.0,0.0,20230824,20230824,140921078,0.931,0.0,0.0,0.949,0.948,0.947,0.946,0.945,0.0,0.0,0.0,0.0,0.0,0.95,0.951,0.952,0.953,0.954,0.0,0.0,0.0,0.0,0.0,62000.0,6535200.0,10356900.0,6765500.0,2216600.0,0.0,0.0,0.0,0.0,0.0,5247600.0,6788700.0,3183200.0,3935800.0,3460300.0,0.0,0.0,0.0,0.0,0.0
20230824140919228,SZSE,SZSE.ETF.159995,0.949,0.935,0.955,0.932,0.0,1.024,0.838,574546659.0,730300.0,542382180.838,693040.9000000954,0.0,0.0,20230824,20230824,140919227,0.931,0.0,0.0,0.949,0.948,0.947,0.946,0.945,0.0,0.0,0.0,0.0,0.0,0.95,0.951,0.952,0.953,0.954,0.0,0.0,0.0,0.0,0.0,62000.0,6535200.0,10356900.0,6765500.0,2216600.0,0.0,0.0,0.0,0.0,0.0,5247600.0,6788700.0,3183200.0,3935800.0,3460300.0,0.0,0.0,0.0,0.0,0.0
20230824140924064,SZSE,SZSE.ETF.159995,0.949,0.935,0.955,0.932,0.0,1.024,0.838,574568059.0,21400.0,542402489.438,20308.599999904633,0.0,0.0,20230824,20230824,140924063,0.931,0.0,0.0,0.949,0.948,0.947,0.946,0.945,0.0,0.0,0.0,0.0,0.0,0.95,0.951,0.952,0.953,0.954,0.0,0.0,0.0,0.0,0.0,160700.0,6884800.0,10010200.0,6645500.0,2216600.0,0.0,0.0,0.0,0.0,0.0,4671900.0,7360500.0,3303200.0,3935800.0,3460300.0,0.0,0.0,0.0,0.0,0.0
20230824140922200,SZSE,SZSE.ETF.159995,0.949,0.935,0.955,0.932,0.0,1.024,0.838,574568059.0,21400.0,542402489.438,20308.599999904633,0.0,0.0,20230824,20230824,140922202,0.931,0.0,0.0,0.949,0.948,0.947,0.946,0.945,0.0,0.0,0.0,0.0,0.0,0.95,0.951,0.952,0.953,0.954,0.0,0.0,0.0,0.0,0.0,160700.0,6884800.0,10010200.0,6645500.0,2216600.0,0.0,0.0,0.0,0.0,0.0,4671900.0,7360500.0,3303200.0,3935800.0,3460300.0,0.0,0.0,0.0,0.0,0.0
20230824140927080,SZSE,SZSE.ETF.159995,0.949,0.935,0.955,0.932,0.0,1.024,0.838,574575459.0,7400.0,542409512.038,7022.600000023842,0.0,0.0,20230824,20230824,140927078,0.931,0.0,0.0,0.949,0.948,0.947,0.946,0.945,0.0,0.0,0.0,0.0,0.0,0.95,0.951,0.952,0.953,0.954,0.0,0.0,0.0,0.0,0.0,153300.0,6894800.0,10010200.0,6645500.0,2216600.0,0.0,0.0,0.0,0.0,0.0,4671900.0,7355000.0,3303200.0,3935800.0,3460300.0,0.0,0.0,0.0,0.0,0.0
20230824140925216,SZSE,SZSE.ETF.159995,0.949,0.935,0.955,0.932,0.0,1.024,0.838,574575459.0,7400.0,542409512.038,7022.600000023842,0.0,0.0,20230824,20230824,140925218,0.931,0.0,0.0,0.949,0.948,0.947,0.946,0.945,0.0,0.0,0.0,0.0,0.0,0.95,0.951,0.952,0.953,0.954,0.0,0.0,0.0,0.0,0.0,153300.0,6894800.0,10010200.0,6645500.0,2216600.0,0.0,0.0,0.0,0.0,0.0,4671900.0,7355000.0,3303200.0,3935800.0,3460300.0,0.0,0.0,0.0,0.0,0.0
20230824140930096,SZSE,SZSE.ETF.159995,0.949,0.935,0.955,0.932,0.0,1.024,0.838,574608759.0,33300.0,542441113.738,31601.700000047684,0.0,0.0,20230824,20230824,140930095,0.931,0.0,0.0,0.948,0.947,0.946,0.945,0.944,0.0,0.0,0.0,0.0,0.0,0.949,0.95,0.951,0.952,0.953,0.0,0.0,0.0,0.0,0.0,7908300.0,10235800.0,5646500.0,2216600.0,1932500.0,0.0,0.0,0.0,0.0,0.0,7100.0,4897200.0,7369800.0,3077100.0,3935800.0,0.0,0.0,0.0,0.0,0.0
20230824140928240,SZSE,SZSE.ETF.159995,0.949,0.935,0.955,0.932,0.0,1.024,0.838,574608759.0,33300.0,542441113.738,31601.700000047684,0.0,0.0,20230824,20230824,140928241,0.931,0.0,0.0,0.948,0.947,0.946,0.945,0.944,0.0,0.0,0.0,0.0,0.0,0.949,0.95,0.951,0.952,0.953,0.0,0.0,0.0,0.0,0.0,7908300.0,10235800.0,5646500.0,2216600.0,1932500.0,0.0,0.0,0.0,0.0,0.0,7100.0,4897200.0,7369800.0,3077100.0,3935800.0,0.0,0.0,0.0,0.0,0.0
20230824140933140,SZSE,SZSE.ETF.159995,0.949,0.935,0.955,0.932,0.0,1.024,0.838,574668759.0,60000.0,542498053.738,56940.0,0.0,0.0,20230824,20230824,140933141,0.931,0.0,0.0,0.948,0.947,0.946,0.945,0.944,0.0,0.0,0.0,0.0,0.0,0.949,0.95,0.951,0.952,0.953,0.0,0.0,0.0,0.0,0.0,7551600.0,10342500.0,5766500.0,2216600.0,1932700.0,0.0,0.0,0.0,0.0,0.0,97000.0,5243900.0,6903200.0,3077100.0,3935800.0,0.0,0.0,0.0,0.0,0.0
20230824140931280,SZSE,SZSE.ETF.159995,0.949,0.935,0.955,0.932,0.0,1.024,0.838,574668759.0,60000.0,542498053.738,56940.0,0.0,0.0,20230824,20230824,140931279,0.931,0.0,0.0,0.948,0.947,0.946,0.945,0.944,0.0,0.0,0.0,0.0,0.0,0.949,0.95,0.951,0.952,0.953,0.0,0.0,0.0,0.0,0.0,7551600.0,10342500.0,5766500.0,2216600.0,1932700.0,0.0,0.0,0.0,0.0,0.0,97000.0,5243900.0,6903200.0,3077100.0,3935800.0,0.0,0.0,0.0,0.0,0.0
20230824140936112,SZSE,SZSE.ETF.159995,0.948,0.935,0.955,0.932,0.0,1.024,0.838,574683959.0,15200.0,542512463.338,14409.600000023842,0.0,0.0,20230824,20230824,140936110,0.931,0.0,0.0,0.948,0.947,0.946,0.945,0.944,0.0,0.0,0.0,0.0,0.0,0.949,0.95,0.951,0.952,0.953,0.0,0.0,0.0,0.0,0.0,6417400.0,10474100.0,5646500.0,2216600.0,1932700.0,0.0,0.0,0.0,0.0,0.0,122900.0,5243900.0,6903200.0,3077100.0,3935800.0,0.0,0.0,0.0,0.0,0.0
20230824140934248,SZSE,SZSE.ETF.159995,0.948,0.935,0.955,0.932,0.0,1.024,0.838,574683959.0,15200.0,542512463.338,14409.600000023842,0.0,0.0,20230824,20230824,140934247,0.931,0.0,0.0,0.948,0.947,0.946,0.945,0.944,0.0,0.0,0.0,0.0,0.0,0.949,0.95,0.951,0.952,0.953,0.0,0.0,0.0,0.0,0.0,6417400.0,10474100.0,5646500.0,2216600.0,1932700.0,0.0,0.0,0.0,0.0,0.0,122900.0,5243900.0,6903200.0,3077100.0,3935800.0,0.0,0.0,0.0,0.0,0.0
20230824140937252,SZSE,SZSE.ETF.159995,0.949,0.935,0.955,0.932,0.0,1.024,0.838,574693959.0,10000.0,542521953.338,9490.0,0.0,0.0,20230824,20230824,140937251,0.931,0.0,0.0,0.948,0.947,0.946,0.945,0.944,0.0,0.0,0.0,0.0,0.0,0.949,0.95,0.951,0.952,0.953,0.0,0.0,0.0,0.0,0.0,6417400.0,10714100.0,5646500.0,2217100.0,1932700.0,0.0,0.0,0.0,0.0,0.0,122900.0,5363900.0,7024200.0,3079200.0,3935800.0,0.0,0.0,0.0,0.0,0.0
20230824140939108,SZSE,SZSE.ETF.159995,0.949,0.935,0.955,0.932,0.0,1.024,0.838,574693959.0,10000.0,542521953.338,9490.0,0.0,0.0,20230824,20230824,140939109,0.931,0.0,0.0,0.948,0.947,0.946,0.945,0.944,0.0,0.0,0.0,0.0,0.0,0.949,0.95,0.951,0.952,0.953,0.0,0.0,0.0,0.0,0.0,6417400.0,10714100.0,5646500.0,2217100.0,1932700.0,0.0,0.0,0.0,0.0,0.0,122900.0,5363900.0,7024200.0,3079200.0,3935800.0,0.0,0.0,0.0,0.0,0.0
20230824140942108,SZSE,SZSE.ETF.159995,0.949,0.935,0.955,0.932,0.0,1.024,0.838,574861459.0,167500.0,542680910.838,158957.5,0.0,0.0,20230824,20230824,140942109,0.931,0.0,0.0,0.949,0.948,0.947,0.946,0.945,0.0,0.0,0.0,0.0,0.0,0.95,0.951,0.952,0.953,0.954,0.0,0.0,0.0,0.0,0.0,832500.0,6522700.0,10368500.0,5766500.0,2217100.0,0.0,0.0,0.0,0.0,0.0,5267600.0,6929400.0,3079200.0,3935800.0,3257300.0,0.0,0.0,0.0,0.0,0.0
20230824140940252,SZSE,SZSE.ETF.159995,0.949,0.935,0.955,0.932,0.0,1.024,0.838,574861459.0,167500.0,542680910.838,158957.5,0.0,0.0,20230824,20230824,140940251,0.931,0.0,0.0,0.949,0.948,0.947,0.946,0.945,0.0,0.0,0.0,0.0,0.0,0.95,0.951,0.952,0.953,0.954,0.0,0.0,0.0,0.0,0.0,832500.0,6522700.0,10368500.0,5766500.0,2217100.0,0.0,0.0,0.0,0.0,0.0,5267600.0,6929400.0,3079200.0,3935800.0,3257300.0,0.0,0.0,0.0,0.0,0.0
20230824140945140,SZSE,SZSE.ETF.159995,0.949,0.935,0.955,0.932,0.0,1.024,0.838,574861459.0,0.0,542680910.838,0.0,0.0,0.0,20230824,20230824,140945141,0.931,0.0,0.0,0.949,0.948,0.947,0.946,0.945,0.0,0.0,0.0,0.0,0.0,0.95,0.951,0.952,0.953,0.954,0.0,0.0,0.0,0.0,0.0,832500.0,6769300.0,10141800.0,5646500.0,2217100.0,0.0,0.0,0.0,0.0,0.0,4920900.0,7056000.0,3079200.0,3935800.0,3257300.0,0.0,0.0,0.0,0.0,0.0
20230824140948096,SZSE,SZSE.ETF.159995,0.949,0.935,0.955,0.932,0.0,1.024,0.838,574977359.0,115900.0,542790899.938,109989.09999990463,0.0,0.0,20230824,20230824,140948094,0.931,0.0,0.0,0.949,0.948,0.947,0.946,0.945,0.0,0.0,0.0,0.0,0.0,0.95,0.951,0.952,0.953,0.954,0.0,0.0,0.0,0.0,0.0,838600.0,6889300.0,10031800.0,5627400.0,2217100.0,0.0,0.0,0.0,0.0,0.0,4690900.0,7296000.0,3199200.0,3935800.0,3257300.0,0.0,0.0,0.0,0.0,0.0
20230824140946240,SZSE,SZSE.ETF.159995,0.949,0.935,0.955,0.932,0.0,1.024,0.838,574977359.0,115900.0,542790899.938,109989.09999990463,0.0,0.0,20230824,20230824,140946241,0.931,0.0,0.0,0.949,0.948,0.947,0.946,0.945,0.0,0.0,0.0,0.0,0.0,0.95,0.951,0.952,0.953,0.954,0.0,0.0,0.0,0.0,0.0,838600.0,6889300.0,10031800.0,5627400.0,2217100.0,0.0,0.0,0.0,0.0,0.0,4690900.0,7296000.0,3199200.0,3935800.0,3257300.0,0.0,0.0,0.0,0.0,0.0
20230824140949212,SZSE,SZSE.ETF.159995,0.949,0.935,0.955,0.932,0.0,1.024,0.838,574988359.0,11000.0,542801338.938,10439.0,0.0,0.0,20230824,20230824,140949211,0.931,0.0,0.0,0.949,0.948,0.947,0.946,0.945,0.0,0.0,0.0,0.0,0.0,0.95,0.951,0.952,0.953,0.954,0.0,0.0,0.0,0.0,0.0,830600.0,7020300.0,10031800.0,5627400.0,2217100.0,0.0,0.0,0.0,0.0,0.0,4711000.0,7416000.0,3205200.0,3935800.0,3257300.0,0.0,0.0,0.0,0.0,0.0
20230824140951064,SZSE,SZSE.ETF.159995,0.949,0.935,0.955,0.932,0.0,1.024,0.838,574988359.0,11000.0,542801338.938,10439.0,0.0,0.0,20230824,20230824,140951062,0.931,0.0,0.0,0.949,0.948,0.947,0.946,0.945,0.0,0.0,0.0,0.0,0.0,0.95,0.951,0.952,0.953,0.954,0.0,0.0,0.0,0.0,0.0,830600.0,7020300.0,10031800.0,5627400.0,2217100.0,0.0,0.0,0.0,0.0,0.0,4711000.0,7416000.0,3205200.0,3935800.0,3257300.0,0.0,0.0,0.0,0.0,0.0
20230824140954064,SZSE,SZSE.ETF.159995,0.949,0.935,0.955,0.932,0.0,1.024,0.838,575008359.0,20000.0,542820318.938,18980.0,0.0,0.0,20230824,20230824,140954062,0.931,0.0,0.0,0.949,0.948,0.947,0.946,0.945,0.0,0.0,0.0,0.0,0.0,0.95,0.951,0.952,0.953,0.954,0.0,0.0,0.0,0.0,0.0,690600.0,6900300.0,10031800.0,5627400.0,2227100.0,0.0,0.0,0.0,0.0,0.0,4756000.0,7296000.0,3200200.0,3933500.0,3257300.0,0.0,0.0,0.0,0.0,0.0
20230824140952204,SZSE,SZSE.ETF.159995,0.949,0.935,0.955,0.932,0.0,1.024,0.838,575008359.0,20000.0,542820318.938,18980.0,0.0,0.0,20230824,20230824,140952203,0.931,0.0,0.0,0.949,0.948,0.947,0.946,0.945,0.0,0.0,0.0,0.0,0.0,0.95,0.951,0.952,0.953,0.954,0.0,0.0,0.0,0.0,0.0,690600.0,6900300.0,10031800.0,5627400.0,2227100.0,0.0,0.0,0.0,0.0,0.0,4756000.0,7296000.0,3200200.0,3933500.0,3257300.0,0.0,0.0,0.0,0.0,0.0
20230824140957064,SZSE,SZSE.ETF.159995,0.949,0.935,0.955,0.932,0.0,1.024,0.838,575043559.0,35200.0,542853723.738,33404.800000071526,0.0,0.0,20230824,20230824,140957062,0.931,0.0,0.0,0.949,0.948,0.947,0.946,0.945,0.0,0.0,0.0,0.0,0.0,0.95,0.951,0.952,0.953,0.954,0.0,0.0,0.0,0.0,0.0,655400.0,7026300.0,10151800.0,5627400.0,2227100.0,0.0,0.0,0.0,0.0,0.0,4878000.0,7416000.0,3080200.0,3933500.0,3257300.0,0.0,0.0,0.0,0.0,0.0
20230824140955212,SZSE,SZSE.ETF.159995,0.949,0.935,0.955,0.932,0.0,1.024,0.838,575043559.0,35200.0,542853723.738,33404.800000071526,0.0,0.0,20230824,20230824,140955211,0.931,0.0,0.0,0.949,0.948,0.947,0.946,0.945,0.0,0.0,0.0,0.0,0.0,0.95,0.951,0.952,0.953,0.954,0.0,0.0,0.0,0.0,0.0,655400.0,7026300.0,10151800.0,5627400.0,2227100.0,0.0,0.0,0.0,0.0,0.0,4878000.0,7416000.0,3080200.0,3933500.0,3257300.0,0.0,0.0,0.0,0.0,0.0
20230824141000112,SZSE,SZSE.ETF.159995,0.949,0.935,0.955,0.932,0.0,1.024,0.838,575055059.0,11500.0,542864637.238,10913.5,0.0,0.0,20230824,20230824,141000110,0.931,0.0,0.0,0.949,0.948,0.947,0.946,0.945,0.0,0.0,0.0,0.0,0.0,0.95,0.951,0.952,0.953,0.954,0.0,0.0,0.0,0.0,0.0,643900.0,6906300.0,10031800.0,5627400.0,2227100.0,0.0,0.0,0.0,0.0,0.0,4761500.0,7317000.0,3080200.0,3933500.0,3157300.0,0.0,0.0,0.0,0.0,0.0
20230824140958256,SZSE,SZSE.ETF.159995,0.949,0.935,0.955,0.932,0.0,1.024,0.838,575055059.0,11500.0,542864637.238,10913.5,0.0,0.0,20230824,20230824,140958256,0.931,0.0,0.0,0.949,0.948,0.947,0.946,0.945,0.0,0.0,0.0,0.0,0.0,0.95,0.951,0.952,0.953,0.954,0.0,0.0,0.0,0.0,0.0,643900.0,6906300.0,10031800.0,5627400.0,2227100.0,0.0,0.0,0.0,0.0,0.0,4761500.0,7317000.0,3080200.0,3933500.0,3157300.0,0.0,0.0,0.0,0.0,0.0
20230824141003096,SZSE,SZSE.ETF.159995,0.949,0.935,0.955,0.932,0.0,1.024,0.838,575055059.0,0.0,542864637.238,0.0,0.0,0.0,20230824,20230824,141003094,0.931,0.0,0.0,0.949,0.948,0.947,0.946,0.945,0.0,0.0,0.0,0.0,0.0,0.95,0.951,0.952,0.953,0.954,0.0,0.0,0.0,0.0,0.0,644900.0,7026300.0,10151800.0,5627400.0,2227100.0,0.0,0.0,0.0,0.0,0.0,4881500.0,7437000.0,3080200.0,3933500.0,3157300.0,0.0,0.0,0.0,0.0,0.0
20230824141001240,SZSE,SZSE.ETF.159995,0.949,0.935,0.955,0.932,0.0,1.024,0.838,575055059.0,0.0,542864637.238,0.0,0.0,0.0,20230824,20230824,141001239,0.931,0.0,0.0,0.949,0.948,0.947,0.946,0.945,0.0,0.0,0.0,0.0,0.0,0.95,0.951,0.952,0.953,0.954,0.0,0.0,0.0,0.0,0.0,644900.0,7026300.0,10151800.0,5627400.0,2227100.0,0.0,0.0,0.0,0.0,0.0,4881500.0,7437000.0,3080200.0,3933500.0,3157300.0,0.0,0.0,0.0,0.0,0.0
20230824141006140,SZSE,SZSE.ETF.159995,0.949,0.935,0.955,0.932,0.0,1.024,0.838,575099159.0,44100.0,542906488.138,41850.89999997616,0.0,0.0,20230824,20230824,141006141,0.931,0.0,0.0,0.949,0.948,0.947,0.946,0.945,0.0,0.0,0.0,0.0,0.0,0.95,0.951,0.952,0.953,0.954,0.0,0.0,0.0,0.0,0.0,600800.0,6906600.0,10151800.0,5627400.0,2227200.0,0.0,0.0,0.0,0.0,0.0,4886500.0,7317000.0,3080200.0,3933500.0,3157300.0,0.0,0.0,0.0,0.0,0.0
20230824141009124,SZSE,SZSE.ETF.159995,0.949,0.935,0.955,0.932,0.0,1.024,0.838,575126759.0,27600.0,542932680.538,26192.399999976158,0.0,0.0,20230824,20230824,141009125,0.931,0.0,0.0,0.949,0.948,0.947,0.946,0.945,0.0,0.0,0.0,0.0,0.0,0.95,0.951,0.952,0.953,0.954,0.0,0.0,0.0,0.0,0.0,718200.0,6906600.0,10028800.0,5627400.0,2227200.0,0.0,0.0,0.0,0.0,0.0,4716500.0,7317000.0,3195800.0,3933500.0,3157300.0,0.0,0.0,0.0,0.0,0.0
20230824141007276,SZSE,SZSE.ETF.159995,0.949,0.935,0.955,0.932,0.0,1.024,0.838,575126759.0,27600.0,542932680.538,26192.399999976158,0.0,0.0,20230824,20230824,141007275,0.931,0.0,0.0,0.949,0.948,0.947,0.946,0.945,0.0,0.0,0.0,0.0,0.0,0.95,0.951,0.952,0.953,0.954,0.0,0.0,0.0,0.0,0.0,718200.0,6906600.0,10028800.0,5627400.0,2227200.0,0.0,0.0,0.0,0.0,0.0,4716500.0,7317000.0,3195800.0,3933500.0,3157300.0,0.0,0.0,0.0,0.0,0.0
20230824141012108,SZSE,SZSE.ETF.159995,0.949,0.935,0.955,0.932,0.0,1.024,0.838,575247759.0,121000.0,543047606.338,114925.80000007153,0.0,0.0,20230824,20230824,141012109,0.931,0.0,0.0,0.949,0.948,0.947,0.946,0.945,0.0,0.0,0.0,0.0,0.0,0.95,0.951,0.952,0.953,0.954,0.0,0.0,0.0,0.0,0.0,794500.0,6906600.0,10078900.0,5627400.0,2227200.0,0.0,0.0,0.0,0.0,0.0,4577700.0,7317000.0,3195800.0,3935500.0,3157300.0,0.0,0.0,0.0,0.0,0.0
20230824141010252,SZSE,SZSE.ETF.159995,0.949,0.935,0.955,0.932,0.0,1.024,0.838,575247759.0,121000.0,543047606.338,114925.80000007153,0.0,0.0,20230824,20230824,141010251,0.931,0.0,0.0,0.949,0.948,0.947,0.946,0.945,0.0,0.0,0.0,0.0,0.0,0.95,0.951,0.952,0.953,0.954,0.0,0.0,0.0,0.0,0.0,794500.0,6906600.0,10078900.0,5627400.0,2227200.0,0.0,0.0,0.0,0.0,0.0,4577700.0,7317000.0,3195800.0,3935500.0,3157300.0,0.0,0.0,0.0,0.0,0.0
20230824141015140,SZSE,SZSE.ETF.159995,0.949,0.935,0.955,0.932,0.0,1.024,0.838,575250759.0,3000.0,543050453.338,2847.0,0.0,0.0,20230824,20230824,141015141,0.931,0.0,0.0,0.949,0.948,0.947,0.946,0.945,0.0,0.0,0.0,0.0,0.0,0.95,0.951,0.952,0.953,0.954,0.0,0.0,0.0,0.0,0.0,821500.0,7905600.0,10078900.0,5627400.0,2227200.0,0.0,0.0,0.0,0.0,0.0,4577700.0,7316000.0,3245800.0,3938500.0,3157300.0,0.0,0.0,0.0,0.0,0.0
20230824141016236,SZSE,SZSE.ETF.159995,0.949,0.935,0.955,0.932,0.0,1.024,0.838,575430659.0,179900.0,543221178.438,170725.09999990463,0.0,0.0,20230824,20230824,141016236,0.931,0.0,0.0,0.949,0.948,0.947,0.946,0.945,0.0,0.0,0.0,0.0,0.0,0.95,0.951,0.952,0.953,0.954,0.0,0.0,0.0,0.0,0.0,641600.0,8025600.0,10078900.0,5627400.0,2227200.0,0.0,0.0,0.0,0.0,0.0,4627100.0,7448000.0,3245800.0,3938500.0,3157300.0,0.0,0.0,0.0,0.0,0.0
20230824141018096,SZSE,SZSE.ETF.159995,0.949,0.935,0.955,0.932,0.0,1.024,0.838,575430659.0,179900.0,543221178.438,170725.09999990463,0.0,0.0,20230824,20230824,141018094,0.931,0.0,0.0,0.949,0.948,0.947,0.946,0.945,0.0,0.0,0.0,0.0,0.0,0.95,0.951,0.952,0.953,0.954,0.0,0.0,0.0,0.0,0.0,641600.0,8025600.0,10078900.0,5627400.0,2227200.0,0.0,0.0,0.0,0.0,0.0,4627100.0,7448000.0,3245800.0,3938500.0,3157300.0,0.0,0.0,0.0,0.0,0.0
20230824141021080,SZSE,SZSE.ETF.159995,0.949,0.935,0.955,0.932,0.0,1.024,0.838,575432359.0,1700.0,543222791.738,1613.3000000715256,0.0,0.0,20230824,20230824,141021078,0.931,0.0,0.0,0.949,0.948,0.947,0.946,0.945,0.0,0.0,0.0,0.0,0.0,0.95,0.951,0.952,0.953,0.954,0.0,0.0,0.0,0.0,0.0,639900.0,7905600.0,10078900.0,5627400.0,2227200.0,0.0,0.0,0.0,0.0,0.0,4607600.0,7328000.0,3245800.0,3938500.0,3158100.0,0.0,0.0,0.0,0.0,0.0
20230824141019216,SZSE,SZSE.ETF.159995,0.949,0.935,0.955,0.932,0.0,1.024,0.838,575432359.0,1700.0,543222791.738,1613.3000000715256,0.0,0.0,20230824,20230824,141019217,0.931,0.0,0.0,0.949,0.948,0.947,0.946,0.945,0.0,0.0,0.0,0.0,0.0,0.95,0.951,0.952,0.953,0.954,0.0,0.0,0.0,0.0,0.0,639900.0,7905600.0,10078900.0,5627400.0,2227200.0,0.0,0.0,0.0,0.0,0.0,4607600.0,7328000.0,3245800.0,3938500.0,3158100.0,0.0,0.0,0.0,0.0,0.0
20230824141024064,SZSE,SZSE.ETF.159995,0.949,0.935,0.955,0.932,0.0,1.024,0.838,575432359.0,0.0,543222791.738,0.0,0.0,0.0,20230824,20230824,141024063,0.931,0.0,0.0,0.949,0.948,0.947,0.946,0.945,0.0,0.0,0.0,0.0,0.0,0.95,0.951,0.952,0.953,0.954,0.0,0.0,0.0,0.0,0.0,639900.0,8025600.0,10078900.0,5627400.0,2227200.0,0.0,0.0,0.0,0.0,0.0,4607600.0,7448000.0,3225800.0,3938500.0,3158100.0,0.0,0.0,0.0,0.0,0.0
20230824141027064,SZSE,SZSE.ETF.159995,0.949,0.935,0.955,0.932,0.0,1.024,0.838,575443459.0,11100.0,543233325.638,10533.899999976158,0.0,0.0,20230824,20230824,141027062,0.931,0.0,0.0,0.949,0.948,0.947,0.946,0.945,0.0,0.0,0.0,0.0,0.0,0.95,0.951,0.952,0.953,0.954,0.0,0.0,0.0,0.0,0.0,628800.0,7962000.0,10078900.0,5627400.0,2227200.0,0.0,0.0,0.0,0.0,0.0,4607600.0,7327100.0,3225800.0,3932500.0,3158100.0,0.0,0.0,0.0,0.0,0.0
20230824141025204,SZSE,SZSE.ETF.159995,0.949,0.935,0.955,0.932,0.0,1.024,0.838,575443459.0,11100.0,543233325.638,10533.899999976158,0.0,0.0,20230824,20230824,141025204,0.931,0.0,0.0,0.949,0.948,0.947,0.946,0.945,0.0,0.0,0.0,0.0,0.0,0.95,0.951,0.952,0.953,0.954,0.0,0.0,0.0,0.0,0.0,628800.0,7962000.0,10078900.0,5627400.0,2227200.0,0.0,0.0,0.0,0.0,0.0,4607600.0,7327100.0,3225800.0,3932500.0,3158100.0,0.0,0.0,0.0,0.0,0.0
20230824141030080,SZSE,SZSE.ETF.159995,0.949,0.935,0.955,0.932,0.0,1.024,0.838,575444459.0,1000.0,543234274.638,949.0,0.0,0.0,20230824,20230824,141030078,0.931,0.0,0.0,0.949,0.948,0.947,0.946,0.945,0.0,0.0,0.0,0.0,0.0,0.95,0.951,0.952,0.953,0.954,0.0,0.0,0.0,0.0,0.0,662800.0,8082500.0,10078900.0,5627400.0,2248400.0,0.0,0.0,0.0,0.0,0.0,4608200.0,7447100.0,3225800.0,3932500.0,3158100.0,0.0,0.0,0.0,0.0,0.0
20230824141031200,SZSE,SZSE.ETF.159995,0.949,0.935,0.955,0.932,0.0,1.024,0.838,575444459.0,0.0,543234274.638,0.0,0.0,0.0,20230824,20230824,141031202,0.931,0.0,0.0,0.949,0.948,0.947,0.946,0.945,0.0,0.0,0.0,0.0,0.0,0.95,0.951,0.952,0.953,0.954,0.0,0.0,0.0,0.0,0.0,664400.0,6939100.0,10078900.0,5627400.0,2248400.0,0.0,0.0,0.0,0.0,0.0,4611100.0,7294700.0,3225800.0,3932500.0,3166100.0,0.0,0.0,0.0,0.0,0.0
20230824141033080,SZSE,SZSE.ETF.159995,0.949,0.935,0.955,0.932,0.0,1.024,0.838,575444459.0,0.0,543234274.638,0.0,0.0,0.0,20230824,20230824,141033078,0.931,0.0,0.0,0.949,0.948,0.947,0.946,0.945,0.0,0.0,0.0,0.0,0.0,0.95,0.951,0.952,0.953,0.954,0.0,0.0,0.0,0.0,0.0,664400.0,6939100.0,10078900.0,5627400.0,2248400.0,0.0,0.0,0.0,0.0,0.0,4611100.0,7294700.0,3225800.0,3932500.0,3166100.0,0.0,0.0,0.0,0.0,0.0
20230824141036048,SZSE,SZSE.ETF.159995,0.949,0.935,0.955,0.932,0.0,1.024,0.838,575544459.0,100000.0,543329174.638,94900.0,0.0,0.0,20230824,20230824,141036047,0.931,0.0,0.0,0.949,0.948,0.947,0.946,0.945,0.0,0.0,0.0,0.0,0.0,0.95,0.951,0.952,0.953,0.954,0.0,0.0,0.0,0.0,0.0,569400.0,7289100.0,10081900.0,5397400.0,2248400.0,0.0,0.0,0.0,0.0,0.0,4611100.0,7414700.0,3225800.0,4069300.0,3166100.0,0.0,0.0,0.0,0.0,0.0
20230824141039096,SZSE,SZSE.ETF.159995,0.949,0.935,0.955,0.932,0.0,1.024,0.838,575544459.0,0.0,543329174.638,0.0,0.0,0.0,20230824,20230824,141039094,0.931,0.0,0.0,0.949,0.948,0.947,0.946,0.945,0.0,0.0,0.0,0.0,0.0,0.95,0.951,0.952,0.953,0.954,0.0,0.0,0.0,0.0,0.0,569400.0,7179100.0,10031800.0,5397400.0,2098400.0,0.0,0.0,0.0,0.0,0.0,3961200.0,7294700.0,3225800.0,4069300.0,3166100.0,0.0,0.0,0.0,0.0,0.0
20230824141037228,SZSE,SZSE.ETF.159995,0.949,0.935,0.955,0.932,0.0,1.024,0.838,575544459.0,0.0,543329174.638,0.0,0.0,0.0,20230824,20230824,141037229,0.931,0.0,0.0,0.949,0.948,0.947,0.946,0.945,0.0,0.0,0.0,0.0,0.0,0.95,0.951,0.952,0.953,0.954,0.0,0.0,0.0,0.0,0.0,569400.0,7179100.0,10031800.0,5397400.0,2098400.0,0.0,0.0,0.0,0.0,0.0,3961200.0,7294700.0,3225800.0,4069300.0,3166100.0,0.0,0.0,0.0,0.0,0.0
20230824141042056,SZSE,SZSE.ETF.159995,0.949,0.935,0.955,0.932,0.0,1.024,0.838,575601459.0,57000.0,543383267.638,54093.0,0.0,0.0,20230824,20230824,141042056,0.931,0.0,0.0,0.949,0.948,0.947,0.946,0.945,0.0,0.0,0.0,0.0,0.0,0.95,0.951,0.952,0.953,0.954,0.0,0.0,0.0,0.0,0.0,512400.0,7319100.0,10031800.0,5397400.0,2098400.0,0.0,0.0,0.0,0.0,0.0,4031200.0,7414700.0,3225800.0,4069300.0,3166100.0,0.0,0.0,0.0,0.0,0.0
20230824141040192,SZSE,SZSE.ETF.159995,0.949,0.935,0.955,0.932,0.0,1.024,0.838,575601459.0,57000.0,543383267.638,54093.0,0.0,0.0,20230824,20230824,141040190,0.931,0.0,0.0,0.949,0.948,0.947,0.946,0.945,0.0,0.0,0.0,0.0,0.0,0.95,0.951,0.952,0.953,0.954,0.0,0.0,0.0,0.0,0.0,512400.0,7319100.0,10031800.0,5397400.0,2098400.0,0.0,0.0,0.0,0.0,0.0,4031200.0,7414700.0,3225800.0,4069300.0,3166100.0,0.0,0.0,0.0,0.0,0.0
20230824141045076,SZSE,SZSE.ETF.159995,0.949,0.935,0.955,0.932,0.0,1.024,0.838,575601459.0,0.0,543383267.638,0.0,0.0,0.0,20230824,20230824,141045076,0.931,0.0,0.0,0.949,0.948,0.947,0.946,0.945,0.0,0.0,0.0,0.0,0.0,0.95,0.951,0.952,0.953,0.954,0.0,0.0,0.0,0.0,0.0,534900.0,7349100.0,10032800.0,5397400.0,2098400.0,0.0,0.0,0.0,0.0,0.0,4051200.0,7444700.0,3225800.0,4069300.0,3166100.0,0.0,0.0,0.0,0.0,0.0
20230824141043212,SZSE,SZSE.ETF.159995,0.949,0.935,0.955,0.932,0.0,1.024,0.838,575601459.0,0.0,543383267.638,0.0,0.0,0.0,20230824,20230824,141043211,0.931,0.0,0.0,0.949,0.948,0.947,0.946,0.945,0.0,0.0,0.0,0.0,0.0,0.95,0.951,0.952,0.953,0.954,0.0,0.0,0.0,0.0,0.0,534900.0,7349100.0,10032800.0,5397400.0,2098400.0,0.0,0.0,0.0,0.0,0.0,4051200.0,7444700.0,3225800.0,4069300.0,3166100.0,0.0,0.0,0.0,0.0,0.0
20230824141048032,SZSE,SZSE.ETF.159995,0.949,0.935,0.955,0.932,0.0,1.024,0.838,575606459.0,5000.0,543388012.638,4745.0,0.0,0.0,20230824,20230824,141048031,0.931,0.0,0.0,0.949,0.948,0.947,0.946,0.945,0.0,0.0,0.0,0.0,0.0,0.95,0.951,0.952,0.953,0.954,0.0,0.0,0.0,0.0,0.0,534300.0,7469100.0,10065000.0,5397400.0,2098300.0,0.0,0.0,0.0,0.0,0.0,4117300.0,7559300.0,3225800.0,4069300.0,3166100.0,0.0,0.0,0.0,0.0,0.0
20230824141051088,SZSE,SZSE.ETF.159995,0.949,0.935,0.955,0.932,0.0,1.024,0.838,575622459.0,16000.0,543403196.638,15184.0,0.0,0.0,20230824,20230824,141051090,0.931,0.0,0.0,0.949,0.948,0.947,0.946,0.945,0.0,0.0,0.0,0.0,0.0,0.95,0.951,0.952,0.953,0.954,0.0,0.0,0.0,0.0,0.0,718300.0,8348100.0,10065000.0,5397400.0,2098300.0,0.0,0.0,0.0,0.0,0.0,4117300.0,7439300.0,3225800.0,4069300.0,3167200.0,0.0,0.0,0.0,0.0,0.0
20230824141054048,SZSE,SZSE.ETF.159995,0.949,0.935,0.955,0.932,0.0,1.024,0.838,575625259.0,2800.0,543405856.138,2659.5,0.0,0.0,20230824,20230824,141054049,0.931,0.0,0.0,0.949,0.948,0.947,0.946,0.945,0.0,0.0,0.0,0.0,0.0,0.95,0.951,0.952,0.953,0.954,0.0,0.0,0.0,0.0,0.0,718100.0,8468100.0,10065000.0,5397400.0,2098300.0,0.0,0.0,0.0,0.0,0.0,4115000.0,7559300.0,3225800.0,4069300.0,3167200.0,0.0,0.0,0.0,0.0,0.0
20230824141057064,SZSE,SZSE.ETF.159995,0.949,0.935,0.955,0.932,0.0,1.024,0.838,575625259.0,0.0,543405856.138,0.0,0.0,0.0,20230824,20230824,141057063,0.931,0.0,0.0,0.949,0.948,0.947,0.946,0.945,0.0,0.0,0.0,0.0,0.0,0.95,0.951,0.952,0.953,0.954,0.0,0.0,0.0,0.0,0.0,718100.0,8399300.0,10065000.0,5397400.0,2098300.0,0.0,0.0,0.0,0.0,0.0,3915000.0,7469300.0,3225800.0,4070300.0,3167200.0,0.0,0.0,0.0,0.0,0.0
20230824141055204,SZSE,SZSE.ETF.159995,0.949,0.935,0.955,0.932,0.0,1.024,0.838,575625259.0,0.0,543405856.138,0.0,0.0,0.0,20230824,20230824,141055203,0.931,0.0,0.0,0.949,0.948,0.947,0.946,0.945,0.0,0.0,0.0,0.0,0.0,0.95,0.951,0.952,0.953,0.954,0.0,0.0,0.0,0.0,0.0,718100.0,8399300.0,10065000.0,5397400.0,2098300.0,0.0,0.0,0.0,0.0,0.0,3915000.0,7469300.0,3225800.0,4070300.0,3167200.0,0.0,0.0,0.0,0.0,0.0
20230824141100096,SZSE,SZSE.ETF.159995,0.949,0.935,0.955,0.932,0.0,1.024,0.838,575626259.0,1000.0,543406805.138,949.0,0.0,0.0,20230824,20230824,141100094,0.931,0.0,0.0,0.949,0.948,0.947,0.946,0.945,0.0,0.0,0.0,0.0,0.0,0.95,0.951,0.952,0.953,0.954,0.0,0.0,0.0,0.0,0.0,3417100.0,13919300.0,8665000.0,1397400.0,2098300.0,0.0,0.0,0.0,0.0,0.0,2915000.0,7589300.0,4225800.0,4070300.0,3167200.0,0.0,0.0,0.0,0.0,0.0
20230824141058240,SZSE,SZSE.ETF.159995,0.949,0.935,0.955,0.932,0.0,1.024,0.838,575626259.0,1000.0,543406805.138,949.0,0.0,0.0,20230824,20230824,141058238,0.931,0.0,0.0,0.949,0.948,0.947,0.946,0.945,0.0,0.0,0.0,0.0,0.0,0.95,0.951,0.952,0.953,0.954,0.0,0.0,0.0,0.0,0.0,3417100.0,13919300.0,8665000.0,1397400.0,2098300.0,0.0,0.0,0.0,0.0,0.0,2915000.0,7589300.0,4225800.0,4070300.0,3167200.0,0.0,0.0,0.0,0.0,0.0
20230824141103124,SZSE,SZSE.ETF.159995,0.95,0.935,0.955,0.932,0.0,1.024,0.838,575677459.0,51200.0,543455395.138,48590.0,0.0,0.0,20230824,20230824,141103125,0.931,0.0,0.0,0.949,0.948,0.947,0.946,0.945,0.0,0.0,0.0,0.0,0.0,0.95,0.951,0.952,0.953,0.954,0.0,0.0,0.0,0.0,0.0,3373500.0,13802300.0,8665000.0,1397400.0,2098300.0,0.0,0.0,0.0,0.0,0.0,1947500.0,7469300.0,4235300.0,4070300.0,3089500.0,0.0,0.0,0.0,0.0,0.0
20230824141101260,SZSE,SZSE.ETF.159995,0.95,0.935,0.955,0.932,0.0,1.024,0.838,575677459.0,51200.0,543455395.138,48590.0,0.0,0.0,20230824,20230824,141101261,0.931,0.0,0.0,0.949,0.948,0.947,0.946,0.945,0.0,0.0,0.0,0.0,0.0,0.95,0.951,0.952,0.953,0.954,0.0,0.0,0.0,0.0,0.0,3373500.0,13802300.0,8665000.0,1397400.0,2098300.0,0.0,0.0,0.0,0.0,0.0,1947500.0,7469300.0,4235300.0,4070300.0,3089500.0,0.0,0.0,0.0,0.0,0.0
20230824141106156,SZSE,SZSE.ETF.159995,0.949,0.935,0.955,0.932,0.0,1.024,0.838,575698859.0,21400.0,543475703.738,20308.600000023842,0.0,0.0,20230824,20230824,141106156,0.931,0.0,0.0,0.949,0.948,0.947,0.946,0.945,0.0,0.0,0.0,0.0,0.0,0.95,0.951,0.952,0.953,0.954,0.0,0.0,0.0,0.0,0.0,3851600.0,12536800.0,8665000.0,1397400.0,2098300.0,0.0,0.0,0.0,0.0,0.0,1990000.0,7589300.0,4235300.0,4070300.0,3089500.0,0.0,0.0,0.0,0.0,0.0
20230824141109156,SZSE,SZSE.ETF.159995,0.949,0.935,0.955,0.932,0.0,1.024,0.838,575700159.0,1300.0,543476937.438,1233.6999999284744,0.0,0.0,20230824,20230824,141109156,0.931,0.0,0.0,0.949,0.948,0.947,0.946,0.945,0.0,0.0,0.0,0.0,0.0,0.95,0.951,0.952,0.953,0.954,0.0,0.0,0.0,0.0,0.0,3853300.0,12416800.0,8665000.0,1397400.0,2098300.0,0.0,0.0,0.0,0.0,0.0,2000000.0,7469300.0,4235300.0,4070300.0,3113000.0,0.0,0.0,0.0,0.0,0.0
20230824141112172,SZSE,SZSE.ETF.159995,0.95,0.935,0.955,0.932,0.0,1.024,0.838,575727659.0,27500.0,543503040.438,26103.0,0.0,0.0,20230824,20230824,141112172,0.931,0.0,0.0,0.949,0.948,0.947,0.946,0.945,0.0,0.0,0.0,0.0,0.0,0.95,0.951,0.952,0.953,0.954,0.0,0.0,0.0,0.0,0.0,6231300.0,12416800.0,7662000.0,1397500.0,2097500.0,0.0,0.0,0.0,0.0,0.0,1886900.0,7472300.0,4235300.0,4070300.0,3113000.0,0.0,0.0,0.0,0.0,0.0
20230824141115172,SZSE,SZSE.ETF.159995,0.95,0.935,0.955,0.932,0.0,1.024,0.838,575727659.0,0.0,543503040.438,0.0,0.0,0.0,20230824,20230824,141115172,0.931,0.0,0.0,0.949,0.948,0.947,0.946,0.945,0.0,0.0,0.0,0.0,0.0,0.95,0.951,0.952,0.953,0.954,0.0,0.0,0.0,0.0,0.0,6235500.0,12536800.0,7662000.0,1397500.0,2097500.0,0.0,0.0,0.0,0.0,0.0,1886900.0,7592300.0,4235300.0,4070300.0,3113000.0,0.0,0.0,0.0,0.0,0.0
20230824141116328,SZSE,SZSE.ETF.159995,0.95,0.935,0.955,0.932,0.0,1.024,0.838,575727659.0,0.0,543503040.438,0.0,0.0,0.0,20230824,20230824,141116328,0.931,0.0,0.0,0.949,0.948,0.947,0.946,0.945,0.0,0.0,0.0,0.0,0.0,0.95,0.951,0.952,0.953,0.954,0.0,0.0,0.0,0.0,0.0,6235500.0,12416800.0,7662000.0,1397500.0,2098500.0,0.0,0.0,0.0,0.0,0.0,1886900.0,7472300.0,4240300.0,4070300.0,3113000.0,0.0,0.0,0.0,0.0,0.0
20230824141118220,SZSE,SZSE.ETF.159995,0.95,0.935,0.955,0.932,0.0,1.024,0.838,575727659.0,0.0,543503040.438,0.0,0.0,0.0,20230824,20230824,141118220,0.931,0.0,0.0,0.949,0.948,0.947,0.946,0.945,0.0,0.0,0.0,0.0,0.0,0.95,0.951,0.952,0.953,0.954,0.0,0.0,0.0,0.0,0.0,6235500.0,12416800.0,7662000.0,1397500.0,2098500.0,0.0,0.0,0.0,0.0,0.0,1886900.0,7472300.0,4240300.0,4070300.0,3113000.0,0.0,0.0,0.0,0.0,0.0
20230824141121156,SZSE,SZSE.ETF.159995,0.949,0.935,0.955,0.932,0.0,1.024,0.838,575733459.0,5800.0,543508548.938,5508.5,0.0,0.0,20230824,20230824,141121156,0.931,0.0,0.0,0.949,0.948,0.947,0.946,0.945,0.0,0.0,0.0,0.0,0.0,0.95,0.951,0.952,0.953,0.954,0.0,0.0,0.0,0.0,0.0,6244500.0,9836800.0,7662000.0,1397500.0,2099500.0,0.0,0.0,0.0,0.0,0.0,1684700.0,7592300.0,4240300.0,4070300.0,3113000.0,0.0,0.0,0.0,0.0,0.0
20230824141124156,SZSE,SZSE.ETF.159995,0.949,0.935,0.955,0.932,0.0,1.024,0.838,575763459.0,30000.0,543537018.938,28470.0,0.0,0.0,20230824,20230824,141124156,0.931,0.0,0.0,0.949,0.948,0.947,0.946,0.945,0.0,0.0,0.0,0.0,0.0,0.95,0.951,0.952,0.953,0.954,0.0,0.0,0.0,0.0,0.0,6218600.0,9636600.0,7662000.0,1397500.0,2099500.0,0.0,0.0,0.0,0.0,0.0,1661800.0,7461700.0,4240300.0,4070300.0,3113000.0,0.0,0.0,0.0,0.0,0.0
20230824141127096,SZSE,SZSE.ETF.159995,0.949,0.935,0.955,0.932,0.0,1.024,0.838,575763459.0,0.0,543537018.938,0.0,0.0,0.0,20230824,20230824,141127094,0.931,0.0,0.0,0.949,0.948,0.947,0.946,0.945,0.0,0.0,0.0,0.0,0.0,0.95,0.951,0.952,0.953,0.954,0.0,0.0,0.0,0.0,0.0,6221600.0,9756600.0,7662000.0,1397500.0,2099500.0,0.0,0.0,0.0,0.0,0.0,1263800.0,7581700.0,4240300.0,4070300.0,3113000.0,0.0,0.0,0.0,0.0,0.0
20230824141130124,SZSE,SZSE.ETF.159995,0.949,0.935,0.955,0.932,0.0,1.024,0.838,575763459.0,0.0,543537018.938,0.0,0.0,0.0,20230824,20230824,141130125,0.931,0.0,0.0,0.949,0.948,0.947,0.946,0.945,0.0,0.0,0.0,0.0,0.0,0.95,0.951,0.952,0.953,0.954,0.0,0.0,0.0,0.0,0.0,6223700.0,9636600.0,7662000.0,1397500.0,2099500.0,0.0,0.0,0.0,0.0,0.0,1227300.0,7461700.0,4240300.0,4070300.0,3113000.0,0.0,0.0,0.0,0.0,0.0
20230824141133096,SZSE,SZSE.ETF.159995,0.949,0.935,0.955,0.932,0.0,1.024,0.838,575763459.0,0.0,543537018.938,0.0,0.0,0.0,20230824,20230824,141133094,0.931,0.0,0.0,0.949,0.948,0.947,0.946,0.945,0.0,0.0,0.0,0.0,0.0,0.95,0.951,0.952,0.953,0.954,0.0,0.0,0.0,0.0,0.0,6279400.0,9756600.0,7662000.0,1397500.0,2099700.0,0.0,0.0,0.0,0.0,0.0,1227800.0,7581700.0,4240300.0,4570200.0,3113000.0,0.0,0.0,0.0,0.0,0.0
20230824141131236,SZSE,SZSE.ETF.159995,0.949,0.935,0.955,0.932,0.0,1.024,0.838,575763459.0,0.0,543537018.938,0.0,0.0,0.0,20230824,20230824,141131235,0.931,0.0,0.0,0.949,0.948,0.947,0.946,0.945,0.0,0.0,0.0,0.0,0.0,0.95,0.951,0.952,0.953,0.954,0.0,0.0,0.0,0.0,0.0,6279400.0,9756600.0,7662000.0,1397500.0,2099700.0,0.0,0.0,0.0,0.0,0.0,1227800.0,7581700.0,4240300.0,4570200.0,3113000.0,0.0,0.0,0.0,0.0,0.0
20230824141136080,SZSE,SZSE.ETF.159995,0.949,0.935,0.955,0.932,0.0,1.024,0.838,575770459.0,7000.0,543543661.938,6643.0,0.0,0.0,20230824,20230824,141136078,0.931,0.0,0.0,0.949,0.948,0.947,0.946,0.945,0.0,0.0,0.0,0.0,0.0,0.95,0.951,0.952,0.953,0.954,0.0,0.0,0.0,0.0,0.0,6292400.0,9636600.0,7662000.0,1397500.0,2099700.0,0.0,0.0,0.0,0.0,0.0,1197800.0,7461700.0,4240300.0,4570200.0,3113000.0,0.0,0.0,0.0,0.0,0.0
20230824141134224,SZSE,SZSE.ETF.159995,0.949,0.935,0.955,0.932,0.0,1.024,0.838,575770459.0,7000.0,543543661.938,6643.0,0.0,0.0,20230824,20230824,141134223,0.931,0.0,0.0,0.949,0.948,0.947,0.946,0.945,0.0,0.0,0.0,0.0,0.0,0.95,0.951,0.952,0.953,0.954,0.0,0.0,0.0,0.0,0.0,6292400.0,9636600.0,7662000.0,1397500.0,2099700.0,0.0,0.0,0.0,0.0,0.0,1197800.0,7461700.0,4240300.0,4570200.0,3113000.0,0.0,0.0,0.0,0.0,0.0
20230824141139108,SZSE,SZSE.ETF.159995,0.949,0.935,0.955,0.932,0.0,1.024,0.838,575770459.0,0.0,543543661.938,0.0,0.0,0.0,20230824,20230824,141139109,0.931,0.0,0.0,0.949,0.948,0.947,0.946,0.945,0.0,0.0,0.0,0.0,0.0,0.95,0.951,0.952,0.953,0.954,0.0,0.0,0.0,0.0,0.0,6292400.0,9811400.0,7662000.0,1397500.0,2099700.0,0.0,0.0,0.0,0.0,0.0,1215800.0,7649200.0,4248300.0,4570200.0,3155000.0,0.0,0.0,0.0,0.0,0.0
20230824141137256,SZSE,SZSE.ETF.159995,0.949,0.935,0.955,0.932,0.0,1.024,0.838,575770459.0,0.0,543543661.938,0.0,0.0,0.0,20230824,20230824,141137254,0.931,0.0,0.0,0.949,0.948,0.947,0.946,0.945,0.0,0.0,0.0,0.0,0.0,0.95,0.951,0.952,0.953,0.954,0.0,0.0,0.0,0.0,0.0,6292400.0,9811400.0,7662000.0,1397500.0,2099700.0,0.0,0.0,0.0,0.0,0.0,1215800.0,7649200.0,4248300.0,4570200.0,3155000.0,0.0,0.0,0.0,0.0,0.0
20230824141142096,SZSE,SZSE.ETF.159995,0.949,0.935,0.955,0.932,0.0,1.024,0.838,575770459.0,0.0,543543661.938,0.0,0.0,0.0,20230824,20230824,141142094,0.931,0.0,0.0,0.949,0.948,0.947,0.946,0.945,0.0,0.0,0.0,0.0,0.0,0.95,0.951,0.952,0.953,0.954,0.0,0.0,0.0,0.0,0.0,6302400.0,9691400.0,7662000.0,1397500.0,2079600.0,0.0,0.0,0.0,0.0,0.0,1215800.0,7529200.0,4248300.0,4570200.0,3155000.0,0.0,0.0,0.0,0.0,0.0
20230824141140228,SZSE,SZSE.ETF.159995,0.949,0.935,0.955,0.932,0.0,1.024,0.838,575770459.0,0.0,543543661.938,0.0,0.0,0.0,20230824,20230824,141140229,0.931,0.0,0.0,0.949,0.948,0.947,0.946,0.945,0.0,0.0,0.0,0.0,0.0,0.95,0.951,0.952,0.953,0.954,0.0,0.0,0.0,0.0,0.0,6302400.0,9691400.0,7662000.0,1397500.0,2079600.0,0.0,0.0,0.0,0.0,0.0,1215800.0,7529200.0,4248300.0,4570200.0,3155000.0,0.0,0.0,0.0,0.0,0.0
20230824141145124,SZSE,SZSE.ETF.159995,0.95,0.935,0.955,0.932,0.0,1.024,0.838,575770659.0,200.0,543543851.938,190.0,0.0,0.0,20230824,20230824,141145125,0.931,0.0,0.0,0.949,0.948,0.947,0.946,0.945,0.0,0.0,0.0,0.0,0.0,0.95,0.951,0.952,0.953,0.954,0.0,0.0,0.0,0.0,0.0,6303400.0,9811400.0,7662000.0,1397500.0,3079600.0,0.0,0.0,0.0,0.0,0.0,1165600.0,7649200.0,4248300.0,4570200.0,3155000.0,0.0,0.0,0.0,0.0,0.0
20230824141143268,SZSE,SZSE.ETF.159995,0.95,0.935,0.955,0.932,0.0,1.024,0.838,575770659.0,200.0,543543851.938,190.0,0.0,0.0,20230824,20230824,141143267,0.931,0.0,0.0,0.949,0.948,0.947,0.946,0.945,0.0,0.0,0.0,0.0,0.0,0.95,0.951,0.952,0.953,0.954,0.0,0.0,0.0,0.0,0.0,6303400.0,9811400.0,7662000.0,1397500.0,3079600.0,0.0,0.0,0.0,0.0,0.0,1165600.0,7649200.0,4248300.0,4570200.0,3155000.0,0.0,0.0,0.0,0.0,0.0
20230824141146244,SZSE,SZSE.ETF.159995,0.95,0.935,0.955,0.932,0.0,1.024,0.838,575858259.0,87600.0,543627014.838,83162.90000009537,0.0,0.0,20230824,20230824,141146244,0.931,0.0,0.0,0.949,0.948,0.947,0.946,0.945,0.0,0.0,0.0,0.0,0.0,0.95,0.951,0.952,0.953,0.954,0.0,0.0,0.0,0.0,0.0,6251900.0,9691400.0,7662000.0,1397100.0,3079600.0,0.0,0.0,0.0,0.0,0.0,1136300.0,7529200.0,4248300.0,4570200.0,3155000.0,0.0,0.0,0.0,0.0,0.0
20230824141148140,SZSE,SZSE.ETF.159995,0.95,0.935,0.955,0.932,0.0,1.024,0.838,575858259.0,87600.0,543627014.838,83162.90000009537,0.0,0.0,20230824,20230824,141148141,0.931,0.0,0.0,0.949,0.948,0.947,0.946,0.945,0.0,0.0,0.0,0.0,0.0,0.95,0.951,0.952,0.953,0.954,0.0,0.0,0.0,0.0,0.0,6251900.0,9691400.0,7662000.0,1397100.0,3079600.0,0.0,0.0,0.0,0.0,0.0,1136300.0,7529200.0,4248300.0,4570200.0,3155000.0,0.0,0.0,0.0,0.0,0.0
20230824141151080,SZSE,SZSE.ETF.159995,0.95,0.935,0.955,0.932,0.0,1.024,0.838,575858259.0,0.0,543627014.838,0.0,0.0,0.0,20230824,20230824,141151078,0.931,0.0,0.0,0.949,0.948,0.947,0.946,0.945,0.0,0.0,0.0,0.0,0.0,0.95,0.951,0.952,0.953,0.954,0.0,0.0,0.0,0.0,0.0,6283000.0,9811400.0,7662000.0,1397100.0,3080600.0,0.0,0.0,0.0,0.0,0.0,1146300.0,7415200.0,4248300.0,4570200.0,3385000.0,0.0,0.0,0.0,0.0,0.0
20230824141149216,SZSE,SZSE.ETF.159995,0.95,0.935,0.955,0.932,0.0,1.024,0.838,575858259.0,0.0,543627014.838,0.0,0.0,0.0,20230824,20230824,141149218,0.931,0.0,0.0,0.949,0.948,0.947,0.946,0.945,0.0,0.0,0.0,0.0,0.0,0.95,0.951,0.952,0.953,0.954,0.0,0.0,0.0,0.0,0.0,6283000.0,9811400.0,7662000.0,1397100.0,3080600.0,0.0,0.0,0.0,0.0,0.0,1146300.0,7415200.0,4248300.0,4570200.0,3385000.0,0.0,0.0,0.0,0.0,0.0
20230824141154096,SZSE,SZSE.ETF.159995,0.95,0.935,0.955,0.932,0.0,1.024,0.838,575858259.0,0.0,543627014.838,0.0,0.0,0.0,20230824,20230824,141154094,0.931,0.0,0.0,0.949,0.948,0.947,0.946,0.945,0.0,0.0,0.0,0.0,0.0,0.95,0.951,0.952,0.953,0.954,0.0,0.0,0.0,0.0,0.0,6283000.0,9691400.0,7662000.0,1397100.0,3080400.0,0.0,0.0,0.0,0.0,0.0,1144500.0,7304100.0,4248300.0,4570200.0,3385000.0,0.0,0.0,0.0,0.0,0.0
20230824141152236,SZSE,SZSE.ETF.159995,0.95,0.935,0.955,0.932,0.0,1.024,0.838,575858259.0,0.0,543627014.838,0.0,0.0,0.0,20230824,20230824,141152235,0.931,0.0,0.0,0.949,0.948,0.947,0.946,0.945,0.0,0.0,0.0,0.0,0.0,0.95,0.951,0.952,0.953,0.954,0.0,0.0,0.0,0.0,0.0,6283000.0,9691400.0,7662000.0,1397100.0,3080400.0,0.0,0.0,0.0,0.0,0.0,1144500.0,7304100.0,4248300.0,4570200.0,3385000.0,0.0,0.0,0.0,0.0,0.0
20230824141157064,SZSE,SZSE.ETF.159995,0.95,0.935,0.955,0.932,0.0,1.024,0.838,575875559.0,17300.0,543643442.538,16427.699999928474,0.0,0.0,20230824,20230824,141157063,0.931,0.0,0.0,0.949,0.948,0.947,0.946,0.945,0.0,0.0,0.0,0.0,0.0,0.95,0.951,0.952,0.953,0.954,0.0,0.0,0.0,0.0,0.0,6275700.0,9808400.0,7662000.0,1396100.0,3080400.0,0.0,0.0,0.0,0.0,0.0,1134500.0,7476700.0,4248300.0,4570200.0,3385000.0,0.0,0.0,0.0,0.0,0.0
20230824141155208,SZSE,SZSE.ETF.159995,0.95,0.935,0.955,0.932,0.0,1.024,0.838,575875559.0,17300.0,543643442.538,16427.699999928474,0.0,0.0,20230824,20230824,141155210,0.931,0.0,0.0,0.949,0.948,0.947,0.946,0.945,0.0,0.0,0.0,0.0,0.0,0.95,0.951,0.952,0.953,0.954,0.0,0.0,0.0,0.0,0.0,6275700.0,9808400.0,7662000.0,1396100.0,3080400.0,0.0,0.0,0.0,0.0,0.0,1134500.0,7476700.0,4248300.0,4570200.0,3385000.0,0.0,0.0,0.0,0.0,0.0
20230824141200124,SZSE,SZSE.ETF.159995,0.95,0.935,0.955,0.932,0.0,1.024,0.838,575875559.0,0.0,543643442.538,0.0,0.0,0.0,20230824,20230824,141200125,0.931,0.0,0.0,0.949,0.948,0.947,0.946,0.945,0.0,0.0,0.0,0.0,0.0,0.95,0.951,0.952,0.953,0.954,0.0,0.0,0.0,0.0,0.0,6249800.0,9673900.0,7662000.0,1396100.0,3080400.0,0.0,0.0,0.0,0.0,0.0,1135100.0,7356800.0,4248300.0,4668300.0,3385000.0,0.0,0.0,0.0,0.0,0.0
20230824141158264,SZSE,SZSE.ETF.159995,0.95,0.935,0.955,0.932,0.0,1.024,0.838,575875559.0,0.0,543643442.538,0.0,0.0,0.0,20230824,20230824,141158262,0.931,0.0,0.0,0.949,0.948,0.947,0.946,0.945,0.0,0.0,0.0,0.0,0.0,0.95,0.951,0.952,0.953,0.954,0.0,0.0,0.0,0.0,0.0,6249800.0,9673900.0,7662000.0,1396100.0,3080400.0,0.0,0.0,0.0,0.0,0.0,1135100.0,7356800.0,4248300.0,4668300.0,3385000.0,0.0,0.0,0.0,0.0,0.0
20230824141203108,SZSE,SZSE.ETF.159995,0.95,0.935,0.955,0.932,0.0,1.024,0.838,575878559.0,3000.0,543646291.538,2849.0,0.0,0.0,20230824,20230824,141203109,0.931,0.0,0.0,0.949,0.948,0.947,0.946,0.945,0.0,0.0,0.0,0.0,0.0,0.95,0.951,0.952,0.953,0.954,0.0,0.0,0.0,0.0,0.0,6248800.0,9813900.0,7542000.0,1396100.0,3080400.0,0.0,0.0,0.0,0.0,0.0,1337200.0,7356800.0,4248300.0,4668300.0,3385000.0,0.0,0.0,0.0,0.0,0.0
20230824141206124,SZSE,SZSE.ETF.159995,0.95,0.935,0.955,0.932,0.0,1.024,0.838,575878959.0,400.0,543646671.538,380.0,0.0,0.0,20230824,20230824,141206125,0.931,0.0,0.0,0.949,0.948,0.947,0.946,0.945,0.0,0.0,0.0,0.0,0.0,0.95,0.951,0.952,0.953,0.954,0.0,0.0,0.0,0.0,0.0,7247800.0,9813900.0,6543000.0,1396100.0,3080400.0,0.0,0.0,0.0,0.0,0.0,1386800.0,7292000.0,4368300.0,4570200.0,3385000.0,0.0,0.0,0.0,0.0,0.0
20230824141209124,SZSE,SZSE.ETF.159995,0.95,0.935,0.955,0.932,0.0,1.024,0.838,575917059.0,38100.0,543682866.538,36195.0,0.0,0.0,20230824,20230824,141209125,0.931,0.0,0.0,0.949,0.948,0.947,0.946,0.945,0.0,0.0,0.0,0.0,0.0,0.95,0.951,0.952,0.953,0.954,0.0,0.0,0.0,0.0,0.0,7265800.0,9923900.0,6543000.0,1396100.0,3080400.0,0.0,0.0,0.0,0.0,0.0,1326700.0,7412000.0,4368300.0,4570200.0,3385000.0,0.0,0.0,0.0,0.0,0.0
20230824141207260,SZSE,SZSE.ETF.159995,0.95,0.935,0.955,0.932,0.0,1.024,0.838,575917059.0,38100.0,543682866.538,36195.0,0.0,0.0,20230824,20230824,141207261,0.931,0.0,0.0,0.949,0.948,0.947,0.946,0.945,0.0,0.0,0.0,0.0,0.0,0.95,0.951,0.952,0.953,0.954,0.0,0.0,0.0,0.0,0.0,7265800.0,9923900.0,6543000.0,1396100.0,3080400.0,0.0,0.0,0.0,0.0,0.0,1326700.0,7412000.0,4368300.0,4570200.0,3385000.0,0.0,0.0,0.0,0.0,0.0
20230824141212080,SZSE,SZSE.ETF.159995,0.95,0.935,0.955,0.932,0.0,1.024,0.838,575917059.0,0.0,543682866.538,0.0,0.0,0.0,20230824,20230824,141212078,0.931,0.0,0.0,0.949,0.948,0.947,0.946,0.945,0.0,0.0,0.0,0.0,0.0,0.95,0.951,0.952,0.953,0.954,0.0,0.0,0.0,0.0,0.0,6266800.0,9801400.0,6543000.0,1396100.0,3080400.0,0.0,0.0,0.0,0.0,0.0,1167800.0,7292000.0,4396800.0,4570200.0,3385000.0,0.0,0.0,0.0,0.0,0.0
