time,exchg,code,price,open,high,low,settle_price,upper_limit,lower_limit,total_volume,volume,total_turnover,turnover,open_interest,diff_interest,trading_date,action_date,action_time,pre_close,pre_settle,pre_interest,bid_price_0,bid_price_1,bid_price_2,bid_price_3,bid_price_4,bid_price_5,bid_price_6,bid_price_7,bid_price_8,bid_price_9,ask_price_0,ask_price_1,ask_price_2,ask_price_3,ask_price_4,ask_price_5,ask_price_6,ask_price_7,ask_price_8,ask_price_9,bid_qty_0,bid_qty_1,bid_qty_2,bid_qty_3,bid_qty_4,bid_qty_5,bid_qty_6,bid_qty_7,bid_qty_8,bid_qty_9,ask_qty_0,ask_qty_1,ask_qty_2,ask_qty_3,ask_qty_4,ask_qty_5,ask_qty_6,ask_qty_7,ask_qty_8,ask_qty_9
20230824133624032,SZSE,SZSE.ETF.159841,0.91,0.893,0.92,0.893,0.0,0.979,0.801,300113493.0,0.0,271712357.764,0.0,0.0,0.0,20230824,20230824,133624034,0.89,0.0,0.0,0.909,0.908,0.907,0.906,0.905,0.0,0.0,0.0,0.0,0.0,0.91,0.911,0.912,0.913,0.914,0.0,0.0,0.0,0.0,0.0,402800.0,2046900.0,966000.0,2061500.0,256400.0,0.0,0.0,0.0,0.0,0.0,981900.0,1939100.0,627200.0,460700.0,18200.0,0.0,0.0,0.0,0.0,0.0
20230824133622284,SZSE,SZSE.ETF.159841,0.91,0.893,0.92,0.893,0.0,0.979,0.801,300113493.0,0.0,271712357.764,0.0,0.0,0.0,20230824,20230824,133622284,0.89,0.0,0.0,0.909,0.908,0.907,0.906,0.905,0.0,0.0,0.0,0.0,0.0,0.91,0.911,0.912,0.913,0.914,0.0,0.0,0.0,0.0,0.0,402800.0,2046900.0,966000.0,2061500.0,256400.0,0.0,0.0,0.0,0.0,0.0,981900.0,1939100.0,627200.0,460700.0,18200.0,0.0,0.0,0.0,0.0,0.0
20230824133627028,SZSE,SZSE.ETF.159841,0.909,0.893,0.92,0.893,0.0,0.979,0.801,300113993.0,500.0,271712812.264,454.5,0.0,0.0,20230824,20230824,133627028,0.89,0.0,0.0,0.909,0.908,0.907,0.906,0.905,0.0,0.0,0.0,0.0,0.0,0.91,0.911,0.912,0.913,0.914,0.0,0.0,0.0,0.0,0.0,392300.0,2046900.0,966000.0,2061500.0,256400.0,0.0,0.0,0.0,0.0,0.0,1191900.0,1335700.0,427200.0,460700.0,18200.0,0.0,0.0,0.0,0.0,0.0
20230824133625280,SZSE,SZSE.ETF.159841,0.909,0.893,0.92,0.893,0.0,0.979,0.801,300113993.0,500.0,271712812.264,454.5,0.0,0.0,20230824,20230824,133625280,0.89,0.0,0.0,0.909,0.908,0.907,0.906,0.905,0.0,0.0,0.0,0.0,0.0,0.91,0.911,0.912,0.913,0.914,0.0,0.0,0.0,0.0,0.0,392300.0,2046900.0,966000.0,2061500.0,256400.0,0.0,0.0,0.0,0.0,0.0,1191900.0,1335700.0,427200.0,460700.0,18200.0,0.0,0.0,0.0,0.0,0.0
20230824133630016,SZSE,SZSE.ETF.159841,0.909,0.893,0.92,0.893,0.0,0.979,0.801,300114293.0,300.0,271713085.164,272.89999997615814,0.0,0.0,20230824,20230824,133630014,0.89,0.0,0.0,0.909,0.908,0.907,0.906,0.905,0.0,0.0,0.0,0.0,0.0,0.91,0.911,0.912,0.913,0.914,0.0,0.0,0.0,0.0,0.0,492500.0,2046900.0,966000.0,2061500.0,256400.0,0.0,0.0,0.0,0.0,0.0,991700.0,1944100.0,627200.0,460700.0,18200.0,0.0,0.0,0.0,0.0,0.0
20230824133628264,SZSE,SZSE.ETF.159841,0.909,0.893,0.92,0.893,0.0,0.979,0.801,300114293.0,300.0,271713085.164,272.89999997615814,0.0,0.0,20230824,20230824,133628265,0.89,0.0,0.0,0.909,0.908,0.907,0.906,0.905,0.0,0.0,0.0,0.0,0.0,0.91,0.911,0.912,0.913,0.914,0.0,0.0,0.0,0.0,0.0,492500.0,2046900.0,966000.0,2061500.0,256400.0,0.0,0.0,0.0,0.0,0.0,991700.0,1944100.0,627200.0,460700.0,18200.0,0.0,0.0,0.0,0.0,0.0
20230824133633016,SZSE,SZSE.ETF.159841,0.91,0.893,0.92,0.893,0.0,0.979,0.801,300129293.0,15000.0,271726730.164,13645.0,0.0,0.0,20230824,20230824,133633018,0.89,0.0,0.0,0.909,0.908,0.907,0.906,0.905,0.0,0.0,0.0,0.0,0.0,0.91,0.911,0.912,0.913,0.914,0.0,0.0,0.0,0.0,0.0,587500.0,2041900.0,966000.0,2061500.0,256400.0,0.0,0.0,0.0,0.0,0.0,1790100.0,1335700.0,427200.0,460700.0,18200.0,0.0,0.0,0.0,0.0,0.0
20230824133631268,SZSE,SZSE.ETF.159841,0.91,0.893,0.92,0.893,0.0,0.979,0.801,300129293.0,15000.0,271726730.164,13645.0,0.0,0.0,20230824,20230824,133631269,0.89,0.0,0.0,0.909,0.908,0.907,0.906,0.905,0.0,0.0,0.0,0.0,0.0,0.91,0.911,0.912,0.913,0.914,0.0,0.0,0.0,0.0,0.0,587500.0,2041900.0,966000.0,2061500.0,256400.0,0.0,0.0,0.0,0.0,0.0,1790100.0,1335700.0,427200.0,460700.0,18200.0,0.0,0.0,0.0,0.0,0.0
20230824133706120,SZSE,SZSE.ETF.159841,0.909,0.893,0.92,0.893,0.0,0.979,0.801,300160693.0,19300.0,271755272.764,17543.69999998808,0.0,0.0,20230824,20230824,133706119,0.89,0.0,0.0,0.909,0.908,0.907,0.906,0.905,0.0,0.0,0.0,0.0,0.0,0.91,0.911,0.912,0.913,0.914,0.0,0.0,0.0,0.0,0.0,1274700.0,1727300.0,516000.0,2061500.0,306400.0,0.0,0.0,0.0,0.0,0.0,1251400.0,1792200.0,637200.0,460700.0,18200.0,0.0,0.0,0.0,0.0,0.0
20230824133709088,SZSE,SZSE.ETF.159841,0.909,0.893,0.92,0.893,0.0,0.979,0.801,300165693.0,5000.0,271759817.764,4545.0,0.0,0.0,20230824,20230824,133709088,0.89,0.0,0.0,0.909,0.908,0.907,0.906,0.905,0.0,0.0,0.0,0.0,0.0,0.91,0.911,0.912,0.913,0.914,0.0,0.0,0.0,0.0,0.0,1064700.0,2042300.0,769000.0,2061500.0,309000.0,0.0,0.0,0.0,0.0,0.0,1501400.0,1907200.0,637200.0,470700.0,18200.0,0.0,0.0,0.0,0.0,0.0
20230824133712036,SZSE,SZSE.ETF.159841,0.91,0.893,0.92,0.893,0.0,0.979,0.801,300169193.0,3500.0,271763002.764,3185.0,0.0,0.0,20230824,20230824,133712036,0.89,0.0,0.0,0.909,0.908,0.907,0.906,0.905,0.0,0.0,0.0,0.0,0.0,0.91,0.911,0.912,0.913,0.914,0.0,0.0,0.0,0.0,0.0,1064700.0,1837300.0,969000.0,2061500.0,309000.0,0.0,0.0,0.0,0.0,0.0,1503500.0,1907200.0,637200.0,470700.0,18200.0,0.0,0.0,0.0,0.0,0.0
20230824133710288,SZSE,SZSE.ETF.159841,0.91,0.893,0.92,0.893,0.0,0.979,0.801,300169193.0,3500.0,271763002.764,3185.0,0.0,0.0,20230824,20230824,133710287,0.89,0.0,0.0,0.909,0.908,0.907,0.906,0.905,0.0,0.0,0.0,0.0,0.0,0.91,0.911,0.912,0.913,0.914,0.0,0.0,0.0,0.0,0.0,1064700.0,1837300.0,969000.0,2061500.0,309000.0,0.0,0.0,0.0,0.0,0.0,1503500.0,1907200.0,637200.0,470700.0,18200.0,0.0,0.0,0.0,0.0,0.0
20230824133715044,SZSE,SZSE.ETF.159841,0.909,0.893,0.92,0.893,0.0,0.979,0.801,300171393.0,2200.0,271765002.564,1999.800000011921,0.0,0.0,20230824,20230824,133715045,0.89,0.0,0.0,0.909,0.908,0.907,0.906,0.905,0.0,0.0,0.0,0.0,0.0,0.91,0.911,0.912,0.913,0.914,0.0,0.0,0.0,0.0,0.0,1062500.0,1837300.0,969000.0,2061500.0,309000.0,0.0,0.0,0.0,0.0,0.0,1507000.0,1298800.0,637200.0,470700.0,18200.0,0.0,0.0,0.0,0.0,0.0
20230824133713296,SZSE,SZSE.ETF.159841,0.909,0.893,0.92,0.893,0.0,0.979,0.801,300171393.0,2200.0,271765002.564,1999.800000011921,0.0,0.0,20230824,20230824,133713295,0.89,0.0,0.0,0.909,0.908,0.907,0.906,0.905,0.0,0.0,0.0,0.0,0.0,0.91,0.911,0.912,0.913,0.914,0.0,0.0,0.0,0.0,0.0,1062500.0,1837300.0,969000.0,2061500.0,309000.0,0.0,0.0,0.0,0.0,0.0,1507000.0,1298800.0,637200.0,470700.0,18200.0,0.0,0.0,0.0,0.0,0.0
20230824133718032,SZSE,SZSE.ETF.159841,0.909,0.893,0.92,0.893,0.0,0.979,0.801,300171393.0,0.0,271765002.564,0.0,0.0,0.0,20230824,20230824,133718032,0.89,0.0,0.0,0.909,0.908,0.907,0.906,0.905,0.0,0.0,0.0,0.0,0.0,0.91,0.911,0.912,0.913,0.914,0.0,0.0,0.0,0.0,0.0,962500.0,2037300.0,969000.0,2061500.0,309000.0,0.0,0.0,0.0,0.0,0.0,2115400.0,1298800.0,637200.0,470700.0,18200.0,0.0,0.0,0.0,0.0,0.0
20230824133716280,SZSE,SZSE.ETF.159841,0.909,0.893,0.92,0.893,0.0,0.979,0.801,300171393.0,0.0,271765002.564,0.0,0.0,0.0,20230824,20230824,133716282,0.89,0.0,0.0,0.909,0.908,0.907,0.906,0.905,0.0,0.0,0.0,0.0,0.0,0.91,0.911,0.912,0.913,0.914,0.0,0.0,0.0,0.0,0.0,962500.0,2037300.0,969000.0,2061500.0,309000.0,0.0,0.0,0.0,0.0,0.0,2115400.0,1298800.0,637200.0,470700.0,18200.0,0.0,0.0,0.0,0.0,0.0
20230824133721048,SZSE,SZSE.ETF.159841,0.909,0.893,0.92,0.893,0.0,0.979,0.801,300171393.0,0.0,271765002.564,0.0,0.0,0.0,20230824,20230824,133721048,0.89,0.0,0.0,0.909,0.908,0.907,0.906,0.905,0.0,0.0,0.0,0.0,0.0,0.91,0.911,0.912,0.913,0.914,0.0,0.0,0.0,0.0,0.0,1162500.0,1837300.0,969000.0,2061500.0,309000.0,0.0,0.0,0.0,0.0,0.0,1707000.0,1907200.0,433200.0,470700.0,18200.0,0.0,0.0,0.0,0.0,0.0
20230824133719296,SZSE,SZSE.ETF.159841,0.909,0.893,0.92,0.893,0.0,0.979,0.801,300171393.0,0.0,271765002.564,0.0,0.0,0.0,20230824,20230824,133719298,0.89,0.0,0.0,0.909,0.908,0.907,0.906,0.905,0.0,0.0,0.0,0.0,0.0,0.91,0.911,0.912,0.913,0.914,0.0,0.0,0.0,0.0,0.0,1162500.0,1837300.0,969000.0,2061500.0,309000.0,0.0,0.0,0.0,0.0,0.0,1707000.0,1907200.0,433200.0,470700.0,18200.0,0.0,0.0,0.0,0.0,0.0
20230824133724000,SZSE,SZSE.ETF.159841,0.909,0.893,0.92,0.893,0.0,0.979,0.801,300191393.0,20000.0,271783182.564,18180.0,0.0,0.0,20230824,20230824,133723998,0.89,0.0,0.0,0.909,0.908,0.907,0.906,0.905,0.0,0.0,0.0,0.0,0.0,0.91,0.911,0.912,0.913,0.914,0.0,0.0,0.0,0.0,0.0,1142500.0,1837300.0,969000.0,2061500.0,309000.0,0.0,0.0,0.0,0.0,0.0,1507000.0,1298800.0,633200.0,470700.0,18200.0,0.0,0.0,0.0,0.0,0.0
20230824133722248,SZSE,SZSE.ETF.159841,0.909,0.893,0.92,0.893,0.0,0.979,0.801,300191393.0,20000.0,271783182.564,18180.0,0.0,0.0,20230824,20230824,133722249,0.89,0.0,0.0,0.909,0.908,0.907,0.906,0.905,0.0,0.0,0.0,0.0,0.0,0.91,0.911,0.912,0.913,0.914,0.0,0.0,0.0,0.0,0.0,1142500.0,1837300.0,969000.0,2061500.0,309000.0,0.0,0.0,0.0,0.0,0.0,1507000.0,1298800.0,633200.0,470700.0,18200.0,0.0,0.0,0.0,0.0,0.0
20230824133726992,SZSE,SZSE.ETF.159841,0.909,0.893,0.92,0.893,0.0,0.979,0.801,300195393.0,4000.0,271786818.564,3636.0,0.0,0.0,20230824,20230824,133726992,0.89,0.0,0.0,0.909,0.908,0.907,0.906,0.905,0.0,0.0,0.0,0.0,0.0,0.91,0.911,0.912,0.913,0.914,0.0,0.0,0.0,0.0,0.0,1138500.0,1837300.0,1469000.0,2061500.0,309000.0,0.0,0.0,0.0,0.0,0.0,1507000.0,1907200.0,633200.0,470700.0,18200.0,0.0,0.0,0.0,0.0,0.0
20230824133725244,SZSE,SZSE.ETF.159841,0.909,0.893,0.92,0.893,0.0,0.979,0.801,300195393.0,4000.0,271786818.564,3636.0,0.0,0.0,20230824,20230824,133725243,0.89,0.0,0.0,0.909,0.908,0.907,0.906,0.905,0.0,0.0,0.0,0.0,0.0,0.91,0.911,0.912,0.913,0.914,0.0,0.0,0.0,0.0,0.0,1138500.0,1837300.0,1469000.0,2061500.0,309000.0,0.0,0.0,0.0,0.0,0.0,1507000.0,1907200.0,633200.0,470700.0,18200.0,0.0,0.0,0.0,0.0,0.0
20230824133729984,SZSE,SZSE.ETF.159841,0.909,0.893,0.92,0.893,0.0,0.979,0.801,300200393.0,5000.0,271791363.564,4545.0,0.0,0.0,20230824,20230824,133729982,0.89,0.0,0.0,0.909,0.908,0.907,0.906,0.905,0.0,0.0,0.0,0.0,0.0,0.91,0.911,0.912,0.913,0.914,0.0,0.0,0.0,0.0,0.0,1183300.0,1623900.0,3465800.0,4058300.0,309000.0,0.0,0.0,0.0,0.0,0.0,1507000.0,1907200.0,633200.0,460700.0,18200.0,0.0,0.0,0.0,0.0,0.0
20230824133728232,SZSE,SZSE.ETF.159841,0.909,0.893,0.92,0.893,0.0,0.979,0.801,300200393.0,5000.0,271791363.564,4545.0,0.0,0.0,20230824,20230824,133728232,0.89,0.0,0.0,0.909,0.908,0.907,0.906,0.905,0.0,0.0,0.0,0.0,0.0,0.91,0.911,0.912,0.913,0.914,0.0,0.0,0.0,0.0,0.0,1183300.0,1623900.0,3465800.0,4058300.0,309000.0,0.0,0.0,0.0,0.0,0.0,1507000.0,1907200.0,633200.0,460700.0,18200.0,0.0,0.0,0.0,0.0,0.0
20230824133733024,SZSE,SZSE.ETF.159841,0.909,0.893,0.92,0.893,0.0,0.979,0.801,300200393.0,0.0,271791363.564,0.0,0.0,0.0,20230824,20230824,133733023,0.89,0.0,0.0,0.909,0.908,0.907,0.906,0.905,0.0,0.0,0.0,0.0,0.0,0.91,0.911,0.912,0.913,0.914,0.0,0.0,0.0,0.0,0.0,1483300.0,1717300.0,1024000.0,2061500.0,309000.0,0.0,0.0,0.0,0.0,0.0,1257000.0,1792200.0,633200.0,457300.0,18200.0,0.0,0.0,0.0,0.0,0.0
20230824133731272,SZSE,SZSE.ETF.159841,0.909,0.893,0.92,0.893,0.0,0.979,0.801,300200393.0,0.0,271791363.564,0.0,0.0,0.0,20230824,20230824,133731274,0.89,0.0,0.0,0.909,0.908,0.907,0.906,0.905,0.0,0.0,0.0,0.0,0.0,0.91,0.911,0.912,0.913,0.914,0.0,0.0,0.0,0.0,0.0,1483300.0,1717300.0,1024000.0,2061500.0,309000.0,0.0,0.0,0.0,0.0,0.0,1257000.0,1792200.0,633200.0,457300.0,18200.0,0.0,0.0,0.0,0.0,0.0
20230824133736024,SZSE,SZSE.ETF.159841,0.909,0.893,0.92,0.893,0.0,0.979,0.801,300200393.0,0.0,271791363.564,0.0,0.0,0.0,20230824,20230824,133736025,0.89,0.0,0.0,0.909,0.908,0.907,0.906,0.905,0.0,0.0,0.0,0.0,0.0,0.91,0.911,0.912,0.913,0.914,0.0,0.0,0.0,0.0,0.0,1483300.0,1832300.0,1274000.0,2061500.0,309000.0,0.0,0.0,0.0,0.0,0.0,1517000.0,1907200.0,633200.0,457300.0,18200.0,0.0,0.0,0.0,0.0,0.0
20230824133734276,SZSE,SZSE.ETF.159841,0.909,0.893,0.92,0.893,0.0,0.979,0.801,300200393.0,0.0,271791363.564,0.0,0.0,0.0,20230824,20230824,133734276,0.89,0.0,0.0,0.909,0.908,0.907,0.906,0.905,0.0,0.0,0.0,0.0,0.0,0.91,0.911,0.912,0.913,0.914,0.0,0.0,0.0,0.0,0.0,1483300.0,1832300.0,1274000.0,2061500.0,309000.0,0.0,0.0,0.0,0.0,0.0,1517000.0,1907200.0,633200.0,457300.0,18200.0,0.0,0.0,0.0,0.0,0.0
20230824133739000,SZSE,SZSE.ETF.159841,0.909,0.893,0.92,0.893,0.0,0.979,0.801,300275893.0,75500.0,271859993.064,68629.5,0.0,0.0,20230824,20230824,133739000,0.89,0.0,0.0,0.909,0.908,0.907,0.906,0.905,0.0,0.0,0.0,0.0,0.0,0.91,0.911,0.912,0.913,0.914,0.0,0.0,0.0,0.0,0.0,1226600.0,1832300.0,1474000.0,2061500.0,309000.0,0.0,0.0,0.0,0.0,0.0,1517000.0,1899200.0,633200.0,457300.0,18200.0,0.0,0.0,0.0,0.0,0.0
20230824133737252,SZSE,SZSE.ETF.159841,0.909,0.893,0.92,0.893,0.0,0.979,0.801,300275893.0,75500.0,271859993.064,68629.5,0.0,0.0,20230824,20230824,133737251,0.89,0.0,0.0,0.909,0.908,0.907,0.906,0.905,0.0,0.0,0.0,0.0,0.0,0.91,0.911,0.912,0.913,0.914,0.0,0.0,0.0,0.0,0.0,1226600.0,1832300.0,1474000.0,2061500.0,309000.0,0.0,0.0,0.0,0.0,0.0,1517000.0,1899200.0,633200.0,457300.0,18200.0,0.0,0.0,0.0,0.0,0.0
20230824133741976,SZSE,SZSE.ETF.159841,0.909,0.893,0.92,0.893,0.0,0.979,0.801,300282093.0,6200.0,271865628.864,5635.800000011921,0.0,0.0,20230824,20230824,133741974,0.89,0.0,0.0,0.909,0.908,0.907,0.906,0.905,0.0,0.0,0.0,0.0,0.0,0.91,0.911,0.912,0.913,0.914,0.0,0.0,0.0,0.0,0.0,1221400.0,1832300.0,1474000.0,2061500.0,309000.0,0.0,0.0,0.0,0.0,0.0,1518500.0,1899200.0,633200.0,457300.0,18200.0,0.0,0.0,0.0,0.0,0.0
20230824133740224,SZSE,SZSE.ETF.159841,0.909,0.893,0.92,0.893,0.0,0.979,0.801,300282093.0,6200.0,271865628.864,5635.800000011921,0.0,0.0,20230824,20230824,133740225,0.89,0.0,0.0,0.909,0.908,0.907,0.906,0.905,0.0,0.0,0.0,0.0,0.0,0.91,0.911,0.912,0.913,0.914,0.0,0.0,0.0,0.0,0.0,1221400.0,1832300.0,1474000.0,2061500.0,309000.0,0.0,0.0,0.0,0.0,0.0,1518500.0,1899200.0,633200.0,457300.0,18200.0,0.0,0.0,0.0,0.0,0.0
20230824133743232,SZSE,SZSE.ETF.159841,0.909,0.893,0.92,0.893,0.0,0.979,0.801,300302093.0,20000.0,271883808.864,18180.0,0.0,0.0,20230824,20230824,133743231,0.89,0.0,0.0,0.909,0.908,0.907,0.906,0.905,0.0,0.0,0.0,0.0,0.0,0.91,0.911,0.912,0.913,0.914,0.0,0.0,0.0,0.0,0.0,1201400.0,1832300.0,1474000.0,2061500.0,309000.0,0.0,0.0,0.0,0.0,0.0,1518500.0,1899200.0,633200.0,457300.0,18200.0,0.0,0.0,0.0,0.0,0.0
20230824133745008,SZSE,SZSE.ETF.159841,0.909,0.893,0.92,0.893,0.0,0.979,0.801,300302093.0,20000.0,271883808.864,18180.0,0.0,0.0,20230824,20230824,133745010,0.89,0.0,0.0,0.909,0.908,0.907,0.906,0.905,0.0,0.0,0.0,0.0,0.0,0.91,0.911,0.912,0.913,0.914,0.0,0.0,0.0,0.0,0.0,1201400.0,1832300.0,1474000.0,2061500.0,309000.0,0.0,0.0,0.0,0.0,0.0,1518500.0,1899200.0,633200.0,457300.0,18200.0,0.0,0.0,0.0,0.0,0.0
20230824133747988,SZSE,SZSE.ETF.159841,0.909,0.893,0.92,0.893,0.0,0.979,0.801,300302093.0,0.0,271883808.864,0.0,0.0,0.0,20230824,20230824,133747989,0.89,0.0,0.0,0.909,0.908,0.907,0.906,0.905,0.0,0.0,0.0,0.0,0.0,0.91,0.911,0.912,0.913,0.914,0.0,0.0,0.0,0.0,0.0,1186600.0,1832300.0,1474000.0,2061500.0,309000.0,0.0,0.0,0.0,0.0,0.0,1518500.0,1924700.0,633200.0,457300.0,18200.0,0.0,0.0,0.0,0.0,0.0
20230824133746240,SZSE,SZSE.ETF.159841,0.909,0.893,0.92,0.893,0.0,0.979,0.801,300302093.0,0.0,271883808.864,0.0,0.0,0.0,20230824,20230824,133746239,0.89,0.0,0.0,0.909,0.908,0.907,0.906,0.905,0.0,0.0,0.0,0.0,0.0,0.91,0.911,0.912,0.913,0.914,0.0,0.0,0.0,0.0,0.0,1186600.0,1832300.0,1474000.0,2061500.0,309000.0,0.0,0.0,0.0,0.0,0.0,1518500.0,1924700.0,633200.0,457300.0,18200.0,0.0,0.0,0.0,0.0,0.0
20230824133751016,SZSE,SZSE.ETF.159841,0.909,0.893,0.92,0.893,0.0,0.979,0.801,300302093.0,0.0,271883808.864,0.0,0.0,0.0,20230824,20230824,133751014,0.89,0.0,0.0,0.909,0.908,0.907,0.906,0.905,0.0,0.0,0.0,0.0,0.0,0.91,0.911,0.912,0.913,0.914,0.0,0.0,0.0,0.0,0.0,1286600.0,1832300.0,1474000.0,2061500.0,309000.0,0.0,0.0,0.0,0.0,0.0,2126900.0,1316300.0,633200.0,457300.0,18200.0,0.0,0.0,0.0,0.0,0.0
20230824133749264,SZSE,SZSE.ETF.159841,0.909,0.893,0.92,0.893,0.0,0.979,0.801,300302093.0,0.0,271883808.864,0.0,0.0,0.0,20230824,20230824,133749265,0.89,0.0,0.0,0.909,0.908,0.907,0.906,0.905,0.0,0.0,0.0,0.0,0.0,0.91,0.911,0.912,0.913,0.914,0.0,0.0,0.0,0.0,0.0,1286600.0,1832300.0,1474000.0,2061500.0,309000.0,0.0,0.0,0.0,0.0,0.0,2126900.0,1316300.0,633200.0,457300.0,18200.0,0.0,0.0,0.0,0.0,0.0
20230824133754032,SZSE,SZSE.ETF.159841,0.909,0.893,0.92,0.893,0.0,0.979,0.801,300345893.0,43800.0,271923623.064,39814.19999998808,0.0,0.0,20230824,20230824,133754032,0.89,0.0,0.0,0.909,0.908,0.907,0.906,0.905,0.0,0.0,0.0,0.0,0.0,0.91,0.911,0.912,0.913,0.914,0.0,0.0,0.0,0.0,0.0,1242800.0,1832300.0,1474000.0,2066500.0,309000.0,0.0,0.0,0.0,0.0,0.0,2328100.0,1319700.0,433200.0,457300.0,18200.0,0.0,0.0,0.0,0.0,0.0
20230824133752280,SZSE,SZSE.ETF.159841,0.909,0.893,0.92,0.893,0.0,0.979,0.801,300345893.0,43800.0,271923623.064,39814.19999998808,0.0,0.0,20230824,20230824,133752282,0.89,0.0,0.0,0.909,0.908,0.907,0.906,0.905,0.0,0.0,0.0,0.0,0.0,0.91,0.911,0.912,0.913,0.914,0.0,0.0,0.0,0.0,0.0,1242800.0,1832300.0,1474000.0,2066500.0,309000.0,0.0,0.0,0.0,0.0,0.0,2328100.0,1319700.0,433200.0,457300.0,18200.0,0.0,0.0,0.0,0.0,0.0
20230824140539024,SZSE,SZSE.ETF.159841,0.909,0.893,0.92,0.893,0.0,0.979,0.801,320228293.0,5000.0,290020923.464,4545.0,0.0,0.0,20230824,20230824,140539023,0.89,0.0,0.0,0.909,0.908,0.907,0.906,0.905,0.0,0.0,0.0,0.0,0.0,0.91,0.911,0.912,0.913,0.914,0.0,0.0,0.0,0.0,0.0,1187600.0,2121800.0,1266400.0,2872900.0,352600.0,0.0,0.0,0.0,0.0,0.0,2533400.0,1191900.0,816800.0,335000.0,88200.0,0.0,0.0,0.0,0.0,0.0
20230824140537160,SZSE,SZSE.ETF.159841,0.909,0.893,0.92,0.893,0.0,0.979,0.801,320228293.0,5000.0,290020923.464,4545.0,0.0,0.0,20230824,20230824,140537159,0.89,0.0,0.0,0.909,0.908,0.907,0.906,0.905,0.0,0.0,0.0,0.0,0.0,0.91,0.911,0.912,0.913,0.914,0.0,0.0,0.0,0.0,0.0,1187600.0,2121800.0,1266400.0,2872900.0,352600.0,0.0,0.0,0.0,0.0,0.0,2533400.0,1191900.0,816800.0,335000.0,88200.0,0.0,0.0,0.0,0.0,0.0
20230824140542044,SZSE,SZSE.ETF.159841,0.909,0.893,0.92,0.893,0.0,0.979,0.801,320228293.0,0.0,290020923.464,0.0,0.0,0.0,20230824,20230824,140542043,0.89,0.0,0.0,0.909,0.908,0.907,0.906,0.905,0.0,0.0,0.0,0.0,0.0,0.91,0.911,0.912,0.913,0.914,0.0,0.0,0.0,0.0,0.0,1187600.0,2271800.0,1266400.0,2722900.0,352600.0,0.0,0.0,0.0,0.0,0.0,2533400.0,1041900.0,816800.0,485000.0,88200.0,0.0,0.0,0.0,0.0,0.0
20230824140540180,SZSE,SZSE.ETF.159841,0.909,0.893,0.92,0.893,0.0,0.979,0.801,320228293.0,0.0,290020923.464,0.0,0.0,0.0,20230824,20230824,140540179,0.89,0.0,0.0,0.909,0.908,0.907,0.906,0.905,0.0,0.0,0.0,0.0,0.0,0.91,0.911,0.912,0.913,0.914,0.0,0.0,0.0,0.0,0.0,1187600.0,2271800.0,1266400.0,2722900.0,352600.0,0.0,0.0,0.0,0.0,0.0,2533400.0,1041900.0,816800.0,485000.0,88200.0,0.0,0.0,0.0,0.0,0.0
20230824140548056,SZSE,SZSE.ETF.159841,0.909,0.893,0.92,0.893,0.0,0.979,0.801,320228293.0,0.0,290020923.464,0.0,0.0,0.0,20230824,20230824,140548055,0.89,0.0,0.0,0.909,0.908,0.907,0.906,0.905,0.0,0.0,0.0,0.0,0.0,0.91,0.911,0.912,0.913,0.914,0.0,0.0,0.0,0.0,0.0,1187600.0,2006800.0,1266400.0,2872900.0,352600.0,0.0,0.0,0.0,0.0,0.0,2741800.0,868500.0,816800.0,335000.0,88200.0,0.0,0.0,0.0,0.0,0.0
20230824140546192,SZSE,SZSE.ETF.159841,0.909,0.893,0.92,0.893,0.0,0.979,0.801,320228293.0,0.0,290020923.464,0.0,0.0,0.0,20230824,20230824,140546191,0.89,0.0,0.0,0.909,0.908,0.907,0.906,0.905,0.0,0.0,0.0,0.0,0.0,0.91,0.911,0.912,0.913,0.914,0.0,0.0,0.0,0.0,0.0,1187600.0,2006800.0,1266400.0,2872900.0,352600.0,0.0,0.0,0.0,0.0,0.0,2741800.0,868500.0,816800.0,335000.0,88200.0,0.0,0.0,0.0,0.0,0.0
20230824140551068,SZSE,SZSE.ETF.159841,0.909,0.893,0.92,0.893,0.0,0.979,0.801,320233993.0,5700.0,290026106.264,5182.800000011921,0.0,0.0,20230824,20230824,140551067,0.89,0.0,0.0,0.909,0.908,0.907,0.906,0.905,0.0,0.0,0.0,0.0,0.0,0.91,0.911,0.912,0.913,0.914,0.0,0.0,0.0,0.0,0.0,1183400.0,2121800.0,1266400.0,2872900.0,352600.0,0.0,0.0,0.0,0.0,0.0,2543800.0,1076900.0,816800.0,335000.0,88200.0,0.0,0.0,0.0,0.0,0.0
20230824140549200,SZSE,SZSE.ETF.159841,0.909,0.893,0.92,0.893,0.0,0.979,0.801,320233993.0,5700.0,290026106.264,5182.800000011921,0.0,0.0,20230824,20230824,140549202,0.89,0.0,0.0,0.909,0.908,0.907,0.906,0.905,0.0,0.0,0.0,0.0,0.0,0.91,0.911,0.912,0.913,0.914,0.0,0.0,0.0,0.0,0.0,1183400.0,2121800.0,1266400.0,2872900.0,352600.0,0.0,0.0,0.0,0.0,0.0,2543800.0,1076900.0,816800.0,335000.0,88200.0,0.0,0.0,0.0,0.0,0.0
20230824140554072,SZSE,SZSE.ETF.159841,0.91,0.893,0.92,0.893,0.0,0.979,0.801,320334893.0,100900.0,290117924.364,91818.10000002384,0.0,0.0,20230824,20230824,140554073,0.89,0.0,0.0,0.909,0.908,0.907,0.906,0.905,0.0,0.0,0.0,0.0,0.0,0.91,0.911,0.912,0.913,0.914,0.0,0.0,0.0,0.0,0.0,976200.0,2121800.0,1266400.0,2872900.0,352600.0,0.0,0.0,0.0,0.0,0.0,2662200.0,983500.0,816800.0,335000.0,88200.0,0.0,0.0,0.0,0.0,0.0
20230824140552208,SZSE,SZSE.ETF.159841,0.91,0.893,0.92,0.893,0.0,0.979,0.801,320334893.0,100900.0,290117924.364,91818.10000002384,0.0,0.0,20230824,20230824,140552210,0.89,0.0,0.0,0.909,0.908,0.907,0.906,0.905,0.0,0.0,0.0,0.0,0.0,0.91,0.911,0.912,0.913,0.914,0.0,0.0,0.0,0.0,0.0,976200.0,2121800.0,1266400.0,2872900.0,352600.0,0.0,0.0,0.0,0.0,0.0,2662200.0,983500.0,816800.0,335000.0,88200.0,0.0,0.0,0.0,0.0,0.0
20230824140557052,SZSE,SZSE.ETF.159841,0.91,0.893,0.92,0.893,0.0,0.979,0.801,320334893.0,0.0,290117924.364,0.0,0.0,0.0,20230824,20230824,140557053,0.89,0.0,0.0,0.909,0.908,0.907,0.906,0.905,0.0,0.0,0.0,0.0,0.0,0.91,0.911,0.912,0.913,0.914,0.0,0.0,0.0,0.0,0.0,976200.0,2121800.0,1266400.0,2872900.0,352600.0,0.0,0.0,0.0,0.0,0.0,2692400.0,983500.0,816800.0,335000.0,88200.0,0.0,0.0,0.0,0.0,0.0
20230824140555188,SZSE,SZSE.ETF.159841,0.91,0.893,0.92,0.893,0.0,0.979,0.801,320334893.0,0.0,290117924.364,0.0,0.0,0.0,20230824,20230824,140555189,0.89,0.0,0.0,0.909,0.908,0.907,0.906,0.905,0.0,0.0,0.0,0.0,0.0,0.91,0.911,0.912,0.913,0.914,0.0,0.0,0.0,0.0,0.0,976200.0,2121800.0,1266400.0,2872900.0,352600.0,0.0,0.0,0.0,0.0,0.0,2692400.0,983500.0,816800.0,335000.0,88200.0,0.0,0.0,0.0,0.0,0.0
20230824140600044,SZSE,SZSE.ETF.159841,0.91,0.893,0.92,0.893,0.0,0.979,0.801,320334893.0,0.0,290117924.364,0.0,0.0,0.0,20230824,20230824,140600044,0.89,0.0,0.0,0.909,0.908,0.907,0.906,0.905,0.0,0.0,0.0,0.0,0.0,0.91,0.911,0.912,0.913,0.914,0.0,0.0,0.0,0.0,0.0,1076200.0,2121800.0,1266400.0,2872900.0,352600.0,0.0,0.0,0.0,0.0,0.0,2484000.0,1191900.0,816800.0,335000.0,88200.0,0.0,0.0,0.0,0.0,0.0
20230824140558180,SZSE,SZSE.ETF.159841,0.91,0.893,0.92,0.893,0.0,0.979,0.801,320334893.0,0.0,290117924.364,0.0,0.0,0.0,20230824,20230824,140558181,0.89,0.0,0.0,0.909,0.908,0.907,0.906,0.905,0.0,0.0,0.0,0.0,0.0,0.91,0.911,0.912,0.913,0.914,0.0,0.0,0.0,0.0,0.0,1076200.0,2121800.0,1266400.0,2872900.0,352600.0,0.0,0.0,0.0,0.0,0.0,2484000.0,1191900.0,816800.0,335000.0,88200.0,0.0,0.0,0.0,0.0,0.0
20230824140603120,SZSE,SZSE.ETF.159841,0.91,0.893,0.92,0.893,0.0,0.979,0.801,320334893.0,0.0,290117924.364,0.0,0.0,0.0,20230824,20230824,140603119,0.89,0.0,0.0,0.909,0.908,0.907,0.906,0.905,0.0,0.0,0.0,0.0,0.0,0.91,0.911,0.912,0.913,0.914,0.0,0.0,0.0,0.0,0.0,1076200.0,2006800.0,1266400.0,2872900.0,352600.0,0.0,0.0,0.0,0.0,0.0,2813500.0,868500.0,816800.0,335000.0,88200.0,0.0,0.0,0.0,0.0,0.0
20230824140601256,SZSE,SZSE.ETF.159841,0.91,0.893,0.92,0.893,0.0,0.979,0.801,320334893.0,0.0,290117924.364,0.0,0.0,0.0,20230824,20230824,140601254,0.89,0.0,0.0,0.909,0.908,0.907,0.906,0.905,0.0,0.0,0.0,0.0,0.0,0.91,0.911,0.912,0.913,0.914,0.0,0.0,0.0,0.0,0.0,1076200.0,2006800.0,1266400.0,2872900.0,352600.0,0.0,0.0,0.0,0.0,0.0,2813500.0,868500.0,816800.0,335000.0,88200.0,0.0,0.0,0.0,0.0,0.0
20230824140606112,SZSE,SZSE.ETF.159841,0.909,0.893,0.92,0.893,0.0,0.979,0.801,320355493.0,20600.0,290136649.764,18725.399999976158,0.0,0.0,20230824,20230824,140606112,0.89,0.0,0.0,0.909,0.908,0.907,0.906,0.905,0.0,0.0,0.0,0.0,0.0,0.91,0.911,0.912,0.913,0.914,0.0,0.0,0.0,0.0,0.0,1065600.0,2006800.0,1266400.0,2872900.0,352600.0,0.0,0.0,0.0,0.0,0.0,2813500.0,868500.0,816800.0,335000.0,88200.0,0.0,0.0,0.0,0.0,0.0
20230824140604248,SZSE,SZSE.ETF.159841,0.909,0.893,0.92,0.893,0.0,0.979,0.801,320355493.0,20600.0,290136649.764,18725.399999976158,0.0,0.0,20230824,20230824,140604247,0.89,0.0,0.0,0.909,0.908,0.907,0.906,0.905,0.0,0.0,0.0,0.0,0.0,0.91,0.911,0.912,0.913,0.914,0.0,0.0,0.0,0.0,0.0,1065600.0,2006800.0,1266400.0,2872900.0,352600.0,0.0,0.0,0.0,0.0,0.0,2813500.0,868500.0,816800.0,335000.0,88200.0,0.0,0.0,0.0,0.0,0.0
20230824140609076,SZSE,SZSE.ETF.159841,0.91,0.893,0.92,0.893,0.0,0.979,0.801,320455493.0,100000.0,290227649.764,91000.0,0.0,0.0,20230824,20230824,140609075,0.89,0.0,0.0,0.909,0.908,0.907,0.906,0.905,0.0,0.0,0.0,0.0,0.0,0.91,0.911,0.912,0.913,0.914,0.0,0.0,0.0,0.0,0.0,966200.0,2121800.0,1266400.0,2872900.0,352600.0,0.0,0.0,0.0,0.0,0.0,2713500.0,983500.0,816800.0,335000.0,88200.0,0.0,0.0,0.0,0.0,0.0
20230824140612108,SZSE,SZSE.ETF.159841,0.909,0.893,0.92,0.893,0.0,0.979,0.801,320455993.0,500.0,290228104.264,454.5,0.0,0.0,20230824,20230824,140612108,0.89,0.0,0.0,0.909,0.908,0.907,0.906,0.905,0.0,0.0,0.0,0.0,0.0,0.91,0.911,0.912,0.913,0.914,0.0,0.0,0.0,0.0,0.0,965700.0,2121800.0,1266400.0,2872900.0,352600.0,0.0,0.0,0.0,0.0,0.0,2813500.0,983500.0,816800.0,335000.0,118200.0,0.0,0.0,0.0,0.0,0.0
20230824140615192,SZSE,SZSE.ETF.159841,0.909,0.893,0.92,0.893,0.0,0.979,0.801,320455993.0,0.0,290228104.264,0.0,0.0,0.0,20230824,20230824,140615193,0.89,0.0,0.0,0.909,0.908,0.907,0.906,0.905,0.0,0.0,0.0,0.0,0.0,0.91,0.911,0.912,0.913,0.914,0.0,0.0,0.0,0.0,0.0,1065700.0,1913400.0,1474800.0,2872900.0,352600.0,0.0,0.0,0.0,0.0,0.0,2813500.0,983500.0,816800.0,335000.0,118200.0,0.0,0.0,0.0,0.0,0.0
20230824140618192,SZSE,SZSE.ETF.159841,0.909,0.893,0.92,0.893,0.0,0.979,0.801,320455993.0,0.0,290228104.264,0.0,0.0,0.0,20230824,20230824,140618194,0.89,0.0,0.0,0.909,0.908,0.907,0.906,0.905,0.0,0.0,0.0,0.0,0.0,0.91,0.911,0.912,0.913,0.914,0.0,0.0,0.0,0.0,0.0,1065700.0,2121800.0,1266400.0,2872900.0,352600.0,0.0,0.0,0.0,0.0,0.0,2813500.0,983500.0,816800.0,335000.0,118200.0,0.0,0.0,0.0,0.0,0.0
20230824140621128,SZSE,SZSE.ETF.159841,0.91,0.893,0.92,0.893,0.0,0.979,0.801,320555993.0,100000.0,290319104.264,91000.0,0.0,0.0,20230824,20230824,140621129,0.89,0.0,0.0,0.909,0.908,0.907,0.906,0.905,0.0,0.0,0.0,0.0,0.0,0.91,0.911,0.912,0.913,0.914,0.0,0.0,0.0,0.0,0.0,966200.0,2121800.0,1266400.0,2872900.0,352600.0,0.0,0.0,0.0,0.0,0.0,2713500.0,983500.0,816800.0,335000.0,118200.0,0.0,0.0,0.0,0.0,0.0
20230824140619264,SZSE,SZSE.ETF.159841,0.91,0.893,0.92,0.893,0.0,0.979,0.801,320555993.0,100000.0,290319104.264,91000.0,0.0,0.0,20230824,20230824,140619265,0.89,0.0,0.0,0.909,0.908,0.907,0.906,0.905,0.0,0.0,0.0,0.0,0.0,0.91,0.911,0.912,0.913,0.914,0.0,0.0,0.0,0.0,0.0,966200.0,2121800.0,1266400.0,2872900.0,352600.0,0.0,0.0,0.0,0.0,0.0,2713500.0,983500.0,816800.0,335000.0,118200.0,0.0,0.0,0.0,0.0,0.0
20230824140624152,SZSE,SZSE.ETF.159841,0.909,0.893,0.92,0.893,0.0,0.979,0.801,320805993.0,250000.0,290546354.264,227250.0,0.0,0.0,20230824,20230824,140624150,0.89,0.0,0.0,0.909,0.908,0.907,0.906,0.905,0.0,0.0,0.0,0.0,0.0,0.91,0.911,0.912,0.913,0.914,0.0,0.0,0.0,0.0,0.0,816200.0,1663400.0,1474800.0,3122900.0,352600.0,0.0,0.0,0.0,0.0,0.0,2813500.0,983500.0,816800.0,85000.0,118200.0,0.0,0.0,0.0,0.0,0.0
20230824140627136,SZSE,SZSE.ETF.159841,0.909,0.893,0.92,0.893,0.0,0.979,0.801,320814193.0,8200.0,290553808.064,7453.800000011921,0.0,0.0,20230824,20230824,140627137,0.89,0.0,0.0,0.909,0.908,0.907,0.906,0.905,0.0,0.0,0.0,0.0,0.0,0.91,0.911,0.912,0.913,0.914,0.0,0.0,0.0,0.0,0.0,808000.0,1913400.0,1474800.0,2872900.0,352600.0,0.0,0.0,0.0,0.0,0.0,2813500.0,983500.0,816800.0,335000.0,118200.0,0.0,0.0,0.0,0.0,0.0
20230824140625272,SZSE,SZSE.ETF.159841,0.909,0.893,0.92,0.893,0.0,0.979,0.801,320814193.0,8200.0,290553808.064,7453.800000011921,0.0,0.0,20230824,20230824,140625272,0.89,0.0,0.0,0.909,0.908,0.907,0.906,0.905,0.0,0.0,0.0,0.0,0.0,0.91,0.911,0.912,0.913,0.914,0.0,0.0,0.0,0.0,0.0,808000.0,1913400.0,1474800.0,2872900.0,352600.0,0.0,0.0,0.0,0.0,0.0,2813500.0,983500.0,816800.0,335000.0,118200.0,0.0,0.0,0.0,0.0,0.0
20230824140630100,SZSE,SZSE.ETF.159841,0.909,0.893,0.92,0.893,0.0,0.979,0.801,320814193.0,0.0,290553808.064,0.0,0.0,0.0,20230824,20230824,140630101,0.89,0.0,0.0,0.909,0.908,0.907,0.906,0.905,0.0,0.0,0.0,0.0,0.0,0.91,0.911,0.912,0.913,0.914,0.0,0.0,0.0,0.0,0.0,908000.0,1713400.0,1474800.0,2872900.0,352600.0,0.0,0.0,0.0,0.0,0.0,2813500.0,983500.0,816800.0,335000.0,118200.0,0.0,0.0,0.0,0.0,0.0
20230824140628236,SZSE,SZSE.ETF.159841,0.909,0.893,0.92,0.893,0.0,0.979,0.801,320814193.0,0.0,290553808.064,0.0,0.0,0.0,20230824,20230824,140628237,0.89,0.0,0.0,0.909,0.908,0.907,0.906,0.905,0.0,0.0,0.0,0.0,0.0,0.91,0.911,0.912,0.913,0.914,0.0,0.0,0.0,0.0,0.0,908000.0,1713400.0,1474800.0,2872900.0,352600.0,0.0,0.0,0.0,0.0,0.0,2813500.0,983500.0,816800.0,335000.0,118200.0,0.0,0.0,0.0,0.0,0.0
20230824140703092,SZSE,SZSE.ETF.159841,0.908,0.893,0.92,0.893,0.0,0.979,0.801,321835793.0,0.0,291482430.364,0.0,0.0,0.0,20230824,20230824,140703091,0.89,0.0,0.0,0.908,0.907,0.906,0.905,0.904,0.0,0.0,0.0,0.0,0.0,0.909,0.91,0.911,0.912,0.913,0.0,0.0,0.0,0.0,0.0,1411100.0,1458200.0,1842900.0,2052600.0,245300.0,0.0,0.0,0.0,0.0,0.0,1322000.0,1444900.0,543700.0,816800.0,85000.0,0.0,0.0,0.0,0.0,0.0
20230824140701228,SZSE,SZSE.ETF.159841,0.908,0.893,0.92,0.893,0.0,0.979,0.801,321835793.0,0.0,291482430.364,0.0,0.0,0.0,20230824,20230824,140701227,0.89,0.0,0.0,0.908,0.907,0.906,0.905,0.904,0.0,0.0,0.0,0.0,0.0,0.909,0.91,0.911,0.912,0.913,0.0,0.0,0.0,0.0,0.0,1411100.0,1458200.0,1842900.0,2052600.0,245300.0,0.0,0.0,0.0,0.0,0.0,1322000.0,1444900.0,543700.0,816800.0,85000.0,0.0,0.0,0.0,0.0,0.0
20230824140706104,SZSE,SZSE.ETF.159841,0.908,0.893,0.92,0.893,0.0,0.979,0.801,321835793.0,0.0,291482430.364,0.0,0.0,0.0,20230824,20230824,140706104,0.89,0.0,0.0,0.908,0.907,0.906,0.905,0.904,0.0,0.0,0.0,0.0,0.0,0.909,0.91,0.911,0.912,0.913,0.0,0.0,0.0,0.0,0.0,1761100.0,1458200.0,1842900.0,2052600.0,245300.0,0.0,0.0,0.0,0.0,0.0,713600.0,2053300.0,543700.0,816800.0,335000.0,0.0,0.0,0.0,0.0,0.0
20230824140704240,SZSE,SZSE.ETF.159841,0.908,0.893,0.92,0.893,0.0,0.979,0.801,321835793.0,0.0,291482430.364,0.0,0.0,0.0,20230824,20230824,140704239,0.89,0.0,0.0,0.908,0.907,0.906,0.905,0.904,0.0,0.0,0.0,0.0,0.0,0.909,0.91,0.911,0.912,0.913,0.0,0.0,0.0,0.0,0.0,1761100.0,1458200.0,1842900.0,2052600.0,245300.0,0.0,0.0,0.0,0.0,0.0,713600.0,2053300.0,543700.0,816800.0,335000.0,0.0,0.0,0.0,0.0,0.0
20230824140709072,SZSE,SZSE.ETF.159841,0.908,0.893,0.92,0.893,0.0,0.979,0.801,321835793.0,0.0,291482430.364,0.0,0.0,0.0,20230824,20230824,140709074,0.89,0.0,0.0,0.908,0.907,0.906,0.905,0.904,0.0,0.0,0.0,0.0,0.0,0.909,0.91,0.911,0.912,0.913,0.0,0.0,0.0,0.0,0.0,1611100.0,1573200.0,1842900.0,2052600.0,245300.0,0.0,0.0,0.0,0.0,0.0,1322000.0,1463300.0,548700.0,816800.0,85000.0,0.0,0.0,0.0,0.0,0.0
20230824140707208,SZSE,SZSE.ETF.159841,0.908,0.893,0.92,0.893,0.0,0.979,0.801,321835793.0,0.0,291482430.364,0.0,0.0,0.0,20230824,20230824,140707209,0.89,0.0,0.0,0.908,0.907,0.906,0.905,0.904,0.0,0.0,0.0,0.0,0.0,0.909,0.91,0.911,0.912,0.913,0.0,0.0,0.0,0.0,0.0,1611100.0,1573200.0,1842900.0,2052600.0,245300.0,0.0,0.0,0.0,0.0,0.0,1322000.0,1463300.0,548700.0,816800.0,85000.0,0.0,0.0,0.0,0.0,0.0
20230824140712080,SZSE,SZSE.ETF.159841,0.908,0.893,0.92,0.893,0.0,0.979,0.801,321861393.0,25600.0,291505675.164,23244.799999952316,0.0,0.0,20230824,20230824,140712079,0.89,0.0,0.0,0.908,0.907,0.906,0.905,0.904,0.0,0.0,0.0,0.0,0.0,0.909,0.91,0.911,0.912,0.913,0.0,0.0,0.0,0.0,0.0,1585500.0,1423200.0,2092900.0,2191600.0,245300.0,0.0,0.0,0.0,0.0,0.0,1572000.0,1613300.0,548700.0,666800.0,85000.0,0.0,0.0,0.0,0.0,0.0
20230824140710216,SZSE,SZSE.ETF.159841,0.908,0.893,0.92,0.893,0.0,0.979,0.801,321861393.0,25600.0,291505675.164,23244.799999952316,0.0,0.0,20230824,20230824,140710214,0.89,0.0,0.0,0.908,0.907,0.906,0.905,0.904,0.0,0.0,0.0,0.0,0.0,0.909,0.91,0.911,0.912,0.913,0.0,0.0,0.0,0.0,0.0,1585500.0,1423200.0,2092900.0,2191600.0,245300.0,0.0,0.0,0.0,0.0,0.0,1572000.0,1613300.0,548700.0,666800.0,85000.0,0.0,0.0,0.0,0.0,0.0
20230824140715052,SZSE,SZSE.ETF.159841,0.908,0.893,0.92,0.893,0.0,0.979,0.801,321861393.0,0.0,291505675.164,0.0,0.0,0.0,20230824,20230824,140715051,0.89,0.0,0.0,0.908,0.907,0.906,0.905,0.904,0.0,0.0,0.0,0.0,0.0,0.909,0.91,0.911,0.912,0.913,0.0,0.0,0.0,0.0,0.0,1585500.0,1573200.0,2092900.0,2041600.0,245300.0,0.0,0.0,0.0,0.0,0.0,1572000.0,1463300.0,548700.0,816800.0,85000.0,0.0,0.0,0.0,0.0,0.0
20230824140713184,SZSE,SZSE.ETF.159841,0.908,0.893,0.92,0.893,0.0,0.979,0.801,321861393.0,0.0,291505675.164,0.0,0.0,0.0,20230824,20230824,140713186,0.89,0.0,0.0,0.908,0.907,0.906,0.905,0.904,0.0,0.0,0.0,0.0,0.0,0.909,0.91,0.911,0.912,0.913,0.0,0.0,0.0,0.0,0.0,1585500.0,1573200.0,2092900.0,2041600.0,245300.0,0.0,0.0,0.0,0.0,0.0,1572000.0,1463300.0,548700.0,816800.0,85000.0,0.0,0.0,0.0,0.0,0.0
20230824140718024,SZSE,SZSE.ETF.159841,0.908,0.893,0.92,0.893,0.0,0.979,0.801,321871493.0,10100.0,291514845.964,9170.800000011921,0.0,0.0,20230824,20230824,140718022,0.89,0.0,0.0,0.908,0.907,0.906,0.905,0.904,0.0,0.0,0.0,0.0,0.0,0.909,0.91,0.911,0.912,0.913,0.0,0.0,0.0,0.0,0.0,1575400.0,1423200.0,2092900.0,2191600.0,245300.0,0.0,0.0,0.0,0.0,0.0,1572000.0,1613300.0,548700.0,615800.0,85000.0,0.0,0.0,0.0,0.0,0.0
20230824140721044,SZSE,SZSE.ETF.159841,0.908,0.893,0.92,0.893,0.0,0.979,0.801,322399293.0,527800.0,291994088.364,479242.40000003576,0.0,0.0,20230824,20230824,140721044,0.89,0.0,0.0,0.908,0.907,0.906,0.905,0.904,0.0,0.0,0.0,0.0,0.0,0.909,0.91,0.911,0.912,0.913,0.0,0.0,0.0,0.0,0.0,1047600.0,1423200.0,2092900.0,2191600.0,245300.0,0.0,0.0,0.0,0.0,0.0,1780400.0,1404900.0,548700.0,615800.0,85000.0,0.0,0.0,0.0,0.0,0.0
20230824140724028,SZSE,SZSE.ETF.159841,0.908,0.893,0.92,0.893,0.0,0.979,0.801,322399993.0,700.0,291994723.964,635.5999999642372,0.0,0.0,20230824,20230824,140724029,0.89,0.0,0.0,0.908,0.907,0.906,0.905,0.904,0.0,0.0,0.0,0.0,0.0,0.909,0.91,0.911,0.912,0.913,0.0,0.0,0.0,0.0,0.0,1141900.0,1423200.0,2092900.0,2191600.0,245300.0,0.0,0.0,0.0,0.0,0.0,1780400.0,1404900.0,551700.0,615800.0,85000.0,0.0,0.0,0.0,0.0,0.0
20230824140722164,SZSE,SZSE.ETF.159841,0.908,0.893,0.92,0.893,0.0,0.979,0.801,322399993.0,700.0,291994723.964,635.5999999642372,0.0,0.0,20230824,20230824,140722165,0.89,0.0,0.0,0.908,0.907,0.906,0.905,0.904,0.0,0.0,0.0,0.0,0.0,0.909,0.91,0.911,0.912,0.913,0.0,0.0,0.0,0.0,0.0,1141900.0,1423200.0,2092900.0,2191600.0,245300.0,0.0,0.0,0.0,0.0,0.0,1780400.0,1404900.0,551700.0,615800.0,85000.0,0.0,0.0,0.0,0.0,0.0
20230824140727092,SZSE,SZSE.ETF.159841,0.908,0.893,0.92,0.893,0.0,0.979,0.801,322409993.0,10000.0,292003803.964,9080.0,0.0,0.0,20230824,20230824,140727091,0.89,0.0,0.0,0.908,0.907,0.906,0.905,0.904,0.0,0.0,0.0,0.0,0.0,0.909,0.91,0.911,0.912,0.913,0.0,0.0,0.0,0.0,0.0,1131900.0,1423200.0,1592900.0,2191600.0,245300.0,0.0,0.0,0.0,0.0,0.0,1572000.0,1613300.0,562900.0,615800.0,85000.0,0.0,0.0,0.0,0.0,0.0
20230824140725224,SZSE,SZSE.ETF.159841,0.908,0.893,0.92,0.893,0.0,0.979,0.801,322409993.0,10000.0,292003803.964,9080.0,0.0,0.0,20230824,20230824,140725226,0.89,0.0,0.0,0.908,0.907,0.906,0.905,0.904,0.0,0.0,0.0,0.0,0.0,0.909,0.91,0.911,0.912,0.913,0.0,0.0,0.0,0.0,0.0,1131900.0,1423200.0,1592900.0,2191600.0,245300.0,0.0,0.0,0.0,0.0,0.0,1572000.0,1613300.0,562900.0,615800.0,85000.0,0.0,0.0,0.0,0.0,0.0
20230824140731232,SZSE,SZSE.ETF.159841,0.908,0.893,0.92,0.893,0.0,0.979,0.801,322409993.0,0.0,292003803.964,0.0,0.0,0.0,20230824,20230824,140731230,0.89,0.0,0.0,0.908,0.907,0.906,0.905,0.904,0.0,0.0,0.0,0.0,0.0,0.909,0.91,0.911,0.912,0.913,0.0,0.0,0.0,0.0,0.0,1131900.0,1423200.0,1592900.0,2191600.0,245300.0,0.0,0.0,0.0,0.0,0.0,1572000.0,1404900.0,562900.0,615800.0,85000.0,0.0,0.0,0.0,0.0,0.0
20230824140733120,SZSE,SZSE.ETF.159841,0.908,0.893,0.92,0.893,0.0,0.979,0.801,322409993.0,0.0,292003803.964,0.0,0.0,0.0,20230824,20230824,140733120,0.89,0.0,0.0,0.908,0.907,0.906,0.905,0.904,0.0,0.0,0.0,0.0,0.0,0.909,0.91,0.911,0.912,0.913,0.0,0.0,0.0,0.0,0.0,1131900.0,1423200.0,1592900.0,2191600.0,245300.0,0.0,0.0,0.0,0.0,0.0,1572000.0,1404900.0,562900.0,615800.0,85000.0,0.0,0.0,0.0,0.0,0.0
20230824140736124,SZSE,SZSE.ETF.159841,0.908,0.893,0.92,0.893,0.0,0.979,0.801,322534993.0,125000.0,292117303.964,113500.0,0.0,0.0,20230824,20230824,140736125,0.89,0.0,0.0,0.908,0.907,0.906,0.905,0.904,0.0,0.0,0.0,0.0,0.0,0.909,0.91,0.911,0.912,0.913,0.0,0.0,0.0,0.0,0.0,906900.0,1623200.0,1592900.0,2191600.0,245300.0,0.0,0.0,0.0,0.0,0.0,1780400.0,1404900.0,562900.0,615800.0,85000.0,0.0,0.0,0.0,0.0,0.0
20230824140734264,SZSE,SZSE.ETF.159841,0.908,0.893,0.92,0.893,0.0,0.979,0.801,322534993.0,125000.0,292117303.964,113500.0,0.0,0.0,20230824,20230824,140734264,0.89,0.0,0.0,0.908,0.907,0.906,0.905,0.904,0.0,0.0,0.0,0.0,0.0,0.909,0.91,0.911,0.912,0.913,0.0,0.0,0.0,0.0,0.0,906900.0,1623200.0,1592900.0,2191600.0,245300.0,0.0,0.0,0.0,0.0,0.0,1780400.0,1404900.0,562900.0,615800.0,85000.0,0.0,0.0,0.0,0.0,0.0
20230824140748096,SZSE,SZSE.ETF.159841,0.908,0.893,0.92,0.893,0.0,0.979,0.801,322534993.0,0.0,292117303.964,0.0,0.0,0.0,20230824,20230824,140748094,0.89,0.0,0.0,0.908,0.907,0.906,0.905,0.904,0.0,0.0,0.0,0.0,0.0,0.909,0.91,0.911,0.912,0.913,0.0,0.0,0.0,0.0,0.0,906900.0,1623200.0,1592900.0,2191600.0,468000.0,0.0,0.0,0.0,0.0,0.0,1780400.0,1404900.0,562900.0,615800.0,85000.0,0.0,0.0,0.0,0.0,0.0
20230824140746240,SZSE,SZSE.ETF.159841,0.908,0.893,0.92,0.893,0.0,0.979,0.801,322534993.0,0.0,292117303.964,0.0,0.0,0.0,20230824,20230824,140746242,0.89,0.0,0.0,0.908,0.907,0.906,0.905,0.904,0.0,0.0,0.0,0.0,0.0,0.909,0.91,0.911,0.912,0.913,0.0,0.0,0.0,0.0,0.0,906900.0,1623200.0,1592900.0,2191600.0,468000.0,0.0,0.0,0.0,0.0,0.0,1780400.0,1404900.0,562900.0,615800.0,85000.0,0.0,0.0,0.0,0.0,0.0
20230824140751080,SZSE,SZSE.ETF.159841,0.908,0.893,0.92,0.893,0.0,0.979,0.801,322588493.0,53500.0,292165881.964,48578.0,0.0,0.0,20230824,20230824,140751078,0.89,0.0,0.0,0.908,0.907,0.906,0.905,0.904,0.0,0.0,0.0,0.0,0.0,0.909,0.91,0.911,0.912,0.913,0.0,0.0,0.0,0.0,0.0,853400.0,1623200.0,1593100.0,2191600.0,468000.0,0.0,0.0,0.0,0.0,0.0,1780400.0,1405100.0,562900.0,615600.0,85000.0,0.0,0.0,0.0,0.0,0.0
20230824140749216,SZSE,SZSE.ETF.159841,0.908,0.893,0.92,0.893,0.0,0.979,0.801,322588493.0,53500.0,292165881.964,48578.0,0.0,0.0,20230824,20230824,140749218,0.89,0.0,0.0,0.908,0.907,0.906,0.905,0.904,0.0,0.0,0.0,0.0,0.0,0.909,0.91,0.911,0.912,0.913,0.0,0.0,0.0,0.0,0.0,853400.0,1623200.0,1593100.0,2191600.0,468000.0,0.0,0.0,0.0,0.0,0.0,1780400.0,1405100.0,562900.0,615600.0,85000.0,0.0,0.0,0.0,0.0,0.0
20230824140754096,SZSE,SZSE.ETF.159841,0.908,0.893,0.92,0.893,0.0,0.979,0.801,322588493.0,0.0,292165881.964,0.0,0.0,0.0,20230824,20230824,140754094,0.89,0.0,0.0,0.908,0.907,0.906,0.905,0.904,0.0,0.0,0.0,0.0,0.0,0.909,0.91,0.911,0.912,0.913,0.0,0.0,0.0,0.0,0.0,953400.0,1623100.0,1593100.0,2175300.0,468000.0,0.0,0.0,0.0,0.0,0.0,1780400.0,1405100.0,562900.0,615600.0,85000.0,0.0,0.0,0.0,0.0,0.0
20230824140752232,SZSE,SZSE.ETF.159841,0.908,0.893,0.92,0.893,0.0,0.979,0.801,322588493.0,0.0,292165881.964,0.0,0.0,0.0,20230824,20230824,140752232,0.89,0.0,0.0,0.908,0.907,0.906,0.905,0.904,0.0,0.0,0.0,0.0,0.0,0.909,0.91,0.911,0.912,0.913,0.0,0.0,0.0,0.0,0.0,953400.0,1623100.0,1593100.0,2175300.0,468000.0,0.0,0.0,0.0,0.0,0.0,1780400.0,1405100.0,562900.0,615600.0,85000.0,0.0,0.0,0.0,0.0,0.0
20230824140757112,SZSE,SZSE.ETF.159841,0.908,0.893,0.92,0.893,0.0,0.979,0.801,322588493.0,0.0,292165881.964,0.0,0.0,0.0,20230824,20230824,140757110,0.89,0.0,0.0,0.908,0.907,0.906,0.905,0.904,0.0,0.0,0.0,0.0,0.0,0.909,0.91,0.911,0.912,0.913,0.0,0.0,0.0,0.0,0.0,953400.0,1414700.0,1811500.0,2175300.0,468000.0,0.0,0.0,0.0,0.0,0.0,1780400.0,1405100.0,562900.0,615600.0,85000.0,0.0,0.0,0.0,0.0,0.0
20230824140755248,SZSE,SZSE.ETF.159841,0.908,0.893,0.92,0.893,0.0,0.979,0.801,322588493.0,0.0,292165881.964,0.0,0.0,0.0,20230824,20230824,140755248,0.89,0.0,0.0,0.908,0.907,0.906,0.905,0.904,0.0,0.0,0.0,0.0,0.0,0.909,0.91,0.911,0.912,0.913,0.0,0.0,0.0,0.0,0.0,953400.0,1414700.0,1811500.0,2175300.0,468000.0,0.0,0.0,0.0,0.0,0.0,1780400.0,1405100.0,562900.0,615600.0,85000.0,0.0,0.0,0.0,0.0,0.0
20230824140800108,SZSE,SZSE.ETF.159841,0.908,0.893,0.92,0.893,0.0,0.979,0.801,322588493.0,0.0,292165881.964,0.0,0.0,0.0,20230824,20230824,140800109,0.89,0.0,0.0,0.908,0.907,0.906,0.905,0.904,0.0,0.0,0.0,0.0,0.0,0.909,0.91,0.911,0.912,0.913,0.0,0.0,0.0,0.0,0.0,1053400.0,1623100.0,1603100.0,2175300.0,468000.0,0.0,0.0,0.0,0.0,0.0,1780400.0,1405100.0,562900.0,615600.0,85000.0,0.0,0.0,0.0,0.0,0.0
20230824140758252,SZSE,SZSE.ETF.159841,0.908,0.893,0.92,0.893,0.0,0.979,0.801,322588493.0,0.0,292165881.964,0.0,0.0,0.0,20230824,20230824,140758252,0.89,0.0,0.0,0.908,0.907,0.906,0.905,0.904,0.0,0.0,0.0,0.0,0.0,0.909,0.91,0.911,0.912,0.913,0.0,0.0,0.0,0.0,0.0,1053400.0,1623100.0,1603100.0,2175300.0,468000.0,0.0,0.0,0.0,0.0,0.0,1780400.0,1405100.0,562900.0,615600.0,85000.0,0.0,0.0,0.0,0.0,0.0
20230824140801244,SZSE,SZSE.ETF.159841,0.908,0.893,0.92,0.893,0.0,0.979,0.801,322588493.0,0.0,292165881.964,0.0,0.0,0.0,20230824,20230824,140801244,0.89,0.0,0.0,0.908,0.907,0.906,0.905,0.904,0.0,0.0,0.0,0.0,0.0,0.909,0.91,0.911,0.912,0.913,0.0,0.0,0.0,0.0,0.0,1053400.0,1414700.0,1811500.0,2175300.0,468000.0,0.0,0.0,0.0,0.0,0.0,1780400.0,1405100.0,562900.0,615600.0,85000.0,0.0,0.0,0.0,0.0,0.0
20230824140803120,SZSE,SZSE.ETF.159841,0.908,0.893,0.92,0.893,0.0,0.979,0.801,322588493.0,0.0,292165881.964,0.0,0.0,0.0,20230824,20230824,140803120,0.89,0.0,0.0,0.908,0.907,0.906,0.905,0.904,0.0,0.0,0.0,0.0,0.0,0.909,0.91,0.911,0.912,0.913,0.0,0.0,0.0,0.0,0.0,1053400.0,1414700.0,1811500.0,2175300.0,468000.0,0.0,0.0,0.0,0.0,0.0,1780400.0,1405100.0,562900.0,615600.0,85000.0,0.0,0.0,0.0,0.0,0.0
20230824140806108,SZSE,SZSE.ETF.159841,0.908,0.893,0.92,0.893,0.0,0.979,0.801,323088493.0,500000.0,292619881.964,454000.0,0.0,0.0,20230824,20230824,140806109,0.89,0.0,0.0,0.908,0.907,0.906,0.905,0.904,0.0,0.0,0.0,0.0,0.0,0.909,0.91,0.911,0.912,0.913,0.0,0.0,0.0,0.0,0.0,553400.0,1623100.0,1603100.0,2175300.0,468000.0,0.0,0.0,0.0,0.0,0.0,1280400.0,1405100.0,562900.0,615600.0,85000.0,0.0,0.0,0.0,0.0,0.0
20230824140804252,SZSE,SZSE.ETF.159841,0.908,0.893,0.92,0.893,0.0,0.979,0.801,323088493.0,500000.0,292619881.964,454000.0,0.0,0.0,20230824,20230824,140804252,0.89,0.0,0.0,0.908,0.907,0.906,0.905,0.904,0.0,0.0,0.0,0.0,0.0,0.909,0.91,0.911,0.912,0.913,0.0,0.0,0.0,0.0,0.0,553400.0,1623100.0,1603100.0,2175300.0,468000.0,0.0,0.0,0.0,0.0,0.0,1280400.0,1405100.0,562900.0,615600.0,85000.0,0.0,0.0,0.0,0.0,0.0
20230824140809064,SZSE,SZSE.ETF.159841,0.908,0.893,0.92,0.893,0.0,0.979,0.801,323588493.0,500000.0,293073881.964,454000.0,0.0,0.0,20230824,20230824,140809063,0.89,0.0,0.0,0.908,0.907,0.906,0.905,0.904,0.0,0.0,0.0,0.0,0.0,0.909,0.91,0.911,0.912,0.913,0.0,0.0,0.0,0.0,0.0,53400.0,1414700.0,1811500.0,2175300.0,468000.0,0.0,0.0,0.0,0.0,0.0,1280400.0,1405100.0,562900.0,615600.0,85000.0,0.0,0.0,0.0,0.0,0.0
20230824140807200,SZSE,SZSE.ETF.159841,0.908,0.893,0.92,0.893,0.0,0.979,0.801,323588493.0,500000.0,293073881.964,454000.0,0.0,0.0,20230824,20230824,140807198,0.89,0.0,0.0,0.908,0.907,0.906,0.905,0.904,0.0,0.0,0.0,0.0,0.0,0.909,0.91,0.911,0.912,0.913,0.0,0.0,0.0,0.0,0.0,53400.0,1414700.0,1811500.0,2175300.0,468000.0,0.0,0.0,0.0,0.0,0.0,1280400.0,1405100.0,562900.0,615600.0,85000.0,0.0,0.0,0.0,0.0,0.0
20230824140812080,SZSE,SZSE.ETF.159841,0.908,0.893,0.92,0.893,0.0,0.979,0.801,323641893.0,53400.0,293122369.164,48487.19999998808,0.0,0.0,20230824,20230824,140812078,0.89,0.0,0.0,0.907,0.906,0.905,0.904,0.903,0.0,0.0,0.0,0.0,0.0,0.908,0.909,0.91,0.911,0.912,0.0,0.0,0.0,0.0,0.0,1512800.0,1713500.0,1575300.0,1068000.0,53500.0,0.0,0.0,0.0,0.0,0.0,486700.0,1390400.0,1252800.0,562900.0,627600.0,0.0,0.0,0.0,0.0,0.0
20230824140810220,SZSE,SZSE.ETF.159841,0.908,0.893,0.92,0.893,0.0,0.979,0.801,323641893.0,53400.0,293122369.164,48487.19999998808,0.0,0.0,20230824,20230824,140810220,0.89,0.0,0.0,0.907,0.906,0.905,0.904,0.903,0.0,0.0,0.0,0.0,0.0,0.908,0.909,0.91,0.911,0.912,0.0,0.0,0.0,0.0,0.0,1512800.0,1713500.0,1575300.0,1068000.0,53500.0,0.0,0.0,0.0,0.0,0.0,486700.0,1390400.0,1252800.0,562900.0,627600.0,0.0,0.0,0.0,0.0,0.0
20230824140813248,SZSE,SZSE.ETF.159841,0.908,0.893,0.92,0.893,0.0,0.979,0.801,323641893.0,0.0,293122369.164,0.0,0.0,0.0,20230824,20230824,140813250,0.89,0.0,0.0,0.907,0.906,0.905,0.904,0.903,0.0,0.0,0.0,0.0,0.0,0.908,0.909,0.91,0.911,0.912,0.0,0.0,0.0,0.0,0.0,1174400.0,2036900.0,2175300.0,468000.0,53500.0,0.0,0.0,0.0,0.0,0.0,500100.0,1297000.0,1022800.0,562900.0,627600.0,0.0,0.0,0.0,0.0,0.0
20230824140815108,SZSE,SZSE.ETF.159841,0.908,0.893,0.92,0.893,0.0,0.979,0.801,323641893.0,0.0,293122369.164,0.0,0.0,0.0,20230824,20230824,140815109,0.89,0.0,0.0,0.907,0.906,0.905,0.904,0.903,0.0,0.0,0.0,0.0,0.0,0.908,0.909,0.91,0.911,0.912,0.0,0.0,0.0,0.0,0.0,1174400.0,2036900.0,2175300.0,468000.0,53500.0,0.0,0.0,0.0,0.0,0.0,500100.0,1297000.0,1022800.0,562900.0,627600.0,0.0,0.0,0.0,0.0,0.0
20230824140818048,SZSE,SZSE.ETF.159841,0.908,0.893,0.92,0.893,0.0,0.979,0.801,324065293.0,423400.0,293506795.264,384426.10000002384,0.0,0.0,20230824,20230824,140818047,0.89,0.0,0.0,0.907,0.906,0.905,0.904,0.903,0.0,0.0,0.0,0.0,0.0,0.908,0.909,0.91,0.911,0.912,0.0,0.0,0.0,0.0,0.0,953300.0,1943500.0,4172100.0,3463200.0,53500.0,0.0,0.0,0.0,0.0,0.0,340200.0,1620400.0,1001700.0,562900.0,627600.0,0.0,0.0,0.0,0.0,0.0
20230824140816196,SZSE,SZSE.ETF.159841,0.908,0.893,0.92,0.893,0.0,0.979,0.801,324065293.0,423400.0,293506795.264,384426.10000002384,0.0,0.0,20230824,20230824,140816195,0.89,0.0,0.0,0.907,0.906,0.905,0.904,0.903,0.0,0.0,0.0,0.0,0.0,0.908,0.909,0.91,0.911,0.912,0.0,0.0,0.0,0.0,0.0,953300.0,1943500.0,4172100.0,3463200.0,53500.0,0.0,0.0,0.0,0.0,0.0,340200.0,1620400.0,1001700.0,562900.0,627600.0,0.0,0.0,0.0,0.0,0.0
20230824140821016,SZSE,SZSE.ETF.159841,0.908,0.893,0.92,0.893,0.0,0.979,0.801,324065293.0,0.0,293506795.264,0.0,0.0,0.0,20230824,20230824,140821016,0.89,0.0,0.0,0.907,0.906,0.905,0.904,0.903,0.0,0.0,0.0,0.0,0.0,0.908,0.909,0.91,0.911,0.912,0.0,0.0,0.0,0.0,0.0,1161700.0,1943500.0,6177200.0,4461600.0,53500.0,0.0,0.0,0.0,0.0,0.0,742600.0,1620400.0,1001700.0,562900.0,627600.0,0.0,0.0,0.0,0.0,0.0
20230824140819152,SZSE,SZSE.ETF.159841,0.908,0.893,0.92,0.893,0.0,0.979,0.801,324065293.0,0.0,293506795.264,0.0,0.0,0.0,20230824,20230824,140819153,0.89,0.0,0.0,0.907,0.906,0.905,0.904,0.903,0.0,0.0,0.0,0.0,0.0,0.908,0.909,0.91,0.911,0.912,0.0,0.0,0.0,0.0,0.0,1161700.0,1943500.0,6177200.0,4461600.0,53500.0,0.0,0.0,0.0,0.0,0.0,742600.0,1620400.0,1001700.0,562900.0,627600.0,0.0,0.0,0.0,0.0,0.0
20230824140824032,SZSE,SZSE.ETF.159841,0.907,0.893,0.92,0.893,0.0,0.979,0.801,324067493.0,2200.0,293508790.664,1995.3999999761581,0.0,0.0,20230824,20230824,140824031,0.89,0.0,0.0,0.907,0.906,0.905,0.904,0.903,0.0,0.0,0.0,0.0,0.0,0.908,0.909,0.91,0.911,0.912,0.0,0.0,0.0,0.0,0.0,751100.0,2151900.0,2183600.0,468000.0,53500.0,0.0,0.0,0.0,0.0,0.0,775800.0,1620400.0,1030400.0,562900.0,627600.0,0.0,0.0,0.0,0.0,0.0
20230824140822172,SZSE,SZSE.ETF.159841,0.907,0.893,0.92,0.893,0.0,0.979,0.801,324067493.0,2200.0,293508790.664,1995.3999999761581,0.0,0.0,20230824,20230824,140822172,0.89,0.0,0.0,0.907,0.906,0.905,0.904,0.903,0.0,0.0,0.0,0.0,0.0,0.908,0.909,0.91,0.911,0.912,0.0,0.0,0.0,0.0,0.0,751100.0,2151900.0,2183600.0,468000.0,53500.0,0.0,0.0,0.0,0.0,0.0,775800.0,1620400.0,1030400.0,562900.0,627600.0,0.0,0.0,0.0,0.0,0.0
20230824140827016,SZSE,SZSE.ETF.159841,0.908,0.893,0.92,0.893,0.0,0.979,0.801,324086493.0,19000.0,293526042.664,17252.0,0.0,0.0,20230824,20230824,140827016,0.89,0.0,0.0,0.907,0.906,0.905,0.904,0.903,0.0,0.0,0.0,0.0,0.0,0.908,0.909,0.91,0.911,0.912,0.0,0.0,0.0,0.0,0.0,756600.0,2151900.0,2183600.0,468000.0,53500.0,0.0,0.0,0.0,0.0,0.0,758300.0,1620400.0,1040400.0,562900.0,627600.0,0.0,0.0,0.0,0.0,0.0
20230824140825152,SZSE,SZSE.ETF.159841,0.908,0.893,0.92,0.893,0.0,0.979,0.801,324086493.0,19000.0,293526042.664,17252.0,0.0,0.0,20230824,20230824,140825153,0.89,0.0,0.0,0.907,0.906,0.905,0.904,0.903,0.0,0.0,0.0,0.0,0.0,0.908,0.909,0.91,0.911,0.912,0.0,0.0,0.0,0.0,0.0,756600.0,2151900.0,2183600.0,468000.0,53500.0,0.0,0.0,0.0,0.0,0.0,758300.0,1620400.0,1040400.0,562900.0,627600.0,0.0,0.0,0.0,0.0,0.0
20230824140830064,SZSE,SZSE.ETF.159841,0.908,0.893,0.92,0.893,0.0,0.979,0.801,324086493.0,0.0,293526042.664,0.0,0.0,0.0,20230824,20230824,140830063,0.89,0.0,0.0,0.907,0.906,0.905,0.904,0.903,0.0,0.0,0.0,0.0,0.0,0.908,0.909,0.91,0.911,0.912,0.0,0.0,0.0,0.0,0.0,853600.0,2151900.0,2183600.0,468000.0,53500.0,0.0,0.0,0.0,0.0,0.0,777300.0,1620400.0,1040400.0,562900.0,627600.0,0.0,0.0,0.0,0.0,0.0
20230824140828204,SZSE,SZSE.ETF.159841,0.908,0.893,0.92,0.893,0.0,0.979,0.801,324086493.0,0.0,293526042.664,0.0,0.0,0.0,20230824,20230824,140828203,0.89,0.0,0.0,0.907,0.906,0.905,0.904,0.903,0.0,0.0,0.0,0.0,0.0,0.908,0.909,0.91,0.911,0.912,0.0,0.0,0.0,0.0,0.0,853600.0,2151900.0,2183600.0,468000.0,53500.0,0.0,0.0,0.0,0.0,0.0,777300.0,1620400.0,1040400.0,562900.0,627600.0,0.0,0.0,0.0,0.0,0.0
20230824140833048,SZSE,SZSE.ETF.159841,0.907,0.893,0.92,0.893,0.0,0.979,0.801,324091493.0,5000.0,293530577.664,4535.0,0.0,0.0,20230824,20230824,140833047,0.89,0.0,0.0,0.907,0.906,0.905,0.904,0.903,0.0,0.0,0.0,0.0,0.0,0.908,0.909,0.91,0.911,0.912,0.0,0.0,0.0,0.0,0.0,1148600.0,2151900.0,2183600.0,468000.0,53500.0,0.0,0.0,0.0,0.0,0.0,777300.0,1620400.0,1040400.0,562900.0,627600.0,0.0,0.0,0.0,0.0,0.0
20230824140831196,SZSE,SZSE.ETF.159841,0.907,0.893,0.92,0.893,0.0,0.979,0.801,324091493.0,5000.0,293530577.664,4535.0,0.0,0.0,20230824,20230824,140831196,0.89,0.0,0.0,0.907,0.906,0.905,0.904,0.903,0.0,0.0,0.0,0.0,0.0,0.908,0.909,0.91,0.911,0.912,0.0,0.0,0.0,0.0,0.0,1148600.0,2151900.0,2183600.0,468000.0,53500.0,0.0,0.0,0.0,0.0,0.0,777300.0,1620400.0,1040400.0,562900.0,627600.0,0.0,0.0,0.0,0.0,0.0
20230824140836064,SZSE,SZSE.ETF.159841,0.907,0.893,0.92,0.893,0.0,0.979,0.801,324091493.0,0.0,293530577.664,0.0,0.0,0.0,20230824,20230824,140836063,0.89,0.0,0.0,0.907,0.906,0.905,0.904,0.903,0.0,0.0,0.0,0.0,0.0,0.908,0.909,0.91,0.911,0.912,0.0,0.0,0.0,0.0,0.0,978600.0,2149900.0,2383600.0,468000.0,53500.0,0.0,0.0,0.0,0.0,0.0,777300.0,1620400.0,1040400.0,562900.0,627600.0,0.0,0.0,0.0,0.0,0.0
20230824140834208,SZSE,SZSE.ETF.159841,0.907,0.893,0.92,0.893,0.0,0.979,0.801,324091493.0,0.0,293530577.664,0.0,0.0,0.0,20230824,20230824,140834208,0.89,0.0,0.0,0.907,0.906,0.905,0.904,0.903,0.0,0.0,0.0,0.0,0.0,0.908,0.909,0.91,0.911,0.912,0.0,0.0,0.0,0.0,0.0,978600.0,2149900.0,2383600.0,468000.0,53500.0,0.0,0.0,0.0,0.0,0.0,777300.0,1620400.0,1040400.0,562900.0,627600.0,0.0,0.0,0.0,0.0,0.0
20230824140839064,SZSE,SZSE.ETF.159841,0.907,0.893,0.92,0.893,0.0,0.979,0.801,324091493.0,0.0,293530577.664,0.0,0.0,0.0,20230824,20230824,140839062,0.89,0.0,0.0,0.907,0.906,0.905,0.904,0.903,0.0,0.0,0.0,0.0,0.0,0.908,0.909,0.91,0.911,0.912,0.0,0.0,0.0,0.0,0.0,1078600.0,2149900.0,2183600.0,468000.0,53500.0,0.0,0.0,0.0,0.0,0.0,777300.0,1620400.0,1040400.0,562900.0,627600.0,0.0,0.0,0.0,0.0,0.0
20230824140837212,SZSE,SZSE.ETF.159841,0.907,0.893,0.92,0.893,0.0,0.979,0.801,324091493.0,0.0,293530577.664,0.0,0.0,0.0,20230824,20230824,140837211,0.89,0.0,0.0,0.907,0.906,0.905,0.904,0.903,0.0,0.0,0.0,0.0,0.0,0.908,0.909,0.91,0.911,0.912,0.0,0.0,0.0,0.0,0.0,1078600.0,2149900.0,2183600.0,468000.0,53500.0,0.0,0.0,0.0,0.0,0.0,777300.0,1620400.0,1040400.0,562900.0,627600.0,0.0,0.0,0.0,0.0,0.0
20230824140842064,SZSE,SZSE.ETF.159841,0.907,0.893,0.92,0.893,0.0,0.979,0.801,324119493.0,28000.0,293555973.664,25396.0,0.0,0.0,20230824,20230824,140842063,0.89,0.0,0.0,0.907,0.906,0.905,0.904,0.903,0.0,0.0,0.0,0.0,0.0,0.908,0.909,0.91,0.911,0.912,0.0,0.0,0.0,0.0,0.0,1050600.0,2034900.0,2383600.0,473000.0,53500.0,0.0,0.0,0.0,0.0,0.0,777300.0,1522800.0,1040400.0,562900.0,627600.0,0.0,0.0,0.0,0.0,0.0
20230824140840208,SZSE,SZSE.ETF.159841,0.907,0.893,0.92,0.893,0.0,0.979,0.801,324119493.0,28000.0,293555973.664,25396.0,0.0,0.0,20230824,20230824,140840207,0.89,0.0,0.0,0.907,0.906,0.905,0.904,0.903,0.0,0.0,0.0,0.0,0.0,0.908,0.909,0.91,0.911,0.912,0.0,0.0,0.0,0.0,0.0,1050600.0,2034900.0,2383600.0,473000.0,53500.0,0.0,0.0,0.0,0.0,0.0,777300.0,1522800.0,1040400.0,562900.0,627600.0,0.0,0.0,0.0,0.0,0.0
20230824140845048,SZSE,SZSE.ETF.159841,0.907,0.893,0.92,0.893,0.0,0.979,0.801,324359493.0,240000.0,293773653.664,217680.0,0.0,0.0,20230824,20230824,140845047,0.89,0.0,0.0,0.907,0.906,0.905,0.904,0.903,0.0,0.0,0.0,0.0,0.0,0.908,0.909,0.91,0.911,0.912,0.0,0.0,0.0,0.0,0.0,1010600.0,2149900.0,2383600.0,473000.0,53500.0,0.0,0.0,0.0,0.0,0.0,977300.0,1637800.0,840400.0,562900.0,627600.0,0.0,0.0,0.0,0.0,0.0
20230824140843196,SZSE,SZSE.ETF.159841,0.907,0.893,0.92,0.893,0.0,0.979,0.801,324359493.0,240000.0,293773653.664,217680.0,0.0,0.0,20230824,20230824,140843196,0.89,0.0,0.0,0.907,0.906,0.905,0.904,0.903,0.0,0.0,0.0,0.0,0.0,0.908,0.909,0.91,0.911,0.912,0.0,0.0,0.0,0.0,0.0,1010600.0,2149900.0,2383600.0,473000.0,53500.0,0.0,0.0,0.0,0.0,0.0,977300.0,1637800.0,840400.0,562900.0,627600.0,0.0,0.0,0.0,0.0,0.0
20230824140848080,SZSE,SZSE.ETF.159841,0.908,0.893,0.92,0.893,0.0,0.979,0.801,324984793.0,625300.0,294340851.764,567198.1000000238,0.0,0.0,20230824,20230824,140848078,0.89,0.0,0.0,0.907,0.906,0.905,0.904,0.903,0.0,0.0,0.0,0.0,0.0,0.908,0.909,0.91,0.911,0.912,0.0,0.0,0.0,0.0,0.0,436300.0,2139900.0,1433600.0,1073000.0,53500.0,0.0,0.0,0.0,0.0,0.0,1176300.0,1637800.0,840400.0,562900.0,377600.0,0.0,0.0,0.0,0.0,0.0
20230824140846228,SZSE,SZSE.ETF.159841,0.908,0.893,0.92,0.893,0.0,0.979,0.801,324984793.0,625300.0,294340851.764,567198.1000000238,0.0,0.0,20230824,20230824,140846228,0.89,0.0,0.0,0.907,0.906,0.905,0.904,0.903,0.0,0.0,0.0,0.0,0.0,0.908,0.909,0.91,0.911,0.912,0.0,0.0,0.0,0.0,0.0,436300.0,2139900.0,1433600.0,1073000.0,53500.0,0.0,0.0,0.0,0.0,0.0,1176300.0,1637800.0,840400.0,562900.0,377600.0,0.0,0.0,0.0,0.0,0.0
20230824140851064,SZSE,SZSE.ETF.159841,0.908,0.893,0.92,0.893,0.0,0.979,0.801,324984793.0,0.0,294340851.764,0.0,0.0,0.0,20230824,20230824,140851063,0.89,0.0,0.0,0.907,0.906,0.905,0.904,0.903,0.0,0.0,0.0,0.0,0.0,0.908,0.909,0.91,0.911,0.912,0.0,0.0,0.0,0.0,0.0,436300.0,2139900.0,933600.0,2173000.0,53500.0,0.0,0.0,0.0,0.0,0.0,1227300.0,1637800.0,840400.0,562900.0,377600.0,0.0,0.0,0.0,0.0,0.0
20230824140849208,SZSE,SZSE.ETF.159841,0.908,0.893,0.92,0.893,0.0,0.979,0.801,324984793.0,0.0,294340851.764,0.0,0.0,0.0,20230824,20230824,140849208,0.89,0.0,0.0,0.907,0.906,0.905,0.904,0.903,0.0,0.0,0.0,0.0,0.0,0.908,0.909,0.91,0.911,0.912,0.0,0.0,0.0,0.0,0.0,436300.0,2139900.0,933600.0,2173000.0,53500.0,0.0,0.0,0.0,0.0,0.0,1227300.0,1637800.0,840400.0,562900.0,377600.0,0.0,0.0,0.0,0.0,0.0
20230824140854096,SZSE,SZSE.ETF.159841,0.907,0.893,0.92,0.893,0.0,0.979,0.801,324985693.0,900.0,294341668.064,816.3000000119209,0.0,0.0,20230824,20230824,140854094,0.89,0.0,0.0,0.907,0.906,0.905,0.904,0.903,0.0,0.0,0.0,0.0,0.0,0.908,0.909,0.91,0.911,0.912,0.0,0.0,0.0,0.0,0.0,535400.0,2139900.0,933600.0,2173000.0,53500.0,0.0,0.0,0.0,0.0,0.0,1227300.0,1637800.0,840400.0,562900.0,377600.0,0.0,0.0,0.0,0.0,0.0
20230824140852240,SZSE,SZSE.ETF.159841,0.907,0.893,0.92,0.893,0.0,0.979,0.801,324985693.0,900.0,294341668.064,816.3000000119209,0.0,0.0,20230824,20230824,140852240,0.89,0.0,0.0,0.907,0.906,0.905,0.904,0.903,0.0,0.0,0.0,0.0,0.0,0.908,0.909,0.91,0.911,0.912,0.0,0.0,0.0,0.0,0.0,535400.0,2139900.0,933600.0,2173000.0,53500.0,0.0,0.0,0.0,0.0,0.0,1227300.0,1637800.0,840400.0,562900.0,377600.0,0.0,0.0,0.0,0.0,0.0
20230824140857096,SZSE,SZSE.ETF.159841,0.907,0.893,0.92,0.893,0.0,0.979,0.801,324989893.0,4200.0,294345477.464,3809.399999976158,0.0,0.0,20230824,20230824,140857094,0.89,0.0,0.0,0.907,0.906,0.905,0.904,0.903,0.0,0.0,0.0,0.0,0.0,0.908,0.909,0.91,0.911,0.912,0.0,0.0,0.0,0.0,0.0,546200.0,2139900.0,1433600.0,2173000.0,54500.0,0.0,0.0,0.0,0.0,0.0,1855700.0,1029400.0,840400.0,562900.0,377600.0,0.0,0.0,0.0,0.0,0.0
20230824140855232,SZSE,SZSE.ETF.159841,0.907,0.893,0.92,0.893,0.0,0.979,0.801,324989893.0,4200.0,294345477.464,3809.399999976158,0.0,0.0,20230824,20230824,140855230,0.89,0.0,0.0,0.907,0.906,0.905,0.904,0.903,0.0,0.0,0.0,0.0,0.0,0.908,0.909,0.91,0.911,0.912,0.0,0.0,0.0,0.0,0.0,546200.0,2139900.0,1433600.0,2173000.0,54500.0,0.0,0.0,0.0,0.0,0.0,1855700.0,1029400.0,840400.0,562900.0,377600.0,0.0,0.0,0.0,0.0,0.0
20230824140900108,SZSE,SZSE.ETF.159841,0.908,0.893,0.92,0.893,0.0,0.979,0.801,324990393.0,500.0,294345931.464,454.0,0.0,0.0,20230824,20230824,140900109,0.89,0.0,0.0,0.907,0.906,0.905,0.904,0.903,0.0,0.0,0.0,0.0,0.0,0.908,0.909,0.91,0.911,0.912,0.0,0.0,0.0,0.0,0.0,546200.0,1989900.0,1433600.0,2323000.0,54500.0,0.0,0.0,0.0,0.0,0.0,1855700.0,1179400.0,840400.0,412900.0,377600.0,0.0,0.0,0.0,0.0,0.0
20230824140858248,SZSE,SZSE.ETF.159841,0.908,0.893,0.92,0.893,0.0,0.979,0.801,324990393.0,500.0,294345931.464,454.0,0.0,0.0,20230824,20230824,140858249,0.89,0.0,0.0,0.907,0.906,0.905,0.904,0.903,0.0,0.0,0.0,0.0,0.0,0.908,0.909,0.91,0.911,0.912,0.0,0.0,0.0,0.0,0.0,546200.0,1989900.0,1433600.0,2323000.0,54500.0,0.0,0.0,0.0,0.0,0.0,1855700.0,1179400.0,840400.0,412900.0,377600.0,0.0,0.0,0.0,0.0,0.0
20230824140903124,SZSE,SZSE.ETF.159841,0.907,0.893,0.92,0.893,0.0,0.979,0.801,324990893.0,500.0,294346384.964,453.5,0.0,0.0,20230824,20230824,140903125,0.89,0.0,0.0,0.907,0.906,0.905,0.904,0.903,0.0,0.0,0.0,0.0,0.0,0.908,0.909,0.91,0.911,0.912,0.0,0.0,0.0,0.0,0.0,550700.0,2139900.0,1433600.0,2173000.0,54500.0,0.0,0.0,0.0,0.0,0.0,1247300.0,1029400.0,840400.0,562900.0,377600.0,0.0,0.0,0.0,0.0,0.0
20230824140901268,SZSE,SZSE.ETF.159841,0.907,0.893,0.92,0.893,0.0,0.979,0.801,324990893.0,500.0,294346384.964,453.5,0.0,0.0,20230824,20230824,140901267,0.89,0.0,0.0,0.907,0.906,0.905,0.904,0.903,0.0,0.0,0.0,0.0,0.0,0.908,0.909,0.91,0.911,0.912,0.0,0.0,0.0,0.0,0.0,550700.0,2139900.0,1433600.0,2173000.0,54500.0,0.0,0.0,0.0,0.0,0.0,1247300.0,1029400.0,840400.0,562900.0,377600.0,0.0,0.0,0.0,0.0,0.0
20230824140906108,SZSE,SZSE.ETF.159841,0.907,0.893,0.92,0.893,0.0,0.979,0.801,325199193.0,208300.0,294535313.064,188928.10000002384,0.0,0.0,20230824,20230824,140906109,0.89,0.0,0.0,0.907,0.906,0.905,0.904,0.903,0.0,0.0,0.0,0.0,0.0,0.908,0.909,0.91,0.911,0.912,0.0,0.0,0.0,0.0,0.0,242400.0,2339900.0,1443600.0,2173000.0,54500.0,0.0,0.0,0.0,0.0,0.0,1655700.0,1029400.0,840400.0,562900.0,377600.0,0.0,0.0,0.0,0.0,0.0
20230824140904252,SZSE,SZSE.ETF.159841,0.907,0.893,0.92,0.893,0.0,0.979,0.801,325199193.0,208300.0,294535313.064,188928.10000002384,0.0,0.0,20230824,20230824,140904253,0.89,0.0,0.0,0.907,0.906,0.905,0.904,0.903,0.0,0.0,0.0,0.0,0.0,0.908,0.909,0.91,0.911,0.912,0.0,0.0,0.0,0.0,0.0,242400.0,2339900.0,1443600.0,2173000.0,54500.0,0.0,0.0,0.0,0.0,0.0,1655700.0,1029400.0,840400.0,562900.0,377600.0,0.0,0.0,0.0,0.0,0.0
20230824140909096,SZSE,SZSE.ETF.159841,0.907,0.893,0.92,0.893,0.0,0.979,0.801,325199193.0,0.0,294535313.064,0.0,0.0,0.0,20230824,20230824,140909094,0.89,0.0,0.0,0.907,0.906,0.905,0.904,0.903,0.0,0.0,0.0,0.0,0.0,0.908,0.909,0.91,0.911,0.912,0.0,0.0,0.0,0.0,0.0,442400.0,2130700.0,1443600.0,2173000.0,54500.0,0.0,0.0,0.0,0.0,0.0,1047300.0,1637800.0,840400.0,562900.0,377600.0,0.0,0.0,0.0,0.0,0.0
20230824140912048,SZSE,SZSE.ETF.159841,0.907,0.893,0.92,0.893,0.0,0.979,0.801,325199193.0,0.0,294535313.064,0.0,0.0,0.0,20230824,20230824,140912047,0.89,0.0,0.0,0.907,0.906,0.905,0.904,0.903,0.0,0.0,0.0,0.0,0.0,0.908,0.909,0.91,0.911,0.912,0.0,0.0,0.0,0.0,0.0,442400.0,1980700.0,1443600.0,2323000.0,54500.0,0.0,0.0,0.0,0.0,0.0,1665700.0,1179400.0,840400.0,422900.0,377600.0,0.0,0.0,0.0,0.0,0.0
20230824140910188,SZSE,SZSE.ETF.159841,0.907,0.893,0.92,0.893,0.0,0.979,0.801,325199193.0,0.0,294535313.064,0.0,0.0,0.0,20230824,20230824,140910188,0.89,0.0,0.0,0.907,0.906,0.905,0.904,0.903,0.0,0.0,0.0,0.0,0.0,0.908,0.909,0.91,0.911,0.912,0.0,0.0,0.0,0.0,0.0,442400.0,1980700.0,1443600.0,2323000.0,54500.0,0.0,0.0,0.0,0.0,0.0,1665700.0,1179400.0,840400.0,422900.0,377600.0,0.0,0.0,0.0,0.0,0.0
20230824140913244,SZSE,SZSE.ETF.159841,0.907,0.893,0.92,0.893,0.0,0.979,0.801,325204193.0,5000.0,294539848.064,4535.0,0.0,0.0,20230824,20230824,140913244,0.89,0.0,0.0,0.907,0.906,0.905,0.904,0.903,0.0,0.0,0.0,0.0,0.0,0.908,0.909,0.91,0.911,0.912,0.0,0.0,0.0,0.0,0.0,537400.0,2130700.0,1433600.0,2173000.0,54500.0,0.0,0.0,0.0,0.0,0.0,1057300.0,1637800.0,840400.0,572900.0,377600.0,0.0,0.0,0.0,0.0,0.0
20230824140915112,SZSE,SZSE.ETF.159841,0.907,0.893,0.92,0.893,0.0,0.979,0.801,325204193.0,5000.0,294539848.064,4535.0,0.0,0.0,20230824,20230824,140915110,0.89,0.0,0.0,0.907,0.906,0.905,0.904,0.903,0.0,0.0,0.0,0.0,0.0,0.908,0.909,0.91,0.911,0.912,0.0,0.0,0.0,0.0,0.0,537400.0,2130700.0,1433600.0,2173000.0,54500.0,0.0,0.0,0.0,0.0,0.0,1057300.0,1637800.0,840400.0,572900.0,377600.0,0.0,0.0,0.0,0.0,0.0
20230824140918048,SZSE,SZSE.ETF.159841,0.907,0.893,0.92,0.893,0.0,0.979,0.801,325230593.0,26400.0,294563792.864,23944.80000001192,0.0,0.0,20230824,20230824,140918047,0.89,0.0,0.0,0.907,0.906,0.905,0.904,0.903,0.0,0.0,0.0,0.0,0.0,0.908,0.909,0.91,0.911,0.912,0.0,0.0,0.0,0.0,0.0,511000.0,2163900.0,1433600.0,2173000.0,54500.0,0.0,0.0,0.0,0.0,0.0,1639300.0,1029400.0,840400.0,572900.0,377600.0,0.0,0.0,0.0,0.0,0.0
20230824140916192,SZSE,SZSE.ETF.159841,0.907,0.893,0.92,0.893,0.0,0.979,0.801,325230593.0,26400.0,294563792.864,23944.80000001192,0.0,0.0,20230824,20230824,140916193,0.89,0.0,0.0,0.907,0.906,0.905,0.904,0.903,0.0,0.0,0.0,0.0,0.0,0.908,0.909,0.91,0.911,0.912,0.0,0.0,0.0,0.0,0.0,511000.0,2163900.0,1433600.0,2173000.0,54500.0,0.0,0.0,0.0,0.0,0.0,1639300.0,1029400.0,840400.0,572900.0,377600.0,0.0,0.0,0.0,0.0,0.0
20230824140921064,SZSE,SZSE.ETF.159841,0.907,0.893,0.92,0.893,0.0,0.979,0.801,325230593.0,0.0,294563792.864,0.0,0.0,0.0,20230824,20230824,140921062,0.89,0.0,0.0,0.907,0.906,0.905,0.904,0.903,0.0,0.0,0.0,0.0,0.0,0.908,0.909,0.91,0.911,0.912,0.0,0.0,0.0,0.0,0.0,311000.0,2213900.0,1433600.0,2323000.0,55000.0,0.0,0.0,0.0,0.0,0.0,1847700.0,971000.0,830400.0,422900.0,377600.0,0.0,0.0,0.0,0.0,0.0
20230824140919204,SZSE,SZSE.ETF.159841,0.907,0.893,0.92,0.893,0.0,0.979,0.801,325230593.0,0.0,294563792.864,0.0,0.0,0.0,20230824,20230824,140919205,0.89,0.0,0.0,0.907,0.906,0.905,0.904,0.903,0.0,0.0,0.0,0.0,0.0,0.908,0.909,0.91,0.911,0.912,0.0,0.0,0.0,0.0,0.0,311000.0,2213900.0,1433600.0,2323000.0,55000.0,0.0,0.0,0.0,0.0,0.0,1847700.0,971000.0,830400.0,422900.0,377600.0,0.0,0.0,0.0,0.0,0.0
20230824140924032,SZSE,SZSE.ETF.159841,0.907,0.893,0.92,0.893,0.0,0.979,0.801,325231493.0,900.0,294564609.164,816.2999999523163,0.0,0.0,20230824,20230824,140924031,0.89,0.0,0.0,0.907,0.906,0.905,0.904,0.903,0.0,0.0,0.0,0.0,0.0,0.908,0.909,0.91,0.911,0.912,0.0,0.0,0.0,0.0,0.0,410100.0,2213900.0,1433600.0,2323000.0,55000.0,0.0,0.0,0.0,0.0,0.0,1870300.0,971000.0,830400.0,422900.0,377600.0,0.0,0.0,0.0,0.0,0.0
20230824140922176,SZSE,SZSE.ETF.159841,0.907,0.893,0.92,0.893,0.0,0.979,0.801,325231493.0,900.0,294564609.164,816.2999999523163,0.0,0.0,20230824,20230824,140922177,0.89,0.0,0.0,0.907,0.906,0.905,0.904,0.903,0.0,0.0,0.0,0.0,0.0,0.908,0.909,0.91,0.911,0.912,0.0,0.0,0.0,0.0,0.0,410100.0,2213900.0,1433600.0,2323000.0,55000.0,0.0,0.0,0.0,0.0,0.0,1870300.0,971000.0,830400.0,422900.0,377600.0,0.0,0.0,0.0,0.0,0.0
20230824140927032,SZSE,SZSE.ETF.159841,0.907,0.893,0.92,0.893,0.0,0.979,0.801,325232293.0,800.0,294565334.764,725.6000000238419,0.0,0.0,20230824,20230824,140927031,0.89,0.0,0.0,0.907,0.906,0.905,0.904,0.903,0.0,0.0,0.0,0.0,0.0,0.908,0.909,0.91,0.911,0.912,0.0,0.0,0.0,0.0,0.0,609300.0,2013900.0,1433600.0,2303000.0,55000.0,0.0,0.0,0.0,0.0,0.0,1053500.0,1787800.0,830400.0,422900.0,377600.0,0.0,0.0,0.0,0.0,0.0
20230824140925168,SZSE,SZSE.ETF.159841,0.907,0.893,0.92,0.893,0.0,0.979,0.801,325232293.0,800.0,294565334.764,725.6000000238419,0.0,0.0,20230824,20230824,140925170,0.89,0.0,0.0,0.907,0.906,0.905,0.904,0.903,0.0,0.0,0.0,0.0,0.0,0.908,0.909,0.91,0.911,0.912,0.0,0.0,0.0,0.0,0.0,609300.0,2013900.0,1433600.0,2303000.0,55000.0,0.0,0.0,0.0,0.0,0.0,1053500.0,1787800.0,830400.0,422900.0,377600.0,0.0,0.0,0.0,0.0,0.0
20230824140930048,SZSE,SZSE.ETF.159841,0.907,0.893,0.92,0.893,0.0,0.979,0.801,325232293.0,0.0,294565334.764,0.0,0.0,0.0,20230824,20230824,140930047,0.89,0.0,0.0,0.907,0.906,0.905,0.904,0.903,0.0,0.0,0.0,0.0,0.0,0.908,0.909,0.91,0.911,0.912,0.0,0.0,0.0,0.0,0.0,609300.0,2163900.0,1432600.0,2153000.0,55000.0,0.0,0.0,0.0,0.0,0.0,1053500.0,1637800.0,830400.0,572900.0,377600.0,0.0,0.0,0.0,0.0,0.0
20230824140928184,SZSE,SZSE.ETF.159841,0.907,0.893,0.92,0.893,0.0,0.979,0.801,325232293.0,0.0,294565334.764,0.0,0.0,0.0,20230824,20230824,140928183,0.89,0.0,0.0,0.907,0.906,0.905,0.904,0.903,0.0,0.0,0.0,0.0,0.0,0.908,0.909,0.91,0.911,0.912,0.0,0.0,0.0,0.0,0.0,609300.0,2163900.0,1432600.0,2153000.0,55000.0,0.0,0.0,0.0,0.0,0.0,1053500.0,1637800.0,830400.0,572900.0,377600.0,0.0,0.0,0.0,0.0,0.0
20230824140933108,SZSE,SZSE.ETF.159841,0.907,0.893,0.92,0.893,0.0,0.979,0.801,325250193.0,17900.0,294581570.064,16235.300000011921,0.0,0.0,20230824,20230824,140933109,0.89,0.0,0.0,0.907,0.906,0.905,0.904,0.903,0.0,0.0,0.0,0.0,0.0,0.908,0.909,0.91,0.911,0.912,0.0,0.0,0.0,0.0,0.0,841400.0,2163900.0,1782600.0,1553000.0,55000.0,0.0,0.0,0.0,0.0,0.0,603500.0,2237800.0,1030400.0,572900.0,627600.0,0.0,0.0,0.0,0.0,0.0
20230824140931248,SZSE,SZSE.ETF.159841,0.907,0.893,0.92,0.893,0.0,0.979,0.801,325250193.0,17900.0,294581570.064,16235.300000011921,0.0,0.0,20230824,20230824,140931246,0.89,0.0,0.0,0.907,0.906,0.905,0.904,0.903,0.0,0.0,0.0,0.0,0.0,0.908,0.909,0.91,0.911,0.912,0.0,0.0,0.0,0.0,0.0,841400.0,2163900.0,1782600.0,1553000.0,55000.0,0.0,0.0,0.0,0.0,0.0,603500.0,2237800.0,1030400.0,572900.0,627600.0,0.0,0.0,0.0,0.0,0.0
20230824140936080,SZSE,SZSE.ETF.159841,0.907,0.893,0.92,0.893,0.0,0.979,0.801,325250193.0,0.0,294581570.064,0.0,0.0,0.0,20230824,20230824,140936078,0.89,0.0,0.0,0.907,0.906,0.905,0.904,0.903,0.0,0.0,0.0,0.0,0.0,0.908,0.909,0.91,0.911,0.912,0.0,0.0,0.0,0.0,0.0,1046400.0,2163900.0,5576200.0,5549600.0,55000.0,0.0,0.0,0.0,0.0,0.0,603500.0,2237800.0,1020400.0,572900.0,627600.0,0.0,0.0,0.0,0.0,0.0
20230824140939048,SZSE,SZSE.ETF.159841,0.907,0.893,0.92,0.893,0.0,0.979,0.801,325250193.0,0.0,294581570.064,0.0,0.0,0.0,20230824,20230824,140939047,0.89,0.0,0.0,0.907,0.906,0.905,0.904,0.903,0.0,0.0,0.0,0.0,0.0,0.908,0.909,0.91,0.911,0.912,0.0,0.0,0.0,0.0,0.0,1147400.0,1955500.0,5576200.0,4949600.0,75000.0,0.0,0.0,0.0,0.0,0.0,603500.0,2237800.0,1020400.0,572900.0,627600.0,0.0,0.0,0.0,0.0,0.0
20230824140937196,SZSE,SZSE.ETF.159841,0.907,0.893,0.92,0.893,0.0,0.979,0.801,325250193.0,0.0,294581570.064,0.0,0.0,0.0,20230824,20230824,140937196,0.89,0.0,0.0,0.907,0.906,0.905,0.904,0.903,0.0,0.0,0.0,0.0,0.0,0.908,0.909,0.91,0.911,0.912,0.0,0.0,0.0,0.0,0.0,1147400.0,1955500.0,5576200.0,4949600.0,75000.0,0.0,0.0,0.0,0.0,0.0,603500.0,2237800.0,1020400.0,572900.0,627600.0,0.0,0.0,0.0,0.0,0.0
20230824140942048,SZSE,SZSE.ETF.159841,0.907,0.893,0.92,0.893,0.0,0.979,0.801,325254193.0,4000.0,294585198.064,3628.0,0.0,0.0,20230824,20230824,140942047,0.89,0.0,0.0,0.907,0.906,0.905,0.904,0.903,0.0,0.0,0.0,0.0,0.0,0.908,0.909,0.91,0.911,0.912,0.0,0.0,0.0,0.0,0.0,943400.0,2163900.0,2182600.0,956000.0,75000.0,0.0,0.0,0.0,0.0,0.0,607800.0,2237800.0,1020400.0,572900.0,627600.0,0.0,0.0,0.0,0.0,0.0
20230824140940192,SZSE,SZSE.ETF.159841,0.907,0.893,0.92,0.893,0.0,0.979,0.801,325254193.0,4000.0,294585198.064,3628.0,0.0,0.0,20230824,20230824,140940193,0.89,0.0,0.0,0.907,0.906,0.905,0.904,0.903,0.0,0.0,0.0,0.0,0.0,0.908,0.909,0.91,0.911,0.912,0.0,0.0,0.0,0.0,0.0,943400.0,2163900.0,2182600.0,956000.0,75000.0,0.0,0.0,0.0,0.0,0.0,607800.0,2237800.0,1020400.0,572900.0,627600.0,0.0,0.0,0.0,0.0,0.0
20230824140945096,SZSE,SZSE.ETF.159841,0.907,0.893,0.92,0.893,0.0,0.979,0.801,325404693.0,150500.0,294721701.564,136503.5,0.0,0.0,20230824,20230824,140945094,0.89,0.0,0.0,0.907,0.906,0.905,0.904,0.903,0.0,0.0,0.0,0.0,0.0,0.908,0.909,0.91,0.911,0.912,0.0,0.0,0.0,0.0,0.0,1201300.0,1840500.0,6176200.0,4949600.0,75000.0,0.0,0.0,0.0,0.0,0.0,607800.0,2122800.0,1020400.0,572900.0,627600.0,0.0,0.0,0.0,0.0,0.0
20230824140943244,SZSE,SZSE.ETF.159841,0.907,0.893,0.92,0.893,0.0,0.979,0.801,325404693.0,150500.0,294721701.564,136503.5,0.0,0.0,20230824,20230824,140943243,0.89,0.0,0.0,0.907,0.906,0.905,0.904,0.903,0.0,0.0,0.0,0.0,0.0,0.908,0.909,0.91,0.911,0.912,0.0,0.0,0.0,0.0,0.0,1201300.0,1840500.0,6176200.0,4949600.0,75000.0,0.0,0.0,0.0,0.0,0.0,607800.0,2122800.0,1020400.0,572900.0,627600.0,0.0,0.0,0.0,0.0,0.0
20230824140948072,SZSE,SZSE.ETF.159841,0.907,0.893,0.92,0.893,0.0,0.979,0.801,325404693.0,0.0,294721701.564,0.0,0.0,0.0,20230824,20230824,140948072,0.89,0.0,0.0,0.907,0.906,0.905,0.904,0.903,0.0,0.0,0.0,0.0,0.0,0.908,0.909,0.91,0.911,0.912,0.0,0.0,0.0,0.0,0.0,992900.0,2048900.0,2182600.0,456000.0,75000.0,0.0,0.0,0.0,0.0,0.0,607800.0,2122800.0,1020400.0,572900.0,627600.0,0.0,0.0,0.0,0.0,0.0
20230824140946208,SZSE,SZSE.ETF.159841,0.907,0.893,0.92,0.893,0.0,0.979,0.801,325404693.0,0.0,294721701.564,0.0,0.0,0.0,20230824,20230824,140946207,0.89,0.0,0.0,0.907,0.906,0.905,0.904,0.903,0.0,0.0,0.0,0.0,0.0,0.908,0.909,0.91,0.911,0.912,0.0,0.0,0.0,0.0,0.0,992900.0,2048900.0,2182600.0,456000.0,75000.0,0.0,0.0,0.0,0.0,0.0,607800.0,2122800.0,1020400.0,572900.0,627600.0,0.0,0.0,0.0,0.0,0.0
20230824140951032,SZSE,SZSE.ETF.159841,0.907,0.893,0.92,0.893,0.0,0.979,0.801,325404693.0,0.0,294721701.564,0.0,0.0,0.0,20230824,20230824,140951031,0.89,0.0,0.0,0.907,0.906,0.905,0.904,0.903,0.0,0.0,0.0,0.0,0.0,0.908,0.909,0.91,0.911,0.912,0.0,0.0,0.0,0.0,0.0,1093600.0,2048900.0,2182600.0,456000.0,75000.0,0.0,0.0,0.0,0.0,0.0,607800.0,2122800.0,1020400.0,572900.0,627600.0,0.0,0.0,0.0,0.0,0.0
20230824140949176,SZSE,SZSE.ETF.159841,0.907,0.893,0.92,0.893,0.0,0.979,0.801,325404693.0,0.0,294721701.564,0.0,0.0,0.0,20230824,20230824,140949178,0.89,0.0,0.0,0.907,0.906,0.905,0.904,0.903,0.0,0.0,0.0,0.0,0.0,0.908,0.909,0.91,0.911,0.912,0.0,0.0,0.0,0.0,0.0,1093600.0,2048900.0,2182600.0,456000.0,75000.0,0.0,0.0,0.0,0.0,0.0,607800.0,2122800.0,1020400.0,572900.0,627600.0,0.0,0.0,0.0,0.0,0.0
20230824140954032,SZSE,SZSE.ETF.159841,0.907,0.893,0.92,0.893,0.0,0.979,0.801,325404693.0,0.0,294721701.564,0.0,0.0,0.0,20230824,20230824,140954031,0.89,0.0,0.0,0.907,0.906,0.905,0.904,0.903,0.0,0.0,0.0,0.0,0.0,0.908,0.909,0.91,0.911,0.912,0.0,0.0,0.0,0.0,0.0,456700.0,2048900.0,2182600.0,456000.0,75000.0,0.0,0.0,0.0,0.0,0.0,1207800.0,1522800.0,1020400.0,572900.0,627600.0,0.0,0.0,0.0,0.0,0.0
20230824140952176,SZSE,SZSE.ETF.159841,0.907,0.893,0.92,0.893,0.0,0.979,0.801,325404693.0,0.0,294721701.564,0.0,0.0,0.0,20230824,20230824,140952177,0.89,0.0,0.0,0.907,0.906,0.905,0.904,0.903,0.0,0.0,0.0,0.0,0.0,0.908,0.909,0.91,0.911,0.912,0.0,0.0,0.0,0.0,0.0,456700.0,2048900.0,2182600.0,456000.0,75000.0,0.0,0.0,0.0,0.0,0.0,1207800.0,1522800.0,1020400.0,572900.0,627600.0,0.0,0.0,0.0,0.0,0.0
20230824140957016,SZSE,SZSE.ETF.159841,0.907,0.893,0.92,0.893,0.0,0.979,0.801,325404693.0,0.0,294721701.564,0.0,0.0,0.0,20230824,20230824,140957016,0.89,0.0,0.0,0.907,0.906,0.905,0.904,0.903,0.0,0.0,0.0,0.0,0.0,0.908,0.909,0.91,0.911,0.912,0.0,0.0,0.0,0.0,0.0,577100.0,2163900.0,1582600.0,1056000.0,75000.0,0.0,0.0,0.0,0.0,0.0,1207800.0,1637800.0,1020400.0,550300.0,627600.0,0.0,0.0,0.0,0.0,0.0
20230824140955152,SZSE,SZSE.ETF.159841,0.907,0.893,0.92,0.893,0.0,0.979,0.801,325404693.0,0.0,294721701.564,0.0,0.0,0.0,20230824,20230824,140955152,0.89,0.0,0.0,0.907,0.906,0.905,0.904,0.903,0.0,0.0,0.0,0.0,0.0,0.908,0.909,0.91,0.911,0.912,0.0,0.0,0.0,0.0,0.0,577100.0,2163900.0,1582600.0,1056000.0,75000.0,0.0,0.0,0.0,0.0,0.0,1207800.0,1637800.0,1020400.0,550300.0,627600.0,0.0,0.0,0.0,0.0,0.0
20230824141000048,SZSE,SZSE.ETF.159841,0.907,0.893,0.92,0.893,0.0,0.979,0.801,325404693.0,0.0,294721701.564,0.0,0.0,0.0,20230824,20230824,141000047,0.89,0.0,0.0,0.907,0.906,0.905,0.904,0.903,0.0,0.0,0.0,0.0,0.0,0.908,0.909,0.91,0.911,0.912,0.0,0.0,0.0,0.0,0.0,777100.0,2163900.0,2182600.0,456000.0,75000.0,0.0,0.0,0.0,0.0,0.0,1207800.0,1637800.0,1020400.0,550300.0,627600.0,0.0,0.0,0.0,0.0,0.0
20230824140958192,SZSE,SZSE.ETF.159841,0.907,0.893,0.92,0.893,0.0,0.979,0.801,325404693.0,0.0,294721701.564,0.0,0.0,0.0,20230824,20230824,140958192,0.89,0.0,0.0,0.907,0.906,0.905,0.904,0.903,0.0,0.0,0.0,0.0,0.0,0.908,0.909,0.91,0.911,0.912,0.0,0.0,0.0,0.0,0.0,777100.0,2163900.0,2182600.0,456000.0,75000.0,0.0,0.0,0.0,0.0,0.0,1207800.0,1637800.0,1020400.0,550300.0,627600.0,0.0,0.0,0.0,0.0,0.0
20230824141003080,SZSE,SZSE.ETF.159841,0.907,0.893,0.92,0.893,0.0,0.979,0.801,325427293.0,22600.0,294742199.764,20498.19999998808,0.0,0.0,20230824,20230824,141003078,0.89,0.0,0.0,0.907,0.906,0.905,0.904,0.903,0.0,0.0,0.0,0.0,0.0,0.908,0.909,0.91,0.911,0.912,0.0,0.0,0.0,0.0,0.0,777100.0,2163900.0,2182600.0,456000.0,75000.0,0.0,0.0,0.0,0.0,0.0,1230400.0,1637800.0,1020400.0,550300.0,627600.0,0.0,0.0,0.0,0.0,0.0
20230824141001216,SZSE,SZSE.ETF.159841,0.907,0.893,0.92,0.893,0.0,0.979,0.801,325427293.0,22600.0,294742199.764,20498.19999998808,0.0,0.0,20230824,20230824,141001217,0.89,0.0,0.0,0.907,0.906,0.905,0.904,0.903,0.0,0.0,0.0,0.0,0.0,0.908,0.909,0.91,0.911,0.912,0.0,0.0,0.0,0.0,0.0,777100.0,2163900.0,2182600.0,456000.0,75000.0,0.0,0.0,0.0,0.0,0.0,1230400.0,1637800.0,1020400.0,550300.0,627600.0,0.0,0.0,0.0,0.0,0.0
20230824141006108,SZSE,SZSE.ETF.159841,0.908,0.893,0.92,0.893,0.0,0.979,0.801,326859293.0,1432000.0,296042454.964,1300255.199999988,0.0,0.0,20230824,20230824,141006109,0.89,0.0,0.0,0.908,0.907,0.906,0.905,0.904,0.0,0.0,0.0,0.0,0.0,0.909,0.91,0.911,0.912,0.913,0.0,0.0,0.0,0.0,0.0,3568800.0,627100.0,2163900.0,2182600.0,456000.0,0.0,0.0,0.0,0.0,0.0,1637800.0,820400.0,550300.0,627600.0,85100.0,0.0,0.0,0.0,0.0,0.0
20230824141004244,SZSE,SZSE.ETF.159841,0.908,0.893,0.92,0.893,0.0,0.979,0.801,326859293.0,1432000.0,296042454.964,1300255.199999988,0.0,0.0,20230824,20230824,141004245,0.89,0.0,0.0,0.908,0.907,0.906,0.905,0.904,0.0,0.0,0.0,0.0,0.0,0.909,0.91,0.911,0.912,0.913,0.0,0.0,0.0,0.0,0.0,3568800.0,627100.0,2163900.0,2182600.0,456000.0,0.0,0.0,0.0,0.0,0.0,1637800.0,820400.0,550300.0,627600.0,85100.0,0.0,0.0,0.0,0.0,0.0
20230824141009080,SZSE,SZSE.ETF.159841,0.908,0.893,0.92,0.893,0.0,0.979,0.801,327365593.0,506300.0,296502175.364,459720.40000003576,0.0,0.0,20230824,20230824,141009078,0.89,0.0,0.0,0.908,0.907,0.906,0.905,0.904,0.0,0.0,0.0,0.0,0.0,0.909,0.91,0.911,0.912,0.913,0.0,0.0,0.0,0.0,0.0,3062600.0,1052400.0,1823500.0,2182600.0,456000.0,0.0,0.0,0.0,0.0,0.0,1297700.0,1245300.0,550300.0,627600.0,85100.0,0.0,0.0,0.0,0.0,0.0
20230824141007220,SZSE,SZSE.ETF.159841,0.908,0.893,0.92,0.893,0.0,0.979,0.801,327365593.0,506300.0,296502175.364,459720.40000003576,0.0,0.0,20230824,20230824,141007219,0.89,0.0,0.0,0.908,0.907,0.906,0.905,0.904,0.0,0.0,0.0,0.0,0.0,0.909,0.91,0.911,0.912,0.913,0.0,0.0,0.0,0.0,0.0,3062600.0,1052400.0,1823500.0,2182600.0,456000.0,0.0,0.0,0.0,0.0,0.0,1297700.0,1245300.0,550300.0,627600.0,85100.0,0.0,0.0,0.0,0.0,0.0
20230824141012064,SZSE,SZSE.ETF.159841,0.908,0.893,0.92,0.893,0.0,0.979,0.801,327865593.0,500000.0,296956175.364,454000.0,0.0,0.0,20230824,20230824,141012063,0.89,0.0,0.0,0.908,0.907,0.906,0.905,0.904,0.0,0.0,0.0,0.0,0.0,0.909,0.91,0.911,0.912,0.913,0.0,0.0,0.0,0.0,0.0,2562600.0,1325800.0,1615100.0,2182600.0,456000.0,0.0,0.0,0.0,0.0,0.0,1297700.0,1360300.0,550300.0,627600.0,85100.0,0.0,0.0,0.0,0.0,0.0
20230824141010208,SZSE,SZSE.ETF.159841,0.908,0.893,0.92,0.893,0.0,0.979,0.801,327865593.0,500000.0,296956175.364,454000.0,0.0,0.0,20230824,20230824,141010208,0.89,0.0,0.0,0.908,0.907,0.906,0.905,0.904,0.0,0.0,0.0,0.0,0.0,0.909,0.91,0.911,0.912,0.913,0.0,0.0,0.0,0.0,0.0,2562600.0,1325800.0,1615100.0,2182600.0,456000.0,0.0,0.0,0.0,0.0,0.0,1297700.0,1360300.0,550300.0,627600.0,85100.0,0.0,0.0,0.0,0.0,0.0
20230824141015096,SZSE,SZSE.ETF.159841,0.908,0.893,0.92,0.893,0.0,0.979,0.801,328365593.0,500000.0,297410175.364,454000.0,0.0,0.0,20230824,20230824,141015094,0.89,0.0,0.0,0.908,0.907,0.906,0.905,0.904,0.0,0.0,0.0,0.0,0.0,0.909,0.91,0.911,0.912,0.913,0.0,0.0,0.0,0.0,0.0,2062600.0,1415100.0,1615100.0,2182600.0,456000.0,0.0,0.0,0.0,0.0,0.0,1317400.0,1360300.0,550300.0,627600.0,85100.0,0.0,0.0,0.0,0.0,0.0
20230824141013232,SZSE,SZSE.ETF.159841,0.908,0.893,0.92,0.893,0.0,0.979,0.801,328365593.0,500000.0,297410175.364,454000.0,0.0,0.0,20230824,20230824,141013232,0.89,0.0,0.0,0.908,0.907,0.906,0.905,0.904,0.0,0.0,0.0,0.0,0.0,0.909,0.91,0.911,0.912,0.913,0.0,0.0,0.0,0.0,0.0,2062600.0,1415100.0,1615100.0,2182600.0,456000.0,0.0,0.0,0.0,0.0,0.0,1317400.0,1360300.0,550300.0,627600.0,85100.0,0.0,0.0,0.0,0.0,0.0
20230824141018064,SZSE,SZSE.ETF.159841,0.908,0.893,0.92,0.893,0.0,0.979,0.801,328865593.0,500000.0,297864175.364,454000.0,0.0,0.0,20230824,20230824,141018062,0.89,0.0,0.0,0.908,0.907,0.906,0.905,0.904,0.0,0.0,0.0,0.0,0.0,0.909,0.91,0.911,0.912,0.913,0.0,0.0,0.0,0.0,0.0,1612600.0,1415100.0,1615100.0,2182600.0,456000.0,0.0,0.0,0.0,0.0,0.0,1317400.0,1360300.0,550300.0,627600.0,85100.0,0.0,0.0,0.0,0.0,0.0
20230824141016204,SZSE,SZSE.ETF.159841,0.908,0.893,0.92,0.893,0.0,0.979,0.801,328865593.0,500000.0,297864175.364,454000.0,0.0,0.0,20230824,20230824,141016203,0.89,0.0,0.0,0.908,0.907,0.906,0.905,0.904,0.0,0.0,0.0,0.0,0.0,0.909,0.91,0.911,0.912,0.913,0.0,0.0,0.0,0.0,0.0,1612600.0,1415100.0,1615100.0,2182600.0,456000.0,0.0,0.0,0.0,0.0,0.0,1317400.0,1360300.0,550300.0,627600.0,85100.0,0.0,0.0,0.0,0.0,0.0
20230824141021064,SZSE,SZSE.ETF.159841,0.908,0.893,0.92,0.893,0.0,0.979,0.801,329365593.0,500000.0,298318175.364,454000.0,0.0,0.0,20230824,20230824,141021062,0.89,0.0,0.0,0.908,0.907,0.906,0.905,0.904,0.0,0.0,0.0,0.0,0.0,0.909,0.91,0.911,0.912,0.913,0.0,0.0,0.0,0.0,0.0,1132600.0,1415100.0,2115100.0,2182600.0,456000.0,0.0,0.0,0.0,0.0,0.0,1317400.0,1360300.0,550300.0,627600.0,85100.0,0.0,0.0,0.0,0.0,0.0
20230824141019208,SZSE,SZSE.ETF.159841,0.908,0.893,0.92,0.893,0.0,0.979,0.801,329365593.0,500000.0,298318175.364,454000.0,0.0,0.0,20230824,20230824,141019206,0.89,0.0,0.0,0.908,0.907,0.906,0.905,0.904,0.0,0.0,0.0,0.0,0.0,0.909,0.91,0.911,0.912,0.913,0.0,0.0,0.0,0.0,0.0,1132600.0,1415100.0,2115100.0,2182600.0,456000.0,0.0,0.0,0.0,0.0,0.0,1317400.0,1360300.0,550300.0,627600.0,85100.0,0.0,0.0,0.0,0.0,0.0
20230824141024016,SZSE,SZSE.ETF.159841,0.908,0.893,0.92,0.893,0.0,0.979,0.801,329865593.0,500000.0,298772175.364,454000.0,0.0,0.0,20230824,20230824,141024016,0.89,0.0,0.0,0.908,0.907,0.906,0.905,0.904,0.0,0.0,0.0,0.0,0.0,0.909,0.91,0.911,0.912,0.913,0.0,0.0,0.0,0.0,0.0,5632600.0,1415100.0,2115100.0,2182600.0,456000.0,0.0,0.0,0.0,0.0,0.0,1345600.0,1360300.0,537600.0,627600.0,85100.0,0.0,0.0,0.0,0.0,0.0
20230824141022152,SZSE,SZSE.ETF.159841,0.908,0.893,0.92,0.893,0.0,0.979,0.801,329865593.0,500000.0,298772175.364,454000.0,0.0,0.0,20230824,20230824,141022151,0.89,0.0,0.0,0.908,0.907,0.906,0.905,0.904,0.0,0.0,0.0,0.0,0.0,0.909,0.91,0.911,0.912,0.913,0.0,0.0,0.0,0.0,0.0,5632600.0,1415100.0,2115100.0,2182600.0,456000.0,0.0,0.0,0.0,0.0,0.0,1345600.0,1360300.0,537600.0,627600.0,85100.0,0.0,0.0,0.0,0.0,0.0
20230824141027048,SZSE,SZSE.ETF.159841,0.908,0.893,0.92,0.893,0.0,0.979,0.801,330878293.0,1012700.0,299691706.964,919531.5999999642,0.0,0.0,20230824,20230824,141027047,0.89,0.0,0.0,0.908,0.907,0.906,0.905,0.904,0.0,0.0,0.0,0.0,0.0,0.909,0.91,0.911,0.912,0.913,0.0,0.0,0.0,0.0,0.0,4619900.0,1300100.0,2115100.0,2182600.0,456000.0,0.0,0.0,0.0,0.0,0.0,1137200.0,1568700.0,537600.0,627600.0,85100.0,0.0,0.0,0.0,0.0,0.0
20230824141030048,SZSE,SZSE.ETF.159841,0.909,0.893,0.92,0.893,0.0,0.979,0.801,330994093.0,115800.0,299796954.164,105247.19999998808,0.0,0.0,20230824,20230824,141030047,0.89,0.0,0.0,0.908,0.907,0.906,0.905,0.904,0.0,0.0,0.0,0.0,0.0,0.909,0.91,0.911,0.912,0.913,0.0,0.0,0.0,0.0,0.0,4604900.0,1300100.0,2115100.0,2182600.0,486000.0,0.0,0.0,0.0,0.0,0.0,1744800.0,1245300.0,537600.0,627600.0,85100.0,0.0,0.0,0.0,0.0,0.0
20230824141028196,SZSE,SZSE.ETF.159841,0.909,0.893,0.92,0.893,0.0,0.979,0.801,330994093.0,115800.0,299796954.164,105247.19999998808,0.0,0.0,20230824,20230824,141028196,0.89,0.0,0.0,0.908,0.907,0.906,0.905,0.904,0.0,0.0,0.0,0.0,0.0,0.909,0.91,0.911,0.912,0.913,0.0,0.0,0.0,0.0,0.0,4604900.0,1300100.0,2115100.0,2182600.0,486000.0,0.0,0.0,0.0,0.0,0.0,1744800.0,1245300.0,537600.0,627600.0,85100.0,0.0,0.0,0.0,0.0,0.0
20230824141033000,SZSE,SZSE.ETF.159841,0.909,0.893,0.92,0.893,0.0,0.979,0.801,330994093.0,0.0,299796954.164,0.0,0.0,0.0,20230824,20230824,141033000,0.89,0.0,0.0,0.908,0.907,0.906,0.905,0.904,0.0,0.0,0.0,0.0,0.0,0.909,0.91,0.911,0.912,0.913,0.0,0.0,0.0,0.0,0.0,4604900.0,1300100.0,1615100.0,2182600.0,486000.0,0.0,0.0,0.0,0.0,0.0,1603500.0,1453700.0,537600.0,627600.0,85100.0,0.0,0.0,0.0,0.0,0.0
20230824141031144,SZSE,SZSE.ETF.159841,0.909,0.893,0.92,0.893,0.0,0.979,0.801,330994093.0,0.0,299796954.164,0.0,0.0,0.0,20230824,20230824,141031145,0.89,0.0,0.0,0.908,0.907,0.906,0.905,0.904,0.0,0.0,0.0,0.0,0.0,0.909,0.91,0.911,0.912,0.913,0.0,0.0,0.0,0.0,0.0,4604900.0,1300100.0,1615100.0,2182600.0,486000.0,0.0,0.0,0.0,0.0,0.0,1603500.0,1453700.0,537600.0,627600.0,85100.0,0.0,0.0,0.0,0.0,0.0
20230824141036000,SZSE,SZSE.ETF.159841,0.909,0.893,0.92,0.893,0.0,0.979,0.801,330994093.0,0.0,299796954.164,0.0,0.0,0.0,20230824,20230824,141036000,0.89,0.0,0.0,0.908,0.907,0.906,0.905,0.904,0.0,0.0,0.0,0.0,0.0,0.909,0.91,0.911,0.912,0.913,0.0,0.0,0.0,0.0,0.0,4604900.0,1302100.0,2115100.0,2182600.0,486000.0,0.0,0.0,0.0,0.0,0.0,1603500.0,1453700.0,537600.0,627600.0,85100.0,0.0,0.0,0.0,0.0,0.0
20230824141039032,SZSE,SZSE.ETF.159841,0.909,0.893,0.92,0.893,0.0,0.979,0.801,330994093.0,0.0,299796954.164,0.0,0.0,0.0,20230824,20230824,141039031,0.89,0.0,0.0,0.908,0.907,0.906,0.905,0.904,0.0,0.0,0.0,0.0,0.0,0.909,0.91,0.911,0.912,0.913,0.0,0.0,0.0,0.0,0.0,4804900.0,1367100.0,1615100.0,2032600.0,486000.0,0.0,0.0,0.0,0.0,0.0,896400.0,2027100.0,737600.0,777600.0,85100.0,0.0,0.0,0.0,0.0,0.0
20230824141037176,SZSE,SZSE.ETF.159841,0.909,0.893,0.92,0.893,0.0,0.979,0.801,330994093.0,0.0,299796954.164,0.0,0.0,0.0,20230824,20230824,141037174,0.89,0.0,0.0,0.908,0.907,0.906,0.905,0.904,0.0,0.0,0.0,0.0,0.0,0.909,0.91,0.911,0.912,0.913,0.0,0.0,0.0,0.0,0.0,4804900.0,1367100.0,1615100.0,2032600.0,486000.0,0.0,0.0,0.0,0.0,0.0,896400.0,2027100.0,737600.0,777600.0,85100.0,0.0,0.0,0.0,0.0,0.0
20230824141042028,SZSE,SZSE.ETF.159841,0.909,0.893,0.92,0.893,0.0,0.979,0.801,330994093.0,0.0,299796954.164,0.0,0.0,0.0,20230824,20230824,141042027,0.89,0.0,0.0,0.908,0.907,0.906,0.905,0.904,0.0,0.0,0.0,0.0,0.0,0.909,0.91,0.911,0.912,0.913,0.0,0.0,0.0,0.0,0.0,5004900.0,1367100.0,1415100.0,2032600.0,486000.0,0.0,0.0,0.0,0.0,0.0,896400.0,2027100.0,737600.0,777600.0,85100.0,0.0,0.0,0.0,0.0,0.0
20230824141040164,SZSE,SZSE.ETF.159841,0.909,0.893,0.92,0.893,0.0,0.979,0.801,330994093.0,0.0,299796954.164,0.0,0.0,0.0,20230824,20230824,141040163,0.89,0.0,0.0,0.908,0.907,0.906,0.905,0.904,0.0,0.0,0.0,0.0,0.0,0.909,0.91,0.911,0.912,0.913,0.0,0.0,0.0,0.0,0.0,5004900.0,1367100.0,1415100.0,2032600.0,486000.0,0.0,0.0,0.0,0.0,0.0,896400.0,2027100.0,737600.0,777600.0,85100.0,0.0,0.0,0.0,0.0,0.0
20230824141045040,SZSE,SZSE.ETF.159841,0.909,0.893,0.92,0.893,0.0,0.979,0.801,330994093.0,0.0,299796954.164,0.0,0.0,0.0,20230824,20230824,141045039,0.89,0.0,0.0,0.908,0.907,0.906,0.905,0.904,0.0,0.0,0.0,0.0,0.0,0.909,0.91,0.911,0.912,0.913,0.0,0.0,0.0,0.0,0.0,5004900.0,1367100.0,1915100.0,2032600.0,486000.0,0.0,0.0,0.0,0.0,0.0,1496400.0,2027100.0,737600.0,777600.0,85100.0,0.0,0.0,0.0,0.0,0.0
20230824141043176,SZSE,SZSE.ETF.159841,0.909,0.893,0.92,0.893,0.0,0.979,0.801,330994093.0,0.0,299796954.164,0.0,0.0,0.0,20230824,20230824,141043174,0.89,0.0,0.0,0.908,0.907,0.906,0.905,0.904,0.0,0.0,0.0,0.0,0.0,0.909,0.91,0.911,0.912,0.913,0.0,0.0,0.0,0.0,0.0,5004900.0,1367100.0,1915100.0,2032600.0,486000.0,0.0,0.0,0.0,0.0,0.0,1496400.0,2027100.0,737600.0,777600.0,85100.0,0.0,0.0,0.0,0.0,0.0
20230824141048020,SZSE,SZSE.ETF.159841,0.909,0.893,0.92,0.893,0.0,0.979,0.801,332492493.0,1498400.0,301158997.764,1362043.6000000238,0.0,0.0,20230824,20230824,141048020,0.89,0.0,0.0,0.909,0.908,0.907,0.906,0.905,0.0,0.0,0.0,0.0,0.0,0.91,0.911,0.912,0.913,0.914,0.0,0.0,0.0,0.0,0.0,3503100.0,5007900.0,1277800.0,1665100.0,2032600.0,0.0,0.0,0.0,0.0,0.0,1390000.0,737600.0,777600.0,85100.0,107000.0,0.0,0.0,0.0,0.0,0.0
20230824141046156,SZSE,SZSE.ETF.159841,0.909,0.893,0.92,0.893,0.0,0.979,0.801,332492493.0,1498400.0,301158997.764,1362043.6000000238,0.0,0.0,20230824,20230824,141046155,0.89,0.0,0.0,0.909,0.908,0.907,0.906,0.905,0.0,0.0,0.0,0.0,0.0,0.91,0.911,0.912,0.913,0.914,0.0,0.0,0.0,0.0,0.0,3503100.0,5007900.0,1277800.0,1665100.0,2032600.0,0.0,0.0,0.0,0.0,0.0,1390000.0,737600.0,777600.0,85100.0,107000.0,0.0,0.0,0.0,0.0,0.0
20230824141051016,SZSE,SZSE.ETF.159841,0.908,0.893,0.92,0.893,0.0,0.979,0.801,338392493.0,5900000.0,306519701.364,5360703.600000024,0.0,0.0,20230824,20230824,141051015,0.89,0.0,0.0,0.908,0.907,0.906,0.905,0.904,0.0,0.0,0.0,0.0,0.0,0.91,0.911,0.912,0.913,0.914,0.0,0.0,0.0,0.0,0.0,3086700.0,937500.0,1665100.0,2032600.0,486000.0,0.0,0.0,0.0,0.0,0.0,1658500.0,962400.0,777600.0,335100.0,107000.0,0.0,0.0,0.0,0.0,0.0
20230824141049148,SZSE,SZSE.ETF.159841,0.908,0.893,0.92,0.893,0.0,0.979,0.801,338392493.0,5900000.0,306519701.364,5360703.600000024,0.0,0.0,20230824,20230824,141049149,0.89,0.0,0.0,0.908,0.907,0.906,0.905,0.904,0.0,0.0,0.0,0.0,0.0,0.91,0.911,0.912,0.913,0.914,0.0,0.0,0.0,0.0,0.0,3086700.0,937500.0,1665100.0,2032600.0,486000.0,0.0,0.0,0.0,0.0,0.0,1658500.0,962400.0,777600.0,335100.0,107000.0,0.0,0.0,0.0,0.0,0.0
20230824141054000,SZSE,SZSE.ETF.159841,0.909,0.893,0.92,0.893,0.0,0.979,0.801,338396493.0,4000.0,306523337.364,3636.0,0.0,0.0,20230824,20230824,141054000,0.89,0.0,0.0,0.908,0.907,0.906,0.905,0.904,0.0,0.0,0.0,0.0,0.0,0.909,0.91,0.911,0.912,0.913,0.0,0.0,0.0,0.0,0.0,2976500.0,1047800.0,1665100.0,2026300.0,486000.0,0.0,0.0,0.0,0.0,0.0,1096000.0,1768400.0,852600.0,777600.0,335100.0,0.0,0.0,0.0,0.0,0.0
20230824141052144,SZSE,SZSE.ETF.159841,0.909,0.893,0.92,0.893,0.0,0.979,0.801,338396493.0,4000.0,306523337.364,3636.0,0.0,0.0,20230824,20230824,141052143,0.89,0.0,0.0,0.908,0.907,0.906,0.905,0.904,0.0,0.0,0.0,0.0,0.0,0.909,0.91,0.911,0.912,0.913,0.0,0.0,0.0,0.0,0.0,2976500.0,1047800.0,1665100.0,2026300.0,486000.0,0.0,0.0,0.0,0.0,0.0,1096000.0,1768400.0,852600.0,777600.0,335100.0,0.0,0.0,0.0,0.0,0.0
20230824141057016,SZSE,SZSE.ETF.159841,0.909,0.893,0.92,0.893,0.0,0.979,0.801,338396493.0,0.0,306523337.364,0.0,0.0,0.0,20230824,20230824,141057016,0.89,0.0,0.0,0.908,0.907,0.906,0.905,0.904,0.0,0.0,0.0,0.0,0.0,0.909,0.91,0.911,0.912,0.913,0.0,0.0,0.0,0.0,0.0,2866500.0,1162800.0,1631900.0,2026300.0,486000.0,0.0,0.0,0.0,0.0,0.0,1096000.0,1883400.0,737600.0,777600.0,335100.0,0.0,0.0,0.0,0.0,0.0
20230824141055160,SZSE,SZSE.ETF.159841,0.909,0.893,0.92,0.893,0.0,0.979,0.801,338396493.0,0.0,306523337.364,0.0,0.0,0.0,20230824,20230824,141055158,0.89,0.0,0.0,0.908,0.907,0.906,0.905,0.904,0.0,0.0,0.0,0.0,0.0,0.909,0.91,0.911,0.912,0.913,0.0,0.0,0.0,0.0,0.0,2866500.0,1162800.0,1631900.0,2026300.0,486000.0,0.0,0.0,0.0,0.0,0.0,1096000.0,1883400.0,737600.0,777600.0,335100.0,0.0,0.0,0.0,0.0,0.0
20230824141100048,SZSE,SZSE.ETF.159841,0.909,0.893,0.92,0.893,0.0,0.979,0.801,338405293.0,8800.0,306531336.564,7999.199999988079,0.0,0.0,20230824,20230824,141100047,0.89,0.0,0.0,0.908,0.907,0.906,0.905,0.904,0.0,0.0,0.0,0.0,0.0,0.909,0.91,0.911,0.912,0.913,0.0,0.0,0.0,0.0,0.0,2866500.0,1277800.0,1634900.0,2026300.0,486000.0,0.0,0.0,0.0,0.0,0.0,1087200.0,1998400.0,737600.0,777600.0,335100.0,0.0,0.0,0.0,0.0,0.0
20230824141058196,SZSE,SZSE.ETF.159841,0.909,0.893,0.92,0.893,0.0,0.979,0.801,338405293.0,8800.0,306531336.564,7999.199999988079,0.0,0.0,20230824,20230824,141058195,0.89,0.0,0.0,0.908,0.907,0.906,0.905,0.904,0.0,0.0,0.0,0.0,0.0,0.909,0.91,0.911,0.912,0.913,0.0,0.0,0.0,0.0,0.0,2866500.0,1277800.0,1634900.0,2026300.0,486000.0,0.0,0.0,0.0,0.0,0.0,1087200.0,1998400.0,737600.0,777600.0,335100.0,0.0,0.0,0.0,0.0,0.0
20230824141103080,SZSE,SZSE.ETF.159841,0.909,0.893,0.92,0.893,0.0,0.979,0.801,338405293.0,0.0,306531336.564,0.0,0.0,0.0,20230824,20230824,141103078,0.89,0.0,0.0,0.908,0.907,0.906,0.905,0.904,0.0,0.0,0.0,0.0,0.0,0.909,0.91,0.911,0.912,0.913,0.0,0.0,0.0,0.0,0.0,2866500.0,1277800.0,2234900.0,1426300.0,486000.0,0.0,0.0,0.0,0.0,0.0,500000.0,2585600.0,737600.0,777600.0,335100.0,0.0,0.0,0.0,0.0,0.0
20230824141101216,SZSE,SZSE.ETF.159841,0.909,0.893,0.92,0.893,0.0,0.979,0.801,338405293.0,0.0,306531336.564,0.0,0.0,0.0,20230824,20230824,141101215,0.89,0.0,0.0,0.908,0.907,0.906,0.905,0.904,0.0,0.0,0.0,0.0,0.0,0.909,0.91,0.911,0.912,0.913,0.0,0.0,0.0,0.0,0.0,2866500.0,1277800.0,2234900.0,1426300.0,486000.0,0.0,0.0,0.0,0.0,0.0,500000.0,2585600.0,737600.0,777600.0,335100.0,0.0,0.0,0.0,0.0,0.0
20230824141106132,SZSE,SZSE.ETF.159841,0.908,0.893,0.92,0.893,0.0,0.979,0.801,338933093.0,527800.0,307010578.964,479242.39999997616,0.0,0.0,20230824,20230824,141106132,0.89,0.0,0.0,0.908,0.907,0.906,0.905,0.904,0.0,0.0,0.0,0.0,0.0,0.909,0.91,0.911,0.912,0.913,0.0,0.0,0.0,0.0,0.0,2338700.0,1277800.0,2234900.0,1426300.0,486000.0,0.0,0.0,0.0,0.0,0.0,518100.0,2585600.0,737600.0,777600.0,335100.0,0.0,0.0,0.0,0.0,0.0
20230824141104272,SZSE,SZSE.ETF.159841,0.908,0.893,0.92,0.893,0.0,0.979,0.801,338933093.0,527800.0,307010578.964,479242.39999997616,0.0,0.0,20230824,20230824,141104272,0.89,0.0,0.0,0.908,0.907,0.906,0.905,0.904,0.0,0.0,0.0,0.0,0.0,0.909,0.91,0.911,0.912,0.913,0.0,0.0,0.0,0.0,0.0,2338700.0,1277800.0,2234900.0,1426300.0,486000.0,0.0,0.0,0.0,0.0,0.0,518100.0,2585600.0,737600.0,777600.0,335100.0,0.0,0.0,0.0,0.0,0.0
20230824141109108,SZSE,SZSE.ETF.159841,0.909,0.893,0.92,0.893,0.0,0.979,0.801,338937693.0,4600.0,307014760.364,4181.400000035763,0.0,0.0,20230824,20230824,141109109,0.89,0.0,0.0,0.908,0.907,0.906,0.905,0.904,0.0,0.0,0.0,0.0,0.0,0.909,0.91,0.911,0.912,0.913,0.0,0.0,0.0,0.0,0.0,2547100.0,1069400.0,6228500.0,4820900.0,486000.0,0.0,0.0,0.0,0.0,0.0,513500.0,2585600.0,737600.0,777600.0,335100.0,0.0,0.0,0.0,0.0,0.0
20230824141107252,SZSE,SZSE.ETF.159841,0.909,0.893,0.92,0.893,0.0,0.979,0.801,338937693.0,4600.0,307014760.364,4181.400000035763,0.0,0.0,20230824,20230824,141107251,0.89,0.0,0.0,0.908,0.907,0.906,0.905,0.904,0.0,0.0,0.0,0.0,0.0,0.909,0.91,0.911,0.912,0.913,0.0,0.0,0.0,0.0,0.0,2547100.0,1069400.0,6228500.0,4820900.0,486000.0,0.0,0.0,0.0,0.0,0.0,513500.0,2585600.0,737600.0,777600.0,335100.0,0.0,0.0,0.0,0.0,0.0
20230824141112124,SZSE,SZSE.ETF.159841,0.909,0.893,0.92,0.893,0.0,0.979,0.801,338937693.0,0.0,307014760.364,0.0,0.0,0.0,20230824,20230824,141112125,0.89,0.0,0.0,0.908,0.907,0.906,0.905,0.904,0.0,0.0,0.0,0.0,0.0,0.909,0.91,0.911,0.912,0.913,0.0,0.0,0.0,0.0,0.0,2636100.0,1069400.0,6828500.0,4820900.0,263300.0,0.0,0.0,0.0,0.0,0.0,518100.0,2585600.0,737600.0,777600.0,335100.0,0.0,0.0,0.0,0.0,0.0
20230824141110276,SZSE,SZSE.ETF.159841,0.909,0.893,0.92,0.893,0.0,0.979,0.801,338937693.0,0.0,307014760.364,0.0,0.0,0.0,20230824,20230824,141110275,0.89,0.0,0.0,0.908,0.907,0.906,0.905,0.904,0.0,0.0,0.0,0.0,0.0,0.909,0.91,0.911,0.912,0.913,0.0,0.0,0.0,0.0,0.0,2636100.0,1069400.0,6828500.0,4820900.0,263300.0,0.0,0.0,0.0,0.0,0.0,518100.0,2585600.0,737600.0,777600.0,335100.0,0.0,0.0,0.0,0.0,0.0
20230824141115124,SZSE,SZSE.ETF.159841,0.909,0.893,0.92,0.893,0.0,0.979,0.801,338937693.0,0.0,307014760.364,0.0,0.0,0.0,20230824,20230824,141115125,0.89,0.0,0.0,0.908,0.907,0.906,0.905,0.904,0.0,0.0,0.0,0.0,0.0,0.909,0.91,0.911,0.912,0.913,0.0,0.0,0.0,0.0,0.0,2477700.0,1277800.0,2834900.0,827300.0,263300.0,0.0,0.0,0.0,0.0,0.0,518100.0,2585600.0,763100.0,777600.0,335100.0,0.0,0.0,0.0,0.0,0.0
20230824141113264,SZSE,SZSE.ETF.159841,0.909,0.893,0.92,0.893,0.0,0.979,0.801,338937693.0,0.0,307014760.364,0.0,0.0,0.0,20230824,20230824,141113264,0.89,0.0,0.0,0.908,0.907,0.906,0.905,0.904,0.0,0.0,0.0,0.0,0.0,0.909,0.91,0.911,0.912,0.913,0.0,0.0,0.0,0.0,0.0,2477700.0,1277800.0,2834900.0,827300.0,263300.0,0.0,0.0,0.0,0.0,0.0,518100.0,2585600.0,763100.0,777600.0,335100.0,0.0,0.0,0.0,0.0,0.0
20230824141116280,SZSE,SZSE.ETF.159841,0.909,0.893,0.92,0.893,0.0,0.979,0.801,338994893.0,57200.0,307066739.564,51979.19999998808,0.0,0.0,20230824,20230824,141116279,0.89,0.0,0.0,0.908,0.907,0.906,0.905,0.904,0.0,0.0,0.0,0.0,0.0,0.909,0.91,0.911,0.912,0.913,0.0,0.0,0.0,0.0,0.0,2462100.0,1277800.0,6828500.0,4820900.0,263300.0,0.0,0.0,0.0,0.0,0.0,476500.0,2585600.0,763100.0,777600.0,335100.0,0.0,0.0,0.0,0.0,0.0
20230824141118140,SZSE,SZSE.ETF.159841,0.909,0.893,0.92,0.893,0.0,0.979,0.801,338994893.0,57200.0,307066739.564,51979.19999998808,0.0,0.0,20230824,20230824,141118141,0.89,0.0,0.0,0.908,0.907,0.906,0.905,0.904,0.0,0.0,0.0,0.0,0.0,0.909,0.91,0.911,0.912,0.913,0.0,0.0,0.0,0.0,0.0,2462100.0,1277800.0,6828500.0,4820900.0,263300.0,0.0,0.0,0.0,0.0,0.0,476500.0,2585600.0,763100.0,777600.0,335100.0,0.0,0.0,0.0,0.0,0.0
20230824141121108,SZSE,SZSE.ETF.159841,0.909,0.893,0.92,0.893,0.0,0.979,0.801,339078393.0,83500.0,307142640.564,75901.0,0.0,0.0,20230824,20230824,141121109,0.89,0.0,0.0,0.908,0.907,0.906,0.905,0.904,0.0,0.0,0.0,0.0,0.0,0.909,0.91,0.911,0.912,0.913,0.0,0.0,0.0,0.0,0.0,2461600.0,1277800.0,2834900.0,827300.0,263300.0,0.0,0.0,0.0,0.0,0.0,515100.0,2585600.0,763100.0,777600.0,335100.0,0.0,0.0,0.0,0.0,0.0
20230824141119256,SZSE,SZSE.ETF.159841,0.909,0.893,0.92,0.893,0.0,0.979,0.801,339078393.0,83500.0,307142640.564,75901.0,0.0,0.0,20230824,20230824,141119255,0.89,0.0,0.0,0.908,0.907,0.906,0.905,0.904,0.0,0.0,0.0,0.0,0.0,0.909,0.91,0.911,0.912,0.913,0.0,0.0,0.0,0.0,0.0,2461600.0,1277800.0,2834900.0,827300.0,263300.0,0.0,0.0,0.0,0.0,0.0,515100.0,2585600.0,763100.0,777600.0,335100.0,0.0,0.0,0.0,0.0,0.0
20230824141124108,SZSE,SZSE.ETF.159841,0.909,0.893,0.92,0.893,0.0,0.979,0.801,339078393.0,0.0,307142640.564,0.0,0.0,0.0,20230824,20230824,141124109,0.89,0.0,0.0,0.908,0.907,0.906,0.905,0.904,0.0,0.0,0.0,0.0,0.0,0.909,0.91,0.911,0.912,0.913,0.0,0.0,0.0,0.0,0.0,799000.0,1162800.0,6828500.0,4820900.0,263300.0,0.0,0.0,0.0,0.0,0.0,19100.0,2470600.0,763100.0,777600.0,335100.0,0.0,0.0,0.0,0.0,0.0
20230824141122252,SZSE,SZSE.ETF.159841,0.909,0.893,0.92,0.893,0.0,0.979,0.801,339078393.0,0.0,307142640.564,0.0,0.0,0.0,20230824,20230824,141122251,0.89,0.0,0.0,0.908,0.907,0.906,0.905,0.904,0.0,0.0,0.0,0.0,0.0,0.909,0.91,0.911,0.912,0.913,0.0,0.0,0.0,0.0,0.0,799000.0,1162800.0,6828500.0,4820900.0,263300.0,0.0,0.0,0.0,0.0,0.0,19100.0,2470600.0,763100.0,777600.0,335100.0,0.0,0.0,0.0,0.0,0.0
20230824141127064,SZSE,SZSE.ETF.159841,0.909,0.893,0.92,0.893,0.0,0.979,0.801,339078393.0,0.0,307142640.564,0.0,0.0,0.0,20230824,20230824,141127062,0.89,0.0,0.0,0.908,0.907,0.906,0.905,0.904,0.0,0.0,0.0,0.0,0.0,0.909,0.91,0.911,0.912,0.913,0.0,0.0,0.0,0.0,0.0,799000.0,1284000.0,2834900.0,827300.0,263300.0,0.0,0.0,0.0,0.0,0.0,19100.0,2585600.0,763100.0,777600.0,335100.0,0.0,0.0,0.0,0.0,0.0
20230824141130064,SZSE,SZSE.ETF.159841,0.909,0.893,0.92,0.893,0.0,0.979,0.801,339081093.0,2700.0,307145094.864,2454.300000011921,0.0,0.0,20230824,20230824,141130063,0.89,0.0,0.0,0.908,0.907,0.906,0.905,0.904,0.0,0.0,0.0,0.0,0.0,0.909,0.91,0.911,0.912,0.913,0.0,0.0,0.0,0.0,0.0,799000.0,1505900.0,2834900.0,827300.0,263300.0,0.0,0.0,0.0,0.0,0.0,516400.0,2586600.0,763100.0,777600.0,335100.0,0.0,0.0,0.0,0.0,0.0
20230824141128216,SZSE,SZSE.ETF.159841,0.909,0.893,0.92,0.893,0.0,0.979,0.801,339081093.0,2700.0,307145094.864,2454.300000011921,0.0,0.0,20230824,20230824,141128215,0.89,0.0,0.0,0.908,0.907,0.906,0.905,0.904,0.0,0.0,0.0,0.0,0.0,0.909,0.91,0.911,0.912,0.913,0.0,0.0,0.0,0.0,0.0,799000.0,1505900.0,2834900.0,827300.0,263300.0,0.0,0.0,0.0,0.0,0.0,516400.0,2586600.0,763100.0,777600.0,335100.0,0.0,0.0,0.0,0.0,0.0
20230824141133048,SZSE,SZSE.ETF.159841,0.909,0.893,0.92,0.893,0.0,0.979,0.801,339597493.0,516400.0,307614502.464,469407.59999996424,0.0,0.0,20230824,20230824,141133047,0.89,0.0,0.0,0.909,0.908,0.907,0.906,0.905,0.0,0.0,0.0,0.0,0.0,0.91,0.911,0.912,0.913,0.914,0.0,0.0,0.0,0.0,0.0,6635200.0,799000.0,1505900.0,2834900.0,827300.0,0.0,0.0,0.0,0.0,0.0,2586600.0,763100.0,777600.0,335100.0,107000.0,0.0,0.0,0.0,0.0,0.0
20230824141136064,SZSE,SZSE.ETF.159841,0.909,0.893,0.92,0.893,0.0,0.979,0.801,340099693.0,502200.0,308071002.264,456499.8000000119,0.0,0.0,20230824,20230824,141136063,0.89,0.0,0.0,0.909,0.908,0.907,0.906,0.905,0.0,0.0,0.0,0.0,0.0,0.91,0.911,0.912,0.913,0.914,0.0,0.0,0.0,0.0,0.0,6133000.0,1254600.0,957200.0,2854900.0,827300.0,0.0,0.0,0.0,0.0,0.0,2246700.0,987900.0,777600.0,335100.0,107000.0,0.0,0.0,0.0,0.0,0.0
20230824141134200,SZSE,SZSE.ETF.159841,0.909,0.893,0.92,0.893,0.0,0.979,0.801,340099693.0,502200.0,308071002.264,456499.8000000119,0.0,0.0,20230824,20230824,141134200,0.89,0.0,0.0,0.909,0.908,0.907,0.906,0.905,0.0,0.0,0.0,0.0,0.0,0.91,0.911,0.912,0.913,0.914,0.0,0.0,0.0,0.0,0.0,6133000.0,1254600.0,957200.0,2854900.0,827300.0,0.0,0.0,0.0,0.0,0.0,2246700.0,987900.0,777600.0,335100.0,107000.0,0.0,0.0,0.0,0.0,0.0
20230824141139080,SZSE,SZSE.ETF.159841,0.909,0.893,0.92,0.893,0.0,0.979,0.801,340599693.0,500000.0,308525502.264,454500.0,0.0,0.0,20230824,20230824,141139078,0.89,0.0,0.0,0.909,0.908,0.907,0.906,0.905,0.0,0.0,0.0,0.0,0.0,0.91,0.911,0.912,0.913,0.914,0.0,0.0,0.0,0.0,0.0,5633000.0,1369600.0,957200.0,2854900.0,827300.0,0.0,0.0,0.0,0.0,0.0,2246700.0,1102900.0,777600.0,335100.0,107000.0,0.0,0.0,0.0,0.0,0.0
20230824141137224,SZSE,SZSE.ETF.159841,0.909,0.893,0.92,0.893,0.0,0.979,0.801,340599693.0,500000.0,308525502.264,454500.0,0.0,0.0,20230824,20230824,141137223,0.89,0.0,0.0,0.909,0.908,0.907,0.906,0.905,0.0,0.0,0.0,0.0,0.0,0.91,0.911,0.912,0.913,0.914,0.0,0.0,0.0,0.0,0.0,5633000.0,1369600.0,957200.0,2854900.0,827300.0,0.0,0.0,0.0,0.0,0.0,2246700.0,1102900.0,777600.0,335100.0,107000.0,0.0,0.0,0.0,0.0,0.0
20230824141142048,SZSE,SZSE.ETF.159841,0.909,0.893,0.92,0.893,0.0,0.979,0.801,341099693.0,500000.0,308980002.264,454500.0,0.0,0.0,20230824,20230824,141142047,0.89,0.0,0.0,0.909,0.908,0.907,0.906,0.905,0.0,0.0,0.0,0.0,0.0,0.91,0.911,0.912,0.913,0.914,0.0,0.0,0.0,0.0,0.0,5133000.0,1369600.0,957200.0,2854900.0,827300.0,0.0,0.0,0.0,0.0,0.0,2246700.0,1102900.0,777600.0,335100.0,107000.0,0.0,0.0,0.0,0.0,0.0
20230824141140184,SZSE,SZSE.ETF.159841,0.909,0.893,0.92,0.893,0.0,0.979,0.801,341099693.0,500000.0,308980002.264,454500.0,0.0,0.0,20230824,20230824,141140186,0.89,0.0,0.0,0.909,0.908,0.907,0.906,0.905,0.0,0.0,0.0,0.0,0.0,0.91,0.911,0.912,0.913,0.914,0.0,0.0,0.0,0.0,0.0,5133000.0,1369600.0,957200.0,2854900.0,827300.0,0.0,0.0,0.0,0.0,0.0,2246700.0,1102900.0,777600.0,335100.0,107000.0,0.0,0.0,0.0,0.0,0.0
20230824141145048,SZSE,SZSE.ETF.159841,0.909,0.893,0.92,0.893,0.0,0.979,0.801,341599693.0,500000.0,309434502.264,454500.0,0.0,0.0,20230824,20230824,141145047,0.89,0.0,0.0,0.909,0.908,0.907,0.906,0.905,0.0,0.0,0.0,0.0,0.0,0.91,0.911,0.912,0.913,0.914,0.0,0.0,0.0,0.0,0.0,4633000.0,1369600.0,957200.0,2854900.0,827300.0,0.0,0.0,0.0,0.0,0.0,2246700.0,1102900.0,777600.0,335100.0,107000.0,0.0,0.0,0.0,0.0,0.0
20230824141143196,SZSE,SZSE.ETF.159841,0.909,0.893,0.92,0.893,0.0,0.979,0.801,341599693.0,500000.0,309434502.264,454500.0,0.0,0.0,20230824,20230824,141143196,0.89,0.0,0.0,0.909,0.908,0.907,0.906,0.905,0.0,0.0,0.0,0.0,0.0,0.91,0.911,0.912,0.913,0.914,0.0,0.0,0.0,0.0,0.0,4633000.0,1369600.0,957200.0,2854900.0,827300.0,0.0,0.0,0.0,0.0,0.0,2246700.0,1102900.0,777600.0,335100.0,107000.0,0.0,0.0,0.0,0.0,0.0
20230824141148064,SZSE,SZSE.ETF.159841,0.909,0.893,0.92,0.893,0.0,0.979,0.801,342099693.0,500000.0,309889002.264,454500.0,0.0,0.0,20230824,20230824,141148063,0.89,0.0,0.0,0.909,0.908,0.907,0.906,0.905,0.0,0.0,0.0,0.0,0.0,0.91,0.911,0.912,0.913,0.914,0.0,0.0,0.0,0.0,0.0,4133000.0,1369600.0,956200.0,2854900.0,827300.0,0.0,0.0,0.0,0.0,0.0,2247000.0,1102900.0,777600.0,335100.0,107000.0,0.0,0.0,0.0,0.0,0.0
20230824141146212,SZSE,SZSE.ETF.159841,0.909,0.893,0.92,0.893,0.0,0.979,0.801,342099693.0,500000.0,309889002.264,454500.0,0.0,0.0,20230824,20230824,141146211,0.89,0.0,0.0,0.909,0.908,0.907,0.906,0.905,0.0,0.0,0.0,0.0,0.0,0.91,0.911,0.912,0.913,0.914,0.0,0.0,0.0,0.0,0.0,4133000.0,1369600.0,956200.0,2854900.0,827300.0,0.0,0.0,0.0,0.0,0.0,2247000.0,1102900.0,777600.0,335100.0,107000.0,0.0,0.0,0.0,0.0,0.0
20230824141151032,SZSE,SZSE.ETF.159841,0.909,0.893,0.92,0.893,0.0,0.979,0.801,342599693.0,500000.0,310343502.264,454500.0,0.0,0.0,20230824,20230824,141151032,0.89,0.0,0.0,0.909,0.908,0.907,0.906,0.905,0.0,0.0,0.0,0.0,0.0,0.91,0.911,0.912,0.913,0.914,0.0,0.0,0.0,0.0,0.0,3633000.0,1369600.0,956200.0,2854900.0,827300.0,0.0,0.0,0.0,0.0,0.0,2038600.0,1102900.0,777600.0,335100.0,107000.0,0.0,0.0,0.0,0.0,0.0
20230824141154048,SZSE,SZSE.ETF.159841,0.909,0.893,0.92,0.893,0.0,0.979,0.801,342599693.0,0.0,310343502.264,0.0,0.0,0.0,20230824,20230824,141154047,0.89,0.0,0.0,0.909,0.908,0.907,0.906,0.905,0.0,0.0,0.0,0.0,0.0,0.91,0.911,0.912,0.913,0.914,0.0,0.0,0.0,0.0,0.0,4083000.0,1173400.0,706200.0,2854900.0,827300.0,0.0,0.0,0.0,0.0,0.0,1498000.0,1311300.0,977600.0,335100.0,357000.0,0.0,0.0,0.0,0.0,0.0
