time,exchg,code,price,open,high,low,settle_price,upper_limit,lower_limit,total_volume,volume,total_turnover,turnover,open_interest,diff_interest,trading_date,action_date,action_time,pre_close,pre_settle,pre_interest,bid_price_0,bid_price_1,bid_price_2,bid_price_3,bid_price_4,bid_price_5,bid_price_6,bid_price_7,bid_price_8,bid_price_9,ask_price_0,ask_price_1,ask_price_2,ask_price_3,ask_price_4,ask_price_5,ask_price_6,ask_price_7,ask_price_8,ask_price_9,bid_qty_0,bid_qty_1,bid_qty_2,bid_qty_3,bid_qty_4,bid_qty_5,bid_qty_6,bid_qty_7,bid_qty_8,bid_qty_9,ask_qty_0,ask_qty_1,ask_qty_2,ask_qty_3,ask_qty_4,ask_qty_5,ask_qty_6,ask_qty_7,ask_qty_8,ask_qty_9
20230824133624080,SZSE,SZSE.ETF.159915,2.024,1.995,2.031,1.99,0.0,2.384,1.59,856850396.0,61100.0,1722615476.46,123666.60000014305,0.0,0.0,20230824,20230824,133624082,1.987,0.0,0.0,2.024,2.023,2.022,2.021,2.02,0.0,0.0,0.0,0.0,0.0,2.025,2.026,2.027,2.028,2.029,0.0,0.0,0.0,0.0,0.0,1519800.0,2677100.0,1836700.0,1654600.0,1407500.0,0.0,0.0,0.0,0.0,0.0,218100.0,2450000.0,5484400.0,2713200.0,1212500.0,0.0,0.0,0.0,0.0,0.0
20230824133622332,SZSE,SZSE.ETF.159915,2.024,1.995,2.031,1.99,0.0,2.384,1.59,856850396.0,61100.0,1722615476.46,123666.60000014305,0.0,0.0,20230824,20230824,133622333,1.987,0.0,0.0,2.024,2.023,2.022,2.021,2.02,0.0,0.0,0.0,0.0,0.0,2.025,2.026,2.027,2.028,2.029,0.0,0.0,0.0,0.0,0.0,1519800.0,2677100.0,1836700.0,1654600.0,1407500.0,0.0,0.0,0.0,0.0,0.0,218100.0,2450000.0,5484400.0,2713200.0,1212500.0,0.0,0.0,0.0,0.0,0.0
20230824133625316,SZSE,SZSE.ETF.159915,2.024,1.995,2.031,1.99,0.0,2.384,1.59,856878396.0,28000.0,1722672160.26,56683.799999952316,0.0,0.0,20230824,20230824,133625317,1.987,0.0,0.0,2.024,2.023,2.022,2.021,2.02,0.0,0.0,0.0,0.0,0.0,2.025,2.026,2.027,2.028,2.029,0.0,0.0,0.0,0.0,0.0,1503600.0,2682100.0,1891900.0,1654600.0,1407500.0,0.0,0.0,0.0,0.0,0.0,236300.0,2709900.0,5414900.0,2710200.0,1212500.0,0.0,0.0,0.0,0.0,0.0
20230824133627068,SZSE,SZSE.ETF.159915,2.024,1.995,2.031,1.99,0.0,2.384,1.59,856878396.0,28000.0,1722672160.26,56683.799999952316,0.0,0.0,20230824,20230824,133627067,1.987,0.0,0.0,2.024,2.023,2.022,2.021,2.02,0.0,0.0,0.0,0.0,0.0,2.025,2.026,2.027,2.028,2.029,0.0,0.0,0.0,0.0,0.0,1503600.0,2682100.0,1891900.0,1654600.0,1407500.0,0.0,0.0,0.0,0.0,0.0,236300.0,2709900.0,5414900.0,2710200.0,1212500.0,0.0,0.0,0.0,0.0,0.0
20230824133630040,SZSE,SZSE.ETF.159915,2.025,1.995,2.031,1.99,0.0,2.384,1.59,856890296.0,11900.0,1722696257.76,24097.5,0.0,0.0,20230824,20230824,133630038,1.987,0.0,0.0,2.024,2.023,2.022,2.021,2.02,0.0,0.0,0.0,0.0,0.0,2.025,2.026,2.027,2.028,2.029,0.0,0.0,0.0,0.0,0.0,1503600.0,2682100.0,2891900.0,654600.0,1807500.0,0.0,0.0,0.0,0.0,0.0,231000.0,2709900.0,5484900.0,2710200.0,1212500.0,0.0,0.0,0.0,0.0,0.0
20230824133628288,SZSE,SZSE.ETF.159915,2.025,1.995,2.031,1.99,0.0,2.384,1.59,856890296.0,11900.0,1722696257.76,24097.5,0.0,0.0,20230824,20230824,133628289,1.987,0.0,0.0,2.024,2.023,2.022,2.021,2.02,0.0,0.0,0.0,0.0,0.0,2.025,2.026,2.027,2.028,2.029,0.0,0.0,0.0,0.0,0.0,1503600.0,2682100.0,2891900.0,654600.0,1807500.0,0.0,0.0,0.0,0.0,0.0,231000.0,2709900.0,5484900.0,2710200.0,1212500.0,0.0,0.0,0.0,0.0,0.0
20230824133633064,SZSE,SZSE.ETF.159915,2.024,1.995,2.031,1.99,0.0,2.384,1.59,857147196.0,256900.0,1723216223.46,519965.7000000477,0.0,0.0,20230824,20230824,133633064,1.987,0.0,0.0,2.024,2.023,2.022,2.021,2.02,0.0,0.0,0.0,0.0,0.0,2.025,2.026,2.027,2.028,2.029,0.0,0.0,0.0,0.0,0.0,709600.0,2682100.0,2971900.0,664600.0,1807500.0,0.0,0.0,0.0,0.0,0.0,243800.0,2709900.0,5394900.0,2780400.0,1210500.0,0.0,0.0,0.0,0.0,0.0
20230824133631316,SZSE,SZSE.ETF.159915,2.024,1.995,2.031,1.99,0.0,2.384,1.59,857147196.0,256900.0,1723216223.46,519965.7000000477,0.0,0.0,20230824,20230824,133631316,1.987,0.0,0.0,2.024,2.023,2.022,2.021,2.02,0.0,0.0,0.0,0.0,0.0,2.025,2.026,2.027,2.028,2.029,0.0,0.0,0.0,0.0,0.0,709600.0,2682100.0,2971900.0,664600.0,1807500.0,0.0,0.0,0.0,0.0,0.0,243800.0,2709900.0,5394900.0,2780400.0,1210500.0,0.0,0.0,0.0,0.0,0.0
20230824133706132,SZSE,SZSE.ETF.159915,2.024,1.995,2.031,1.99,0.0,2.384,1.59,857877196.0,42500.0,1724693888.96,86035.79999995232,0.0,0.0,20230824,20230824,133706132,1.987,0.0,0.0,2.024,2.023,2.022,2.021,2.02,0.0,0.0,0.0,0.0,0.0,2.025,2.026,2.027,2.028,2.029,0.0,0.0,0.0,0.0,0.0,569600.0,2767000.0,1949800.0,1644600.0,1835000.0,0.0,0.0,0.0,0.0,0.0,410700.0,2789800.0,6314200.0,2752400.0,810000.0,0.0,0.0,0.0,0.0,0.0
20230824133709112,SZSE,SZSE.ETF.159915,2.024,1.995,2.031,1.99,0.0,2.384,1.59,857885496.0,8300.0,1724710688.16,16799.200000047684,0.0,0.0,20230824,20230824,133709113,1.987,0.0,0.0,2.024,2.023,2.022,2.021,2.02,0.0,0.0,0.0,0.0,0.0,2.025,2.026,2.027,2.028,2.029,0.0,0.0,0.0,0.0,0.0,561300.0,2781400.0,1889800.0,1704600.0,1835000.0,0.0,0.0,0.0,0.0,0.0,611900.0,2909800.0,6254200.0,2752400.0,810000.0,0.0,0.0,0.0,0.0,0.0
20230824133707364,SZSE,SZSE.ETF.159915,2.024,1.995,2.031,1.99,0.0,2.384,1.59,857885496.0,8300.0,1724710688.16,16799.200000047684,0.0,0.0,20230824,20230824,133707364,1.987,0.0,0.0,2.024,2.023,2.022,2.021,2.02,0.0,0.0,0.0,0.0,0.0,2.025,2.026,2.027,2.028,2.029,0.0,0.0,0.0,0.0,0.0,561300.0,2781400.0,1889800.0,1704600.0,1835000.0,0.0,0.0,0.0,0.0,0.0,611900.0,2909800.0,6254200.0,2752400.0,810000.0,0.0,0.0,0.0,0.0,0.0
20230824133712048,SZSE,SZSE.ETF.159915,2.024,1.995,2.031,1.99,0.0,2.384,1.59,857918196.0,32700.0,1724776884.86,66196.69999980927,0.0,0.0,20230824,20230824,133712047,1.987,0.0,0.0,2.024,2.023,2.022,2.021,2.02,0.0,0.0,0.0,0.0,0.0,2.025,2.026,2.027,2.028,2.029,0.0,0.0,0.0,0.0,0.0,565200.0,2491400.0,1914800.0,1754600.0,1835000.0,0.0,0.0,0.0,0.0,0.0,602000.0,2917000.0,6304200.0,2777400.0,810000.0,0.0,0.0,0.0,0.0,0.0
20230824133710296,SZSE,SZSE.ETF.159915,2.024,1.995,2.031,1.99,0.0,2.384,1.59,857918196.0,32700.0,1724776884.86,66196.69999980927,0.0,0.0,20230824,20230824,133710298,1.987,0.0,0.0,2.024,2.023,2.022,2.021,2.02,0.0,0.0,0.0,0.0,0.0,2.025,2.026,2.027,2.028,2.029,0.0,0.0,0.0,0.0,0.0,565200.0,2491400.0,1914800.0,1754600.0,1835000.0,0.0,0.0,0.0,0.0,0.0,602000.0,2917000.0,6304200.0,2777400.0,810000.0,0.0,0.0,0.0,0.0,0.0
20230824133715064,SZSE,SZSE.ETF.159915,2.025,1.995,2.031,1.99,0.0,2.384,1.59,857942896.0,24700.0,1724826892.36,50007.5,0.0,0.0,20230824,20230824,133715064,1.987,0.0,0.0,2.024,2.023,2.022,2.021,2.02,0.0,0.0,0.0,0.0,0.0,2.025,2.026,2.027,2.028,2.029,0.0,0.0,0.0,0.0,0.0,556500.0,2486400.0,1779800.0,1814600.0,1835000.0,0.0,0.0,0.0,0.0,0.0,587300.0,2977000.0,7360200.0,1582400.0,815000.0,0.0,0.0,0.0,0.0,0.0
20230824133718068,SZSE,SZSE.ETF.159915,2.024,1.995,2.031,1.99,0.0,2.384,1.59,857952896.0,10000.0,1724847132.36,20240.0,0.0,0.0,20230824,20230824,133718067,1.987,0.0,0.0,2.024,2.023,2.022,2.021,2.02,0.0,0.0,0.0,0.0,0.0,2.025,2.026,2.027,2.028,2.029,0.0,0.0,0.0,0.0,0.0,856200.0,2426400.0,1779800.0,1814600.0,1435000.0,0.0,0.0,0.0,0.0,0.0,595100.0,2969500.0,7360200.0,1582400.0,805000.0,0.0,0.0,0.0,0.0,0.0
20230824133716316,SZSE,SZSE.ETF.159915,2.024,1.995,2.031,1.99,0.0,2.384,1.59,857952896.0,10000.0,1724847132.36,20240.0,0.0,0.0,20230824,20230824,133716317,1.987,0.0,0.0,2.024,2.023,2.022,2.021,2.02,0.0,0.0,0.0,0.0,0.0,2.025,2.026,2.027,2.028,2.029,0.0,0.0,0.0,0.0,0.0,856200.0,2426400.0,1779800.0,1814600.0,1435000.0,0.0,0.0,0.0,0.0,0.0,595100.0,2969500.0,7360200.0,1582400.0,805000.0,0.0,0.0,0.0,0.0,0.0
20230824133721156,SZSE,SZSE.ETF.159915,2.024,1.995,2.031,1.99,0.0,2.384,1.59,857975796.0,22900.0,1724893493.86,46361.5,0.0,0.0,20230824,20230824,133721157,1.987,0.0,0.0,2.024,2.023,2.022,2.021,2.02,0.0,0.0,0.0,0.0,0.0,2.025,2.026,2.027,2.028,2.029,0.0,0.0,0.0,0.0,0.0,761200.0,2235400.0,1879800.0,1814600.0,1435000.0,0.0,0.0,0.0,0.0,0.0,605600.0,3073500.0,7360200.0,1479300.0,855000.0,0.0,0.0,0.0,0.0,0.0
20230824133724048,SZSE,SZSE.ETF.159915,2.024,1.995,2.031,1.99,0.0,2.384,1.59,857988296.0,12500.0,1724918793.86,25300.0,0.0,0.0,20230824,20230824,133724049,1.987,0.0,0.0,2.024,2.023,2.022,2.021,2.02,0.0,0.0,0.0,0.0,0.0,2.025,2.026,2.027,2.028,2.029,0.0,0.0,0.0,0.0,0.0,815600.0,2075400.0,954800.0,1814600.0,1444900.0,0.0,0.0,0.0,0.0,0.0,694600.0,3060500.0,7292600.0,1546100.0,855000.0,0.0,0.0,0.0,0.0,0.0
20230824133722300,SZSE,SZSE.ETF.159915,2.024,1.995,2.031,1.99,0.0,2.384,1.59,857988296.0,12500.0,1724918793.86,25300.0,0.0,0.0,20230824,20230824,133722299,1.987,0.0,0.0,2.024,2.023,2.022,2.021,2.02,0.0,0.0,0.0,0.0,0.0,2.025,2.026,2.027,2.028,2.029,0.0,0.0,0.0,0.0,0.0,815600.0,2075400.0,954800.0,1814600.0,1444900.0,0.0,0.0,0.0,0.0,0.0,694600.0,3060500.0,7292600.0,1546100.0,855000.0,0.0,0.0,0.0,0.0,0.0
20230824133727040,SZSE,SZSE.ETF.159915,2.024,1.995,2.031,1.99,0.0,2.384,1.59,858064496.0,76200.0,1725073039.06,154245.20000004768,0.0,0.0,20230824,20230824,133727038,1.987,0.0,0.0,2.024,2.023,2.022,2.021,2.02,0.0,0.0,0.0,0.0,0.0,2.025,2.026,2.027,2.028,2.029,0.0,0.0,0.0,0.0,0.0,756800.0,2075400.0,939800.0,1814600.0,1444900.0,0.0,0.0,0.0,0.0,0.0,758200.0,3135800.0,7229300.0,1464800.0,865000.0,0.0,0.0,0.0,0.0,0.0
20230824133725288,SZSE,SZSE.ETF.159915,2.024,1.995,2.031,1.99,0.0,2.384,1.59,858064496.0,76200.0,1725073039.06,154245.20000004768,0.0,0.0,20230824,20230824,133725289,1.987,0.0,0.0,2.024,2.023,2.022,2.021,2.02,0.0,0.0,0.0,0.0,0.0,2.025,2.026,2.027,2.028,2.029,0.0,0.0,0.0,0.0,0.0,756800.0,2075400.0,939800.0,1814600.0,1444900.0,0.0,0.0,0.0,0.0,0.0,758200.0,3135800.0,7229300.0,1464800.0,865000.0,0.0,0.0,0.0,0.0,0.0
20230824133730024,SZSE,SZSE.ETF.159915,2.025,1.995,2.031,1.99,0.0,2.384,1.59,858079896.0,15400.0,1725104220.56,31181.5,0.0,0.0,20230824,20230824,133730025,1.987,0.0,0.0,2.024,2.023,2.022,2.021,2.02,0.0,0.0,0.0,0.0,0.0,2.025,2.026,2.027,2.028,2.029,0.0,0.0,0.0,0.0,0.0,800100.0,2075400.0,939800.0,1754600.0,1844900.0,0.0,0.0,0.0,0.0,0.0,1211200.0,4135800.0,6234300.0,1464800.0,865000.0,0.0,0.0,0.0,0.0,0.0
20230824133728276,SZSE,SZSE.ETF.159915,2.025,1.995,2.031,1.99,0.0,2.384,1.59,858079896.0,15400.0,1725104220.56,31181.5,0.0,0.0,20230824,20230824,133728276,1.987,0.0,0.0,2.024,2.023,2.022,2.021,2.02,0.0,0.0,0.0,0.0,0.0,2.025,2.026,2.027,2.028,2.029,0.0,0.0,0.0,0.0,0.0,800100.0,2075400.0,939800.0,1754600.0,1844900.0,0.0,0.0,0.0,0.0,0.0,1211200.0,4135800.0,6234300.0,1464800.0,865000.0,0.0,0.0,0.0,0.0,0.0
20230824133733048,SZSE,SZSE.ETF.159915,2.024,1.995,2.031,1.99,0.0,2.384,1.59,858163196.0,83300.0,1725272819.76,168599.20000004768,0.0,0.0,20230824,20230824,133733049,1.987,0.0,0.0,2.024,2.023,2.022,2.021,2.02,0.0,0.0,0.0,0.0,0.0,2.025,2.026,2.027,2.028,2.029,0.0,0.0,0.0,0.0,0.0,719200.0,2075500.0,989800.0,1704600.0,1860000.0,0.0,0.0,0.0,0.0,0.0,1232900.0,4205800.0,6114300.0,1508800.0,865000.0,0.0,0.0,0.0,0.0,0.0
20230824133731300,SZSE,SZSE.ETF.159915,2.024,1.995,2.031,1.99,0.0,2.384,1.59,858163196.0,83300.0,1725272819.76,168599.20000004768,0.0,0.0,20230824,20230824,133731300,1.987,0.0,0.0,2.024,2.023,2.022,2.021,2.02,0.0,0.0,0.0,0.0,0.0,2.025,2.026,2.027,2.028,2.029,0.0,0.0,0.0,0.0,0.0,719200.0,2075500.0,989800.0,1704600.0,1860000.0,0.0,0.0,0.0,0.0,0.0,1232900.0,4205800.0,6114300.0,1508800.0,865000.0,0.0,0.0,0.0,0.0,0.0
20230824133736072,SZSE,SZSE.ETF.159915,2.024,1.995,2.031,1.99,0.0,2.384,1.59,858184796.0,21600.0,1725316549.96,43730.200000047684,0.0,0.0,20230824,20230824,133736070,1.987,0.0,0.0,2.024,2.023,2.022,2.021,2.02,0.0,0.0,0.0,0.0,0.0,2.025,2.026,2.027,2.028,2.029,0.0,0.0,0.0,0.0,0.0,721200.0,2075500.0,1069800.0,1704600.0,1860000.0,0.0,0.0,0.0,0.0,0.0,1330400.0,4105800.0,6114300.0,1600800.0,857400.0,0.0,0.0,0.0,0.0,0.0
20230824133737252,SZSE,SZSE.ETF.159915,2.024,1.995,2.031,1.99,0.0,2.384,1.59,858189796.0,5000.0,1725326669.96,10120.0,0.0,0.0,20230824,20230824,133737251,1.987,0.0,0.0,2.024,2.023,2.022,2.021,2.02,0.0,0.0,0.0,0.0,0.0,2.025,2.026,2.027,2.028,2.029,0.0,0.0,0.0,0.0,0.0,721200.0,2075500.0,995900.0,1704600.0,1860000.0,0.0,0.0,0.0,0.0,0.0,1595400.0,3954400.0,5990700.0,1525800.0,857400.0,0.0,0.0,0.0,0.0,0.0
20230824133739000,SZSE,SZSE.ETF.159915,2.024,1.995,2.031,1.99,0.0,2.384,1.59,858189796.0,5000.0,1725326669.96,10120.0,0.0,0.0,20230824,20230824,133739002,1.987,0.0,0.0,2.024,2.023,2.022,2.021,2.02,0.0,0.0,0.0,0.0,0.0,2.025,2.026,2.027,2.028,2.029,0.0,0.0,0.0,0.0,0.0,721200.0,2075500.0,995900.0,1704600.0,1860000.0,0.0,0.0,0.0,0.0,0.0,1595400.0,3954400.0,5990700.0,1525800.0,857400.0,0.0,0.0,0.0,0.0,0.0
20230824133742012,SZSE,SZSE.ETF.159915,2.024,1.995,2.031,1.99,0.0,2.384,1.59,858232096.0,42300.0,1725412297.06,85627.09999990463,0.0,0.0,20230824,20230824,133742013,1.987,0.0,0.0,2.024,2.023,2.022,2.021,2.02,0.0,0.0,0.0,0.0,0.0,2.025,2.026,2.027,2.028,2.029,0.0,0.0,0.0,0.0,0.0,690800.0,2054000.0,1095900.0,1704600.0,1860000.0,0.0,0.0,0.0,0.0,0.0,2393400.0,3949400.0,5990700.0,1525800.0,857700.0,0.0,0.0,0.0,0.0,0.0
20230824133740264,SZSE,SZSE.ETF.159915,2.024,1.995,2.031,1.99,0.0,2.384,1.59,858232096.0,42300.0,1725412297.06,85627.09999990463,0.0,0.0,20230824,20230824,133740263,1.987,0.0,0.0,2.024,2.023,2.022,2.021,2.02,0.0,0.0,0.0,0.0,0.0,2.025,2.026,2.027,2.028,2.029,0.0,0.0,0.0,0.0,0.0,690800.0,2054000.0,1095900.0,1704600.0,1860000.0,0.0,0.0,0.0,0.0,0.0,2393400.0,3949400.0,5990700.0,1525800.0,857700.0,0.0,0.0,0.0,0.0,0.0
20230824133745032,SZSE,SZSE.ETF.159915,2.024,1.995,2.031,1.99,0.0,2.384,1.59,858320996.0,88900.0,1725592245.36,179948.29999995232,0.0,0.0,20230824,20230824,133745032,1.987,0.0,0.0,2.024,2.023,2.022,2.021,2.02,0.0,0.0,0.0,0.0,0.0,2.025,2.026,2.027,2.028,2.029,0.0,0.0,0.0,0.0,0.0,620400.0,2046000.0,1096900.0,1704600.0,1860000.0,0.0,0.0,0.0,0.0,0.0,2383700.0,4019400.0,5990700.0,1525800.0,857700.0,0.0,0.0,0.0,0.0,0.0
20230824133743284,SZSE,SZSE.ETF.159915,2.024,1.995,2.031,1.99,0.0,2.384,1.59,858320996.0,88900.0,1725592245.36,179948.29999995232,0.0,0.0,20230824,20230824,133743283,1.987,0.0,0.0,2.024,2.023,2.022,2.021,2.02,0.0,0.0,0.0,0.0,0.0,2.025,2.026,2.027,2.028,2.029,0.0,0.0,0.0,0.0,0.0,620400.0,2046000.0,1096900.0,1704600.0,1860000.0,0.0,0.0,0.0,0.0,0.0,2383700.0,4019400.0,5990700.0,1525800.0,857700.0,0.0,0.0,0.0,0.0,0.0
20230824133748016,SZSE,SZSE.ETF.159915,2.024,1.995,2.031,1.99,0.0,2.384,1.59,858341196.0,20200.0,1725633130.16,40884.800000190735,0.0,0.0,20230824,20230824,133748014,1.987,0.0,0.0,2.024,2.023,2.022,2.021,2.02,0.0,0.0,0.0,0.0,0.0,2.025,2.026,2.027,2.028,2.029,0.0,0.0,0.0,0.0,0.0,597700.0,1846000.0,1096900.0,1704600.0,1460000.0,0.0,0.0,0.0,0.0,0.0,2783700.0,5024400.0,4990700.0,1525100.0,857700.0,0.0,0.0,0.0,0.0,0.0
20230824133746264,SZSE,SZSE.ETF.159915,2.024,1.995,2.031,1.99,0.0,2.384,1.59,858341196.0,20200.0,1725633130.16,40884.800000190735,0.0,0.0,20230824,20230824,133746265,1.987,0.0,0.0,2.024,2.023,2.022,2.021,2.02,0.0,0.0,0.0,0.0,0.0,2.025,2.026,2.027,2.028,2.029,0.0,0.0,0.0,0.0,0.0,597700.0,1846000.0,1096900.0,1704600.0,1460000.0,0.0,0.0,0.0,0.0,0.0,2783700.0,5024400.0,4990700.0,1525100.0,857700.0,0.0,0.0,0.0,0.0,0.0
20230824133751052,SZSE,SZSE.ETF.159915,2.025,1.995,2.031,1.99,0.0,2.384,1.59,858367996.0,26800.0,1725687385.26,54255.09999990463,0.0,0.0,20230824,20230824,133751053,1.987,0.0,0.0,2.024,2.023,2.022,2.021,2.02,0.0,0.0,0.0,0.0,0.0,2.025,2.026,2.027,2.028,2.029,0.0,0.0,0.0,0.0,0.0,583800.0,1456000.0,1046900.0,754600.0,2462600.0,0.0,0.0,0.0,0.0,0.0,2767200.0,6034400.0,4057600.0,1489100.0,857700.0,0.0,0.0,0.0,0.0,0.0
20230824133749304,SZSE,SZSE.ETF.159915,2.025,1.995,2.031,1.99,0.0,2.384,1.59,858367996.0,26800.0,1725687385.26,54255.09999990463,0.0,0.0,20230824,20230824,133749303,1.987,0.0,0.0,2.024,2.023,2.022,2.021,2.02,0.0,0.0,0.0,0.0,0.0,2.025,2.026,2.027,2.028,2.029,0.0,0.0,0.0,0.0,0.0,583800.0,1456000.0,1046900.0,754600.0,2462600.0,0.0,0.0,0.0,0.0,0.0,2767200.0,6034400.0,4057600.0,1489100.0,857700.0,0.0,0.0,0.0,0.0,0.0
20230824133754044,SZSE,SZSE.ETF.159915,2.024,1.995,2.031,1.99,0.0,2.384,1.59,858512096.0,144100.0,1725979043.66,291658.40000009537,0.0,0.0,20230824,20230824,133754045,1.987,0.0,0.0,2.024,2.023,2.022,2.021,2.02,0.0,0.0,0.0,0.0,0.0,2.025,2.026,2.027,2.028,2.029,0.0,0.0,0.0,0.0,0.0,442600.0,1457000.0,986900.0,694600.0,2522600.0,0.0,0.0,0.0,0.0,0.0,3027700.0,5974400.0,3966400.0,1489100.0,857700.0,0.0,0.0,0.0,0.0,0.0
20230824133752296,SZSE,SZSE.ETF.159915,2.024,1.995,2.031,1.99,0.0,2.384,1.59,858512096.0,144100.0,1725979043.66,291658.40000009537,0.0,0.0,20230824,20230824,133752296,1.987,0.0,0.0,2.024,2.023,2.022,2.021,2.02,0.0,0.0,0.0,0.0,0.0,2.025,2.026,2.027,2.028,2.029,0.0,0.0,0.0,0.0,0.0,442600.0,1457000.0,986900.0,694600.0,2522600.0,0.0,0.0,0.0,0.0,0.0,3027700.0,5974400.0,3966400.0,1489100.0,857700.0,0.0,0.0,0.0,0.0,0.0
20230824140539068,SZSE,SZSE.ETF.159915,2.02,1.995,2.031,1.99,0.0,2.384,1.59,889575796.0,5000.0,1788773391.96,10100.0,0.0,0.0,20230824,20230824,140539067,1.987,0.0,0.0,2.02,2.019,2.018,2.017,2.016,0.0,0.0,0.0,0.0,0.0,2.021,2.022,2.023,2.024,2.025,0.0,0.0,0.0,0.0,0.0,1988200.0,4924300.0,3537800.0,1863500.0,1774700.0,0.0,0.0,0.0,0.0,0.0,47000.0,911300.0,3740700.0,3057100.0,926000.0,0.0,0.0,0.0,0.0,0.0
20230824140537204,SZSE,SZSE.ETF.159915,2.02,1.995,2.031,1.99,0.0,2.384,1.59,889575796.0,5000.0,1788773391.96,10100.0,0.0,0.0,20230824,20230824,140537203,1.987,0.0,0.0,2.02,2.019,2.018,2.017,2.016,0.0,0.0,0.0,0.0,0.0,2.021,2.022,2.023,2.024,2.025,0.0,0.0,0.0,0.0,0.0,1988200.0,4924300.0,3537800.0,1863500.0,1774700.0,0.0,0.0,0.0,0.0,0.0,47000.0,911300.0,3740700.0,3057100.0,926000.0,0.0,0.0,0.0,0.0,0.0
20230824140542076,SZSE,SZSE.ETF.159915,2.021,1.995,2.031,1.99,0.0,2.384,1.59,889587996.0,12200.0,1788798040.86,24648.89999985695,0.0,0.0,20230824,20230824,140542076,1.987,0.0,0.0,2.02,2.019,2.018,2.017,2.016,0.0,0.0,0.0,0.0,0.0,2.021,2.022,2.023,2.024,2.025,0.0,0.0,0.0,0.0,0.0,1980900.0,4984300.0,3412700.0,1853600.0,1774700.0,0.0,0.0,0.0,0.0,0.0,42100.0,1934500.0,3790800.0,3007000.0,874000.0,0.0,0.0,0.0,0.0,0.0
20230824140540212,SZSE,SZSE.ETF.159915,2.021,1.995,2.031,1.99,0.0,2.384,1.59,889587996.0,12200.0,1788798040.86,24648.89999985695,0.0,0.0,20230824,20230824,140540212,1.987,0.0,0.0,2.02,2.019,2.018,2.017,2.016,0.0,0.0,0.0,0.0,0.0,2.021,2.022,2.023,2.024,2.025,0.0,0.0,0.0,0.0,0.0,1980900.0,4984300.0,3412700.0,1853600.0,1774700.0,0.0,0.0,0.0,0.0,0.0,42100.0,1934500.0,3790800.0,3007000.0,874000.0,0.0,0.0,0.0,0.0,0.0
20230824140543208,SZSE,SZSE.ETF.159915,2.02,1.995,2.031,1.99,0.0,2.384,1.59,889645596.0,57600.0,1788914449.86,116409.0,0.0,0.0,20230824,20230824,140543206,1.987,0.0,0.0,2.02,2.019,2.018,2.017,2.016,0.0,0.0,0.0,0.0,0.0,2.022,2.023,2.024,2.025,2.026,0.0,0.0,0.0,0.0,0.0,1988800.0,4924300.0,3462800.0,1863500.0,1774700.0,0.0,0.0,0.0,0.0,0.0,1935400.0,3852700.0,3132100.0,834000.0,1287300.0,0.0,0.0,0.0,0.0,0.0
20230824140545072,SZSE,SZSE.ETF.159915,2.02,1.995,2.031,1.99,0.0,2.384,1.59,889645596.0,57600.0,1788914449.86,116409.0,0.0,0.0,20230824,20230824,140545072,1.987,0.0,0.0,2.02,2.019,2.018,2.017,2.016,0.0,0.0,0.0,0.0,0.0,2.022,2.023,2.024,2.025,2.026,0.0,0.0,0.0,0.0,0.0,1988800.0,4924300.0,3462800.0,1863500.0,1774700.0,0.0,0.0,0.0,0.0,0.0,1935400.0,3852700.0,3132100.0,834000.0,1287300.0,0.0,0.0,0.0,0.0,0.0
20230824140548088,SZSE,SZSE.ETF.159915,2.02,1.995,2.031,1.99,0.0,2.384,1.59,889645596.0,0.0,1788914449.86,0.0,0.0,0.0,20230824,20230824,140548090,1.987,0.0,0.0,2.02,2.019,2.018,2.017,2.016,0.0,0.0,0.0,0.0,0.0,2.022,2.023,2.024,2.025,2.026,0.0,0.0,0.0,0.0,0.0,1988800.0,3804300.0,4462800.0,1863500.0,1835700.0,0.0,0.0,0.0,0.0,0.0,2014400.0,3768200.0,3110100.0,895000.0,1287300.0,0.0,0.0,0.0,0.0,0.0
20230824140546224,SZSE,SZSE.ETF.159915,2.02,1.995,2.031,1.99,0.0,2.384,1.59,889645596.0,0.0,1788914449.86,0.0,0.0,0.0,20230824,20230824,140546226,1.987,0.0,0.0,2.02,2.019,2.018,2.017,2.016,0.0,0.0,0.0,0.0,0.0,2.022,2.023,2.024,2.025,2.026,0.0,0.0,0.0,0.0,0.0,1988800.0,3804300.0,4462800.0,1863500.0,1835700.0,0.0,0.0,0.0,0.0,0.0,2014400.0,3768200.0,3110100.0,895000.0,1287300.0,0.0,0.0,0.0,0.0,0.0
20230824140551092,SZSE,SZSE.ETF.159915,2.02,1.995,2.031,1.99,0.0,2.384,1.59,889645596.0,0.0,1788914449.86,0.0,0.0,0.0,20230824,20230824,140551092,1.987,0.0,0.0,2.02,2.019,2.018,2.017,2.016,0.0,0.0,0.0,0.0,0.0,2.022,2.023,2.024,2.025,2.026,0.0,0.0,0.0,0.0,0.0,1990500.0,3804300.0,4582800.0,1863500.0,1835700.0,0.0,0.0,0.0,0.0,0.0,2014400.0,3828200.0,3035100.0,1022000.0,1267300.0,0.0,0.0,0.0,0.0,0.0
20230824140549228,SZSE,SZSE.ETF.159915,2.02,1.995,2.031,1.99,0.0,2.384,1.59,889645596.0,0.0,1788914449.86,0.0,0.0,0.0,20230824,20230824,140549228,1.987,0.0,0.0,2.02,2.019,2.018,2.017,2.016,0.0,0.0,0.0,0.0,0.0,2.022,2.023,2.024,2.025,2.026,0.0,0.0,0.0,0.0,0.0,1990500.0,3804300.0,4582800.0,1863500.0,1835700.0,0.0,0.0,0.0,0.0,0.0,2014400.0,3828200.0,3035100.0,1022000.0,1267300.0,0.0,0.0,0.0,0.0,0.0
20230824140554084,SZSE,SZSE.ETF.159915,2.02,1.995,2.031,1.99,0.0,2.384,1.59,889645596.0,0.0,1788914449.86,0.0,0.0,0.0,20230824,20230824,140554085,1.987,0.0,0.0,2.02,2.019,2.018,2.017,2.016,0.0,0.0,0.0,0.0,0.0,2.022,2.023,2.024,2.025,2.026,0.0,0.0,0.0,0.0,0.0,1790500.0,3644300.0,3642800.0,863500.0,1835700.0,0.0,0.0,0.0,0.0,0.0,2323700.0,3828200.0,4095100.0,963100.0,1267300.0,0.0,0.0,0.0,0.0,0.0
20230824140552224,SZSE,SZSE.ETF.159915,2.02,1.995,2.031,1.99,0.0,2.384,1.59,889645596.0,0.0,1788914449.86,0.0,0.0,0.0,20230824,20230824,140552222,1.987,0.0,0.0,2.02,2.019,2.018,2.017,2.016,0.0,0.0,0.0,0.0,0.0,2.022,2.023,2.024,2.025,2.026,0.0,0.0,0.0,0.0,0.0,1790500.0,3644300.0,3642800.0,863500.0,1835700.0,0.0,0.0,0.0,0.0,0.0,2323700.0,3828200.0,4095100.0,963100.0,1267300.0,0.0,0.0,0.0,0.0,0.0
20230824140557088,SZSE,SZSE.ETF.159915,2.022,1.995,2.031,1.99,0.0,2.384,1.59,889649796.0,4200.0,1788922942.26,8492.400000095367,0.0,0.0,20230824,20230824,140557086,1.987,0.0,0.0,2.02,2.019,2.018,2.017,2.016,0.0,0.0,0.0,0.0,0.0,2.022,2.023,2.024,2.025,2.026,0.0,0.0,0.0,0.0,0.0,1392800.0,3344300.0,4642800.0,1863500.0,1835700.0,0.0,0.0,0.0,0.0,0.0,2329500.0,3828200.0,4095100.0,962600.0,1277800.0,0.0,0.0,0.0,0.0,0.0
20230824140555224,SZSE,SZSE.ETF.159915,2.022,1.995,2.031,1.99,0.0,2.384,1.59,889649796.0,4200.0,1788922942.26,8492.400000095367,0.0,0.0,20230824,20230824,140555222,1.987,0.0,0.0,2.02,2.019,2.018,2.017,2.016,0.0,0.0,0.0,0.0,0.0,2.022,2.023,2.024,2.025,2.026,0.0,0.0,0.0,0.0,0.0,1392800.0,3344300.0,4642800.0,1863500.0,1835700.0,0.0,0.0,0.0,0.0,0.0,2329500.0,3828200.0,4095100.0,962600.0,1277800.0,0.0,0.0,0.0,0.0,0.0
20230824140600072,SZSE,SZSE.ETF.159915,2.02,1.995,2.031,1.99,0.0,2.384,1.59,889668696.0,18900.0,1788961120.26,38178.0,0.0,0.0,20230824,20230824,140600070,1.987,0.0,0.0,2.02,2.019,2.018,2.017,2.016,0.0,0.0,0.0,0.0,0.0,2.022,2.023,2.024,2.025,2.026,0.0,0.0,0.0,0.0,0.0,1373900.0,3344300.0,4642800.0,1863500.0,1835700.0,0.0,0.0,0.0,0.0,0.0,2328800.0,3828200.0,4095100.0,962600.0,1277800.0,0.0,0.0,0.0,0.0,0.0
20230824140558204,SZSE,SZSE.ETF.159915,2.02,1.995,2.031,1.99,0.0,2.384,1.59,889668696.0,18900.0,1788961120.26,38178.0,0.0,0.0,20230824,20230824,140558205,1.987,0.0,0.0,2.02,2.019,2.018,2.017,2.016,0.0,0.0,0.0,0.0,0.0,2.022,2.023,2.024,2.025,2.026,0.0,0.0,0.0,0.0,0.0,1373900.0,3344300.0,4642800.0,1863500.0,1835700.0,0.0,0.0,0.0,0.0,0.0,2328800.0,3828200.0,4095100.0,962600.0,1277800.0,0.0,0.0,0.0,0.0,0.0
20230824140603128,SZSE,SZSE.ETF.159915,2.02,1.995,2.031,1.99,0.0,2.384,1.59,889722196.0,53500.0,1789069190.26,108070.0,0.0,0.0,20230824,20230824,140603129,1.987,0.0,0.0,2.02,2.019,2.018,2.017,2.016,0.0,0.0,0.0,0.0,0.0,2.022,2.023,2.024,2.025,2.026,0.0,0.0,0.0,0.0,0.0,1323700.0,3009100.0,4582800.0,1863500.0,1835700.0,0.0,0.0,0.0,0.0,0.0,2403300.0,3768200.0,3085100.0,1037600.0,1277800.0,0.0,0.0,0.0,0.0,0.0
20230824140601264,SZSE,SZSE.ETF.159915,2.02,1.995,2.031,1.99,0.0,2.384,1.59,889722196.0,53500.0,1789069190.26,108070.0,0.0,0.0,20230824,20230824,140601265,1.987,0.0,0.0,2.02,2.019,2.018,2.017,2.016,0.0,0.0,0.0,0.0,0.0,2.022,2.023,2.024,2.025,2.026,0.0,0.0,0.0,0.0,0.0,1323700.0,3009100.0,4582800.0,1863500.0,1835700.0,0.0,0.0,0.0,0.0,0.0,2403300.0,3768200.0,3085100.0,1037600.0,1277800.0,0.0,0.0,0.0,0.0,0.0
20230824140606144,SZSE,SZSE.ETF.159915,2.021,1.995,2.031,1.99,0.0,2.384,1.59,889753096.0,30900.0,1789131666.16,62475.90000009537,0.0,0.0,20230824,20230824,140606146,1.987,0.0,0.0,2.021,2.02,2.019,2.018,2.017,0.0,0.0,0.0,0.0,0.0,2.022,2.023,2.024,2.025,2.026,0.0,0.0,0.0,0.0,0.0,10000.0,1313700.0,2949100.0,4717800.0,2263500.0,0.0,0.0,0.0,0.0,0.0,2381300.0,3828200.0,4095100.0,962600.0,1277800.0,0.0,0.0,0.0,0.0,0.0
20230824140604284,SZSE,SZSE.ETF.159915,2.021,1.995,2.031,1.99,0.0,2.384,1.59,889753096.0,30900.0,1789131666.16,62475.90000009537,0.0,0.0,20230824,20230824,140604283,1.987,0.0,0.0,2.021,2.02,2.019,2.018,2.017,0.0,0.0,0.0,0.0,0.0,2.022,2.023,2.024,2.025,2.026,0.0,0.0,0.0,0.0,0.0,10000.0,1313700.0,2949100.0,4717800.0,2263500.0,0.0,0.0,0.0,0.0,0.0,2381300.0,3828200.0,4095100.0,962600.0,1277800.0,0.0,0.0,0.0,0.0,0.0
20230824140609112,SZSE,SZSE.ETF.159915,2.021,1.995,2.031,1.99,0.0,2.384,1.59,889763996.0,10900.0,1789153695.06,22028.89999985695,0.0,0.0,20230824,20230824,140609113,1.987,0.0,0.0,2.021,2.02,2.019,2.018,2.017,0.0,0.0,0.0,0.0,0.0,2.022,2.023,2.024,2.025,2.026,0.0,0.0,0.0,0.0,0.0,2900.0,1318500.0,3196100.0,3395800.0,1210500.0,0.0,0.0,0.0,0.0,0.0,2380300.0,3828200.0,4095100.0,962600.0,1277800.0,0.0,0.0,0.0,0.0,0.0
20230824140612140,SZSE,SZSE.ETF.159915,2.021,1.995,2.031,1.99,0.0,2.384,1.59,889763996.0,0.0,1789153695.06,0.0,0.0,0.0,20230824,20230824,140612141,1.987,0.0,0.0,2.021,2.02,2.019,2.018,2.017,0.0,0.0,0.0,0.0,0.0,2.022,2.023,2.024,2.025,2.026,0.0,0.0,0.0,0.0,0.0,2900.0,1318500.0,3254400.0,3276600.0,862500.0,0.0,0.0,0.0,0.0,0.0,2632400.0,4828300.0,3035100.0,1022600.0,1277800.0,0.0,0.0,0.0,0.0,0.0
20230824140610276,SZSE,SZSE.ETF.159915,2.021,1.995,2.031,1.99,0.0,2.384,1.59,889763996.0,0.0,1789153695.06,0.0,0.0,0.0,20230824,20230824,140610277,1.987,0.0,0.0,2.021,2.02,2.019,2.018,2.017,0.0,0.0,0.0,0.0,0.0,2.022,2.023,2.024,2.025,2.026,0.0,0.0,0.0,0.0,0.0,2900.0,1318500.0,3254400.0,3276600.0,862500.0,0.0,0.0,0.0,0.0,0.0,2632400.0,4828300.0,3035100.0,1022600.0,1277800.0,0.0,0.0,0.0,0.0,0.0
20230824140615216,SZSE,SZSE.ETF.159915,2.02,1.995,2.031,1.99,0.0,2.384,1.59,889788296.0,24300.0,1789202792.56,49097.5,0.0,0.0,20230824,20230824,140615216,1.987,0.0,0.0,2.02,2.019,2.018,2.017,2.016,0.0,0.0,0.0,0.0,0.0,2.022,2.023,2.024,2.025,2.026,0.0,0.0,0.0,0.0,0.0,1302200.0,3050400.0,2276600.0,922500.0,1835700.0,0.0,0.0,0.0,0.0,0.0,2709000.0,4748300.0,3035100.0,1037600.0,1277800.0,0.0,0.0,0.0,0.0,0.0
20230824140613352,SZSE,SZSE.ETF.159915,2.02,1.995,2.031,1.99,0.0,2.384,1.59,889788296.0,24300.0,1789202792.56,49097.5,0.0,0.0,20230824,20230824,140613353,1.987,0.0,0.0,2.02,2.019,2.018,2.017,2.016,0.0,0.0,0.0,0.0,0.0,2.022,2.023,2.024,2.025,2.026,0.0,0.0,0.0,0.0,0.0,1302200.0,3050400.0,2276600.0,922500.0,1835700.0,0.0,0.0,0.0,0.0,0.0,2709000.0,4748300.0,3035100.0,1037600.0,1277800.0,0.0,0.0,0.0,0.0,0.0
20230824140618224,SZSE,SZSE.ETF.159915,2.02,1.995,2.031,1.99,0.0,2.384,1.59,889812296.0,24000.0,1789251280.56,48488.0,0.0,0.0,20230824,20230824,140618226,1.987,0.0,0.0,2.02,2.019,2.018,2.017,2.016,0.0,0.0,0.0,0.0,0.0,2.022,2.023,2.024,2.025,2.026,0.0,0.0,0.0,0.0,0.0,1281200.0,2703400.0,2583600.0,1923500.0,1835700.0,0.0,0.0,0.0,0.0,0.0,2702900.0,3748300.0,3095100.0,962600.0,1277800.0,0.0,0.0,0.0,0.0,0.0
20230824140616360,SZSE,SZSE.ETF.159915,2.02,1.995,2.031,1.99,0.0,2.384,1.59,889812296.0,24000.0,1789251280.56,48488.0,0.0,0.0,20230824,20230824,140616362,1.987,0.0,0.0,2.02,2.019,2.018,2.017,2.016,0.0,0.0,0.0,0.0,0.0,2.022,2.023,2.024,2.025,2.026,0.0,0.0,0.0,0.0,0.0,1281200.0,2703400.0,2583600.0,1923500.0,1835700.0,0.0,0.0,0.0,0.0,0.0,2702900.0,3748300.0,3095100.0,962600.0,1277800.0,0.0,0.0,0.0,0.0,0.0
20230824140621164,SZSE,SZSE.ETF.159915,2.021,1.995,2.031,1.99,0.0,2.384,1.59,889814596.0,2300.0,1789255928.86,4648.299999952316,0.0,0.0,20230824,20230824,140621163,1.987,0.0,0.0,2.02,2.019,2.018,2.017,2.016,0.0,0.0,0.0,0.0,0.0,2.021,2.022,2.023,2.024,2.025,0.0,0.0,0.0,0.0,0.0,1307800.0,2778900.0,2583600.0,1923500.0,1435700.0,0.0,0.0,0.0,0.0,0.0,969200.0,3770500.0,3748300.0,3095100.0,962600.0,0.0,0.0,0.0,0.0,0.0
20230824140624172,SZSE,SZSE.ETF.159915,2.02,1.995,2.031,1.99,0.0,2.384,1.59,889836896.0,22300.0,1789300974.86,45046.0,0.0,0.0,20230824,20230824,140624173,1.987,0.0,0.0,2.02,2.019,2.018,2.017,2.016,0.0,0.0,0.0,0.0,0.0,2.021,2.022,2.023,2.024,2.025,0.0,0.0,0.0,0.0,0.0,1270500.0,1726300.0,3588000.0,1973600.0,1304700.0,0.0,0.0,0.0,0.0,0.0,1239200.0,3776000.0,3916900.0,2862000.0,849600.0,0.0,0.0,0.0,0.0,0.0
20230824140627184,SZSE,SZSE.ETF.159915,2.02,1.995,2.031,1.99,0.0,2.384,1.59,889844596.0,7700.0,1789316532.96,15558.100000143051,0.0,0.0,20230824,20230824,140627184,1.987,0.0,0.0,2.02,2.019,2.018,2.017,2.016,0.0,0.0,0.0,0.0,0.0,2.021,2.022,2.023,2.024,2.025,0.0,0.0,0.0,0.0,0.0,1134900.0,1726300.0,3678100.0,1923500.0,1364700.0,0.0,0.0,0.0,0.0,0.0,1400700.0,3726800.0,3888800.0,2987100.0,774600.0,0.0,0.0,0.0,0.0,0.0
20230824140630144,SZSE,SZSE.ETF.159915,2.021,1.995,2.031,1.99,0.0,2.384,1.59,889845296.0,700.0,1789317947.66,1414.7000000476837,0.0,0.0,20230824,20230824,140630145,1.987,0.0,0.0,2.02,2.019,2.018,2.017,2.016,0.0,0.0,0.0,0.0,0.0,2.021,2.022,2.023,2.024,2.025,0.0,0.0,0.0,0.0,0.0,1133300.0,1676300.0,3703000.0,1973600.0,1364700.0,0.0,0.0,0.0,0.0,0.0,1452500.0,3726300.0,4938900.0,1937000.0,774600.0,0.0,0.0,0.0,0.0,0.0
20230824140628280,SZSE,SZSE.ETF.159915,2.021,1.995,2.031,1.99,0.0,2.384,1.59,889845296.0,700.0,1789317947.66,1414.7000000476837,0.0,0.0,20230824,20230824,140628281,1.987,0.0,0.0,2.02,2.019,2.018,2.017,2.016,0.0,0.0,0.0,0.0,0.0,2.021,2.022,2.023,2.024,2.025,0.0,0.0,0.0,0.0,0.0,1133300.0,1676300.0,3703000.0,1973600.0,1364700.0,0.0,0.0,0.0,0.0,0.0,1452500.0,3726300.0,4938900.0,1937000.0,774600.0,0.0,0.0,0.0,0.0,0.0
20230824140703116,SZSE,SZSE.ETF.159915,2.02,1.995,2.031,1.99,0.0,2.384,1.59,891039996.0,71500.0,1791731127.46,144360.5,0.0,0.0,20230824,20230824,140703115,1.987,0.0,0.0,2.019,2.018,2.017,2.016,2.015,0.0,0.0,0.0,0.0,0.0,2.02,2.021,2.022,2.023,2.024,0.0,0.0,0.0,0.0,0.0,762900.0,2572200.0,2323000.0,2515100.0,1817700.0,0.0,0.0,0.0,0.0,0.0,1797800.0,3389600.0,3924500.0,1231300.0,628000.0,0.0,0.0,0.0,0.0,0.0
20230824140701252,SZSE,SZSE.ETF.159915,2.02,1.995,2.031,1.99,0.0,2.384,1.59,891039996.0,71500.0,1791731127.46,144360.5,0.0,0.0,20230824,20230824,140701251,1.987,0.0,0.0,2.019,2.018,2.017,2.016,2.015,0.0,0.0,0.0,0.0,0.0,2.02,2.021,2.022,2.023,2.024,0.0,0.0,0.0,0.0,0.0,762900.0,2572200.0,2323000.0,2515100.0,1817700.0,0.0,0.0,0.0,0.0,0.0,1797800.0,3389600.0,3924500.0,1231300.0,628000.0,0.0,0.0,0.0,0.0,0.0
20230824140704240,SZSE,SZSE.ETF.159915,2.02,1.995,2.031,1.99,0.0,2.384,1.59,891050096.0,10100.0,1791751519.46,20392.0,0.0,0.0,20230824,20230824,140704240,1.987,0.0,0.0,2.019,2.018,2.017,2.016,2.015,0.0,0.0,0.0,0.0,0.0,2.02,2.021,2.022,2.023,2.024,0.0,0.0,0.0,0.0,0.0,769400.0,2172200.0,2373100.0,2465000.0,1747700.0,0.0,0.0,0.0,0.0,0.0,1862600.0,3519600.0,4044400.0,1211900.0,628000.0,0.0,0.0,0.0,0.0,0.0
20230824140706104,SZSE,SZSE.ETF.159915,2.02,1.995,2.031,1.99,0.0,2.384,1.59,891050096.0,10100.0,1791751519.46,20392.0,0.0,0.0,20230824,20230824,140706106,1.987,0.0,0.0,2.019,2.018,2.017,2.016,2.015,0.0,0.0,0.0,0.0,0.0,2.02,2.021,2.022,2.023,2.024,0.0,0.0,0.0,0.0,0.0,769400.0,2172200.0,2373100.0,2465000.0,1747700.0,0.0,0.0,0.0,0.0,0.0,1862600.0,3519600.0,4044400.0,1211900.0,628000.0,0.0,0.0,0.0,0.0,0.0
20230824140709120,SZSE,SZSE.ETF.159915,2.019,1.995,2.031,1.99,0.0,2.384,1.59,891061096.0,11000.0,1791773728.46,22209.0,0.0,0.0,20230824,20230824,140709119,1.987,0.0,0.0,2.019,2.018,2.017,2.016,2.015,0.0,0.0,0.0,0.0,0.0,2.02,2.021,2.022,2.023,2.024,0.0,0.0,0.0,0.0,0.0,762500.0,2765200.0,2448100.0,2465000.0,1748200.0,0.0,0.0,0.0,0.0,0.0,1834300.0,3519600.0,4102400.0,1286900.0,628000.0,0.0,0.0,0.0,0.0,0.0
20230824140707256,SZSE,SZSE.ETF.159915,2.019,1.995,2.031,1.99,0.0,2.384,1.59,891061096.0,11000.0,1791773728.46,22209.0,0.0,0.0,20230824,20230824,140707254,1.987,0.0,0.0,2.019,2.018,2.017,2.016,2.015,0.0,0.0,0.0,0.0,0.0,2.02,2.021,2.022,2.023,2.024,0.0,0.0,0.0,0.0,0.0,762500.0,2765200.0,2448100.0,2465000.0,1748200.0,0.0,0.0,0.0,0.0,0.0,1834300.0,3519600.0,4102400.0,1286900.0,628000.0,0.0,0.0,0.0,0.0,0.0
20230824140712128,SZSE,SZSE.ETF.159915,2.019,1.995,2.031,1.99,0.0,2.384,1.59,891465896.0,404800.0,1792591019.66,817291.2000000477,0.0,0.0,20230824,20230824,140712127,1.987,0.0,0.0,2.019,2.018,2.017,2.016,2.015,0.0,0.0,0.0,0.0,0.0,2.02,2.021,2.022,2.023,2.024,0.0,0.0,0.0,0.0,0.0,357700.0,2775000.0,3373100.0,1465000.0,1748200.0,0.0,0.0,0.0,0.0,0.0,1707900.0,3519600.0,4104400.0,1211900.0,628000.0,0.0,0.0,0.0,0.0,0.0
20230824140710264,SZSE,SZSE.ETF.159915,2.019,1.995,2.031,1.99,0.0,2.384,1.59,891465896.0,404800.0,1792591019.66,817291.2000000477,0.0,0.0,20230824,20230824,140710262,1.987,0.0,0.0,2.019,2.018,2.017,2.016,2.015,0.0,0.0,0.0,0.0,0.0,2.02,2.021,2.022,2.023,2.024,0.0,0.0,0.0,0.0,0.0,357700.0,2775000.0,3373100.0,1465000.0,1748200.0,0.0,0.0,0.0,0.0,0.0,1707900.0,3519600.0,4104400.0,1211900.0,628000.0,0.0,0.0,0.0,0.0,0.0
20230824140715060,SZSE,SZSE.ETF.159915,2.02,1.995,2.031,1.99,0.0,2.384,1.59,891562296.0,96400.0,1792785746.46,194726.79999995232,0.0,0.0,20230824,20230824,140715061,1.987,0.0,0.0,2.019,2.018,2.017,2.016,2.015,0.0,0.0,0.0,0.0,0.0,2.02,2.021,2.022,2.023,2.024,0.0,0.0,0.0,0.0,0.0,358100.0,2773000.0,3433100.0,1865000.0,1690200.0,0.0,0.0,0.0,0.0,0.0,1620400.0,3533000.0,4026300.0,1212400.0,628000.0,0.0,0.0,0.0,0.0,0.0
20230824140713200,SZSE,SZSE.ETF.159915,2.02,1.995,2.031,1.99,0.0,2.384,1.59,891562296.0,96400.0,1792785746.46,194726.79999995232,0.0,0.0,20230824,20230824,140713198,1.987,0.0,0.0,2.019,2.018,2.017,2.016,2.015,0.0,0.0,0.0,0.0,0.0,2.02,2.021,2.022,2.023,2.024,0.0,0.0,0.0,0.0,0.0,358100.0,2773000.0,3433100.0,1865000.0,1690200.0,0.0,0.0,0.0,0.0,0.0,1620400.0,3533000.0,4026300.0,1212400.0,628000.0,0.0,0.0,0.0,0.0,0.0
20230824140716192,SZSE,SZSE.ETF.159915,2.019,1.995,2.031,1.99,0.0,2.384,1.59,891582396.0,20100.0,1792826328.46,40582.0,0.0,0.0,20230824,20230824,140716192,1.987,0.0,0.0,2.019,2.018,2.017,2.016,2.015,0.0,0.0,0.0,0.0,0.0,2.02,2.021,2.022,2.023,2.024,0.0,0.0,0.0,0.0,0.0,307800.0,2773000.0,3373100.0,1865000.0,1750700.0,0.0,0.0,0.0,0.0,0.0,1660300.0,3533000.0,2958300.0,2212400.0,628000.0,0.0,0.0,0.0,0.0,0.0
20230824140718080,SZSE,SZSE.ETF.159915,2.019,1.995,2.031,1.99,0.0,2.384,1.59,891582396.0,20100.0,1792826328.46,40582.0,0.0,0.0,20230824,20230824,140718081,1.987,0.0,0.0,2.019,2.018,2.017,2.016,2.015,0.0,0.0,0.0,0.0,0.0,2.02,2.021,2.022,2.023,2.024,0.0,0.0,0.0,0.0,0.0,307800.0,2773000.0,3373100.0,1865000.0,1750700.0,0.0,0.0,0.0,0.0,0.0,1660300.0,3533000.0,2958300.0,2212400.0,628000.0,0.0,0.0,0.0,0.0,0.0
20230824140721100,SZSE,SZSE.ETF.159915,2.019,1.995,2.031,1.99,0.0,2.384,1.59,891587396.0,5000.0,1792836423.46,10095.0,0.0,0.0,20230824,20230824,140721100,1.987,0.0,0.0,2.019,2.018,2.017,2.016,2.015,0.0,0.0,0.0,0.0,0.0,2.02,2.021,2.022,2.023,2.024,0.0,0.0,0.0,0.0,0.0,302800.0,2612200.0,3433100.0,1865000.0,1760700.0,0.0,0.0,0.0,0.0,0.0,1361300.0,3533000.0,2968300.0,2282400.0,628000.0,0.0,0.0,0.0,0.0,0.0
20230824140724080,SZSE,SZSE.ETF.159915,2.019,1.995,2.031,1.99,0.0,2.384,1.59,891637996.0,50600.0,1792938589.86,102166.39999985695,0.0,0.0,20230824,20230824,140724078,1.987,0.0,0.0,2.019,2.018,2.017,2.016,2.015,0.0,0.0,0.0,0.0,0.0,2.02,2.021,2.022,2.023,2.024,0.0,0.0,0.0,0.0,0.0,257200.0,2013200.0,2448100.0,1495000.0,1751200.0,0.0,0.0,0.0,0.0,0.0,1806300.0,3533000.0,4038300.0,1287400.0,628000.0,0.0,0.0,0.0,0.0,0.0
20230824140722216,SZSE,SZSE.ETF.159915,2.019,1.995,2.031,1.99,0.0,2.384,1.59,891637996.0,50600.0,1792938589.86,102166.39999985695,0.0,0.0,20230824,20230824,140722215,1.987,0.0,0.0,2.019,2.018,2.017,2.016,2.015,0.0,0.0,0.0,0.0,0.0,2.02,2.021,2.022,2.023,2.024,0.0,0.0,0.0,0.0,0.0,257200.0,2013200.0,2448100.0,1495000.0,1751200.0,0.0,0.0,0.0,0.0,0.0,1806300.0,3533000.0,4038300.0,1287400.0,628000.0,0.0,0.0,0.0,0.0,0.0
20230824140727144,SZSE,SZSE.ETF.159915,2.02,1.995,2.031,1.99,0.0,2.384,1.59,891642196.0,4200.0,1792947073.86,8484.0,0.0,0.0,20230824,20230824,140727142,1.987,0.0,0.0,2.019,2.018,2.017,2.016,2.015,0.0,0.0,0.0,0.0,0.0,2.02,2.021,2.022,2.023,2.024,0.0,0.0,0.0,0.0,0.0,248200.0,2013200.0,2433100.0,2436500.0,1691200.0,0.0,0.0,0.0,0.0,0.0,1849500.0,3524400.0,4020400.0,1212400.0,628000.0,0.0,0.0,0.0,0.0,0.0
20230824140725276,SZSE,SZSE.ETF.159915,2.02,1.995,2.031,1.99,0.0,2.384,1.59,891642196.0,4200.0,1792947073.86,8484.0,0.0,0.0,20230824,20230824,140725277,1.987,0.0,0.0,2.019,2.018,2.017,2.016,2.015,0.0,0.0,0.0,0.0,0.0,2.02,2.021,2.022,2.023,2.024,0.0,0.0,0.0,0.0,0.0,248200.0,2013200.0,2433100.0,2436500.0,1691200.0,0.0,0.0,0.0,0.0,0.0,1849500.0,3524400.0,4020400.0,1212400.0,628000.0,0.0,0.0,0.0,0.0,0.0
20230824140730104,SZSE,SZSE.ETF.159915,2.02,1.995,2.031,1.99,0.0,2.384,1.59,891655596.0,13400.0,1792974131.16,27057.300000190735,0.0,0.0,20230824,20230824,140730102,1.987,0.0,0.0,2.019,2.018,2.017,2.016,2.015,0.0,0.0,0.0,0.0,0.0,2.02,2.021,2.022,2.023,2.024,0.0,0.0,0.0,0.0,0.0,387500.0,2023200.0,2373100.0,2436500.0,1811200.0,0.0,0.0,0.0,0.0,0.0,1846800.0,3524400.0,5044900.0,1212400.0,628000.0,0.0,0.0,0.0,0.0,0.0
20230824140728240,SZSE,SZSE.ETF.159915,2.02,1.995,2.031,1.99,0.0,2.384,1.59,891655596.0,13400.0,1792974131.16,27057.300000190735,0.0,0.0,20230824,20230824,140728238,1.987,0.0,0.0,2.019,2.018,2.017,2.016,2.015,0.0,0.0,0.0,0.0,0.0,2.02,2.021,2.022,2.023,2.024,0.0,0.0,0.0,0.0,0.0,387500.0,2023200.0,2373100.0,2436500.0,1811200.0,0.0,0.0,0.0,0.0,0.0,1846800.0,3524400.0,5044900.0,1212400.0,628000.0,0.0,0.0,0.0,0.0,0.0
20230824140733120,SZSE,SZSE.ETF.159915,2.019,1.995,2.031,1.99,0.0,2.384,1.59,891672396.0,16800.0,1793008050.36,33919.199999809265,0.0,0.0,20230824,20230824,140733120,1.987,0.0,0.0,2.019,2.018,2.017,2.016,2.015,0.0,0.0,0.0,0.0,0.0,2.02,2.021,2.022,2.023,2.024,0.0,0.0,0.0,0.0,0.0,370700.0,2033200.0,2373100.0,2496500.0,1351700.0,0.0,0.0,0.0,0.0,0.0,1866500.0,3554400.0,5044900.0,1212400.0,628000.0,0.0,0.0,0.0,0.0,0.0
20230824140731256,SZSE,SZSE.ETF.159915,2.019,1.995,2.031,1.99,0.0,2.384,1.59,891672396.0,16800.0,1793008050.36,33919.199999809265,0.0,0.0,20230824,20230824,140731256,1.987,0.0,0.0,2.019,2.018,2.017,2.016,2.015,0.0,0.0,0.0,0.0,0.0,2.02,2.021,2.022,2.023,2.024,0.0,0.0,0.0,0.0,0.0,370700.0,2033200.0,2373100.0,2496500.0,1351700.0,0.0,0.0,0.0,0.0,0.0,1866500.0,3554400.0,5044900.0,1212400.0,628000.0,0.0,0.0,0.0,0.0,0.0
20230824140736140,SZSE,SZSE.ETF.159915,2.018,1.995,2.031,1.99,0.0,2.384,1.59,892991696.0,1319300.0,1795670784.96,2662734.600000143,0.0,0.0,20230824,20230824,140736141,1.987,0.0,0.0,2.018,2.017,2.016,2.015,2.014,0.0,0.0,0.0,0.0,0.0,2.019,2.02,2.021,2.022,2.023,0.0,0.0,0.0,0.0,0.0,1101100.0,2388100.0,2496500.0,1351700.0,989900.0,0.0,0.0,0.0,0.0,0.0,5000.0,2129500.0,4674400.0,4914900.0,1227400.0,0.0,0.0,0.0,0.0,0.0
20230824140734280,SZSE,SZSE.ETF.159915,2.018,1.995,2.031,1.99,0.0,2.384,1.59,892991696.0,1319300.0,1795670784.96,2662734.600000143,0.0,0.0,20230824,20230824,140734279,1.987,0.0,0.0,2.018,2.017,2.016,2.015,2.014,0.0,0.0,0.0,0.0,0.0,2.019,2.02,2.021,2.022,2.023,0.0,0.0,0.0,0.0,0.0,1101100.0,2388100.0,2496500.0,1351700.0,989900.0,0.0,0.0,0.0,0.0,0.0,5000.0,2129500.0,4674400.0,4914900.0,1227400.0,0.0,0.0,0.0,0.0,0.0
20230824140739108,SZSE,SZSE.ETF.159915,2.019,1.995,2.031,1.99,0.0,2.384,1.59,893083596.0,91900.0,1795856240.96,185456.0,0.0,0.0,20230824,20230824,140739109,1.987,0.0,0.0,2.018,2.017,2.016,2.015,2.014,0.0,0.0,0.0,0.0,0.0,2.019,2.02,2.021,2.022,2.023,0.0,0.0,0.0,0.0,0.0,1029600.0,2374700.0,1723000.0,2462900.0,929900.0,0.0,0.0,0.0,0.0,0.0,54900.0,2502200.0,4563100.0,2447900.0,1041300.0,0.0,0.0,0.0,0.0,0.0
20230824140737256,SZSE,SZSE.ETF.159915,2.019,1.995,2.031,1.99,0.0,2.384,1.59,893083596.0,91900.0,1795856240.96,185456.0,0.0,0.0,20230824,20230824,140737257,1.987,0.0,0.0,2.018,2.017,2.016,2.015,2.014,0.0,0.0,0.0,0.0,0.0,2.019,2.02,2.021,2.022,2.023,0.0,0.0,0.0,0.0,0.0,1029600.0,2374700.0,1723000.0,2462900.0,929900.0,0.0,0.0,0.0,0.0,0.0,54900.0,2502200.0,4563100.0,2447900.0,1041300.0,0.0,0.0,0.0,0.0,0.0
20230824140742140,SZSE,SZSE.ETF.159915,2.019,1.995,2.031,1.99,0.0,2.384,1.59,893087596.0,4000.0,1795864314.96,8074.0,0.0,0.0,20230824,20230824,140742141,1.987,0.0,0.0,2.018,2.017,2.016,2.015,2.014,0.0,0.0,0.0,0.0,0.0,2.019,2.02,2.021,2.022,2.023,0.0,0.0,0.0,0.0,0.0,1029800.0,2239700.0,1858000.0,2514900.0,929900.0,0.0,0.0,0.0,0.0,0.0,829200.0,2453200.0,3563100.0,2364300.0,856800.0,0.0,0.0,0.0,0.0,0.0
20230824140740288,SZSE,SZSE.ETF.159915,2.019,1.995,2.031,1.99,0.0,2.384,1.59,893087596.0,4000.0,1795864314.96,8074.0,0.0,0.0,20230824,20230824,140740287,1.987,0.0,0.0,2.018,2.017,2.016,2.015,2.014,0.0,0.0,0.0,0.0,0.0,2.019,2.02,2.021,2.022,2.023,0.0,0.0,0.0,0.0,0.0,1029800.0,2239700.0,1858000.0,2514900.0,929900.0,0.0,0.0,0.0,0.0,0.0,829200.0,2453200.0,3563100.0,2364300.0,856800.0,0.0,0.0,0.0,0.0,0.0
20230824140745140,SZSE,SZSE.ETF.159915,2.019,1.995,2.031,1.99,0.0,2.384,1.59,893092096.0,4500.0,1795873399.46,9084.5,0.0,0.0,20230824,20230824,140745141,1.987,0.0,0.0,2.018,2.017,2.016,2.015,2.014,0.0,0.0,0.0,0.0,0.0,2.019,2.02,2.021,2.022,2.023,0.0,0.0,0.0,0.0,0.0,1020500.0,2226500.0,1858000.0,2514900.0,929900.0,0.0,0.0,0.0,0.0,0.0,2005700.0,3454500.0,3615100.0,2364300.0,856800.0,0.0,0.0,0.0,0.0,0.0
20230824140748144,SZSE,SZSE.ETF.159915,2.018,1.995,2.031,1.99,0.0,2.384,1.59,893140496.0,48400.0,1795971070.66,97671.20000004768,0.0,0.0,20230824,20230824,140748142,1.987,0.0,0.0,2.018,2.017,2.016,2.015,2.014,0.0,0.0,0.0,0.0,0.0,2.019,2.02,2.021,2.022,2.023,0.0,0.0,0.0,0.0,0.0,372100.0,2231500.0,1958000.0,2512900.0,929900.0,0.0,0.0,0.0,0.0,0.0,2290700.0,3451500.0,3515100.0,2379300.0,856800.0,0.0,0.0,0.0,0.0,0.0
20230824140746280,SZSE,SZSE.ETF.159915,2.018,1.995,2.031,1.99,0.0,2.384,1.59,893140496.0,48400.0,1795971070.66,97671.20000004768,0.0,0.0,20230824,20230824,140746278,1.987,0.0,0.0,2.018,2.017,2.016,2.015,2.014,0.0,0.0,0.0,0.0,0.0,2.019,2.02,2.021,2.022,2.023,0.0,0.0,0.0,0.0,0.0,372100.0,2231500.0,1958000.0,2512900.0,929900.0,0.0,0.0,0.0,0.0,0.0,2290700.0,3451500.0,3515100.0,2379300.0,856800.0,0.0,0.0,0.0,0.0,0.0
20230824140751108,SZSE,SZSE.ETF.159915,2.018,1.995,2.031,1.99,0.0,2.384,1.59,893144496.0,4000.0,1795979142.66,8072.0,0.0,0.0,20230824,20230824,140751109,1.987,0.0,0.0,2.018,2.017,2.016,2.015,2.014,0.0,0.0,0.0,0.0,0.0,2.019,2.02,2.021,2.022,2.023,0.0,0.0,0.0,0.0,0.0,368100.0,2230500.0,1943300.0,2402700.0,919900.0,0.0,0.0,0.0,0.0,0.0,2330700.0,3447100.0,3414900.0,2359400.0,856800.0,0.0,0.0,0.0,0.0,0.0
20230824140749248,SZSE,SZSE.ETF.159915,2.018,1.995,2.031,1.99,0.0,2.384,1.59,893144496.0,4000.0,1795979142.66,8072.0,0.0,0.0,20230824,20230824,140749250,1.987,0.0,0.0,2.018,2.017,2.016,2.015,2.014,0.0,0.0,0.0,0.0,0.0,2.019,2.02,2.021,2.022,2.023,0.0,0.0,0.0,0.0,0.0,368100.0,2230500.0,1943300.0,2402700.0,919900.0,0.0,0.0,0.0,0.0,0.0,2330700.0,3447100.0,3414900.0,2359400.0,856800.0,0.0,0.0,0.0,0.0,0.0
20230824140754124,SZSE,SZSE.ETF.159915,2.019,1.995,2.031,1.99,0.0,2.384,1.59,893149896.0,5400.0,1795990040.36,10897.699999809265,0.0,0.0,20230824,20230824,140754125,1.987,0.0,0.0,2.018,2.017,2.016,2.015,2.014,0.0,0.0,0.0,0.0,0.0,2.019,2.02,2.021,2.022,2.023,0.0,0.0,0.0,0.0,0.0,363200.0,2227500.0,2078300.0,2402700.0,993100.0,0.0,0.0,0.0,0.0,0.0,2382700.0,3463100.0,3414900.0,2452900.0,856800.0,0.0,0.0,0.0,0.0,0.0
20230824140752268,SZSE,SZSE.ETF.159915,2.019,1.995,2.031,1.99,0.0,2.384,1.59,893149896.0,5400.0,1795990040.36,10897.699999809265,0.0,0.0,20230824,20230824,140752268,1.987,0.0,0.0,2.018,2.017,2.016,2.015,2.014,0.0,0.0,0.0,0.0,0.0,2.019,2.02,2.021,2.022,2.023,0.0,0.0,0.0,0.0,0.0,363200.0,2227500.0,2078300.0,2402700.0,993100.0,0.0,0.0,0.0,0.0,0.0,2382700.0,3463100.0,3414900.0,2452900.0,856800.0,0.0,0.0,0.0,0.0,0.0
20230824140757140,SZSE,SZSE.ETF.159915,2.018,1.995,2.031,1.99,0.0,2.384,1.59,893158896.0,9000.0,1796008206.46,18166.10000014305,0.0,0.0,20230824,20230824,140757141,1.987,0.0,0.0,2.018,2.017,2.016,2.015,2.014,0.0,0.0,0.0,0.0,0.0,2.019,2.02,2.021,2.022,2.023,0.0,0.0,0.0,0.0,0.0,329300.0,1887600.0,1943300.0,2402700.0,923100.0,0.0,0.0,0.0,0.0,0.0,2587400.0,3473100.0,3323200.0,2307900.0,856800.0,0.0,0.0,0.0,0.0,0.0
20230824140800124,SZSE,SZSE.ETF.159915,2.018,1.995,2.031,1.99,0.0,2.384,1.59,893200596.0,41700.0,1796092357.06,84150.59999990463,0.0,0.0,20230824,20230824,140800125,1.987,0.0,0.0,2.018,2.017,2.016,2.015,2.014,0.0,0.0,0.0,0.0,0.0,2.019,2.02,2.021,2.022,2.023,0.0,0.0,0.0,0.0,0.0,289600.0,898600.0,3893200.0,1852900.0,993100.0,0.0,0.0,0.0,0.0,0.0,2493400.0,3453900.0,3443400.0,2257800.0,856800.0,0.0,0.0,0.0,0.0,0.0
20230824140758264,SZSE,SZSE.ETF.159915,2.018,1.995,2.031,1.99,0.0,2.384,1.59,893200596.0,41700.0,1796092357.06,84150.59999990463,0.0,0.0,20230824,20230824,140758263,1.987,0.0,0.0,2.018,2.017,2.016,2.015,2.014,0.0,0.0,0.0,0.0,0.0,2.019,2.02,2.021,2.022,2.023,0.0,0.0,0.0,0.0,0.0,289600.0,898600.0,3893200.0,1852900.0,993100.0,0.0,0.0,0.0,0.0,0.0,2493400.0,3453900.0,3443400.0,2257800.0,856800.0,0.0,0.0,0.0,0.0,0.0
20230824140803144,SZSE,SZSE.ETF.159915,2.018,1.995,2.031,1.99,0.0,2.384,1.59,893228996.0,28400.0,1796149669.46,57312.40000009537,0.0,0.0,20230824,20230824,140803142,1.987,0.0,0.0,2.018,2.017,2.016,2.015,2.014,0.0,0.0,0.0,0.0,0.0,2.019,2.02,2.021,2.022,2.023,0.0,0.0,0.0,0.0,0.0,262400.0,894600.0,3893200.0,1882900.0,1063100.0,0.0,0.0,0.0,0.0,0.0,2493000.0,3451600.0,3373400.0,2327800.0,856800.0,0.0,0.0,0.0,0.0,0.0
20230824140801280,SZSE,SZSE.ETF.159915,2.018,1.995,2.031,1.99,0.0,2.384,1.59,893228996.0,28400.0,1796149669.46,57312.40000009537,0.0,0.0,20230824,20230824,140801278,1.987,0.0,0.0,2.018,2.017,2.016,2.015,2.014,0.0,0.0,0.0,0.0,0.0,2.019,2.02,2.021,2.022,2.023,0.0,0.0,0.0,0.0,0.0,262400.0,894600.0,3893200.0,1882900.0,1063100.0,0.0,0.0,0.0,0.0,0.0,2493000.0,3451600.0,3373400.0,2327800.0,856800.0,0.0,0.0,0.0,0.0,0.0
20230824140804252,SZSE,SZSE.ETF.159915,2.018,1.995,2.031,1.99,0.0,2.384,1.59,893264996.0,36000.0,1796222317.46,72648.0,0.0,0.0,20230824,20230824,140804252,1.987,0.0,0.0,2.018,2.017,2.016,2.015,2.014,0.0,0.0,0.0,0.0,0.0,2.019,2.02,2.021,2.022,2.023,0.0,0.0,0.0,0.0,0.0,443100.0,914600.0,3984200.0,1482900.0,1063100.0,0.0,0.0,0.0,0.0,0.0,2509700.0,3431600.0,3373400.0,2404900.0,856800.0,0.0,0.0,0.0,0.0,0.0
20230824140806108,SZSE,SZSE.ETF.159915,2.018,1.995,2.031,1.99,0.0,2.384,1.59,893264996.0,36000.0,1796222317.46,72648.0,0.0,0.0,20230824,20230824,140806109,1.987,0.0,0.0,2.018,2.017,2.016,2.015,2.014,0.0,0.0,0.0,0.0,0.0,2.019,2.02,2.021,2.022,2.023,0.0,0.0,0.0,0.0,0.0,443100.0,914600.0,3984200.0,1482900.0,1063100.0,0.0,0.0,0.0,0.0,0.0,2509700.0,3431600.0,3373400.0,2404900.0,856800.0,0.0,0.0,0.0,0.0,0.0
20230824140809096,SZSE,SZSE.ETF.159915,2.018,1.995,2.031,1.99,0.0,2.384,1.59,893343496.0,78500.0,1796380730.46,158413.0,0.0,0.0,20230824,20230824,140809094,1.987,0.0,0.0,2.018,2.017,2.016,2.015,2.014,0.0,0.0,0.0,0.0,0.0,2.019,2.02,2.021,2.022,2.023,0.0,0.0,0.0,0.0,0.0,369500.0,924600.0,3909200.0,1482900.0,1063100.0,0.0,0.0,0.0,0.0,0.0,2610800.0,3431600.0,3365400.0,2329900.0,853800.0,0.0,0.0,0.0,0.0,0.0
20230824140807232,SZSE,SZSE.ETF.159915,2.018,1.995,2.031,1.99,0.0,2.384,1.59,893343496.0,78500.0,1796380730.46,158413.0,0.0,0.0,20230824,20230824,140807233,1.987,0.0,0.0,2.018,2.017,2.016,2.015,2.014,0.0,0.0,0.0,0.0,0.0,2.019,2.02,2.021,2.022,2.023,0.0,0.0,0.0,0.0,0.0,369500.0,924600.0,3909200.0,1482900.0,1063100.0,0.0,0.0,0.0,0.0,0.0,2610800.0,3431600.0,3365400.0,2329900.0,853800.0,0.0,0.0,0.0,0.0,0.0
20230824140812108,SZSE,SZSE.ETF.159915,2.018,1.995,2.031,1.99,0.0,2.384,1.59,893526496.0,183000.0,1796750024.46,369294.0,0.0,0.0,20230824,20230824,140812109,1.987,0.0,0.0,2.018,2.017,2.016,2.015,2.014,0.0,0.0,0.0,0.0,0.0,2.019,2.02,2.021,2.022,2.023,0.0,0.0,0.0,0.0,0.0,190700.0,925600.0,3968400.0,1484900.0,1003100.0,0.0,0.0,0.0,0.0,0.0,2691800.0,3439100.0,3305400.0,2329600.0,858800.0,0.0,0.0,0.0,0.0,0.0
20230824140810256,SZSE,SZSE.ETF.159915,2.018,1.995,2.031,1.99,0.0,2.384,1.59,893526496.0,183000.0,1796750024.46,369294.0,0.0,0.0,20230824,20230824,140810256,1.987,0.0,0.0,2.018,2.017,2.016,2.015,2.014,0.0,0.0,0.0,0.0,0.0,2.019,2.02,2.021,2.022,2.023,0.0,0.0,0.0,0.0,0.0,190700.0,925600.0,3968400.0,1484900.0,1003100.0,0.0,0.0,0.0,0.0,0.0,2691800.0,3439100.0,3305400.0,2329600.0,858800.0,0.0,0.0,0.0,0.0,0.0
20230824140815108,SZSE,SZSE.ETF.159915,2.018,1.995,2.031,1.99,0.0,2.384,1.59,893822996.0,296500.0,1797348361.46,598337.0,0.0,0.0,20230824,20230824,140815109,1.987,0.0,0.0,2.017,2.016,2.015,2.014,2.013,0.0,0.0,0.0,0.0,0.0,2.018,2.019,2.02,2.021,2.022,0.0,0.0,0.0,0.0,0.0,1358600.0,3909400.0,1489900.0,1063100.0,649700.0,0.0,0.0,0.0,0.0,0.0,235400.0,2691800.0,3440100.0,3305400.0,2329600.0,0.0,0.0,0.0,0.0,0.0
20230824140813248,SZSE,SZSE.ETF.159915,2.018,1.995,2.031,1.99,0.0,2.384,1.59,893822996.0,296500.0,1797348361.46,598337.0,0.0,0.0,20230824,20230824,140813250,1.987,0.0,0.0,2.017,2.016,2.015,2.014,2.013,0.0,0.0,0.0,0.0,0.0,2.018,2.019,2.02,2.021,2.022,0.0,0.0,0.0,0.0,0.0,1358600.0,3909400.0,1489900.0,1063100.0,649700.0,0.0,0.0,0.0,0.0,0.0,235400.0,2691800.0,3440100.0,3305400.0,2329600.0,0.0,0.0,0.0,0.0,0.0
20230824140818064,SZSE,SZSE.ETF.159915,2.018,1.995,2.031,1.99,0.0,2.384,1.59,893835996.0,13000.0,1797374595.46,26234.0,0.0,0.0,20230824,20230824,140818063,1.987,0.0,0.0,2.017,2.016,2.015,2.014,2.013,0.0,0.0,0.0,0.0,0.0,2.018,2.019,2.02,2.021,2.022,0.0,0.0,0.0,0.0,0.0,1359200.0,4280500.0,1686700.0,1044300.0,587700.0,0.0,0.0,0.0,0.0,0.0,290500.0,2622800.0,3664400.0,1967200.0,2188600.0,0.0,0.0,0.0,0.0,0.0
20230824140816208,SZSE,SZSE.ETF.159915,2.018,1.995,2.031,1.99,0.0,2.384,1.59,893835996.0,13000.0,1797374595.46,26234.0,0.0,0.0,20230824,20230824,140816206,1.987,0.0,0.0,2.017,2.016,2.015,2.014,2.013,0.0,0.0,0.0,0.0,0.0,2.018,2.019,2.02,2.021,2.022,0.0,0.0,0.0,0.0,0.0,1359200.0,4280500.0,1686700.0,1044300.0,587700.0,0.0,0.0,0.0,0.0,0.0,290500.0,2622800.0,3664400.0,1967200.0,2188600.0,0.0,0.0,0.0,0.0,0.0
20230824140821064,SZSE,SZSE.ETF.159915,2.018,1.995,2.031,1.99,0.0,2.384,1.59,893958096.0,122100.0,1797620971.26,246375.79999995232,0.0,0.0,20230824,20230824,140821062,1.987,0.0,0.0,2.017,2.016,2.015,2.014,2.013,0.0,0.0,0.0,0.0,0.0,2.018,2.019,2.02,2.021,2.022,0.0,0.0,0.0,0.0,0.0,1337200.0,4221000.0,1686700.0,1156300.0,587700.0,0.0,0.0,0.0,0.0,0.0,714700.0,2562800.0,3674400.0,2007200.0,2178800.0,0.0,0.0,0.0,0.0,0.0
20230824140819200,SZSE,SZSE.ETF.159915,2.018,1.995,2.031,1.99,0.0,2.384,1.59,893958096.0,122100.0,1797620971.26,246375.79999995232,0.0,0.0,20230824,20230824,140819199,1.987,0.0,0.0,2.017,2.016,2.015,2.014,2.013,0.0,0.0,0.0,0.0,0.0,2.018,2.019,2.02,2.021,2.022,0.0,0.0,0.0,0.0,0.0,1337200.0,4221000.0,1686700.0,1156300.0,587700.0,0.0,0.0,0.0,0.0,0.0,714700.0,2562800.0,3674400.0,2007200.0,2178800.0,0.0,0.0,0.0,0.0,0.0
20230824140824064,SZSE,SZSE.ETF.159915,2.018,1.995,2.031,1.99,0.0,2.384,1.59,894179396.0,221300.0,1798067554.66,446583.40000009537,0.0,0.0,20230824,20230824,140824062,1.987,0.0,0.0,2.017,2.016,2.015,2.014,2.013,0.0,0.0,0.0,0.0,0.0,2.018,2.019,2.02,2.021,2.022,0.0,0.0,0.0,0.0,0.0,1559100.0,4251000.0,1686700.0,1096300.0,587700.0,0.0,0.0,0.0,0.0,0.0,678200.0,2562800.0,3669400.0,2007200.0,2178800.0,0.0,0.0,0.0,0.0,0.0
20230824140822204,SZSE,SZSE.ETF.159915,2.018,1.995,2.031,1.99,0.0,2.384,1.59,894179396.0,221300.0,1798067554.66,446583.40000009537,0.0,0.0,20230824,20230824,140822205,1.987,0.0,0.0,2.017,2.016,2.015,2.014,2.013,0.0,0.0,0.0,0.0,0.0,2.018,2.019,2.02,2.021,2.022,0.0,0.0,0.0,0.0,0.0,1559100.0,4251000.0,1686700.0,1096300.0,587700.0,0.0,0.0,0.0,0.0,0.0,678200.0,2562800.0,3669400.0,2007200.0,2178800.0,0.0,0.0,0.0,0.0,0.0
20230824140827048,SZSE,SZSE.ETF.159915,2.018,1.995,2.031,1.99,0.0,2.384,1.59,894183896.0,4500.0,1798076635.66,9081.0,0.0,0.0,20230824,20230824,140827047,1.987,0.0,0.0,2.017,2.016,2.015,2.014,2.013,0.0,0.0,0.0,0.0,0.0,2.018,2.019,2.02,2.021,2.022,0.0,0.0,0.0,0.0,0.0,1561600.0,4191000.0,1686700.0,1026300.0,587700.0,0.0,0.0,0.0,0.0,0.0,613700.0,2622900.0,3669400.0,2077200.0,2108800.0,0.0,0.0,0.0,0.0,0.0
20230824140825192,SZSE,SZSE.ETF.159915,2.018,1.995,2.031,1.99,0.0,2.384,1.59,894183896.0,4500.0,1798076635.66,9081.0,0.0,0.0,20230824,20230824,140825191,1.987,0.0,0.0,2.017,2.016,2.015,2.014,2.013,0.0,0.0,0.0,0.0,0.0,2.018,2.019,2.02,2.021,2.022,0.0,0.0,0.0,0.0,0.0,1561600.0,4191000.0,1686700.0,1026300.0,587700.0,0.0,0.0,0.0,0.0,0.0,613700.0,2622900.0,3669400.0,2077200.0,2108800.0,0.0,0.0,0.0,0.0,0.0
20230824140830080,SZSE,SZSE.ETF.159915,2.017,1.995,2.031,1.99,0.0,2.384,1.59,894198796.0,14900.0,1798106688.96,30053.299999952316,0.0,0.0,20230824,20230824,140830078,1.987,0.0,0.0,2.017,2.016,2.015,2.014,2.013,0.0,0.0,0.0,0.0,0.0,2.018,2.019,2.02,2.021,2.022,0.0,0.0,0.0,0.0,0.0,1537700.0,4187000.0,1761700.0,1086300.0,587700.0,0.0,0.0,0.0,0.0,0.0,686200.0,2558900.0,3670600.0,2152200.0,2108800.0,0.0,0.0,0.0,0.0,0.0
20230824140828216,SZSE,SZSE.ETF.159915,2.017,1.995,2.031,1.99,0.0,2.384,1.59,894198796.0,14900.0,1798106688.96,30053.299999952316,0.0,0.0,20230824,20230824,140828214,1.987,0.0,0.0,2.017,2.016,2.015,2.014,2.013,0.0,0.0,0.0,0.0,0.0,2.018,2.019,2.02,2.021,2.022,0.0,0.0,0.0,0.0,0.0,1537700.0,4187000.0,1761700.0,1086300.0,587700.0,0.0,0.0,0.0,0.0,0.0,686200.0,2558900.0,3670600.0,2152200.0,2108800.0,0.0,0.0,0.0,0.0,0.0
20230824140833096,SZSE,SZSE.ETF.159915,2.018,1.995,2.031,1.99,0.0,2.384,1.59,894314096.0,115300.0,1798339314.36,232625.39999985695,0.0,0.0,20230824,20230824,140833094,1.987,0.0,0.0,2.017,2.016,2.015,2.014,2.013,0.0,0.0,0.0,0.0,0.0,2.018,2.019,2.02,2.021,2.022,0.0,0.0,0.0,0.0,0.0,1115400.0,3187000.0,3686700.0,2086300.0,597600.0,0.0,0.0,0.0,0.0,0.0,640900.0,3638900.0,2590600.0,1577200.0,2106800.0,0.0,0.0,0.0,0.0,0.0
20230824140831232,SZSE,SZSE.ETF.159915,2.018,1.995,2.031,1.99,0.0,2.384,1.59,894314096.0,115300.0,1798339314.36,232625.39999985695,0.0,0.0,20230824,20230824,140831230,1.987,0.0,0.0,2.017,2.016,2.015,2.014,2.013,0.0,0.0,0.0,0.0,0.0,2.018,2.019,2.02,2.021,2.022,0.0,0.0,0.0,0.0,0.0,1115400.0,3187000.0,3686700.0,2086300.0,597600.0,0.0,0.0,0.0,0.0,0.0,640900.0,3638900.0,2590600.0,1577200.0,2106800.0,0.0,0.0,0.0,0.0,0.0
20230824140836096,SZSE,SZSE.ETF.159915,2.018,1.995,2.031,1.99,0.0,2.384,1.59,894347096.0,33000.0,1798405906.36,66592.0,0.0,0.0,20230824,20230824,140836094,1.987,0.0,0.0,2.017,2.016,2.015,2.014,2.013,0.0,0.0,0.0,0.0,0.0,2.018,2.019,2.02,2.021,2.022,0.0,0.0,0.0,0.0,0.0,1131300.0,2989500.0,3746700.0,2026300.0,618700.0,0.0,0.0,0.0,0.0,0.0,1139700.0,3698900.0,2590600.0,1471000.0,1079800.0,0.0,0.0,0.0,0.0,0.0
20230824140834244,SZSE,SZSE.ETF.159915,2.018,1.995,2.031,1.99,0.0,2.384,1.59,894347096.0,33000.0,1798405906.36,66592.0,0.0,0.0,20230824,20230824,140834243,1.987,0.0,0.0,2.017,2.016,2.015,2.014,2.013,0.0,0.0,0.0,0.0,0.0,2.018,2.019,2.02,2.021,2.022,0.0,0.0,0.0,0.0,0.0,1131300.0,2989500.0,3746700.0,2026300.0,618700.0,0.0,0.0,0.0,0.0,0.0,1139700.0,3698900.0,2590600.0,1471000.0,1079800.0,0.0,0.0,0.0,0.0,0.0
20230824140839080,SZSE,SZSE.ETF.159915,2.017,1.995,2.031,1.99,0.0,2.384,1.59,894383596.0,36500.0,1798479526.86,73620.5,0.0,0.0,20230824,20230824,140839078,1.987,0.0,0.0,2.017,2.016,2.015,2.014,2.013,0.0,0.0,0.0,0.0,0.0,2.018,2.019,2.02,2.021,2.022,0.0,0.0,0.0,0.0,0.0,1101600.0,2594500.0,3747200.0,2026300.0,768700.0,0.0,0.0,0.0,0.0,0.0,1159100.0,3696400.0,2702600.0,1541000.0,1019800.0,0.0,0.0,0.0,0.0,0.0
20230824140837220,SZSE,SZSE.ETF.159915,2.017,1.995,2.031,1.99,0.0,2.384,1.59,894383596.0,36500.0,1798479526.86,73620.5,0.0,0.0,20230824,20230824,140837221,1.987,0.0,0.0,2.017,2.016,2.015,2.014,2.013,0.0,0.0,0.0,0.0,0.0,2.018,2.019,2.02,2.021,2.022,0.0,0.0,0.0,0.0,0.0,1101600.0,2594500.0,3747200.0,2026300.0,768700.0,0.0,0.0,0.0,0.0,0.0,1159100.0,3696400.0,2702600.0,1541000.0,1019800.0,0.0,0.0,0.0,0.0,0.0
20230824140842080,SZSE,SZSE.ETF.159915,2.017,1.995,2.031,1.99,0.0,2.384,1.59,894407396.0,23800.0,1798527546.56,48019.700000047684,0.0,0.0,20230824,20230824,140842078,1.987,0.0,0.0,2.017,2.016,2.015,2.014,2.013,0.0,0.0,0.0,0.0,0.0,2.018,2.019,2.02,2.021,2.022,0.0,0.0,0.0,0.0,0.0,1062900.0,2614500.0,3762200.0,2086300.0,768700.0,0.0,0.0,0.0,0.0,0.0,1209000.0,3714000.0,2590600.0,1616000.0,1084800.0,0.0,0.0,0.0,0.0,0.0
20230824140840216,SZSE,SZSE.ETF.159915,2.017,1.995,2.031,1.99,0.0,2.384,1.59,894407396.0,23800.0,1798527546.56,48019.700000047684,0.0,0.0,20230824,20230824,140840218,1.987,0.0,0.0,2.017,2.016,2.015,2.014,2.013,0.0,0.0,0.0,0.0,0.0,2.018,2.019,2.02,2.021,2.022,0.0,0.0,0.0,0.0,0.0,1062900.0,2614500.0,3762200.0,2086300.0,768700.0,0.0,0.0,0.0,0.0,0.0,1209000.0,3714000.0,2590600.0,1616000.0,1084800.0,0.0,0.0,0.0,0.0,0.0
20230824140845108,SZSE,SZSE.ETF.159915,2.017,1.995,2.031,1.99,0.0,2.384,1.59,894445596.0,38200.0,1798604599.46,77052.90000009537,0.0,0.0,20230824,20230824,140845109,1.987,0.0,0.0,2.017,2.016,2.015,2.014,2.013,0.0,0.0,0.0,0.0,0.0,2.018,2.019,2.02,2.021,2.022,0.0,0.0,0.0,0.0,0.0,1028900.0,2558500.0,3687200.0,2086300.0,768700.0,0.0,0.0,0.0,0.0,0.0,1458500.0,3710200.0,2700100.0,1481000.0,1024800.0,0.0,0.0,0.0,0.0,0.0
20230824140843248,SZSE,SZSE.ETF.159915,2.017,1.995,2.031,1.99,0.0,2.384,1.59,894445596.0,38200.0,1798604599.46,77052.90000009537,0.0,0.0,20230824,20230824,140843249,1.987,0.0,0.0,2.017,2.016,2.015,2.014,2.013,0.0,0.0,0.0,0.0,0.0,2.018,2.019,2.02,2.021,2.022,0.0,0.0,0.0,0.0,0.0,1028900.0,2558500.0,3687200.0,2086300.0,768700.0,0.0,0.0,0.0,0.0,0.0,1458500.0,3710200.0,2700100.0,1481000.0,1024800.0,0.0,0.0,0.0,0.0,0.0
20230824140848124,SZSE,SZSE.ETF.159915,2.017,1.995,2.031,1.99,0.0,2.384,1.59,894755596.0,310000.0,1799229869.46,625270.0,0.0,0.0,20230824,20230824,140848125,1.987,0.0,0.0,2.017,2.016,2.015,2.014,2.013,0.0,0.0,0.0,0.0,0.0,2.018,2.019,2.02,2.021,2.022,0.0,0.0,0.0,0.0,0.0,783100.0,2601400.0,3747200.0,1716300.0,1172700.0,0.0,0.0,0.0,0.0,0.0,1458500.0,3708300.0,2760100.0,1483000.0,1021400.0,0.0,0.0,0.0,0.0,0.0
20230824140846272,SZSE,SZSE.ETF.159915,2.017,1.995,2.031,1.99,0.0,2.384,1.59,894755596.0,310000.0,1799229869.46,625270.0,0.0,0.0,20230824,20230824,140846273,1.987,0.0,0.0,2.017,2.016,2.015,2.014,2.013,0.0,0.0,0.0,0.0,0.0,2.018,2.019,2.02,2.021,2.022,0.0,0.0,0.0,0.0,0.0,783100.0,2601400.0,3747200.0,1716300.0,1172700.0,0.0,0.0,0.0,0.0,0.0,1458500.0,3708300.0,2760100.0,1483000.0,1021400.0,0.0,0.0,0.0,0.0,0.0
20230824140851108,SZSE,SZSE.ETF.159915,2.017,1.995,2.031,1.99,0.0,2.384,1.59,894755596.0,0.0,1799229869.46,0.0,0.0,0.0,20230824,20230824,140851109,1.987,0.0,0.0,2.017,2.016,2.015,2.014,2.013,0.0,0.0,0.0,0.0,0.0,2.018,2.019,2.02,2.021,2.022,0.0,0.0,0.0,0.0,0.0,867300.0,2602400.0,3797400.0,1667100.0,1172700.0,0.0,0.0,0.0,0.0,0.0,1761300.0,3708300.0,2710900.0,1533200.0,1021400.0,0.0,0.0,0.0,0.0,0.0
20230824140849244,SZSE,SZSE.ETF.159915,2.017,1.995,2.031,1.99,0.0,2.384,1.59,894755596.0,0.0,1799229869.46,0.0,0.0,0.0,20230824,20230824,140849245,1.987,0.0,0.0,2.017,2.016,2.015,2.014,2.013,0.0,0.0,0.0,0.0,0.0,2.018,2.019,2.02,2.021,2.022,0.0,0.0,0.0,0.0,0.0,867300.0,2602400.0,3797400.0,1667100.0,1172700.0,0.0,0.0,0.0,0.0,0.0,1761300.0,3708300.0,2710900.0,1533200.0,1021400.0,0.0,0.0,0.0,0.0,0.0
20230824140854140,SZSE,SZSE.ETF.159915,2.017,1.995,2.031,1.99,0.0,2.384,1.59,894946196.0,190600.0,1799614309.66,384440.2000000477,0.0,0.0,20230824,20230824,140854141,1.987,0.0,0.0,2.017,2.016,2.015,2.014,2.013,0.0,0.0,0.0,0.0,0.0,2.018,2.019,2.02,2.021,2.022,0.0,0.0,0.0,0.0,0.0,681700.0,2549100.0,3797400.0,1667100.0,1172700.0,0.0,0.0,0.0,0.0,0.0,1760800.0,3708300.0,2710900.0,1533200.0,965400.0,0.0,0.0,0.0,0.0,0.0
20230824140852280,SZSE,SZSE.ETF.159915,2.017,1.995,2.031,1.99,0.0,2.384,1.59,894946196.0,190600.0,1799614309.66,384440.2000000477,0.0,0.0,20230824,20230824,140852278,1.987,0.0,0.0,2.017,2.016,2.015,2.014,2.013,0.0,0.0,0.0,0.0,0.0,2.018,2.019,2.02,2.021,2.022,0.0,0.0,0.0,0.0,0.0,681700.0,2549100.0,3797400.0,1667100.0,1172700.0,0.0,0.0,0.0,0.0,0.0,1760800.0,3708300.0,2710900.0,1533200.0,965400.0,0.0,0.0,0.0,0.0,0.0
20230824140857096,SZSE,SZSE.ETF.159915,2.017,1.995,2.031,1.99,0.0,2.384,1.59,895084796.0,138600.0,1799893869.96,279560.2999999523,0.0,0.0,20230824,20230824,140857094,1.987,0.0,0.0,2.017,2.016,2.015,2.014,2.013,0.0,0.0,0.0,0.0,0.0,2.018,2.019,2.02,2.021,2.022,0.0,0.0,0.0,0.0,0.0,552100.0,2549100.0,3841900.0,2067100.0,1202700.0,0.0,0.0,0.0,0.0,0.0,1773900.0,3630700.0,2480600.0,1593200.0,965400.0,0.0,0.0,0.0,0.0,0.0
20230824140855240,SZSE,SZSE.ETF.159915,2.017,1.995,2.031,1.99,0.0,2.384,1.59,895084796.0,138600.0,1799893869.96,279560.2999999523,0.0,0.0,20230824,20230824,140855242,1.987,0.0,0.0,2.017,2.016,2.015,2.014,2.013,0.0,0.0,0.0,0.0,0.0,2.018,2.019,2.02,2.021,2.022,0.0,0.0,0.0,0.0,0.0,552100.0,2549100.0,3841900.0,2067100.0,1202700.0,0.0,0.0,0.0,0.0,0.0,1773900.0,3630700.0,2480600.0,1593200.0,965400.0,0.0,0.0,0.0,0.0,0.0
20230824140900140,SZSE,SZSE.ETF.159915,2.017,1.995,2.031,1.99,0.0,2.384,1.59,895153996.0,69200.0,1800033454.36,139584.39999985695,0.0,0.0,20230824,20230824,140900141,1.987,0.0,0.0,2.017,2.016,2.015,2.014,2.013,0.0,0.0,0.0,0.0,0.0,2.018,2.019,2.02,2.021,2.022,0.0,0.0,0.0,0.0,0.0,862000.0,2998800.0,2841900.0,2067100.0,1202800.0,0.0,0.0,0.0,0.0,0.0,1715900.0,3628200.0,2380600.0,1593200.0,965400.0,0.0,0.0,0.0,0.0,0.0
20230824140858280,SZSE,SZSE.ETF.159915,2.017,1.995,2.031,1.99,0.0,2.384,1.59,895153996.0,69200.0,1800033454.36,139584.39999985695,0.0,0.0,20230824,20230824,140858282,1.987,0.0,0.0,2.017,2.016,2.015,2.014,2.013,0.0,0.0,0.0,0.0,0.0,2.018,2.019,2.02,2.021,2.022,0.0,0.0,0.0,0.0,0.0,862000.0,2998800.0,2841900.0,2067100.0,1202800.0,0.0,0.0,0.0,0.0,0.0,1715900.0,3628200.0,2380600.0,1593200.0,965400.0,0.0,0.0,0.0,0.0,0.0
20230824140903140,SZSE,SZSE.ETF.159915,2.017,1.995,2.031,1.99,0.0,2.384,1.59,895190596.0,36600.0,1800107276.56,73822.20000004768,0.0,0.0,20230824,20230824,140903141,1.987,0.0,0.0,2.017,2.016,2.015,2.014,2.013,0.0,0.0,0.0,0.0,0.0,2.018,2.019,2.02,2.021,2.022,0.0,0.0,0.0,0.0,0.0,1087100.0,4258800.0,2886800.0,2067300.0,1222800.0,0.0,0.0,0.0,0.0,0.0,637700.0,3628200.0,2320600.0,1593200.0,965400.0,0.0,0.0,0.0,0.0,0.0
20230824140906140,SZSE,SZSE.ETF.159915,2.018,1.995,2.031,1.99,0.0,2.384,1.59,895197996.0,7400.0,1800122203.36,14926.799999952316,0.0,0.0,20230824,20230824,140906141,1.987,0.0,0.0,2.017,2.016,2.015,2.014,2.013,0.0,0.0,0.0,0.0,0.0,2.018,2.019,2.02,2.021,2.022,0.0,0.0,0.0,0.0,0.0,1114400.0,4258800.0,3296600.0,2057500.0,822800.0,0.0,0.0,0.0,0.0,0.0,683200.0,3628200.0,2389200.0,1603000.0,1015400.0,0.0,0.0,0.0,0.0,0.0
20230824140904288,SZSE,SZSE.ETF.159915,2.018,1.995,2.031,1.99,0.0,2.384,1.59,895197996.0,7400.0,1800122203.36,14926.799999952316,0.0,0.0,20230824,20230824,140904289,1.987,0.0,0.0,2.017,2.016,2.015,2.014,2.013,0.0,0.0,0.0,0.0,0.0,2.018,2.019,2.02,2.021,2.022,0.0,0.0,0.0,0.0,0.0,1114400.0,4258800.0,3296600.0,2057500.0,822800.0,0.0,0.0,0.0,0.0,0.0,683200.0,3628200.0,2389200.0,1603000.0,1015400.0,0.0,0.0,0.0,0.0,0.0
20230824140909112,SZSE,SZSE.ETF.159915,2.017,1.995,2.031,1.99,0.0,2.384,1.59,895291996.0,94000.0,1800311801.36,189598.0,0.0,0.0,20230824,20230824,140909110,1.987,0.0,0.0,2.017,2.016,2.015,2.014,2.013,0.0,0.0,0.0,0.0,0.0,2.018,2.019,2.02,2.021,2.022,0.0,0.0,0.0,0.0,0.0,1030000.0,4191700.0,3371600.0,2057500.0,923200.0,0.0,0.0,0.0,0.0,0.0,509700.0,3598200.0,2389200.0,618000.0,2015400.0,0.0,0.0,0.0,0.0,0.0
20230824140912080,SZSE,SZSE.ETF.159915,2.017,1.995,2.031,1.99,0.0,2.384,1.59,895301796.0,9800.0,1800331567.96,19766.60000014305,0.0,0.0,20230824,20230824,140912078,1.987,0.0,0.0,2.017,2.016,2.015,2.014,2.013,0.0,0.0,0.0,0.0,0.0,2.018,2.019,2.02,2.021,2.022,0.0,0.0,0.0,0.0,0.0,980100.0,4251700.0,3296600.0,2057500.0,923200.0,0.0,0.0,0.0,0.0,0.0,611700.0,3598200.0,2389200.0,603000.0,2015400.0,0.0,0.0,0.0,0.0,0.0
20230824140910224,SZSE,SZSE.ETF.159915,2.017,1.995,2.031,1.99,0.0,2.384,1.59,895301796.0,9800.0,1800331567.96,19766.60000014305,0.0,0.0,20230824,20230824,140910224,1.987,0.0,0.0,2.017,2.016,2.015,2.014,2.013,0.0,0.0,0.0,0.0,0.0,2.018,2.019,2.02,2.021,2.022,0.0,0.0,0.0,0.0,0.0,980100.0,4251700.0,3296600.0,2057500.0,923200.0,0.0,0.0,0.0,0.0,0.0,611700.0,3598200.0,2389200.0,603000.0,2015400.0,0.0,0.0,0.0,0.0,0.0
20230824140915140,SZSE,SZSE.ETF.159915,2.017,1.995,2.031,1.99,0.0,2.384,1.59,895330296.0,28500.0,1800389060.96,57493.0,0.0,0.0,20230824,20230824,140915141,1.987,0.0,0.0,2.017,2.016,2.015,2.014,2.013,0.0,0.0,0.0,0.0,0.0,2.018,2.019,2.02,2.021,2.022,0.0,0.0,0.0,0.0,0.0,961800.0,4401700.0,3286800.0,2007300.0,923200.0,0.0,0.0,0.0,0.0,0.0,1319600.0,3598200.0,2339000.0,593200.0,2075400.0,0.0,0.0,0.0,0.0,0.0
20230824140918080,SZSE,SZSE.ETF.159915,2.017,1.995,2.031,1.99,0.0,2.384,1.59,895350796.0,20500.0,1800430414.86,41353.89999985695,0.0,0.0,20230824,20230824,140918078,1.987,0.0,0.0,2.017,2.016,2.015,2.014,2.013,0.0,0.0,0.0,0.0,0.0,2.018,2.019,2.02,2.021,2.022,0.0,0.0,0.0,0.0,0.0,1008700.0,4401700.0,3286800.0,2072200.0,623200.0,0.0,0.0,0.0,0.0,0.0,1316400.0,3678200.0,2339000.0,593200.0,2075400.0,0.0,0.0,0.0,0.0,0.0
20230824140916228,SZSE,SZSE.ETF.159915,2.017,1.995,2.031,1.99,0.0,2.384,1.59,895350796.0,20500.0,1800430414.86,41353.89999985695,0.0,0.0,20230824,20230824,140916227,1.987,0.0,0.0,2.017,2.016,2.015,2.014,2.013,0.0,0.0,0.0,0.0,0.0,2.018,2.019,2.02,2.021,2.022,0.0,0.0,0.0,0.0,0.0,1008700.0,4401700.0,3286800.0,2072200.0,623200.0,0.0,0.0,0.0,0.0,0.0,1316400.0,3678200.0,2339000.0,593200.0,2075400.0,0.0,0.0,0.0,0.0,0.0
20230824140921080,SZSE,SZSE.ETF.159915,2.018,1.995,2.031,1.99,0.0,2.384,1.59,895416396.0,65600.0,1800562731.06,132316.20000004768,0.0,0.0,20230824,20230824,140921078,1.987,0.0,0.0,2.017,2.016,2.015,2.014,2.013,0.0,0.0,0.0,0.0,0.0,2.018,2.019,2.02,2.021,2.022,0.0,0.0,0.0,0.0,0.0,851100.0,4401700.0,3311600.0,2123400.0,623200.0,0.0,0.0,0.0,0.0,0.0,1319400.0,3678200.0,2277200.0,618000.0,2135400.0,0.0,0.0,0.0,0.0,0.0
20230824140919216,SZSE,SZSE.ETF.159915,2.018,1.995,2.031,1.99,0.0,2.384,1.59,895416396.0,65600.0,1800562731.06,132316.20000004768,0.0,0.0,20230824,20230824,140919216,1.987,0.0,0.0,2.017,2.016,2.015,2.014,2.013,0.0,0.0,0.0,0.0,0.0,2.018,2.019,2.02,2.021,2.022,0.0,0.0,0.0,0.0,0.0,851100.0,4401700.0,3311600.0,2123400.0,623200.0,0.0,0.0,0.0,0.0,0.0,1319400.0,3678200.0,2277200.0,618000.0,2135400.0,0.0,0.0,0.0,0.0,0.0
20230824140924064,SZSE,SZSE.ETF.159915,2.017,1.995,2.031,1.99,0.0,2.384,1.59,895439996.0,23600.0,1800610332.26,47601.200000047684,0.0,0.0,20230824,20230824,140924063,1.987,0.0,0.0,2.017,2.016,2.015,2.014,2.013,0.0,0.0,0.0,0.0,0.0,2.018,2.019,2.02,2.021,2.022,0.0,0.0,0.0,0.0,0.0,927700.0,4324200.0,3347300.0,2073200.0,638100.0,0.0,0.0,0.0,0.0,0.0,1321400.0,3678200.0,2368700.0,533200.0,2127400.0,0.0,0.0,0.0,0.0,0.0
20230824140922200,SZSE,SZSE.ETF.159915,2.017,1.995,2.031,1.99,0.0,2.384,1.59,895439996.0,23600.0,1800610332.26,47601.200000047684,0.0,0.0,20230824,20230824,140922201,1.987,0.0,0.0,2.017,2.016,2.015,2.014,2.013,0.0,0.0,0.0,0.0,0.0,2.018,2.019,2.02,2.021,2.022,0.0,0.0,0.0,0.0,0.0,927700.0,4324200.0,3347300.0,2073200.0,638100.0,0.0,0.0,0.0,0.0,0.0,1321400.0,3678200.0,2368700.0,533200.0,2127400.0,0.0,0.0,0.0,0.0,0.0
20230824140927080,SZSE,SZSE.ETF.159915,2.017,1.995,2.031,1.99,0.0,2.384,1.59,895644096.0,204100.0,1801022006.06,411673.7999999523,0.0,0.0,20230824,20230824,140927078,1.987,0.0,0.0,2.017,2.016,2.015,2.014,2.013,0.0,0.0,0.0,0.0,0.0,2.018,2.019,2.02,2.021,2.022,0.0,0.0,0.0,0.0,0.0,1428700.0,4385400.0,3287300.0,2073200.0,642100.0,0.0,0.0,0.0,0.0,0.0,1297300.0,3678200.0,2308700.0,593200.0,2157400.0,0.0,0.0,0.0,0.0,0.0
20230824140925216,SZSE,SZSE.ETF.159915,2.017,1.995,2.031,1.99,0.0,2.384,1.59,895644096.0,204100.0,1801022006.06,411673.7999999523,0.0,0.0,20230824,20230824,140925218,1.987,0.0,0.0,2.017,2.016,2.015,2.014,2.013,0.0,0.0,0.0,0.0,0.0,2.018,2.019,2.02,2.021,2.022,0.0,0.0,0.0,0.0,0.0,1428700.0,4385400.0,3287300.0,2073200.0,642100.0,0.0,0.0,0.0,0.0,0.0,1297300.0,3678200.0,2308700.0,593200.0,2157400.0,0.0,0.0,0.0,0.0,0.0
20230824140930096,SZSE,SZSE.ETF.159915,2.017,1.995,2.031,1.99,0.0,2.384,1.59,895645096.0,1000.0,1801024023.06,2017.0,0.0,0.0,20230824,20230824,140930095,1.987,0.0,0.0,2.017,2.016,2.015,2.014,2.013,0.0,0.0,0.0,0.0,0.0,2.018,2.019,2.02,2.021,2.022,0.0,0.0,0.0,0.0,0.0,1439200.0,5035400.0,3287800.0,1743200.0,642100.0,0.0,0.0,0.0,0.0,0.0,1256800.0,3541500.0,2253700.0,523200.0,2287400.0,0.0,0.0,0.0,0.0,0.0
20230824140928232,SZSE,SZSE.ETF.159915,2.017,1.995,2.031,1.99,0.0,2.384,1.59,895645096.0,1000.0,1801024023.06,2017.0,0.0,0.0,20230824,20230824,140928230,1.987,0.0,0.0,2.017,2.016,2.015,2.014,2.013,0.0,0.0,0.0,0.0,0.0,2.018,2.019,2.02,2.021,2.022,0.0,0.0,0.0,0.0,0.0,1439200.0,5035400.0,3287800.0,1743200.0,642100.0,0.0,0.0,0.0,0.0,0.0,1256800.0,3541500.0,2253700.0,523200.0,2287400.0,0.0,0.0,0.0,0.0,0.0
20230824140933108,SZSE,SZSE.ETF.159915,2.018,1.995,2.031,1.99,0.0,2.384,1.59,895660296.0,15200.0,1801054686.46,30663.400000095367,0.0,0.0,20230824,20230824,140933109,1.987,0.0,0.0,2.017,2.016,2.015,2.014,2.013,0.0,0.0,0.0,0.0,0.0,2.018,2.019,2.02,2.021,2.022,0.0,0.0,0.0,0.0,0.0,2475600.0,4035500.0,3362900.0,1743200.0,667600.0,0.0,0.0,0.0,0.0,0.0,1262900.0,2341500.0,2253700.0,598200.0,2287400.0,0.0,0.0,0.0,0.0,0.0
20230824140931256,SZSE,SZSE.ETF.159915,2.018,1.995,2.031,1.99,0.0,2.384,1.59,895660296.0,15200.0,1801054686.46,30663.400000095367,0.0,0.0,20230824,20230824,140931257,1.987,0.0,0.0,2.017,2.016,2.015,2.014,2.013,0.0,0.0,0.0,0.0,0.0,2.018,2.019,2.02,2.021,2.022,0.0,0.0,0.0,0.0,0.0,2475600.0,4035500.0,3362900.0,1743200.0,667600.0,0.0,0.0,0.0,0.0,0.0,1262900.0,2341500.0,2253700.0,598200.0,2287400.0,0.0,0.0,0.0,0.0,0.0
20230824140936112,SZSE,SZSE.ETF.159915,2.017,1.995,2.031,1.99,0.0,2.384,1.59,895672396.0,12100.0,1801079102.16,24415.700000047684,0.0,0.0,20230824,20230824,140936110,1.987,0.0,0.0,2.017,2.016,2.015,2.014,2.013,0.0,0.0,0.0,0.0,0.0,2.018,2.019,2.02,2.021,2.022,0.0,0.0,0.0,0.0,0.0,2519100.0,4055500.0,3295400.0,1743200.0,786400.0,0.0,0.0,0.0,0.0,0.0,1252900.0,2341500.0,2258700.0,527200.0,2287400.0,0.0,0.0,0.0,0.0,0.0
20230824140934248,SZSE,SZSE.ETF.159915,2.017,1.995,2.031,1.99,0.0,2.384,1.59,895672396.0,12100.0,1801079102.16,24415.700000047684,0.0,0.0,20230824,20230824,140934247,1.987,0.0,0.0,2.017,2.016,2.015,2.014,2.013,0.0,0.0,0.0,0.0,0.0,2.018,2.019,2.02,2.021,2.022,0.0,0.0,0.0,0.0,0.0,2519100.0,4055500.0,3295400.0,1743200.0,786400.0,0.0,0.0,0.0,0.0,0.0,1252900.0,2341500.0,2258700.0,527200.0,2287400.0,0.0,0.0,0.0,0.0,0.0
20230824140939108,SZSE,SZSE.ETF.159915,2.017,1.995,2.031,1.99,0.0,2.384,1.59,896287296.0,614900.0,1802319960.36,1240858.1999998093,0.0,0.0,20230824,20230824,140939109,1.987,0.0,0.0,2.017,2.016,2.015,2.014,2.013,0.0,0.0,0.0,0.0,0.0,2.018,2.019,2.02,2.021,2.022,0.0,0.0,0.0,0.0,0.0,3629100.0,4059500.0,3295400.0,1743200.0,786400.0,0.0,0.0,0.0,0.0,0.0,758000.0,2341500.0,2258700.0,583900.0,2287400.0,0.0,0.0,0.0,0.0,0.0
20230824140937252,SZSE,SZSE.ETF.159915,2.017,1.995,2.031,1.99,0.0,2.384,1.59,896287296.0,614900.0,1802319960.36,1240858.1999998093,0.0,0.0,20230824,20230824,140937251,1.987,0.0,0.0,2.017,2.016,2.015,2.014,2.013,0.0,0.0,0.0,0.0,0.0,2.018,2.019,2.02,2.021,2.022,0.0,0.0,0.0,0.0,0.0,3629100.0,4059500.0,3295400.0,1743200.0,786400.0,0.0,0.0,0.0,0.0,0.0,758000.0,2341500.0,2258700.0,583900.0,2287400.0,0.0,0.0,0.0,0.0,0.0
20230824140942096,SZSE,SZSE.ETF.159915,2.018,1.995,2.031,1.99,0.0,2.384,1.59,896295296.0,8000.0,1802336104.36,16144.0,0.0,0.0,20230824,20230824,140942094,1.987,0.0,0.0,2.017,2.016,2.015,2.014,2.013,0.0,0.0,0.0,0.0,0.0,2.018,2.019,2.02,2.021,2.022,0.0,0.0,0.0,0.0,0.0,3635600.0,4209500.0,3235400.0,1683200.0,886400.0,0.0,0.0,0.0,0.0,0.0,750000.0,2180500.0,2317700.0,583900.0,2270400.0,0.0,0.0,0.0,0.0,0.0
20230824140940232,SZSE,SZSE.ETF.159915,2.018,1.995,2.031,1.99,0.0,2.384,1.59,896295296.0,8000.0,1802336104.36,16144.0,0.0,0.0,20230824,20230824,140940230,1.987,0.0,0.0,2.017,2.016,2.015,2.014,2.013,0.0,0.0,0.0,0.0,0.0,2.018,2.019,2.02,2.021,2.022,0.0,0.0,0.0,0.0,0.0,3635600.0,4209500.0,3235400.0,1683200.0,886400.0,0.0,0.0,0.0,0.0,0.0,750000.0,2180500.0,2317700.0,583900.0,2270400.0,0.0,0.0,0.0,0.0,0.0
20230824140945124,SZSE,SZSE.ETF.159915,2.018,1.995,2.031,1.99,0.0,2.384,1.59,897052596.0,757300.0,1803864339.16,1528234.8000001907,0.0,0.0,20230824,20230824,140945125,1.987,0.0,0.0,2.018,2.017,2.016,2.015,2.014,0.0,0.0,0.0,0.0,0.0,2.019,2.02,2.021,2.022,2.023,0.0,0.0,0.0,0.0,0.0,368300.0,3746400.0,4269500.0,3210400.0,1683200.0,0.0,0.0,0.0,0.0,0.0,2077100.0,2317700.0,658900.0,2270400.0,866300.0,0.0,0.0,0.0,0.0,0.0
20230824140943272,SZSE,SZSE.ETF.159915,2.018,1.995,2.031,1.99,0.0,2.384,1.59,897052596.0,757300.0,1803864339.16,1528234.8000001907,0.0,0.0,20230824,20230824,140943270,1.987,0.0,0.0,2.018,2.017,2.016,2.015,2.014,0.0,0.0,0.0,0.0,0.0,2.019,2.02,2.021,2.022,2.023,0.0,0.0,0.0,0.0,0.0,368300.0,3746400.0,4269500.0,3210400.0,1683200.0,0.0,0.0,0.0,0.0,0.0,2077100.0,2317700.0,658900.0,2270400.0,866300.0,0.0,0.0,0.0,0.0,0.0
20230824140948080,SZSE,SZSE.ETF.159915,2.018,1.995,2.031,1.99,0.0,2.384,1.59,897124196.0,71600.0,1804008827.96,144488.79999995232,0.0,0.0,20230824,20230824,140948079,1.987,0.0,0.0,2.018,2.017,2.016,2.015,2.014,0.0,0.0,0.0,0.0,0.0,2.019,2.02,2.021,2.022,2.023,0.0,0.0,0.0,0.0,0.0,301700.0,3808200.0,4514000.0,2838200.0,1630200.0,0.0,0.0,0.0,0.0,0.0,2197100.0,2370100.0,626200.0,2456500.0,866300.0,0.0,0.0,0.0,0.0,0.0
20230824140946220,SZSE,SZSE.ETF.159915,2.018,1.995,2.031,1.99,0.0,2.384,1.59,897124196.0,71600.0,1804008827.96,144488.79999995232,0.0,0.0,20230824,20230824,140946220,1.987,0.0,0.0,2.018,2.017,2.016,2.015,2.014,0.0,0.0,0.0,0.0,0.0,2.019,2.02,2.021,2.022,2.023,0.0,0.0,0.0,0.0,0.0,301700.0,3808200.0,4514000.0,2838200.0,1630200.0,0.0,0.0,0.0,0.0,0.0,2197100.0,2370100.0,626200.0,2456500.0,866300.0,0.0,0.0,0.0,0.0,0.0
20230824140951064,SZSE,SZSE.ETF.159915,2.018,1.995,2.031,1.99,0.0,2.384,1.59,897175596.0,51400.0,1804112553.16,103725.20000004768,0.0,0.0,20230824,20230824,140951062,1.987,0.0,0.0,2.018,2.017,2.016,2.015,2.014,0.0,0.0,0.0,0.0,0.0,2.019,2.02,2.021,2.022,2.023,0.0,0.0,0.0,0.0,0.0,275500.0,2818300.0,5566000.0,2848200.0,1630200.0,0.0,0.0,0.0,0.0,0.0,2347100.0,3371100.0,626200.0,2453500.0,866300.0,0.0,0.0,0.0,0.0,0.0
20230824140949212,SZSE,SZSE.ETF.159915,2.018,1.995,2.031,1.99,0.0,2.384,1.59,897175596.0,51400.0,1804112553.16,103725.20000004768,0.0,0.0,20230824,20230824,140949211,1.987,0.0,0.0,2.018,2.017,2.016,2.015,2.014,0.0,0.0,0.0,0.0,0.0,2.019,2.02,2.021,2.022,2.023,0.0,0.0,0.0,0.0,0.0,275500.0,2818300.0,5566000.0,2848200.0,1630200.0,0.0,0.0,0.0,0.0,0.0,2347100.0,3371100.0,626200.0,2453500.0,866300.0,0.0,0.0,0.0,0.0,0.0
20230824140954048,SZSE,SZSE.ETF.159915,2.018,1.995,2.031,1.99,0.0,2.384,1.59,897189096.0,13500.0,1804139796.16,27243.0,0.0,0.0,20230824,20230824,140954047,1.987,0.0,0.0,2.018,2.017,2.016,2.015,2.014,0.0,0.0,0.0,0.0,0.0,2.019,2.02,2.021,2.022,2.023,0.0,0.0,0.0,0.0,0.0,314000.0,3792100.0,5566000.0,2848200.0,1630200.0,0.0,0.0,0.0,0.0,0.0,2347100.0,3371100.0,627200.0,2453500.0,866300.0,0.0,0.0,0.0,0.0,0.0
20230824140952188,SZSE,SZSE.ETF.159915,2.018,1.995,2.031,1.99,0.0,2.384,1.59,897189096.0,13500.0,1804139796.16,27243.0,0.0,0.0,20230824,20230824,140952189,1.987,0.0,0.0,2.018,2.017,2.016,2.015,2.014,0.0,0.0,0.0,0.0,0.0,2.019,2.02,2.021,2.022,2.023,0.0,0.0,0.0,0.0,0.0,314000.0,3792100.0,5566000.0,2848200.0,1630200.0,0.0,0.0,0.0,0.0,0.0,2347100.0,3371100.0,627200.0,2453500.0,866300.0,0.0,0.0,0.0,0.0,0.0
20230824140957064,SZSE,SZSE.ETF.159915,2.019,1.995,2.031,1.99,0.0,2.384,1.59,897193296.0,4200.0,1804148275.96,8479.799999952316,0.0,0.0,20230824,20230824,140957062,1.987,0.0,0.0,2.018,2.017,2.016,2.015,2.014,0.0,0.0,0.0,0.0,0.0,2.019,2.02,2.021,2.022,2.023,0.0,0.0,0.0,0.0,0.0,334000.0,3797000.0,5166000.0,2848200.0,1610200.0,0.0,0.0,0.0,0.0,0.0,2343700.0,3371100.0,627200.0,2453500.0,866300.0,0.0,0.0,0.0,0.0,0.0
20230824140955208,SZSE,SZSE.ETF.159915,2.019,1.995,2.031,1.99,0.0,2.384,1.59,897193296.0,4200.0,1804148275.96,8479.799999952316,0.0,0.0,20230824,20230824,140955210,1.987,0.0,0.0,2.018,2.017,2.016,2.015,2.014,0.0,0.0,0.0,0.0,0.0,2.019,2.02,2.021,2.022,2.023,0.0,0.0,0.0,0.0,0.0,334000.0,3797000.0,5166000.0,2848200.0,1610200.0,0.0,0.0,0.0,0.0,0.0,2343700.0,3371100.0,627200.0,2453500.0,866300.0,0.0,0.0,0.0,0.0,0.0
20230824141000112,SZSE,SZSE.ETF.159915,2.018,1.995,2.031,1.99,0.0,2.384,1.59,897227296.0,34000.0,1804216887.96,68612.0,0.0,0.0,20230824,20230824,141000110,1.987,0.0,0.0,2.018,2.017,2.016,2.015,2.014,0.0,0.0,0.0,0.0,0.0,2.019,2.02,2.021,2.022,2.023,0.0,0.0,0.0,0.0,0.0,318900.0,4854900.0,5641000.0,2861200.0,610200.0,0.0,0.0,0.0,0.0,0.0,2343700.0,3368000.0,627200.0,2528500.0,866300.0,0.0,0.0,0.0,0.0,0.0
20230824140958256,SZSE,SZSE.ETF.159915,2.018,1.995,2.031,1.99,0.0,2.384,1.59,897227296.0,34000.0,1804216887.96,68612.0,0.0,0.0,20230824,20230824,140958256,1.987,0.0,0.0,2.018,2.017,2.016,2.015,2.014,0.0,0.0,0.0,0.0,0.0,2.019,2.02,2.021,2.022,2.023,0.0,0.0,0.0,0.0,0.0,318900.0,4854900.0,5641000.0,2861200.0,610200.0,0.0,0.0,0.0,0.0,0.0,2343700.0,3368000.0,627200.0,2528500.0,866300.0,0.0,0.0,0.0,0.0,0.0
20230824141003080,SZSE,SZSE.ETF.159915,2.019,1.995,2.031,1.99,0.0,2.384,1.59,897228296.0,1000.0,1804218906.96,2019.0,0.0,0.0,20230824,20230824,141003078,1.987,0.0,0.0,2.018,2.017,2.016,2.015,2.014,0.0,0.0,0.0,0.0,0.0,2.019,2.02,2.021,2.022,2.023,0.0,0.0,0.0,0.0,0.0,318900.0,4887800.0,5566000.0,2861200.0,610200.0,0.0,0.0,0.0,0.0,0.0,2292700.0,3368000.0,627200.0,2452100.0,866300.0,0.0,0.0,0.0,0.0,0.0
20230824141006124,SZSE,SZSE.ETF.159915,2.019,1.995,2.031,1.99,0.0,2.384,1.59,897228296.0,0.0,1804218906.96,0.0,0.0,0.0,20230824,20230824,141006125,1.987,0.0,0.0,2.018,2.017,2.016,2.015,2.014,0.0,0.0,0.0,0.0,0.0,2.019,2.02,2.021,2.022,2.023,0.0,0.0,0.0,0.0,0.0,374200.0,5888400.0,4566000.0,2867000.0,610200.0,0.0,0.0,0.0,0.0,0.0,2182700.0,3375500.0,627200.0,2452100.0,866300.0,0.0,0.0,0.0,0.0,0.0
20230824141004268,SZSE,SZSE.ETF.159915,2.019,1.995,2.031,1.99,0.0,2.384,1.59,897228296.0,0.0,1804218906.96,0.0,0.0,0.0,20230824,20230824,141004267,1.987,0.0,0.0,2.018,2.017,2.016,2.015,2.014,0.0,0.0,0.0,0.0,0.0,2.019,2.02,2.021,2.022,2.023,0.0,0.0,0.0,0.0,0.0,374200.0,5888400.0,4566000.0,2867000.0,610200.0,0.0,0.0,0.0,0.0,0.0,2182700.0,3375500.0,627200.0,2452100.0,866300.0,0.0,0.0,0.0,0.0,0.0
20230824141009124,SZSE,SZSE.ETF.159915,2.018,1.995,2.031,1.99,0.0,2.384,1.59,897234096.0,5800.0,1804230611.36,11704.399999856949,0.0,0.0,20230824,20230824,141009125,1.987,0.0,0.0,2.018,2.017,2.016,2.015,2.014,0.0,0.0,0.0,0.0,0.0,2.019,2.02,2.021,2.022,2.023,0.0,0.0,0.0,0.0,0.0,1378600.0,6573400.0,4571000.0,2867000.0,610200.0,0.0,0.0,0.0,0.0,0.0,2032700.0,3376700.0,567200.0,2455100.0,866300.0,0.0,0.0,0.0,0.0,0.0
20230824141007264,SZSE,SZSE.ETF.159915,2.018,1.995,2.031,1.99,0.0,2.384,1.59,897234096.0,5800.0,1804230611.36,11704.399999856949,0.0,0.0,20230824,20230824,141007263,1.987,0.0,0.0,2.018,2.017,2.016,2.015,2.014,0.0,0.0,0.0,0.0,0.0,2.019,2.02,2.021,2.022,2.023,0.0,0.0,0.0,0.0,0.0,1378600.0,6573400.0,4571000.0,2867000.0,610200.0,0.0,0.0,0.0,0.0,0.0,2032700.0,3376700.0,567200.0,2455100.0,866300.0,0.0,0.0,0.0,0.0,0.0
20230824141012096,SZSE,SZSE.ETF.159915,2.018,1.995,2.031,1.99,0.0,2.384,1.59,897234096.0,0.0,1804230611.36,0.0,0.0,0.0,20230824,20230824,141012094,1.987,0.0,0.0,2.018,2.017,2.016,2.015,2.014,0.0,0.0,0.0,0.0,0.0,2.019,2.02,2.021,2.022,2.023,0.0,0.0,0.0,0.0,0.0,1935400.0,6648200.0,4475900.0,2917200.0,610200.0,0.0,0.0,0.0,0.0,0.0,1810700.0,3316700.0,737400.0,1480000.0,866300.0,0.0,0.0,0.0,0.0,0.0
20230824141010240,SZSE,SZSE.ETF.159915,2.018,1.995,2.031,1.99,0.0,2.384,1.59,897234096.0,0.0,1804230611.36,0.0,0.0,0.0,20230824,20230824,141010239,1.987,0.0,0.0,2.018,2.017,2.016,2.015,2.014,0.0,0.0,0.0,0.0,0.0,2.019,2.02,2.021,2.022,2.023,0.0,0.0,0.0,0.0,0.0,1935400.0,6648200.0,4475900.0,2917200.0,610200.0,0.0,0.0,0.0,0.0,0.0,1810700.0,3316700.0,737400.0,1480000.0,866300.0,0.0,0.0,0.0,0.0,0.0
20230824141015124,SZSE,SZSE.ETF.159915,2.019,1.995,2.031,1.99,0.0,2.384,1.59,897237596.0,3500.0,1804237677.86,7066.5,0.0,0.0,20230824,20230824,141015125,1.987,0.0,0.0,2.018,2.017,2.016,2.015,2.014,0.0,0.0,0.0,0.0,0.0,2.019,2.02,2.021,2.022,2.023,0.0,0.0,0.0,0.0,0.0,1542800.0,6768200.0,4389000.0,2867000.0,610200.0,0.0,0.0,0.0,0.0,0.0,1037200.0,3312700.0,627200.0,1455100.0,1885200.0,0.0,0.0,0.0,0.0,0.0
20230824141013272,SZSE,SZSE.ETF.159915,2.019,1.995,2.031,1.99,0.0,2.384,1.59,897237596.0,3500.0,1804237677.86,7066.5,0.0,0.0,20230824,20230824,141013270,1.987,0.0,0.0,2.018,2.017,2.016,2.015,2.014,0.0,0.0,0.0,0.0,0.0,2.019,2.02,2.021,2.022,2.023,0.0,0.0,0.0,0.0,0.0,1542800.0,6768200.0,4389000.0,2867000.0,610200.0,0.0,0.0,0.0,0.0,0.0,1037200.0,3312700.0,627200.0,1455100.0,1885200.0,0.0,0.0,0.0,0.0,0.0
20230824141018096,SZSE,SZSE.ETF.159915,2.019,1.995,2.031,1.99,0.0,2.384,1.59,897237596.0,0.0,1804237677.86,0.0,0.0,0.0,20230824,20230824,141018094,1.987,0.0,0.0,2.018,2.017,2.016,2.015,2.014,0.0,0.0,0.0,0.0,0.0,2.019,2.02,2.021,2.022,2.023,0.0,0.0,0.0,0.0,0.0,1960200.0,6728100.0,4389000.0,2867500.0,610200.0,0.0,0.0,0.0,0.0,0.0,1226900.0,3363200.0,629700.0,1460100.0,1885200.0,0.0,0.0,0.0,0.0,0.0
20230824141016236,SZSE,SZSE.ETF.159915,2.019,1.995,2.031,1.99,0.0,2.384,1.59,897237596.0,0.0,1804237677.86,0.0,0.0,0.0,20230824,20230824,141016236,1.987,0.0,0.0,2.018,2.017,2.016,2.015,2.014,0.0,0.0,0.0,0.0,0.0,2.019,2.02,2.021,2.022,2.023,0.0,0.0,0.0,0.0,0.0,1960200.0,6728100.0,4389000.0,2867500.0,610200.0,0.0,0.0,0.0,0.0,0.0,1226900.0,3363200.0,629700.0,1460100.0,1885200.0,0.0,0.0,0.0,0.0,0.0
20230824141021080,SZSE,SZSE.ETF.159915,2.019,1.995,2.031,1.99,0.0,2.384,1.59,897288696.0,51100.0,1804340847.76,103169.90000009537,0.0,0.0,20230824,20230824,141021078,1.987,0.0,0.0,2.018,2.017,2.016,2.015,2.014,0.0,0.0,0.0,0.0,0.0,2.019,2.02,2.021,2.022,2.023,0.0,0.0,0.0,0.0,0.0,1975100.0,6678200.0,4389000.0,2867500.0,610200.0,0.0,0.0,0.0,0.0,0.0,709800.0,3373200.0,629700.0,1460100.0,1885200.0,0.0,0.0,0.0,0.0,0.0
20230824141019216,SZSE,SZSE.ETF.159915,2.019,1.995,2.031,1.99,0.0,2.384,1.59,897288696.0,51100.0,1804340847.76,103169.90000009537,0.0,0.0,20230824,20230824,141019217,1.987,0.0,0.0,2.018,2.017,2.016,2.015,2.014,0.0,0.0,0.0,0.0,0.0,2.019,2.02,2.021,2.022,2.023,0.0,0.0,0.0,0.0,0.0,1975100.0,6678200.0,4389000.0,2867500.0,610200.0,0.0,0.0,0.0,0.0,0.0,709800.0,3373200.0,629700.0,1460100.0,1885200.0,0.0,0.0,0.0,0.0,0.0
20230824141024064,SZSE,SZSE.ETF.159915,2.019,1.995,2.031,1.99,0.0,2.384,1.59,897288696.0,0.0,1804340847.76,0.0,0.0,0.0,20230824,20230824,141024063,1.987,0.0,0.0,2.018,2.017,2.016,2.015,2.014,0.0,0.0,0.0,0.0,0.0,2.019,2.02,2.021,2.022,2.023,0.0,0.0,0.0,0.0,0.0,1975700.0,6673200.0,4338900.0,2907700.0,610200.0,0.0,0.0,0.0,0.0,0.0,709800.0,3373200.0,721000.0,1410000.0,1885200.0,0.0,0.0,0.0,0.0,0.0
20230824141022200,SZSE,SZSE.ETF.159915,2.019,1.995,2.031,1.99,0.0,2.384,1.59,897288696.0,0.0,1804340847.76,0.0,0.0,0.0,20230824,20230824,141022199,1.987,0.0,0.0,2.018,2.017,2.016,2.015,2.014,0.0,0.0,0.0,0.0,0.0,2.019,2.02,2.021,2.022,2.023,0.0,0.0,0.0,0.0,0.0,1975700.0,6673200.0,4338900.0,2907700.0,610200.0,0.0,0.0,0.0,0.0,0.0,709800.0,3373200.0,721000.0,1410000.0,1885200.0,0.0,0.0,0.0,0.0,0.0
20230824141027064,SZSE,SZSE.ETF.159915,2.019,1.995,2.031,1.99,0.0,2.384,1.59,897320596.0,31900.0,1804405231.16,64383.40000009537,0.0,0.0,20230824,20230824,141027062,1.987,0.0,0.0,2.018,2.017,2.016,2.015,2.014,0.0,0.0,0.0,0.0,0.0,2.019,2.02,2.021,2.022,2.023,0.0,0.0,0.0,0.0,0.0,1758800.0,6674200.0,4243900.0,2907700.0,610700.0,0.0,0.0,0.0,0.0,0.0,607600.0,3373200.0,821000.0,1410000.0,885200.0,0.0,0.0,0.0,0.0,0.0
20230824141030064,SZSE,SZSE.ETF.159915,2.019,1.995,2.031,1.99,0.0,2.384,1.59,897373696.0,53100.0,1804512388.96,107157.79999995232,0.0,0.0,20230824,20230824,141030062,1.987,0.0,0.0,2.018,2.017,2.016,2.015,2.014,0.0,0.0,0.0,0.0,0.0,2.019,2.02,2.021,2.022,2.023,0.0,0.0,0.0,0.0,0.0,1757700.0,6679200.0,4238900.0,2907700.0,610700.0,0.0,0.0,0.0,0.0,0.0,681700.0,3373200.0,821000.0,2410000.0,885200.0,0.0,0.0,0.0,0.0,0.0
20230824141031180,SZSE,SZSE.ETF.159915,2.019,1.995,2.031,1.99,0.0,2.384,1.59,897422696.0,49000.0,1804611319.96,98931.0,0.0,0.0,20230824,20230824,141031181,1.987,0.0,0.0,2.018,2.017,2.016,2.015,2.014,0.0,0.0,0.0,0.0,0.0,2.019,2.02,2.021,2.022,2.023,0.0,0.0,0.0,0.0,0.0,1774900.0,6679200.0,4238900.0,2907700.0,610700.0,0.0,0.0,0.0,0.0,0.0,632700.0,3373200.0,769000.0,2410000.0,885200.0,0.0,0.0,0.0,0.0,0.0
20230824141033080,SZSE,SZSE.ETF.159915,2.019,1.995,2.031,1.99,0.0,2.384,1.59,897422696.0,49000.0,1804611319.96,98931.0,0.0,0.0,20230824,20230824,141033078,1.987,0.0,0.0,2.018,2.017,2.016,2.015,2.014,0.0,0.0,0.0,0.0,0.0,2.019,2.02,2.021,2.022,2.023,0.0,0.0,0.0,0.0,0.0,1774900.0,6679200.0,4238900.0,2907700.0,610700.0,0.0,0.0,0.0,0.0,0.0,632700.0,3373200.0,769000.0,2410000.0,885200.0,0.0,0.0,0.0,0.0,0.0
20230824141036032,SZSE,SZSE.ETF.159915,2.019,1.995,2.031,1.99,0.0,2.384,1.59,897437296.0,14600.0,1804640797.36,29477.39999985695,0.0,0.0,20230824,20230824,141036031,1.987,0.0,0.0,2.018,2.017,2.016,2.015,2.014,0.0,0.0,0.0,0.0,0.0,2.019,2.02,2.021,2.022,2.023,0.0,0.0,0.0,0.0,0.0,1792000.0,6674200.0,4238900.0,2907700.0,610700.0,0.0,0.0,0.0,0.0,0.0,785400.0,3373200.0,769000.0,2410000.0,927200.0,0.0,0.0,0.0,0.0,0.0
20230824141034180,SZSE,SZSE.ETF.159915,2.019,1.995,2.031,1.99,0.0,2.384,1.59,897437296.0,14600.0,1804640797.36,29477.39999985695,0.0,0.0,20230824,20230824,141034181,1.987,0.0,0.0,2.018,2.017,2.016,2.015,2.014,0.0,0.0,0.0,0.0,0.0,2.019,2.02,2.021,2.022,2.023,0.0,0.0,0.0,0.0,0.0,1792000.0,6674200.0,4238900.0,2907700.0,610700.0,0.0,0.0,0.0,0.0,0.0,785400.0,3373200.0,769000.0,2410000.0,927200.0,0.0,0.0,0.0,0.0,0.0
20230824141039080,SZSE,SZSE.ETF.159915,2.019,1.995,2.031,1.99,0.0,2.384,1.59,897437296.0,0.0,1804640797.36,0.0,0.0,0.0,20230824,20230824,141039078,1.987,0.0,0.0,2.018,2.017,2.016,2.015,2.014,0.0,0.0,0.0,0.0,0.0,2.019,2.02,2.021,2.022,2.023,0.0,0.0,0.0,0.0,0.0,1810300.0,6674200.0,4313800.0,2907700.0,626200.0,0.0,0.0,0.0,0.0,0.0,785400.0,3450400.0,709000.0,2411000.0,935200.0,0.0,0.0,0.0,0.0,0.0
20230824141037216,SZSE,SZSE.ETF.159915,2.019,1.995,2.031,1.99,0.0,2.384,1.59,897437296.0,0.0,1804640797.36,0.0,0.0,0.0,20230824,20230824,141037218,1.987,0.0,0.0,2.018,2.017,2.016,2.015,2.014,0.0,0.0,0.0,0.0,0.0,2.019,2.02,2.021,2.022,2.023,0.0,0.0,0.0,0.0,0.0,1810300.0,6674200.0,4313800.0,2907700.0,626200.0,0.0,0.0,0.0,0.0,0.0,785400.0,3450400.0,709000.0,2411000.0,935200.0,0.0,0.0,0.0,0.0,0.0
20230824141042056,SZSE,SZSE.ETF.159915,2.018,1.995,2.031,1.99,0.0,2.384,1.59,897575196.0,137900.0,1804919079.66,278282.30000019073,0.0,0.0,20230824,20230824,141042054,1.987,0.0,0.0,2.018,2.017,2.016,2.015,2.014,0.0,0.0,0.0,0.0,0.0,2.019,2.02,2.021,2.022,2.023,0.0,0.0,0.0,0.0,0.0,1675500.0,6692100.0,4238800.0,2977700.0,636200.0,0.0,0.0,0.0,0.0,0.0,833500.0,3454400.0,761000.0,2336000.0,1015200.0,0.0,0.0,0.0,0.0,0.0
20230824141040188,SZSE,SZSE.ETF.159915,2.018,1.995,2.031,1.99,0.0,2.384,1.59,897575196.0,137900.0,1804919079.66,278282.30000019073,0.0,0.0,20230824,20230824,141040189,1.987,0.0,0.0,2.018,2.017,2.016,2.015,2.014,0.0,0.0,0.0,0.0,0.0,2.019,2.02,2.021,2.022,2.023,0.0,0.0,0.0,0.0,0.0,1675500.0,6692100.0,4238800.0,2977700.0,636200.0,0.0,0.0,0.0,0.0,0.0,833500.0,3454400.0,761000.0,2336000.0,1015200.0,0.0,0.0,0.0,0.0,0.0
20230824141045064,SZSE,SZSE.ETF.159915,2.019,1.995,2.031,1.99,0.0,2.384,1.59,897590396.0,15200.0,1804949768.46,30688.799999952316,0.0,0.0,20230824,20230824,141045064,1.987,0.0,0.0,2.018,2.017,2.016,2.015,2.014,0.0,0.0,0.0,0.0,0.0,2.019,2.02,2.021,2.022,2.023,0.0,0.0,0.0,0.0,0.0,1678700.0,6726100.0,4238800.0,2917700.0,636200.0,0.0,0.0,0.0,0.0,0.0,774400.0,3454400.0,709000.0,2336000.0,1067200.0,0.0,0.0,0.0,0.0,0.0
20230824141043200,SZSE,SZSE.ETF.159915,2.019,1.995,2.031,1.99,0.0,2.384,1.59,897590396.0,15200.0,1804949768.46,30688.799999952316,0.0,0.0,20230824,20230824,141043199,1.987,0.0,0.0,2.018,2.017,2.016,2.015,2.014,0.0,0.0,0.0,0.0,0.0,2.019,2.02,2.021,2.022,2.023,0.0,0.0,0.0,0.0,0.0,1678700.0,6726100.0,4238800.0,2917700.0,636200.0,0.0,0.0,0.0,0.0,0.0,774400.0,3454400.0,709000.0,2336000.0,1067200.0,0.0,0.0,0.0,0.0,0.0
20230824141048032,SZSE,SZSE.ETF.159915,2.019,1.995,2.031,1.99,0.0,2.384,1.59,897615396.0,25000.0,1805000218.66,50450.200000047684,0.0,0.0,20230824,20230824,141048031,1.987,0.0,0.0,2.018,2.017,2.016,2.015,2.014,0.0,0.0,0.0,0.0,0.0,2.019,2.02,2.021,2.022,2.023,0.0,0.0,0.0,0.0,0.0,1623900.0,6726100.0,4238800.0,2847700.0,636200.0,0.0,0.0,0.0,0.0,0.0,774200.0,3454400.0,709000.0,2355200.0,997200.0,0.0,0.0,0.0,0.0,0.0
20230824141046168,SZSE,SZSE.ETF.159915,2.019,1.995,2.031,1.99,0.0,2.384,1.59,897615396.0,25000.0,1805000218.66,50450.200000047684,0.0,0.0,20230824,20230824,141046166,1.987,0.0,0.0,2.018,2.017,2.016,2.015,2.014,0.0,0.0,0.0,0.0,0.0,2.019,2.02,2.021,2.022,2.023,0.0,0.0,0.0,0.0,0.0,1623900.0,6726100.0,4238800.0,2847700.0,636200.0,0.0,0.0,0.0,0.0,0.0,774200.0,3454400.0,709000.0,2355200.0,997200.0,0.0,0.0,0.0,0.0,0.0
20230824141049192,SZSE,SZSE.ETF.159915,2.019,1.995,2.031,1.99,0.0,2.384,1.59,897637496.0,22100.0,1805044837.56,44618.89999985695,0.0,0.0,20230824,20230824,141049193,1.987,0.0,0.0,2.018,2.017,2.016,2.015,2.014,0.0,0.0,0.0,0.0,0.0,2.019,2.02,2.021,2.022,2.023,0.0,0.0,0.0,0.0,0.0,2027600.0,6727100.0,4313800.0,2917700.0,636200.0,0.0,0.0,0.0,0.0,0.0,764100.0,3254400.0,715100.0,2929800.0,1156900.0,0.0,0.0,0.0,0.0,0.0
20230824141051088,SZSE,SZSE.ETF.159915,2.019,1.995,2.031,1.99,0.0,2.384,1.59,897637496.0,22100.0,1805044837.56,44618.89999985695,0.0,0.0,20230824,20230824,141051090,1.987,0.0,0.0,2.018,2.017,2.016,2.015,2.014,0.0,0.0,0.0,0.0,0.0,2.019,2.02,2.021,2.022,2.023,0.0,0.0,0.0,0.0,0.0,2027600.0,6727100.0,4313800.0,2917700.0,636200.0,0.0,0.0,0.0,0.0,0.0,764100.0,3254400.0,715100.0,2929800.0,1156900.0,0.0,0.0,0.0,0.0,0.0
20230824141054048,SZSE,SZSE.ETF.159915,2.018,1.995,2.031,1.99,0.0,2.384,1.59,897650296.0,12800.0,1805070667.96,25830.400000095367,0.0,0.0,20230824,20230824,141054049,1.987,0.0,0.0,2.018,2.017,2.016,2.015,2.014,0.0,0.0,0.0,0.0,0.0,2.019,2.02,2.021,2.022,2.023,0.0,0.0,0.0,0.0,0.0,2021200.0,6770100.0,4238800.0,2977700.0,636200.0,0.0,0.0,0.0,0.0,0.0,713400.0,3154400.0,775100.0,2854800.0,1096900.0,0.0,0.0,0.0,0.0,0.0
20230824141052192,SZSE,SZSE.ETF.159915,2.018,1.995,2.031,1.99,0.0,2.384,1.59,897650296.0,12800.0,1805070667.96,25830.400000095367,0.0,0.0,20230824,20230824,141052190,1.987,0.0,0.0,2.018,2.017,2.016,2.015,2.014,0.0,0.0,0.0,0.0,0.0,2.019,2.02,2.021,2.022,2.023,0.0,0.0,0.0,0.0,0.0,2021200.0,6770100.0,4238800.0,2977700.0,636200.0,0.0,0.0,0.0,0.0,0.0,713400.0,3154400.0,775100.0,2854800.0,1096900.0,0.0,0.0,0.0,0.0,0.0
20230824141057048,SZSE,SZSE.ETF.159915,2.018,1.995,2.031,1.99,0.0,2.384,1.59,897655396.0,5100.0,1805080963.86,10295.899999856949,0.0,0.0,20230824,20230824,141057047,1.987,0.0,0.0,2.018,2.017,2.016,2.015,2.014,0.0,0.0,0.0,0.0,0.0,2.019,2.02,2.021,2.022,2.023,0.0,0.0,0.0,0.0,0.0,2039200.0,6830100.0,4238800.0,2911900.0,636200.0,0.0,0.0,0.0,0.0,0.0,711100.0,2074400.0,715100.0,1854800.0,2156900.0,0.0,0.0,0.0,0.0,0.0
20230824141055192,SZSE,SZSE.ETF.159915,2.018,1.995,2.031,1.99,0.0,2.384,1.59,897655396.0,5100.0,1805080963.86,10295.899999856949,0.0,0.0,20230824,20230824,141055192,1.987,0.0,0.0,2.018,2.017,2.016,2.015,2.014,0.0,0.0,0.0,0.0,0.0,2.019,2.02,2.021,2.022,2.023,0.0,0.0,0.0,0.0,0.0,2039200.0,6830100.0,4238800.0,2911900.0,636200.0,0.0,0.0,0.0,0.0,0.0,711100.0,2074400.0,715100.0,1854800.0,2156900.0,0.0,0.0,0.0,0.0,0.0
20230824141100080,SZSE,SZSE.ETF.159915,2.019,1.995,2.031,1.99,0.0,2.384,1.59,897655696.0,300.0,1805081569.56,605.7000000476837,0.0,0.0,20230824,20230824,141100079,1.987,0.0,0.0,2.018,2.017,2.016,2.015,2.014,0.0,0.0,0.0,0.0,0.0,2.019,2.02,2.021,2.022,2.023,0.0,0.0,0.0,0.0,0.0,2039200.0,6775100.0,4238800.0,2971900.0,636200.0,0.0,0.0,0.0,0.0,0.0,715800.0,2074400.0,715100.0,1854800.0,2156900.0,0.0,0.0,0.0,0.0,0.0
20230824141058228,SZSE,SZSE.ETF.159915,2.019,1.995,2.031,1.99,0.0,2.384,1.59,897655696.0,300.0,1805081569.56,605.7000000476837,0.0,0.0,20230824,20230824,141058227,1.987,0.0,0.0,2.018,2.017,2.016,2.015,2.014,0.0,0.0,0.0,0.0,0.0,2.019,2.02,2.021,2.022,2.023,0.0,0.0,0.0,0.0,0.0,2039200.0,6775100.0,4238800.0,2971900.0,636200.0,0.0,0.0,0.0,0.0,0.0,715800.0,2074400.0,715100.0,1854800.0,2156900.0,0.0,0.0,0.0,0.0,0.0
20230824141103108,SZSE,SZSE.ETF.159915,2.019,1.995,2.031,1.99,0.0,2.384,1.59,898373496.0,717800.0,1806530807.76,1449238.2000000477,0.0,0.0,20230824,20230824,141103109,1.987,0.0,0.0,2.019,2.018,2.017,2.016,2.015,0.0,0.0,0.0,0.0,0.0,2.02,2.021,2.022,2.023,2.024,0.0,0.0,0.0,0.0,0.0,293300.0,2068200.0,6696700.0,4316300.0,2911900.0,0.0,0.0,0.0,0.0,0.0,2074400.0,715100.0,1929800.0,2157600.0,859500.0,0.0,0.0,0.0,0.0,0.0
20230824141101248,SZSE,SZSE.ETF.159915,2.019,1.995,2.031,1.99,0.0,2.384,1.59,898373496.0,717800.0,1806530807.76,1449238.2000000477,0.0,0.0,20230824,20230824,141101247,1.987,0.0,0.0,2.019,2.018,2.017,2.016,2.015,0.0,0.0,0.0,0.0,0.0,2.02,2.021,2.022,2.023,2.024,0.0,0.0,0.0,0.0,0.0,293300.0,2068200.0,6696700.0,4316300.0,2911900.0,0.0,0.0,0.0,0.0,0.0,2074400.0,715100.0,1929800.0,2157600.0,859500.0,0.0,0.0,0.0,0.0,0.0
20230824141104272,SZSE,SZSE.ETF.159915,2.019,1.995,2.031,1.99,0.0,2.384,1.59,898395996.0,22500.0,1806576235.26,45427.5,0.0,0.0,20230824,20230824,141104273,1.987,0.0,0.0,2.019,2.018,2.017,2.016,2.015,0.0,0.0,0.0,0.0,0.0,2.02,2.021,2.022,2.023,2.024,0.0,0.0,0.0,0.0,0.0,318300.0,2135700.0,6369000.0,2945300.0,2408700.0,0.0,0.0,0.0,0.0,0.0,1992400.0,3077800.0,2012300.0,2343700.0,862500.0,0.0,0.0,0.0,0.0,0.0
20230824141106132,SZSE,SZSE.ETF.159915,2.019,1.995,2.031,1.99,0.0,2.384,1.59,898395996.0,22500.0,1806576235.26,45427.5,0.0,0.0,20230824,20230824,141106132,1.987,0.0,0.0,2.019,2.018,2.017,2.016,2.015,0.0,0.0,0.0,0.0,0.0,2.02,2.021,2.022,2.023,2.024,0.0,0.0,0.0,0.0,0.0,318300.0,2135700.0,6369000.0,2945300.0,2408700.0,0.0,0.0,0.0,0.0,0.0,1992400.0,3077800.0,2012300.0,2343700.0,862500.0,0.0,0.0,0.0,0.0,0.0
20230824141109140,SZSE,SZSE.ETF.159915,2.019,1.995,2.031,1.99,0.0,2.384,1.59,898395996.0,0.0,1806576235.26,0.0,0.0,0.0,20230824,20230824,141109141,1.987,0.0,0.0,2.019,2.018,2.017,2.016,2.015,0.0,0.0,0.0,0.0,0.0,2.02,2.021,2.022,2.023,2.024,0.0,0.0,0.0,0.0,0.0,822800.0,3141000.0,6481100.0,2945300.0,2419200.0,0.0,0.0,0.0,0.0,0.0,1988400.0,3135300.0,2012500.0,2343700.0,862500.0,0.0,0.0,0.0,0.0,0.0
20230824141107276,SZSE,SZSE.ETF.159915,2.019,1.995,2.031,1.99,0.0,2.384,1.59,898395996.0,0.0,1806576235.26,0.0,0.0,0.0,20230824,20230824,141107277,1.987,0.0,0.0,2.019,2.018,2.017,2.016,2.015,0.0,0.0,0.0,0.0,0.0,2.02,2.021,2.022,2.023,2.024,0.0,0.0,0.0,0.0,0.0,822800.0,3141000.0,6481100.0,2945300.0,2419200.0,0.0,0.0,0.0,0.0,0.0,1988400.0,3135300.0,2012500.0,2343700.0,862500.0,0.0,0.0,0.0,0.0,0.0
20230824141112172,SZSE,SZSE.ETF.159915,2.019,1.995,2.031,1.99,0.0,2.384,1.59,898400996.0,5000.0,1806586330.26,10095.0,0.0,0.0,20230824,20230824,141112172,1.987,0.0,0.0,2.019,2.018,2.017,2.016,2.015,0.0,0.0,0.0,0.0,0.0,2.02,2.021,2.022,2.023,2.024,0.0,0.0,0.0,0.0,0.0,833600.0,3565200.0,6331100.0,2945300.0,1419200.0,0.0,0.0,0.0,0.0,0.0,1738400.0,3135300.0,1952500.0,2343700.0,862500.0,0.0,0.0,0.0,0.0,0.0
20230824141115140,SZSE,SZSE.ETF.159915,2.019,1.995,2.031,1.99,0.0,2.384,1.59,898404996.0,4000.0,1806594409.76,8079.5,0.0,0.0,20230824,20230824,141115141,1.987,0.0,0.0,2.019,2.018,2.017,2.016,2.015,0.0,0.0,0.0,0.0,0.0,2.02,2.021,2.022,2.023,2.024,0.0,0.0,0.0,0.0,0.0,1387600.0,3565200.0,6331100.0,2945300.0,1419200.0,0.0,0.0,0.0,0.0,0.0,1314900.0,3135300.0,1952500.0,1343700.0,1862500.0,0.0,0.0,0.0,0.0,0.0
20230824141118220,SZSE,SZSE.ETF.159915,2.019,1.995,2.031,1.99,0.0,2.384,1.59,898404996.0,0.0,1806594409.76,0.0,0.0,0.0,20230824,20230824,141118220,1.987,0.0,0.0,2.019,2.018,2.017,2.016,2.015,0.0,0.0,0.0,0.0,0.0,2.02,2.021,2.022,2.023,2.024,0.0,0.0,0.0,0.0,0.0,1434600.0,4973500.0,5406100.0,2945300.0,1419200.0,0.0,0.0,0.0,0.0,0.0,775700.0,3135300.0,1952500.0,1418700.0,1862500.0,0.0,0.0,0.0,0.0,0.0
20230824141121140,SZSE,SZSE.ETF.159915,2.019,1.995,2.031,1.99,0.0,2.384,1.59,898446796.0,41800.0,1806678806.96,84397.20000004768,0.0,0.0,20230824,20230824,141121141,1.987,0.0,0.0,2.019,2.018,2.017,2.016,2.015,0.0,0.0,0.0,0.0,0.0,2.02,2.021,2.022,2.023,2.024,0.0,0.0,0.0,0.0,0.0,1396600.0,5083500.0,5224000.0,2995400.0,1419200.0,0.0,0.0,0.0,0.0,0.0,701900.0,1695300.0,2062600.0,1293600.0,1862500.0,0.0,0.0,0.0,0.0,0.0
20230824141124140,SZSE,SZSE.ETF.159915,2.019,1.995,2.031,1.99,0.0,2.384,1.59,898555996.0,109200.0,1806899390.76,220583.79999995232,0.0,0.0,20230824,20230824,141124141,1.987,0.0,0.0,2.019,2.018,2.017,2.016,2.015,0.0,0.0,0.0,0.0,0.0,2.02,2.021,2.022,2.023,2.024,0.0,0.0,0.0,0.0,0.0,1516400.0,5148200.0,5064000.0,2995400.0,1419200.0,0.0,0.0,0.0,0.0,0.0,492900.0,1695300.0,2102600.0,1353600.0,1862500.0,0.0,0.0,0.0,0.0,0.0
20230824141127096,SZSE,SZSE.ETF.159915,2.02,1.995,2.031,1.99,0.0,2.384,1.59,898565196.0,9200.0,1806917974.76,18584.0,0.0,0.0,20230824,20230824,141127094,1.987,0.0,0.0,2.019,2.018,2.017,2.016,2.015,0.0,0.0,0.0,0.0,0.0,2.02,2.021,2.022,2.023,2.024,0.0,0.0,0.0,0.0,0.0,1115200.0,5088200.0,5059000.0,2995400.0,1419200.0,0.0,0.0,0.0,0.0,0.0,515700.0,1795300.0,2165600.0,1233600.0,1862500.0,0.0,0.0,0.0,0.0,0.0
20230824141130112,SZSE,SZSE.ETF.159915,2.019,1.995,2.031,1.99,0.0,2.384,1.59,898565696.0,500.0,1806918984.26,1009.5,0.0,0.0,20230824,20230824,141130110,1.987,0.0,0.0,2.019,2.018,2.017,2.016,2.015,0.0,0.0,0.0,0.0,0.0,2.02,2.021,2.022,2.023,2.024,0.0,0.0,0.0,0.0,0.0,1114700.0,5013000.0,5194000.0,2995400.0,1419200.0,0.0,0.0,0.0,0.0,0.0,516700.0,1796300.0,2165600.0,2368600.0,862500.0,0.0,0.0,0.0,0.0,0.0
20230824141128260,SZSE,SZSE.ETF.159915,2.019,1.995,2.031,1.99,0.0,2.384,1.59,898565696.0,500.0,1806918984.26,1009.5,0.0,0.0,20230824,20230824,141128260,1.987,0.0,0.0,2.019,2.018,2.017,2.016,2.015,0.0,0.0,0.0,0.0,0.0,2.02,2.021,2.022,2.023,2.024,0.0,0.0,0.0,0.0,0.0,1114700.0,5013000.0,5194000.0,2995400.0,1419200.0,0.0,0.0,0.0,0.0,0.0,516700.0,1796300.0,2165600.0,2368600.0,862500.0,0.0,0.0,0.0,0.0,0.0
20230824141133080,SZSE,SZSE.ETF.159915,2.02,1.995,2.031,1.99,0.0,2.384,1.59,898567196.0,1500.0,1806922014.26,3030.0,0.0,0.0,20230824,20230824,141133078,1.987,0.0,0.0,2.019,2.018,2.017,2.016,2.015,0.0,0.0,0.0,0.0,0.0,2.02,2.021,2.022,2.023,2.024,0.0,0.0,0.0,0.0,0.0,1512400.0,5088800.0,5059000.0,2995400.0,1424200.0,0.0,0.0,0.0,0.0,0.0,521300.0,1795900.0,2105600.0,2353600.0,862500.0,0.0,0.0,0.0,0.0,0.0
20230824141131224,SZSE,SZSE.ETF.159915,2.02,1.995,2.031,1.99,0.0,2.384,1.59,898567196.0,1500.0,1806922014.26,3030.0,0.0,0.0,20230824,20230824,141131224,1.987,0.0,0.0,2.019,2.018,2.017,2.016,2.015,0.0,0.0,0.0,0.0,0.0,2.02,2.021,2.022,2.023,2.024,0.0,0.0,0.0,0.0,0.0,1512400.0,5088800.0,5059000.0,2995400.0,1424200.0,0.0,0.0,0.0,0.0,0.0,521300.0,1795900.0,2105600.0,2353600.0,862500.0,0.0,0.0,0.0,0.0,0.0
20230824141136080,SZSE,SZSE.ETF.159915,2.02,1.995,2.031,1.99,0.0,2.384,1.59,898792996.0,225800.0,1807378104.56,456090.2999999523,0.0,0.0,20230824,20230824,141136078,1.987,0.0,0.0,2.019,2.018,2.017,2.016,2.015,0.0,0.0,0.0,0.0,0.0,2.02,2.021,2.022,2.023,2.024,0.0,0.0,0.0,0.0,0.0,1340300.0,5298800.0,4999000.0,2995400.0,1424200.0,0.0,0.0,0.0,0.0,0.0,335100.0,1695900.0,2105600.0,1293600.0,1922500.0,0.0,0.0,0.0,0.0,0.0
20230824141134224,SZSE,SZSE.ETF.159915,2.02,1.995,2.031,1.99,0.0,2.384,1.59,898792996.0,225800.0,1807378104.56,456090.2999999523,0.0,0.0,20230824,20230824,141134223,1.987,0.0,0.0,2.019,2.018,2.017,2.016,2.015,0.0,0.0,0.0,0.0,0.0,2.02,2.021,2.022,2.023,2.024,0.0,0.0,0.0,0.0,0.0,1340300.0,5298800.0,4999000.0,2995400.0,1424200.0,0.0,0.0,0.0,0.0,0.0,335100.0,1695900.0,2105600.0,1293600.0,1922500.0,0.0,0.0,0.0,0.0,0.0
20230824141139096,SZSE,SZSE.ETF.159915,2.02,1.995,2.031,1.99,0.0,2.384,1.59,898806296.0,13300.0,1807404967.56,26863.0,0.0,0.0,20230824,20230824,141139094,1.987,0.0,0.0,2.019,2.018,2.017,2.016,2.015,0.0,0.0,0.0,0.0,0.0,2.02,2.021,2.022,2.023,2.024,0.0,0.0,0.0,0.0,0.0,1342200.0,5298800.0,4999000.0,2995400.0,1424200.0,0.0,0.0,0.0,0.0,0.0,330200.0,1695900.0,2033600.0,1293600.0,1974500.0,0.0,0.0,0.0,0.0,0.0
20230824141137232,SZSE,SZSE.ETF.159915,2.02,1.995,2.031,1.99,0.0,2.384,1.59,898806296.0,13300.0,1807404967.56,26863.0,0.0,0.0,20230824,20230824,141137234,1.987,0.0,0.0,2.019,2.018,2.017,2.016,2.015,0.0,0.0,0.0,0.0,0.0,2.02,2.021,2.022,2.023,2.024,0.0,0.0,0.0,0.0,0.0,1342200.0,5298800.0,4999000.0,2995400.0,1424200.0,0.0,0.0,0.0,0.0,0.0,330200.0,1695900.0,2033600.0,1293600.0,1974500.0,0.0,0.0,0.0,0.0,0.0
20230824141142080,SZSE,SZSE.ETF.159915,2.02,1.995,2.031,1.99,0.0,2.384,1.59,899162296.0,356000.0,1808124087.56,719120.0,0.0,0.0,20230824,20230824,141142078,1.987,0.0,0.0,2.02,2.019,2.018,2.017,2.016,0.0,0.0,0.0,0.0,0.0,2.021,2.022,2.023,2.024,2.025,0.0,0.0,0.0,0.0,0.0,106700.0,1362200.0,4905000.0,5065600.0,2994400.0,0.0,0.0,0.0,0.0,0.0,1695900.0,2034600.0,1294600.0,1922500.0,754700.0,0.0,0.0,0.0,0.0,0.0
