time,exchg,code,price,open,high,low,settle_price,upper_limit,lower_limit,total_volume,volume,total_turnover,turnover,open_interest,diff_interest,trading_date,action_date,action_time,pre_close,pre_settle,pre_interest,bid_price_0,bid_price_1,bid_price_2,bid_price_3,bid_price_4,bid_price_5,bid_price_6,bid_price_7,bid_price_8,bid_price_9,ask_price_0,ask_price_1,ask_price_2,ask_price_3,ask_price_4,ask_price_5,ask_price_6,ask_price_7,ask_price_8,ask_price_9,bid_qty_0,bid_qty_1,bid_qty_2,bid_qty_3,bid_qty_4,bid_qty_5,bid_qty_6,bid_qty_7,bid_qty_8,bid_qty_9,ask_qty_0,ask_qty_1,ask_qty_2,ask_qty_3,ask_qty_4,ask_qty_5,ask_qty_6,ask_qty_7,ask_qty_8,ask_qty_9
20230824133624048,SZSE,SZSE.ETF.159845,2.431,2.409,2.439,2.397,0.0,2.65,2.168,565138490.0,100900.0,1364109203.602,245287.90000009537,0.0,0.0,20230824,20230824,133624048,2.409,0.0,0.0,2.431,2.43,2.429,2.428,2.427,0.0,0.0,0.0,0.0,0.0,2.432,2.433,2.434,2.435,2.436,0.0,0.0,0.0,0.0,0.0,50000.0,2076000.0,2463900.0,3127900.0,1559500.0,0.0,0.0,0.0,0.0,0.0,3679800.0,2721700.0,2268900.0,843400.0,823541.0,0.0,0.0,0.0,0.0,0.0
20230824133622300,SZSE,SZSE.ETF.159845,2.431,2.409,2.439,2.397,0.0,2.65,2.168,565138490.0,100900.0,1364109203.602,245287.90000009537,0.0,0.0,20230824,20230824,133622299,2.409,0.0,0.0,2.431,2.43,2.429,2.428,2.427,0.0,0.0,0.0,0.0,0.0,2.432,2.433,2.434,2.435,2.436,0.0,0.0,0.0,0.0,0.0,50000.0,2076000.0,2463900.0,3127900.0,1559500.0,0.0,0.0,0.0,0.0,0.0,3679800.0,2721700.0,2268900.0,843400.0,823541.0,0.0,0.0,0.0,0.0,0.0
20230824133627064,SZSE,SZSE.ETF.159845,2.432,2.409,2.439,2.397,0.0,2.65,2.168,565138790.0,300.0,1364109933.202,729.5999999046326,0.0,0.0,20230824,20230824,133627065,2.409,0.0,0.0,2.43,2.429,2.428,2.427,2.426,0.0,0.0,0.0,0.0,0.0,2.431,2.432,2.433,2.434,2.435,0.0,0.0,0.0,0.0,0.0,2326000.0,2513900.0,3227900.0,1509500.0,665288.0,0.0,0.0,0.0,0.0,0.0,20000.0,3659500.0,3217800.0,2292900.0,793400.0,0.0,0.0,0.0,0.0,0.0
20230824133625316,SZSE,SZSE.ETF.159845,2.432,2.409,2.439,2.397,0.0,2.65,2.168,565138790.0,300.0,1364109933.202,729.5999999046326,0.0,0.0,20230824,20230824,133625316,2.409,0.0,0.0,2.43,2.429,2.428,2.427,2.426,0.0,0.0,0.0,0.0,0.0,2.431,2.432,2.433,2.434,2.435,0.0,0.0,0.0,0.0,0.0,2326000.0,2513900.0,3227900.0,1509500.0,665288.0,0.0,0.0,0.0,0.0,0.0,20000.0,3659500.0,3217800.0,2292900.0,793400.0,0.0,0.0,0.0,0.0,0.0
20230824133630028,SZSE,SZSE.ETF.159845,2.431,2.409,2.439,2.397,0.0,2.65,2.168,565438590.0,299800.0,1364838747.002,728813.8000001907,0.0,0.0,20230824,20230824,133630027,2.409,0.0,0.0,2.431,2.43,2.429,2.428,2.427,0.0,0.0,0.0,0.0,0.0,2.432,2.433,2.434,2.435,2.436,0.0,0.0,0.0,0.0,0.0,34600.0,3646100.0,3796900.0,911300.0,1127900.0,0.0,0.0,0.0,0.0,0.0,1619700.0,2709400.0,3241600.0,2252100.0,706241.0,0.0,0.0,0.0,0.0,0.0
20230824133628280,SZSE,SZSE.ETF.159845,2.431,2.409,2.439,2.397,0.0,2.65,2.168,565438590.0,299800.0,1364838747.002,728813.8000001907,0.0,0.0,20230824,20230824,133628278,2.409,0.0,0.0,2.431,2.43,2.429,2.428,2.427,0.0,0.0,0.0,0.0,0.0,2.432,2.433,2.434,2.435,2.436,0.0,0.0,0.0,0.0,0.0,34600.0,3646100.0,3796900.0,911300.0,1127900.0,0.0,0.0,0.0,0.0,0.0,1619700.0,2709400.0,3241600.0,2252100.0,706241.0,0.0,0.0,0.0,0.0,0.0
20230824133633040,SZSE,SZSE.ETF.159845,2.431,2.409,2.439,2.397,0.0,2.65,2.168,565438590.0,0.0,1364838747.002,0.0,0.0,0.0,20230824,20230824,133633042,2.409,0.0,0.0,2.431,2.43,2.429,2.428,2.427,0.0,0.0,0.0,0.0,0.0,2.432,2.433,2.434,2.435,2.436,0.0,0.0,0.0,0.0,0.0,100000.0,2156200.0,2463900.0,3077900.0,1509500.0,0.0,0.0,0.0,0.0,0.0,3949800.0,3019600.0,1102900.0,1843400.0,873541.0,0.0,0.0,0.0,0.0,0.0
20230824133631292,SZSE,SZSE.ETF.159845,2.431,2.409,2.439,2.397,0.0,2.65,2.168,565438590.0,0.0,1364838747.002,0.0,0.0,0.0,20230824,20230824,133631293,2.409,0.0,0.0,2.431,2.43,2.429,2.428,2.427,0.0,0.0,0.0,0.0,0.0,2.432,2.433,2.434,2.435,2.436,0.0,0.0,0.0,0.0,0.0,100000.0,2156200.0,2463900.0,3077900.0,1509500.0,0.0,0.0,0.0,0.0,0.0,3949800.0,3019600.0,1102900.0,1843400.0,873541.0,0.0,0.0,0.0,0.0,0.0
20230824133704368,SZSE,SZSE.ETF.159845,2.43,2.409,2.439,2.397,0.0,2.65,2.168,566242090.0,0.0,1366791469.002,0.0,0.0,0.0,20230824,20230824,133704370,2.409,0.0,0.0,2.429,2.428,2.427,2.426,2.425,0.0,0.0,0.0,0.0,0.0,2.43,2.431,2.432,2.433,2.434,0.0,0.0,0.0,0.0,0.0,3528600.0,3676300.0,1601200.0,1128988.0,1467500.0,0.0,0.0,0.0,0.0,0.0,439600.0,2661100.0,2316800.0,2849400.0,2390600.0,0.0,0.0,0.0,0.0,0.0
20230824133706120,SZSE,SZSE.ETF.159845,2.43,2.409,2.439,2.397,0.0,2.65,2.168,566242090.0,0.0,1366791469.002,0.0,0.0,0.0,20230824,20230824,133706122,2.409,0.0,0.0,2.429,2.428,2.427,2.426,2.425,0.0,0.0,0.0,0.0,0.0,2.43,2.431,2.432,2.433,2.434,0.0,0.0,0.0,0.0,0.0,3528600.0,3676300.0,1601200.0,1128988.0,1467500.0,0.0,0.0,0.0,0.0,0.0,439600.0,2661100.0,2316800.0,2849400.0,2390600.0,0.0,0.0,0.0,0.0,0.0
20230824133709088,SZSE,SZSE.ETF.159845,2.43,2.409,2.439,2.397,0.0,2.65,2.168,566301890.0,59800.0,1366936783.002,145314.0,0.0,0.0,20230824,20230824,133709088,2.409,0.0,0.0,2.429,2.428,2.427,2.426,2.425,0.0,0.0,0.0,0.0,0.0,2.43,2.431,2.432,2.433,2.434,0.0,0.0,0.0,0.0,0.0,3229700.0,3676300.0,1601200.0,1128988.0,1467500.0,0.0,0.0,0.0,0.0,0.0,349600.0,2730700.0,2126800.0,2719400.0,2390600.0,0.0,0.0,0.0,0.0,0.0
20230824133712024,SZSE,SZSE.ETF.159845,2.429,2.409,2.439,2.397,0.0,2.65,2.168,566324590.0,22700.0,1366991921.302,55138.299999952316,0.0,0.0,20230824,20230824,133712024,2.409,0.0,0.0,2.429,2.428,2.427,2.426,2.425,0.0,0.0,0.0,0.0,0.0,2.43,2.431,2.432,2.433,2.434,0.0,0.0,0.0,0.0,0.0,2207000.0,4374100.0,1613200.0,1128988.0,1467500.0,0.0,0.0,0.0,0.0,0.0,359600.0,3015600.0,2114800.0,2719400.0,2390600.0,0.0,0.0,0.0,0.0,0.0
20230824133710276,SZSE,SZSE.ETF.159845,2.429,2.409,2.439,2.397,0.0,2.65,2.168,566324590.0,22700.0,1366991921.302,55138.299999952316,0.0,0.0,20230824,20230824,133710275,2.409,0.0,0.0,2.429,2.428,2.427,2.426,2.425,0.0,0.0,0.0,0.0,0.0,2.43,2.431,2.432,2.433,2.434,0.0,0.0,0.0,0.0,0.0,2207000.0,4374100.0,1613200.0,1128988.0,1467500.0,0.0,0.0,0.0,0.0,0.0,359600.0,3015600.0,2114800.0,2719400.0,2390600.0,0.0,0.0,0.0,0.0,0.0
20230824133715044,SZSE,SZSE.ETF.159845,2.43,2.409,2.439,2.397,0.0,2.65,2.168,566324790.0,200.0,1366992407.302,486.0,0.0,0.0,20230824,20230824,133715045,2.409,0.0,0.0,2.429,2.428,2.427,2.426,2.425,0.0,0.0,0.0,0.0,0.0,2.43,2.431,2.432,2.433,2.434,0.0,0.0,0.0,0.0,0.0,3207000.0,3134100.0,1613200.0,1128988.0,467500.0,0.0,0.0,0.0,0.0,0.0,904300.0,3015600.0,2114800.0,3659400.0,1390600.0,0.0,0.0,0.0,0.0,0.0
20230824133713296,SZSE,SZSE.ETF.159845,2.43,2.409,2.439,2.397,0.0,2.65,2.168,566324790.0,200.0,1366992407.302,486.0,0.0,0.0,20230824,20230824,133713295,2.409,0.0,0.0,2.429,2.428,2.427,2.426,2.425,0.0,0.0,0.0,0.0,0.0,2.43,2.431,2.432,2.433,2.434,0.0,0.0,0.0,0.0,0.0,3207000.0,3134100.0,1613200.0,1128988.0,467500.0,0.0,0.0,0.0,0.0,0.0,904300.0,3015600.0,2114800.0,3659400.0,1390600.0,0.0,0.0,0.0,0.0,0.0
20230824133718044,SZSE,SZSE.ETF.159845,2.43,2.409,2.439,2.397,0.0,2.65,2.168,566324790.0,0.0,1366992407.302,0.0,0.0,0.0,20230824,20230824,133718043,2.409,0.0,0.0,2.429,2.428,2.427,2.426,2.425,0.0,0.0,0.0,0.0,0.0,2.43,2.431,2.432,2.433,2.434,0.0,0.0,0.0,0.0,0.0,2007000.0,4184100.0,1803200.0,1078988.0,417500.0,0.0,0.0,0.0,0.0,0.0,924100.0,3615600.0,3504800.0,2329400.0,790600.0,0.0,0.0,0.0,0.0,0.0
20230824133716292,SZSE,SZSE.ETF.159845,2.43,2.409,2.439,2.397,0.0,2.65,2.168,566324790.0,0.0,1366992407.302,0.0,0.0,0.0,20230824,20230824,133716293,2.409,0.0,0.0,2.429,2.428,2.427,2.426,2.425,0.0,0.0,0.0,0.0,0.0,2.43,2.431,2.432,2.433,2.434,0.0,0.0,0.0,0.0,0.0,2007000.0,4184100.0,1803200.0,1078988.0,417500.0,0.0,0.0,0.0,0.0,0.0,924100.0,3615600.0,3504800.0,2329400.0,790600.0,0.0,0.0,0.0,0.0,0.0
20230824133721064,SZSE,SZSE.ETF.159845,2.43,2.409,2.439,2.397,0.0,2.65,2.168,566324790.0,0.0,1366992407.302,0.0,0.0,0.0,20230824,20230824,133721063,2.409,0.0,0.0,2.429,2.428,2.427,2.426,2.425,0.0,0.0,0.0,0.0,0.0,2.43,2.431,2.432,2.433,2.434,0.0,0.0,0.0,0.0,0.0,2007000.0,3794100.0,2003200.0,1128988.0,467500.0,0.0,0.0,0.0,0.0,0.0,1139900.0,2625600.0,3504800.0,2929400.0,790600.0,0.0,0.0,0.0,0.0,0.0
20230824133724024,SZSE,SZSE.ETF.159845,2.43,2.409,2.439,2.397,0.0,2.65,2.168,566324790.0,0.0,1366992407.302,0.0,0.0,0.0,20230824,20230824,133724023,2.409,0.0,0.0,2.429,2.428,2.427,2.426,2.425,0.0,0.0,0.0,0.0,0.0,2.43,2.431,2.432,2.433,2.434,0.0,0.0,0.0,0.0,0.0,2007000.0,3934100.0,2003200.0,1128988.0,467500.0,0.0,0.0,0.0,0.0,0.0,1120100.0,2815600.0,3504800.0,3059400.0,790600.0,0.0,0.0,0.0,0.0,0.0
20230824133722272,SZSE,SZSE.ETF.159845,2.43,2.409,2.439,2.397,0.0,2.65,2.168,566324790.0,0.0,1366992407.302,0.0,0.0,0.0,20230824,20230824,133722274,2.409,0.0,0.0,2.429,2.428,2.427,2.426,2.425,0.0,0.0,0.0,0.0,0.0,2.43,2.431,2.432,2.433,2.434,0.0,0.0,0.0,0.0,0.0,2007000.0,3934100.0,2003200.0,1128988.0,467500.0,0.0,0.0,0.0,0.0,0.0,1120100.0,2815600.0,3504800.0,3059400.0,790600.0,0.0,0.0,0.0,0.0,0.0
20230824133727016,SZSE,SZSE.ETF.159845,2.43,2.409,2.439,2.397,0.0,2.65,2.168,566324790.0,0.0,1366992407.302,0.0,0.0,0.0,20230824,20230824,133727014,2.409,0.0,0.0,2.429,2.428,2.427,2.426,2.425,0.0,0.0,0.0,0.0,0.0,2.43,2.431,2.432,2.433,2.434,0.0,0.0,0.0,0.0,0.0,3377000.0,2904300.0,2003200.0,1128988.0,467500.0,0.0,0.0,0.0,0.0,0.0,1120100.0,2905600.0,3504800.0,3109400.0,790600.0,0.0,0.0,0.0,0.0,0.0
20230824133725264,SZSE,SZSE.ETF.159845,2.43,2.409,2.439,2.397,0.0,2.65,2.168,566324790.0,0.0,1366992407.302,0.0,0.0,0.0,20230824,20230824,133725266,2.409,0.0,0.0,2.429,2.428,2.427,2.426,2.425,0.0,0.0,0.0,0.0,0.0,2.43,2.431,2.432,2.433,2.434,0.0,0.0,0.0,0.0,0.0,3377000.0,2904300.0,2003200.0,1128988.0,467500.0,0.0,0.0,0.0,0.0,0.0,1120100.0,2905600.0,3504800.0,3109400.0,790600.0,0.0,0.0,0.0,0.0,0.0
20230824133730004,SZSE,SZSE.ETF.159845,2.429,2.409,2.439,2.397,0.0,2.65,2.168,566544790.0,220000.0,1367526787.302,534380.0,0.0,0.0,20230824,20230824,133730004,2.409,0.0,0.0,2.429,2.428,2.427,2.426,2.425,0.0,0.0,0.0,0.0,0.0,2.43,2.431,2.432,2.433,2.434,0.0,0.0,0.0,0.0,0.0,4566900.0,2964300.0,1513200.0,1178988.0,467500.0,0.0,0.0,0.0,0.0,0.0,980500.0,1255700.0,4004800.0,2654400.0,1790600.0,0.0,0.0,0.0,0.0,0.0
20230824133728256,SZSE,SZSE.ETF.159845,2.429,2.409,2.439,2.397,0.0,2.65,2.168,566544790.0,220000.0,1367526787.302,534380.0,0.0,0.0,20230824,20230824,133728254,2.409,0.0,0.0,2.429,2.428,2.427,2.426,2.425,0.0,0.0,0.0,0.0,0.0,2.43,2.431,2.432,2.433,2.434,0.0,0.0,0.0,0.0,0.0,4566900.0,2964300.0,1513200.0,1178988.0,467500.0,0.0,0.0,0.0,0.0,0.0,980500.0,1255700.0,4004800.0,2654400.0,1790600.0,0.0,0.0,0.0,0.0,0.0
20230824133731272,SZSE,SZSE.ETF.159845,2.429,2.409,2.439,2.397,0.0,2.65,2.168,566544790.0,0.0,1367526787.302,0.0,0.0,0.0,20230824,20230824,133731274,2.409,0.0,0.0,2.429,2.428,2.427,2.426,2.425,0.0,0.0,0.0,0.0,0.0,2.43,2.431,2.432,2.433,2.434,0.0,0.0,0.0,0.0,0.0,3457100.0,3414300.0,2003200.0,1128988.0,467500.0,0.0,0.0,0.0,0.0,0.0,1180500.0,2825600.0,2304800.0,2664400.0,2440600.0,0.0,0.0,0.0,0.0,0.0
20230824133733024,SZSE,SZSE.ETF.159845,2.429,2.409,2.439,2.397,0.0,2.65,2.168,566544790.0,0.0,1367526787.302,0.0,0.0,0.0,20230824,20230824,133733025,2.409,0.0,0.0,2.429,2.428,2.427,2.426,2.425,0.0,0.0,0.0,0.0,0.0,2.43,2.431,2.432,2.433,2.434,0.0,0.0,0.0,0.0,0.0,3457100.0,3414300.0,2003200.0,1128988.0,467500.0,0.0,0.0,0.0,0.0,0.0,1180500.0,2825600.0,2304800.0,2664400.0,2440600.0,0.0,0.0,0.0,0.0,0.0
20230824133736036,SZSE,SZSE.ETF.159845,2.429,2.409,2.439,2.397,0.0,2.65,2.168,566560190.0,15400.0,1367564193.902,37406.59999990463,0.0,0.0,20230824,20230824,133736036,2.409,0.0,0.0,2.429,2.428,2.427,2.426,2.425,0.0,0.0,0.0,0.0,0.0,2.43,2.431,2.432,2.433,2.434,0.0,0.0,0.0,0.0,0.0,3441700.0,3476300.0,1991200.0,1128988.0,467500.0,0.0,0.0,0.0,0.0,0.0,1180500.0,2933700.0,3516800.0,2114400.0,1790600.0,0.0,0.0,0.0,0.0,0.0
20230824133734288,SZSE,SZSE.ETF.159845,2.429,2.409,2.439,2.397,0.0,2.65,2.168,566560190.0,15400.0,1367564193.902,37406.59999990463,0.0,0.0,20230824,20230824,133734287,2.409,0.0,0.0,2.429,2.428,2.427,2.426,2.425,0.0,0.0,0.0,0.0,0.0,2.43,2.431,2.432,2.433,2.434,0.0,0.0,0.0,0.0,0.0,3441700.0,3476300.0,1991200.0,1128988.0,467500.0,0.0,0.0,0.0,0.0,0.0,1180500.0,2933700.0,3516800.0,2114400.0,1790600.0,0.0,0.0,0.0,0.0,0.0
20230824133738988,SZSE,SZSE.ETF.159845,2.429,2.409,2.439,2.397,0.0,2.65,2.168,566560190.0,0.0,1367564193.902,0.0,0.0,0.0,20230824,20230824,133738989,2.409,0.0,0.0,2.429,2.428,2.427,2.426,2.425,0.0,0.0,0.0,0.0,0.0,2.43,2.431,2.432,2.433,2.434,0.0,0.0,0.0,0.0,0.0,3441700.0,3414300.0,2003200.0,1078988.0,417500.0,0.0,0.0,0.0,0.0,0.0,1200500.0,2825600.0,3504800.0,2064400.0,1790600.0,0.0,0.0,0.0,0.0,0.0
20230824133737240,SZSE,SZSE.ETF.159845,2.429,2.409,2.439,2.397,0.0,2.65,2.168,566560190.0,0.0,1367564193.902,0.0,0.0,0.0,20230824,20230824,133737240,2.409,0.0,0.0,2.429,2.428,2.427,2.426,2.425,0.0,0.0,0.0,0.0,0.0,2.43,2.431,2.432,2.433,2.434,0.0,0.0,0.0,0.0,0.0,3441700.0,3414300.0,2003200.0,1078988.0,417500.0,0.0,0.0,0.0,0.0,0.0,1200500.0,2825600.0,3504800.0,2064400.0,1790600.0,0.0,0.0,0.0,0.0,0.0
20230824133741984,SZSE,SZSE.ETF.159845,2.429,2.409,2.439,2.397,0.0,2.65,2.168,566583390.0,23200.0,1367620546.702,56352.799999952316,0.0,0.0,20230824,20230824,133741986,2.409,0.0,0.0,2.429,2.428,2.427,2.426,2.425,0.0,0.0,0.0,0.0,0.0,2.43,2.431,2.432,2.433,2.434,0.0,0.0,0.0,0.0,0.0,3418500.0,3464300.0,1813200.0,1128988.0,467500.0,0.0,0.0,0.0,0.0,0.0,1200500.0,2825600.0,3314800.0,2114400.0,1790600.0,0.0,0.0,0.0,0.0,0.0
20230824133740236,SZSE,SZSE.ETF.159845,2.429,2.409,2.439,2.397,0.0,2.65,2.168,566583390.0,23200.0,1367620546.702,56352.799999952316,0.0,0.0,20230824,20230824,133740237,2.409,0.0,0.0,2.429,2.428,2.427,2.426,2.425,0.0,0.0,0.0,0.0,0.0,2.43,2.431,2.432,2.433,2.434,0.0,0.0,0.0,0.0,0.0,3418500.0,3464300.0,1813200.0,1128988.0,467500.0,0.0,0.0,0.0,0.0,0.0,1200500.0,2825600.0,3314800.0,2114400.0,1790600.0,0.0,0.0,0.0,0.0,0.0
20230824133743256,SZSE,SZSE.ETF.159845,2.429,2.409,2.439,2.397,0.0,2.65,2.168,566583390.0,0.0,1367620546.702,0.0,0.0,0.0,20230824,20230824,133743258,2.409,0.0,0.0,2.429,2.428,2.427,2.426,2.425,0.0,0.0,0.0,0.0,0.0,2.43,2.431,2.432,2.433,2.434,0.0,0.0,0.0,0.0,0.0,3418600.0,3464300.0,2003200.0,1128988.0,467500.0,0.0,0.0,0.0,0.0,0.0,1765100.0,2825600.0,3504800.0,2114400.0,1790600.0,0.0,0.0,0.0,0.0,0.0
20230824133745008,SZSE,SZSE.ETF.159845,2.429,2.409,2.439,2.397,0.0,2.65,2.168,566583390.0,0.0,1367620546.702,0.0,0.0,0.0,20230824,20230824,133745010,2.409,0.0,0.0,2.429,2.428,2.427,2.426,2.425,0.0,0.0,0.0,0.0,0.0,2.43,2.431,2.432,2.433,2.434,0.0,0.0,0.0,0.0,0.0,3418600.0,3464300.0,2003200.0,1128988.0,467500.0,0.0,0.0,0.0,0.0,0.0,1765100.0,2825600.0,3504800.0,2114400.0,1790600.0,0.0,0.0,0.0,0.0,0.0
20230824133746240,SZSE,SZSE.ETF.159845,2.43,2.409,2.439,2.397,0.0,2.65,2.168,566633390.0,50000.0,1367742046.702,121500.0,0.0,0.0,20230824,20230824,133746240,2.409,0.0,0.0,2.429,2.428,2.427,2.426,2.425,0.0,0.0,0.0,0.0,0.0,2.43,2.431,2.432,2.433,2.434,0.0,0.0,0.0,0.0,0.0,3897900.0,3224300.0,1513200.0,1128988.0,467500.0,0.0,0.0,0.0,0.0,0.0,1715100.0,2145600.0,3504800.0,2554400.0,1790600.0,0.0,0.0,0.0,0.0,0.0
20230824133747992,SZSE,SZSE.ETF.159845,2.43,2.409,2.439,2.397,0.0,2.65,2.168,566633390.0,50000.0,1367742046.702,121500.0,0.0,0.0,20230824,20230824,133747991,2.409,0.0,0.0,2.429,2.428,2.427,2.426,2.425,0.0,0.0,0.0,0.0,0.0,2.43,2.431,2.432,2.433,2.434,0.0,0.0,0.0,0.0,0.0,3897900.0,3224300.0,1513200.0,1128988.0,467500.0,0.0,0.0,0.0,0.0,0.0,1715100.0,2145600.0,3504800.0,2554400.0,1790600.0,0.0,0.0,0.0,0.0,0.0
20230824133751028,SZSE,SZSE.ETF.159845,2.43,2.409,2.439,2.397,0.0,2.65,2.168,566633390.0,0.0,1367742046.702,0.0,0.0,0.0,20230824,20230824,133751027,2.409,0.0,0.0,2.429,2.428,2.427,2.426,2.425,0.0,0.0,0.0,0.0,0.0,2.43,2.431,2.432,2.433,2.434,0.0,0.0,0.0,0.0,0.0,3327900.0,3556100.0,1991200.0,1128988.0,467500.0,0.0,0.0,0.0,0.0,0.0,1765000.0,2974000.0,3516800.0,1934400.0,1790600.0,0.0,0.0,0.0,0.0,0.0
20230824133749276,SZSE,SZSE.ETF.159845,2.43,2.409,2.439,2.397,0.0,2.65,2.168,566633390.0,0.0,1367742046.702,0.0,0.0,0.0,20230824,20230824,133749276,2.409,0.0,0.0,2.429,2.428,2.427,2.426,2.425,0.0,0.0,0.0,0.0,0.0,2.43,2.431,2.432,2.433,2.434,0.0,0.0,0.0,0.0,0.0,3327900.0,3556100.0,1991200.0,1128988.0,467500.0,0.0,0.0,0.0,0.0,0.0,1765000.0,2974000.0,3516800.0,1934400.0,1790600.0,0.0,0.0,0.0,0.0,0.0
20230824133754012,SZSE,SZSE.ETF.159845,2.43,2.409,2.439,2.397,0.0,2.65,2.168,566633390.0,0.0,1367742046.702,0.0,0.0,0.0,20230824,20230824,133754011,2.409,0.0,0.0,2.429,2.428,2.427,2.426,2.425,0.0,0.0,0.0,0.0,0.0,2.43,2.431,2.432,2.433,2.434,0.0,0.0,0.0,0.0,0.0,3407900.0,3464300.0,2003200.0,1128988.0,467500.0,0.0,0.0,0.0,0.0,0.0,1765000.0,2825600.0,3504800.0,2114400.0,1790600.0,0.0,0.0,0.0,0.0,0.0
20230824133752260,SZSE,SZSE.ETF.159845,2.43,2.409,2.439,2.397,0.0,2.65,2.168,566633390.0,0.0,1367742046.702,0.0,0.0,0.0,20230824,20230824,133752261,2.409,0.0,0.0,2.429,2.428,2.427,2.426,2.425,0.0,0.0,0.0,0.0,0.0,2.43,2.431,2.432,2.433,2.434,0.0,0.0,0.0,0.0,0.0,3407900.0,3464300.0,2003200.0,1128988.0,467500.0,0.0,0.0,0.0,0.0,0.0,1765000.0,2825600.0,3504800.0,2114400.0,1790600.0,0.0,0.0,0.0,0.0,0.0
20230824140539032,SZSE,SZSE.ETF.159845,2.422,2.409,2.439,2.397,0.0,2.65,2.168,620718416.0,0.0,1498898538.352,0.0,0.0,0.0,20230824,20230824,140539033,2.409,0.0,0.0,2.422,2.421,2.42,2.419,2.418,0.0,0.0,0.0,0.0,0.0,2.423,2.424,2.425,2.426,2.427,0.0,0.0,0.0,0.0,0.0,130700.0,2192500.0,4304300.0,2630700.0,1239400.0,0.0,0.0,0.0,0.0,0.0,2961900.0,2535000.0,1548900.0,572800.0,914900.0,0.0,0.0,0.0,0.0,0.0
20230824140537168,SZSE,SZSE.ETF.159845,2.422,2.409,2.439,2.397,0.0,2.65,2.168,620718416.0,0.0,1498898538.352,0.0,0.0,0.0,20230824,20230824,140537170,2.409,0.0,0.0,2.422,2.421,2.42,2.419,2.418,0.0,0.0,0.0,0.0,0.0,2.423,2.424,2.425,2.426,2.427,0.0,0.0,0.0,0.0,0.0,130700.0,2192500.0,4304300.0,2630700.0,1239400.0,0.0,0.0,0.0,0.0,0.0,2961900.0,2535000.0,1548900.0,572800.0,914900.0,0.0,0.0,0.0,0.0,0.0
20230824140542044,SZSE,SZSE.ETF.159845,2.422,2.409,2.439,2.397,0.0,2.65,2.168,620719016.0,600.0,1498899991.552,1453.2000000476837,0.0,0.0,20230824,20230824,140542044,2.409,0.0,0.0,2.422,2.421,2.42,2.419,2.418,0.0,0.0,0.0,0.0,0.0,2.423,2.424,2.425,2.426,2.427,0.0,0.0,0.0,0.0,0.0,130100.0,1102500.0,3154300.0,4370700.0,1889400.0,0.0,0.0,0.0,0.0,0.0,3331900.0,2535000.0,1108900.0,522800.0,914900.0,0.0,0.0,0.0,0.0,0.0
20230824140540180,SZSE,SZSE.ETF.159845,2.422,2.409,2.439,2.397,0.0,2.65,2.168,620719016.0,600.0,1498899991.552,1453.2000000476837,0.0,0.0,20230824,20230824,140540179,2.409,0.0,0.0,2.422,2.421,2.42,2.419,2.418,0.0,0.0,0.0,0.0,0.0,2.423,2.424,2.425,2.426,2.427,0.0,0.0,0.0,0.0,0.0,130100.0,1102500.0,3154300.0,4370700.0,1889400.0,0.0,0.0,0.0,0.0,0.0,3331900.0,2535000.0,1108900.0,522800.0,914900.0,0.0,0.0,0.0,0.0,0.0
20230824140545060,SZSE,SZSE.ETF.159845,2.422,2.409,2.439,2.397,0.0,2.65,2.168,620738916.0,19900.0,1498948189.352,48197.799999952316,0.0,0.0,20230824,20230824,140545059,2.409,0.0,0.0,2.422,2.421,2.42,2.419,2.418,0.0,0.0,0.0,0.0,0.0,2.423,2.424,2.425,2.426,2.427,0.0,0.0,0.0,0.0,0.0,50100.0,562300.0,2604300.0,5520700.0,1889400.0,0.0,0.0,0.0,0.0,0.0,3529800.0,2535000.0,878900.0,522800.0,914900.0,0.0,0.0,0.0,0.0,0.0
20230824140543196,SZSE,SZSE.ETF.159845,2.422,2.409,2.439,2.397,0.0,2.65,2.168,620738916.0,19900.0,1498948189.352,48197.799999952316,0.0,0.0,20230824,20230824,140543195,2.409,0.0,0.0,2.422,2.421,2.42,2.419,2.418,0.0,0.0,0.0,0.0,0.0,2.423,2.424,2.425,2.426,2.427,0.0,0.0,0.0,0.0,0.0,50100.0,562300.0,2604300.0,5520700.0,1889400.0,0.0,0.0,0.0,0.0,0.0,3529800.0,2535000.0,878900.0,522800.0,914900.0,0.0,0.0,0.0,0.0,0.0
20230824140548064,SZSE,SZSE.ETF.159845,2.423,2.409,2.439,2.397,0.0,2.65,2.168,620739616.0,700.0,1498949885.452,1696.0999999046326,0.0,0.0,20230824,20230824,140548066,2.409,0.0,0.0,2.422,2.421,2.42,2.419,2.418,0.0,0.0,0.0,0.0,0.0,2.423,2.424,2.425,2.426,2.427,0.0,0.0,0.0,0.0,0.0,50100.0,612300.0,2604300.0,5520700.0,1889400.0,0.0,0.0,0.0,0.0,0.0,3519100.0,2535000.0,943900.0,522800.0,914900.0,0.0,0.0,0.0,0.0,0.0
20230824140546200,SZSE,SZSE.ETF.159845,2.423,2.409,2.439,2.397,0.0,2.65,2.168,620739616.0,700.0,1498949885.452,1696.0999999046326,0.0,0.0,20230824,20230824,140546202,2.409,0.0,0.0,2.422,2.421,2.42,2.419,2.418,0.0,0.0,0.0,0.0,0.0,2.423,2.424,2.425,2.426,2.427,0.0,0.0,0.0,0.0,0.0,50100.0,612300.0,2604300.0,5520700.0,1889400.0,0.0,0.0,0.0,0.0,0.0,3519100.0,2535000.0,943900.0,522800.0,914900.0,0.0,0.0,0.0,0.0,0.0
20230824140551080,SZSE,SZSE.ETF.159845,2.423,2.409,2.439,2.397,0.0,2.65,2.168,620739616.0,0.0,1498949885.452,0.0,0.0,0.0,20230824,20230824,140551078,2.409,0.0,0.0,2.422,2.421,2.42,2.419,2.418,0.0,0.0,0.0,0.0,0.0,2.423,2.424,2.425,2.426,2.427,0.0,0.0,0.0,0.0,0.0,5800.0,612300.0,2604300.0,5520700.0,1889400.0,0.0,0.0,0.0,0.0,0.0,3519100.0,2535000.0,943900.0,522800.0,914900.0,0.0,0.0,0.0,0.0,0.0
20230824140549216,SZSE,SZSE.ETF.159845,2.423,2.409,2.439,2.397,0.0,2.65,2.168,620739616.0,0.0,1498949885.452,0.0,0.0,0.0,20230824,20230824,140549214,2.409,0.0,0.0,2.422,2.421,2.42,2.419,2.418,0.0,0.0,0.0,0.0,0.0,2.423,2.424,2.425,2.426,2.427,0.0,0.0,0.0,0.0,0.0,5800.0,612300.0,2604300.0,5520700.0,1889400.0,0.0,0.0,0.0,0.0,0.0,3519100.0,2535000.0,943900.0,522800.0,914900.0,0.0,0.0,0.0,0.0,0.0
20230824140554064,SZSE,SZSE.ETF.159845,2.423,2.409,2.439,2.397,0.0,2.65,2.168,620740616.0,1000.0,1498952308.452,2423.0,0.0,0.0,20230824,20230824,140554063,2.409,0.0,0.0,2.422,2.421,2.42,2.419,2.418,0.0,0.0,0.0,0.0,0.0,2.423,2.424,2.425,2.426,2.427,0.0,0.0,0.0,0.0,0.0,55800.0,574300.0,2592300.0,5470700.0,1889400.0,0.0,0.0,0.0,0.0,0.0,3518100.0,2523000.0,905900.0,522800.0,914900.0,0.0,0.0,0.0,0.0,0.0
20230824140552200,SZSE,SZSE.ETF.159845,2.423,2.409,2.439,2.397,0.0,2.65,2.168,620740616.0,1000.0,1498952308.452,2423.0,0.0,0.0,20230824,20230824,140552199,2.409,0.0,0.0,2.422,2.421,2.42,2.419,2.418,0.0,0.0,0.0,0.0,0.0,2.423,2.424,2.425,2.426,2.427,0.0,0.0,0.0,0.0,0.0,55800.0,574300.0,2592300.0,5470700.0,1889400.0,0.0,0.0,0.0,0.0,0.0,3518100.0,2523000.0,905900.0,522800.0,914900.0,0.0,0.0,0.0,0.0,0.0
20230824140557064,SZSE,SZSE.ETF.159845,2.422,2.409,2.439,2.397,0.0,2.65,2.168,620759116.0,18500.0,1498997115.452,44807.0,0.0,0.0,20230824,20230824,140557064,2.409,0.0,0.0,2.421,2.42,2.419,2.418,2.417,0.0,0.0,0.0,0.0,0.0,2.422,2.423,2.424,2.425,2.426,0.0,0.0,0.0,0.0,0.0,1046100.0,2675700.0,5530700.0,2079400.0,811700.0,0.0,0.0,0.0,0.0,0.0,235700.0,3463700.0,2535000.0,933900.0,522800.0,0.0,0.0,0.0,0.0,0.0
20230824140555200,SZSE,SZSE.ETF.159845,2.422,2.409,2.439,2.397,0.0,2.65,2.168,620759116.0,18500.0,1498997115.452,44807.0,0.0,0.0,20230824,20230824,140555200,2.409,0.0,0.0,2.421,2.42,2.419,2.418,2.417,0.0,0.0,0.0,0.0,0.0,2.422,2.423,2.424,2.425,2.426,0.0,0.0,0.0,0.0,0.0,1046100.0,2675700.0,5530700.0,2079400.0,811700.0,0.0,0.0,0.0,0.0,0.0,235700.0,3463700.0,2535000.0,933900.0,522800.0,0.0,0.0,0.0,0.0,0.0
20230824140600044,SZSE,SZSE.ETF.159845,2.421,2.409,2.439,2.397,0.0,2.65,2.168,620828016.0,68900.0,1499163972.352,166856.90000009537,0.0,0.0,20230824,20230824,140600044,2.409,0.0,0.0,2.421,2.42,2.419,2.418,2.417,0.0,0.0,0.0,0.0,0.0,2.422,2.423,2.424,2.425,2.426,0.0,0.0,0.0,0.0,0.0,2073000.0,2947300.0,3933900.0,1567900.0,907200.0,0.0,0.0,0.0,0.0,0.0,187100.0,2263700.0,2495200.0,1952700.0,381500.0,0.0,0.0,0.0,0.0,0.0
20230824140558180,SZSE,SZSE.ETF.159845,2.421,2.409,2.439,2.397,0.0,2.65,2.168,620828016.0,68900.0,1499163972.352,166856.90000009537,0.0,0.0,20230824,20230824,140558181,2.409,0.0,0.0,2.421,2.42,2.419,2.418,2.417,0.0,0.0,0.0,0.0,0.0,2.422,2.423,2.424,2.425,2.426,0.0,0.0,0.0,0.0,0.0,2073000.0,2947300.0,3933900.0,1567900.0,907200.0,0.0,0.0,0.0,0.0,0.0,187100.0,2263700.0,2495200.0,1952700.0,381500.0,0.0,0.0,0.0,0.0,0.0
20230824140603096,SZSE,SZSE.ETF.159845,2.421,2.409,2.439,2.397,0.0,2.65,2.168,620828016.0,0.0,1499163972.352,0.0,0.0,0.0,20230824,20230824,140603097,2.409,0.0,0.0,2.421,2.42,2.419,2.418,2.417,0.0,0.0,0.0,0.0,0.0,2.422,2.423,2.424,2.425,2.426,0.0,0.0,0.0,0.0,0.0,797200.0,3858700.0,4073900.0,1747900.0,907200.0,0.0,0.0,0.0,0.0,0.0,193800.0,2454800.0,3285200.0,702700.0,431500.0,0.0,0.0,0.0,0.0,0.0
20230824140601232,SZSE,SZSE.ETF.159845,2.421,2.409,2.439,2.397,0.0,2.65,2.168,620828016.0,0.0,1499163972.352,0.0,0.0,0.0,20230824,20230824,140601232,2.409,0.0,0.0,2.421,2.42,2.419,2.418,2.417,0.0,0.0,0.0,0.0,0.0,2.422,2.423,2.424,2.425,2.426,0.0,0.0,0.0,0.0,0.0,797200.0,3858700.0,4073900.0,1747900.0,907200.0,0.0,0.0,0.0,0.0,0.0,193800.0,2454800.0,3285200.0,702700.0,431500.0,0.0,0.0,0.0,0.0,0.0
20230824140606136,SZSE,SZSE.ETF.159845,2.421,2.409,2.439,2.397,0.0,2.65,2.168,620848016.0,20000.0,1499212392.352,48420.0,0.0,0.0,20230824,20230824,140606135,2.409,0.0,0.0,2.421,2.42,2.419,2.418,2.417,0.0,0.0,0.0,0.0,0.0,2.422,2.423,2.424,2.425,2.426,0.0,0.0,0.0,0.0,0.0,910100.0,3596700.0,3335900.0,2747900.0,907200.0,0.0,0.0,0.0,0.0,0.0,593800.0,2266800.0,3273200.0,1352700.0,381500.0,0.0,0.0,0.0,0.0,0.0
20230824140604272,SZSE,SZSE.ETF.159845,2.421,2.409,2.439,2.397,0.0,2.65,2.168,620848016.0,20000.0,1499212392.352,48420.0,0.0,0.0,20230824,20230824,140604271,2.409,0.0,0.0,2.421,2.42,2.419,2.418,2.417,0.0,0.0,0.0,0.0,0.0,2.422,2.423,2.424,2.425,2.426,0.0,0.0,0.0,0.0,0.0,910100.0,3596700.0,3335900.0,2747900.0,907200.0,0.0,0.0,0.0,0.0,0.0,593800.0,2266800.0,3273200.0,1352700.0,381500.0,0.0,0.0,0.0,0.0,0.0
20230824140609084,SZSE,SZSE.ETF.159845,2.421,2.409,2.439,2.397,0.0,2.65,2.168,620848016.0,0.0,1499212392.352,0.0,0.0,0.0,20230824,20230824,140609085,2.409,0.0,0.0,2.421,2.42,2.419,2.418,2.417,0.0,0.0,0.0,0.0,0.0,2.422,2.423,2.424,2.425,2.426,0.0,0.0,0.0,0.0,0.0,710100.0,3532300.0,3285900.0,2747900.0,907200.0,0.0,0.0,0.0,0.0,0.0,1041500.0,3019100.0,2673200.0,702700.0,381500.0,0.0,0.0,0.0,0.0,0.0
20230824140612128,SZSE,SZSE.ETF.159845,2.42,2.409,2.439,2.397,0.0,2.65,2.168,620861616.0,13600.0,1499245314.452,32922.09999990463,0.0,0.0,20230824,20230824,140612130,2.409,0.0,0.0,2.42,2.419,2.418,2.417,2.416,0.0,0.0,0.0,0.0,0.0,2.421,2.422,2.423,2.424,2.425,0.0,0.0,0.0,0.0,0.0,2670200.0,2941800.0,4347900.0,907200.0,776500.0,0.0,0.0,0.0,0.0,0.0,227000.0,2882900.0,2919100.0,973300.0,752700.0,0.0,0.0,0.0,0.0,0.0
20230824140610264,SZSE,SZSE.ETF.159845,2.42,2.409,2.439,2.397,0.0,2.65,2.168,620861616.0,13600.0,1499245314.452,32922.09999990463,0.0,0.0,20230824,20230824,140610265,2.409,0.0,0.0,2.42,2.419,2.418,2.417,2.416,0.0,0.0,0.0,0.0,0.0,2.421,2.422,2.423,2.424,2.425,0.0,0.0,0.0,0.0,0.0,2670200.0,2941800.0,4347900.0,907200.0,776500.0,0.0,0.0,0.0,0.0,0.0,227000.0,2882900.0,2919100.0,973300.0,752700.0,0.0,0.0,0.0,0.0,0.0
20230824140615192,SZSE,SZSE.ETF.159845,2.42,2.409,2.439,2.397,0.0,2.65,2.168,620861616.0,0.0,1499245314.452,0.0,0.0,0.0,20230824,20230824,140615193,2.409,0.0,0.0,2.42,2.419,2.418,2.417,2.416,0.0,0.0,0.0,0.0,0.0,2.421,2.422,2.423,2.424,2.425,0.0,0.0,0.0,0.0,0.0,2482100.0,2763200.0,3951100.0,1175500.0,1072000.0,0.0,0.0,0.0,0.0,0.0,651800.0,1682900.0,2279100.0,2092100.0,1211400.0,0.0,0.0,0.0,0.0,0.0
20230824140618192,SZSE,SZSE.ETF.159845,2.42,2.409,2.439,2.397,0.0,2.65,2.168,620863716.0,2100.0,1499250396.452,5082.0,0.0,0.0,20230824,20230824,140618194,2.409,0.0,0.0,2.42,2.419,2.418,2.417,2.416,0.0,0.0,0.0,0.0,0.0,2.421,2.422,2.423,2.424,2.425,0.0,0.0,0.0,0.0,0.0,2480000.0,2903200.0,4141100.0,1175500.0,1072000.0,0.0,0.0,0.0,0.0,0.0,622700.0,1872900.0,3669100.0,1622100.0,661400.0,0.0,0.0,0.0,0.0,0.0
20230824140619264,SZSE,SZSE.ETF.159845,2.42,2.409,2.439,2.397,0.0,2.65,2.168,620863716.0,0.0,1499250396.452,0.0,0.0,0.0,20230824,20230824,140619265,2.409,0.0,0.0,2.42,2.419,2.418,2.417,2.416,0.0,0.0,0.0,0.0,0.0,2.421,2.422,2.423,2.424,2.425,0.0,0.0,0.0,0.0,0.0,3470000.0,2441200.0,2680100.0,2175500.0,1072000.0,0.0,0.0,0.0,0.0,0.0,519600.0,1394900.0,3657100.0,1932100.0,661400.0,0.0,0.0,0.0,0.0,0.0
20230824140621132,SZSE,SZSE.ETF.159845,2.42,2.409,2.439,2.397,0.0,2.65,2.168,620863716.0,0.0,1499250396.452,0.0,0.0,0.0,20230824,20230824,140621132,2.409,0.0,0.0,2.42,2.419,2.418,2.417,2.416,0.0,0.0,0.0,0.0,0.0,2.421,2.422,2.423,2.424,2.425,0.0,0.0,0.0,0.0,0.0,3470000.0,2441200.0,2680100.0,2175500.0,1072000.0,0.0,0.0,0.0,0.0,0.0,519600.0,1394900.0,3657100.0,1932100.0,661400.0,0.0,0.0,0.0,0.0,0.0
20230824140624140,SZSE,SZSE.ETF.159845,2.42,2.409,2.439,2.397,0.0,2.65,2.168,620863716.0,0.0,1499250396.452,0.0,0.0,0.0,20230824,20230824,140624140,2.409,0.0,0.0,2.42,2.419,2.418,2.417,2.416,0.0,0.0,0.0,0.0,0.0,2.421,2.422,2.423,2.424,2.425,0.0,0.0,0.0,0.0,0.0,2480000.0,2941200.0,3177100.0,2175500.0,1072000.0,0.0,0.0,0.0,0.0,0.0,422700.0,1884900.0,3057100.0,2222100.0,661400.0,0.0,0.0,0.0,0.0,0.0
20230824140622276,SZSE,SZSE.ETF.159845,2.42,2.409,2.439,2.397,0.0,2.65,2.168,620863716.0,0.0,1499250396.452,0.0,0.0,0.0,20230824,20230824,140622276,2.409,0.0,0.0,2.42,2.419,2.418,2.417,2.416,0.0,0.0,0.0,0.0,0.0,2.421,2.422,2.423,2.424,2.425,0.0,0.0,0.0,0.0,0.0,2480000.0,2941200.0,3177100.0,2175500.0,1072000.0,0.0,0.0,0.0,0.0,0.0,422700.0,1884900.0,3057100.0,2222100.0,661400.0,0.0,0.0,0.0,0.0,0.0
20230824140627152,SZSE,SZSE.ETF.159845,2.42,2.409,2.439,2.397,0.0,2.65,2.168,620863716.0,0.0,1499250396.452,0.0,0.0,0.0,20230824,20230824,140627152,2.409,0.0,0.0,2.42,2.419,2.418,2.417,2.416,0.0,0.0,0.0,0.0,0.0,2.421,2.422,2.423,2.424,2.425,0.0,0.0,0.0,0.0,0.0,1880000.0,3491200.0,3177100.0,2175500.0,1072000.0,0.0,0.0,0.0,0.0,0.0,622700.0,1884900.0,3657100.0,1622100.0,611400.0,0.0,0.0,0.0,0.0,0.0
20230824140625288,SZSE,SZSE.ETF.159845,2.42,2.409,2.439,2.397,0.0,2.65,2.168,620863716.0,0.0,1499250396.452,0.0,0.0,0.0,20230824,20230824,140625287,2.409,0.0,0.0,2.42,2.419,2.418,2.417,2.416,0.0,0.0,0.0,0.0,0.0,2.421,2.422,2.423,2.424,2.425,0.0,0.0,0.0,0.0,0.0,1880000.0,3491200.0,3177100.0,2175500.0,1072000.0,0.0,0.0,0.0,0.0,0.0,622700.0,1884900.0,3657100.0,1622100.0,611400.0,0.0,0.0,0.0,0.0,0.0
20230824140630112,SZSE,SZSE.ETF.159845,2.42,2.409,2.439,2.397,0.0,2.65,2.168,620863716.0,0.0,1499250396.452,0.0,0.0,0.0,20230824,20230824,140630112,2.409,0.0,0.0,2.42,2.419,2.418,2.417,2.416,0.0,0.0,0.0,0.0,0.0,2.421,2.422,2.423,2.424,2.425,0.0,0.0,0.0,0.0,0.0,1680100.0,3491200.0,3210100.0,2175500.0,1072000.0,0.0,0.0,0.0,0.0,0.0,1217300.0,2587200.0,2557100.0,892100.0,611400.0,0.0,0.0,0.0,0.0,0.0
20230824140628248,SZSE,SZSE.ETF.159845,2.42,2.409,2.439,2.397,0.0,2.65,2.168,620863716.0,0.0,1499250396.452,0.0,0.0,0.0,20230824,20230824,140628248,2.409,0.0,0.0,2.42,2.419,2.418,2.417,2.416,0.0,0.0,0.0,0.0,0.0,2.421,2.422,2.423,2.424,2.425,0.0,0.0,0.0,0.0,0.0,1680100.0,3491200.0,3210100.0,2175500.0,1072000.0,0.0,0.0,0.0,0.0,0.0,1217300.0,2587200.0,2557100.0,892100.0,611400.0,0.0,0.0,0.0,0.0,0.0
20230824140703080,SZSE,SZSE.ETF.159845,2.42,2.409,2.439,2.397,0.0,2.65,2.168,621899616.0,0.0,1501757255.652,0.0,0.0,0.0,20230824,20230824,140703080,2.409,0.0,0.0,2.419,2.418,2.417,2.416,2.415,0.0,0.0,0.0,0.0,0.0,2.42,2.421,2.422,2.423,2.424,0.0,0.0,0.0,0.0,0.0,1463400.0,3769900.0,3074600.0,1349700.0,1050400.0,0.0,0.0,0.0,0.0,0.0,295700.0,3169100.0,2347200.0,1920500.0,750800.0,0.0,0.0,0.0,0.0,0.0
20230824140701216,SZSE,SZSE.ETF.159845,2.42,2.409,2.439,2.397,0.0,2.65,2.168,621899616.0,0.0,1501757255.652,0.0,0.0,0.0,20230824,20230824,140701216,2.409,0.0,0.0,2.419,2.418,2.417,2.416,2.415,0.0,0.0,0.0,0.0,0.0,2.42,2.421,2.422,2.423,2.424,0.0,0.0,0.0,0.0,0.0,1463400.0,3769900.0,3074600.0,1349700.0,1050400.0,0.0,0.0,0.0,0.0,0.0,295700.0,3169100.0,2347200.0,1920500.0,750800.0,0.0,0.0,0.0,0.0,0.0
20230824140706092,SZSE,SZSE.ETF.159845,2.42,2.409,2.439,2.397,0.0,2.65,2.168,621899616.0,0.0,1501757255.652,0.0,0.0,0.0,20230824,20230824,140706093,2.409,0.0,0.0,2.419,2.418,2.417,2.416,2.415,0.0,0.0,0.0,0.0,0.0,2.42,2.421,2.422,2.423,2.424,0.0,0.0,0.0,0.0,0.0,1463400.0,3757900.0,3136600.0,1349700.0,1050400.0,0.0,0.0,0.0,0.0,0.0,375600.0,3181100.0,2335200.0,1970500.0,700800.0,0.0,0.0,0.0,0.0,0.0
20230824140704228,SZSE,SZSE.ETF.159845,2.42,2.409,2.439,2.397,0.0,2.65,2.168,621899616.0,0.0,1501757255.652,0.0,0.0,0.0,20230824,20230824,140704228,2.409,0.0,0.0,2.419,2.418,2.417,2.416,2.415,0.0,0.0,0.0,0.0,0.0,2.42,2.421,2.422,2.423,2.424,0.0,0.0,0.0,0.0,0.0,1463400.0,3757900.0,3136600.0,1349700.0,1050400.0,0.0,0.0,0.0,0.0,0.0,375600.0,3181100.0,2335200.0,1970500.0,700800.0,0.0,0.0,0.0,0.0,0.0
20230824140709108,SZSE,SZSE.ETF.159845,2.42,2.409,2.439,2.397,0.0,2.65,2.168,621899616.0,0.0,1501757255.652,0.0,0.0,0.0,20230824,20230824,140709107,2.409,0.0,0.0,2.419,2.418,2.417,2.416,2.415,0.0,0.0,0.0,0.0,0.0,2.42,2.421,2.422,2.423,2.424,0.0,0.0,0.0,0.0,0.0,2563400.0,2479900.0,3074600.0,1349700.0,1050400.0,0.0,0.0,0.0,0.0,0.0,275900.0,3269100.0,2347200.0,1210500.0,700800.0,0.0,0.0,0.0,0.0,0.0
20230824140707244,SZSE,SZSE.ETF.159845,2.42,2.409,2.439,2.397,0.0,2.65,2.168,621899616.0,0.0,1501757255.652,0.0,0.0,0.0,20230824,20230824,140707243,2.409,0.0,0.0,2.419,2.418,2.417,2.416,2.415,0.0,0.0,0.0,0.0,0.0,2.42,2.421,2.422,2.423,2.424,0.0,0.0,0.0,0.0,0.0,2563400.0,2479900.0,3074600.0,1349700.0,1050400.0,0.0,0.0,0.0,0.0,0.0,275900.0,3269100.0,2347200.0,1210500.0,700800.0,0.0,0.0,0.0,0.0,0.0
20230824140712100,SZSE,SZSE.ETF.159845,2.42,2.409,2.439,2.397,0.0,2.65,2.168,621899616.0,0.0,1501757255.652,0.0,0.0,0.0,20230824,20230824,140712101,2.409,0.0,0.0,2.419,2.418,2.417,2.416,2.415,0.0,0.0,0.0,0.0,0.0,2.42,2.421,2.422,2.423,2.424,0.0,0.0,0.0,0.0,0.0,2813400.0,2517900.0,3775700.0,1349700.0,1050400.0,0.0,0.0,0.0,0.0,0.0,345700.0,2181100.0,2425200.0,2280500.0,700800.0,0.0,0.0,0.0,0.0,0.0
20230824140710236,SZSE,SZSE.ETF.159845,2.42,2.409,2.439,2.397,0.0,2.65,2.168,621899616.0,0.0,1501757255.652,0.0,0.0,0.0,20230824,20230824,140710236,2.409,0.0,0.0,2.419,2.418,2.417,2.416,2.415,0.0,0.0,0.0,0.0,0.0,2.42,2.421,2.422,2.423,2.424,0.0,0.0,0.0,0.0,0.0,2813400.0,2517900.0,3775700.0,1349700.0,1050400.0,0.0,0.0,0.0,0.0,0.0,345700.0,2181100.0,2425200.0,2280500.0,700800.0,0.0,0.0,0.0,0.0,0.0
20230824140715016,SZSE,SZSE.ETF.159845,2.42,2.409,2.439,2.397,0.0,2.65,2.168,621899616.0,0.0,1501757255.652,0.0,0.0,0.0,20230824,20230824,140715015,2.409,0.0,0.0,2.419,2.418,2.417,2.416,2.415,0.0,0.0,0.0,0.0,0.0,2.42,2.421,2.422,2.423,2.424,0.0,0.0,0.0,0.0,0.0,2013400.0,3117900.0,3775700.0,1349700.0,1050400.0,0.0,0.0,0.0,0.0,0.0,759900.0,2181100.0,3025200.0,1860500.0,700800.0,0.0,0.0,0.0,0.0,0.0
20230824140713152,SZSE,SZSE.ETF.159845,2.42,2.409,2.439,2.397,0.0,2.65,2.168,621899616.0,0.0,1501757255.652,0.0,0.0,0.0,20230824,20230824,140713151,2.409,0.0,0.0,2.419,2.418,2.417,2.416,2.415,0.0,0.0,0.0,0.0,0.0,2.42,2.421,2.422,2.423,2.424,0.0,0.0,0.0,0.0,0.0,2013400.0,3117900.0,3775700.0,1349700.0,1050400.0,0.0,0.0,0.0,0.0,0.0,759900.0,2181100.0,3025200.0,1860500.0,700800.0,0.0,0.0,0.0,0.0,0.0
20230824140718032,SZSE,SZSE.ETF.159845,2.42,2.409,2.439,2.397,0.0,2.65,2.168,621899616.0,0.0,1501757255.652,0.0,0.0,0.0,20230824,20230824,140718034,2.409,0.0,0.0,2.419,2.418,2.417,2.416,2.415,0.0,0.0,0.0,0.0,0.0,2.42,2.421,2.422,2.423,2.424,0.0,0.0,0.0,0.0,0.0,3503300.0,3438100.0,2385700.0,1349700.0,950400.0,0.0,0.0,0.0,0.0,0.0,759900.0,2291100.0,3025200.0,1750500.0,700800.0,0.0,0.0,0.0,0.0,0.0
20230824140721020,SZSE,SZSE.ETF.159845,2.42,2.409,2.439,2.397,0.0,2.65,2.168,622449616.0,550000.0,1503088255.652,1331000.0,0.0,0.0,20230824,20230824,140721019,2.409,0.0,0.0,2.419,2.418,2.417,2.416,2.415,0.0,0.0,0.0,0.0,0.0,2.42,2.421,2.422,2.423,2.424,0.0,0.0,0.0,0.0,0.0,2813300.0,2938100.0,3015700.0,1349700.0,950400.0,0.0,0.0,0.0,0.0,0.0,50000.0,2061500.0,1735200.0,3060400.0,700800.0,0.0,0.0,0.0,0.0,0.0
20230824140719156,SZSE,SZSE.ETF.159845,2.42,2.409,2.439,2.397,0.0,2.65,2.168,622449616.0,550000.0,1503088255.652,1331000.0,0.0,0.0,20230824,20230824,140719155,2.409,0.0,0.0,2.419,2.418,2.417,2.416,2.415,0.0,0.0,0.0,0.0,0.0,2.42,2.421,2.422,2.423,2.424,0.0,0.0,0.0,0.0,0.0,2813300.0,2938100.0,3015700.0,1349700.0,950400.0,0.0,0.0,0.0,0.0,0.0,50000.0,2061500.0,1735200.0,3060400.0,700800.0,0.0,0.0,0.0,0.0,0.0
20230824140724052,SZSE,SZSE.ETF.159845,2.42,2.409,2.439,2.397,0.0,2.65,2.168,622449616.0,0.0,1503088255.652,0.0,0.0,0.0,20230824,20230824,140724052,2.409,0.0,0.0,2.419,2.418,2.417,2.416,2.415,0.0,0.0,0.0,0.0,0.0,2.42,2.421,2.422,2.423,2.424,0.0,0.0,0.0,0.0,0.0,1723300.0,3348100.0,3775700.0,1399700.0,950400.0,0.0,0.0,0.0,0.0,0.0,850000.0,1991000.0,2525200.0,1860500.0,750800.0,0.0,0.0,0.0,0.0,0.0
20230824140722188,SZSE,SZSE.ETF.159845,2.42,2.409,2.439,2.397,0.0,2.65,2.168,622449616.0,0.0,1503088255.652,0.0,0.0,0.0,20230824,20230824,140722188,2.409,0.0,0.0,2.419,2.418,2.417,2.416,2.415,0.0,0.0,0.0,0.0,0.0,2.42,2.421,2.422,2.423,2.424,0.0,0.0,0.0,0.0,0.0,1723300.0,3348100.0,3775700.0,1399700.0,950400.0,0.0,0.0,0.0,0.0,0.0,850000.0,1991000.0,2525200.0,1860500.0,750800.0,0.0,0.0,0.0,0.0,0.0
20230824140727104,SZSE,SZSE.ETF.159845,2.42,2.409,2.439,2.397,0.0,2.65,2.168,622449616.0,0.0,1503088255.652,0.0,0.0,0.0,20230824,20230824,140727106,2.409,0.0,0.0,2.419,2.418,2.417,2.416,2.415,0.0,0.0,0.0,0.0,0.0,2.42,2.421,2.422,2.423,2.424,0.0,0.0,0.0,0.0,0.0,1513400.0,3567900.0,3329600.0,1349700.0,950400.0,0.0,0.0,0.0,0.0,0.0,849100.0,3931000.0,1925200.0,1080500.0,700800.0,0.0,0.0,0.0,0.0,0.0
20230824140725240,SZSE,SZSE.ETF.159845,2.42,2.409,2.439,2.397,0.0,2.65,2.168,622449616.0,0.0,1503088255.652,0.0,0.0,0.0,20230824,20230824,140725241,2.409,0.0,0.0,2.419,2.418,2.417,2.416,2.415,0.0,0.0,0.0,0.0,0.0,2.42,2.421,2.422,2.423,2.424,0.0,0.0,0.0,0.0,0.0,1513400.0,3567900.0,3329600.0,1349700.0,950400.0,0.0,0.0,0.0,0.0,0.0,849100.0,3931000.0,1925200.0,1080500.0,700800.0,0.0,0.0,0.0,0.0,0.0
20230824140730092,SZSE,SZSE.ETF.159845,2.419,2.409,2.439,2.397,0.0,2.65,2.168,622542816.0,93200.0,1503313706.452,225450.79999995232,0.0,0.0,20230824,20230824,140730091,2.409,0.0,0.0,2.419,2.418,2.417,2.416,2.415,0.0,0.0,0.0,0.0,0.0,2.42,2.421,2.422,2.423,2.424,0.0,0.0,0.0,0.0,0.0,1400000.0,3288100.0,3479600.0,1349700.0,1050400.0,0.0,0.0,0.0,0.0,0.0,1179000.0,3681000.0,1925200.0,1030500.0,700800.0,0.0,0.0,0.0,0.0,0.0
20230824140728228,SZSE,SZSE.ETF.159845,2.419,2.409,2.439,2.397,0.0,2.65,2.168,622542816.0,93200.0,1503313706.452,225450.79999995232,0.0,0.0,20230824,20230824,140728227,2.409,0.0,0.0,2.419,2.418,2.417,2.416,2.415,0.0,0.0,0.0,0.0,0.0,2.42,2.421,2.422,2.423,2.424,0.0,0.0,0.0,0.0,0.0,1400000.0,3288100.0,3479600.0,1349700.0,1050400.0,0.0,0.0,0.0,0.0,0.0,1179000.0,3681000.0,1925200.0,1030500.0,700800.0,0.0,0.0,0.0,0.0,0.0
20230824140731240,SZSE,SZSE.ETF.159845,2.419,2.409,2.439,2.397,0.0,2.65,2.168,622546316.0,3500.0,1503322173.752,8467.300000190735,0.0,0.0,20230824,20230824,140731242,2.409,0.0,0.0,2.419,2.418,2.417,2.416,2.415,0.0,0.0,0.0,0.0,0.0,2.42,2.421,2.422,2.423,2.424,0.0,0.0,0.0,0.0,0.0,697300.0,2138300.0,2629600.0,4119700.0,1050400.0,0.0,0.0,0.0,0.0,0.0,2998300.0,3081000.0,835200.0,1080500.0,700800.0,0.0,0.0,0.0,0.0,0.0
20230824140733120,SZSE,SZSE.ETF.159845,2.419,2.409,2.439,2.397,0.0,2.65,2.168,622546316.0,3500.0,1503322173.752,8467.300000190735,0.0,0.0,20230824,20230824,140733120,2.409,0.0,0.0,2.419,2.418,2.417,2.416,2.415,0.0,0.0,0.0,0.0,0.0,2.42,2.421,2.422,2.423,2.424,0.0,0.0,0.0,0.0,0.0,697300.0,2138300.0,2629600.0,4119700.0,1050400.0,0.0,0.0,0.0,0.0,0.0,2998300.0,3081000.0,835200.0,1080500.0,700800.0,0.0,0.0,0.0,0.0,0.0
20230824140736108,SZSE,SZSE.ETF.159845,2.419,2.409,2.439,2.397,0.0,2.65,2.168,623243616.0,697300.0,1505008942.452,1686768.6999998093,0.0,0.0,20230824,20230824,140736109,2.409,0.0,0.0,2.418,2.417,2.416,2.415,2.414,0.0,0.0,0.0,0.0,0.0,2.419,2.42,2.421,2.422,2.423,0.0,0.0,0.0,0.0,0.0,1238300.0,1609400.0,5229700.0,1650400.0,784100.0,0.0,0.0,0.0,0.0,0.0,269800.0,2998300.0,2891000.0,691100.0,1030500.0,0.0,0.0,0.0,0.0,0.0
20230824140734252,SZSE,SZSE.ETF.159845,2.419,2.409,2.439,2.397,0.0,2.65,2.168,623243616.0,697300.0,1505008942.452,1686768.6999998093,0.0,0.0,20230824,20230824,140734252,2.409,0.0,0.0,2.418,2.417,2.416,2.415,2.414,0.0,0.0,0.0,0.0,0.0,2.419,2.42,2.421,2.422,2.423,0.0,0.0,0.0,0.0,0.0,1238300.0,1609400.0,5229700.0,1650400.0,784100.0,0.0,0.0,0.0,0.0,0.0,269800.0,2998300.0,2891000.0,691100.0,1030500.0,0.0,0.0,0.0,0.0,0.0
20230824140739080,SZSE,SZSE.ETF.159845,2.419,2.409,2.439,2.397,0.0,2.65,2.168,623243616.0,0.0,1505008942.452,0.0,0.0,0.0,20230824,20230824,140739078,2.409,0.0,0.0,2.418,2.417,2.416,2.415,2.414,0.0,0.0,0.0,0.0,0.0,2.419,2.42,2.421,2.422,2.423,0.0,0.0,0.0,0.0,0.0,2428300.0,2092400.0,3682800.0,1268800.0,929600.0,0.0,0.0,0.0,0.0,0.0,369800.0,1798300.0,3231000.0,1950000.0,889100.0,0.0,0.0,0.0,0.0,0.0
20230824140737220,SZSE,SZSE.ETF.159845,2.419,2.409,2.439,2.397,0.0,2.65,2.168,623243616.0,0.0,1505008942.452,0.0,0.0,0.0,20230824,20230824,140737219,2.409,0.0,0.0,2.418,2.417,2.416,2.415,2.414,0.0,0.0,0.0,0.0,0.0,2.419,2.42,2.421,2.422,2.423,0.0,0.0,0.0,0.0,0.0,2428300.0,2092400.0,3682800.0,1268800.0,929600.0,0.0,0.0,0.0,0.0,0.0,369800.0,1798300.0,3231000.0,1950000.0,889100.0,0.0,0.0,0.0,0.0,0.0
20230824140742124,SZSE,SZSE.ETF.159845,2.419,2.409,2.439,2.397,0.0,2.65,2.168,623243616.0,0.0,1505008942.452,0.0,0.0,0.0,20230824,20230824,140742125,2.409,0.0,0.0,2.418,2.417,2.416,2.415,2.414,0.0,0.0,0.0,0.0,0.0,2.419,2.42,2.421,2.422,2.423,0.0,0.0,0.0,0.0,0.0,1908100.0,2562600.0,2136700.0,2498800.0,979600.0,0.0,0.0,0.0,0.0,0.0,459700.0,2298300.0,2731000.0,1900000.0,939100.0,0.0,0.0,0.0,0.0,0.0
20230824140740264,SZSE,SZSE.ETF.159845,2.419,2.409,2.439,2.397,0.0,2.65,2.168,623243616.0,0.0,1505008942.452,0.0,0.0,0.0,20230824,20230824,140740265,2.409,0.0,0.0,2.418,2.417,2.416,2.415,2.414,0.0,0.0,0.0,0.0,0.0,2.419,2.42,2.421,2.422,2.423,0.0,0.0,0.0,0.0,0.0,1908100.0,2562600.0,2136700.0,2498800.0,979600.0,0.0,0.0,0.0,0.0,0.0,459700.0,2298300.0,2731000.0,1900000.0,939100.0,0.0,0.0,0.0,0.0,0.0
20230824140745124,SZSE,SZSE.ETF.159845,2.419,2.409,2.439,2.397,0.0,2.65,2.168,623243616.0,0.0,1505008942.452,0.0,0.0,0.0,20230824,20230824,140745125,2.409,0.0,0.0,2.418,2.417,2.416,2.415,2.414,0.0,0.0,0.0,0.0,0.0,2.419,2.42,2.421,2.422,2.423,0.0,0.0,0.0,0.0,0.0,1208100.0,2610600.0,2198700.0,2988800.0,979600.0,0.0,0.0,0.0,0.0,0.0,1503800.0,2190200.0,2829000.0,1350000.0,889100.0,0.0,0.0,0.0,0.0,0.0
20230824140743272,SZSE,SZSE.ETF.159845,2.419,2.409,2.439,2.397,0.0,2.65,2.168,623243616.0,0.0,1505008942.452,0.0,0.0,0.0,20230824,20230824,140743274,2.409,0.0,0.0,2.418,2.417,2.416,2.415,2.414,0.0,0.0,0.0,0.0,0.0,2.419,2.42,2.421,2.422,2.423,0.0,0.0,0.0,0.0,0.0,1208100.0,2610600.0,2198700.0,2988800.0,979600.0,0.0,0.0,0.0,0.0,0.0,1503800.0,2190200.0,2829000.0,1350000.0,889100.0,0.0,0.0,0.0,0.0,0.0
20230824140748108,SZSE,SZSE.ETF.159845,2.419,2.409,2.439,2.397,0.0,2.65,2.168,623243616.0,0.0,1505008942.452,0.0,0.0,0.0,20230824,20230824,140748109,2.409,0.0,0.0,2.418,2.417,2.416,2.415,2.414,0.0,0.0,0.0,0.0,0.0,2.419,2.42,2.421,2.422,2.423,0.0,0.0,0.0,0.0,0.0,1208100.0,2340800.0,1198700.0,4088800.0,1079600.0,0.0,0.0,0.0,0.0,0.0,2753800.0,2752700.0,1629000.0,560000.0,889100.0,0.0,0.0,0.0,0.0,0.0
20230824140746252,SZSE,SZSE.ETF.159845,2.419,2.409,2.439,2.397,0.0,2.65,2.168,623243616.0,0.0,1505008942.452,0.0,0.0,0.0,20230824,20230824,140746253,2.409,0.0,0.0,2.418,2.417,2.416,2.415,2.414,0.0,0.0,0.0,0.0,0.0,2.419,2.42,2.421,2.422,2.423,0.0,0.0,0.0,0.0,0.0,1208100.0,2340800.0,1198700.0,4088800.0,1079600.0,0.0,0.0,0.0,0.0,0.0,2753800.0,2752700.0,1629000.0,560000.0,889100.0,0.0,0.0,0.0,0.0,0.0
20230824140751096,SZSE,SZSE.ETF.159845,2.418,2.409,2.439,2.397,0.0,2.65,2.168,623293416.0,49800.0,1505129358.852,120416.40000009537,0.0,0.0,20230824,20230824,140751094,2.409,0.0,0.0,2.418,2.417,2.416,2.415,2.414,0.0,0.0,0.0,0.0,0.0,2.419,2.42,2.421,2.422,2.423,0.0,0.0,0.0,0.0,0.0,368300.0,1850800.0,2588700.0,4088800.0,1079600.0,0.0,0.0,0.0,0.0,0.0,3253800.0,2442700.0,1499300.0,510000.0,889100.0,0.0,0.0,0.0,0.0,0.0
20230824140749240,SZSE,SZSE.ETF.159845,2.418,2.409,2.439,2.397,0.0,2.65,2.168,623293416.0,49800.0,1505129358.852,120416.40000009537,0.0,0.0,20230824,20230824,140749240,2.409,0.0,0.0,2.418,2.417,2.416,2.415,2.414,0.0,0.0,0.0,0.0,0.0,2.419,2.42,2.421,2.422,2.423,0.0,0.0,0.0,0.0,0.0,368300.0,1850800.0,2588700.0,4088800.0,1079600.0,0.0,0.0,0.0,0.0,0.0,3253800.0,2442700.0,1499300.0,510000.0,889100.0,0.0,0.0,0.0,0.0,0.0
20230824140754096,SZSE,SZSE.ETF.159845,2.419,2.409,2.439,2.397,0.0,2.65,2.168,623293616.0,200.0,1505129842.652,483.7999999523163,0.0,0.0,20230824,20230824,140754094,2.409,0.0,0.0,2.418,2.417,2.416,2.415,2.414,0.0,0.0,0.0,0.0,0.0,2.419,2.42,2.421,2.422,2.423,0.0,0.0,0.0,0.0,0.0,368400.0,1090400.0,1988700.0,5288800.0,1079600.0,0.0,0.0,0.0,0.0,0.0,2733800.0,2942700.0,1679300.0,510000.0,889100.0,0.0,0.0,0.0,0.0,0.0
20230824140752244,SZSE,SZSE.ETF.159845,2.419,2.409,2.439,2.397,0.0,2.65,2.168,623293616.0,200.0,1505129842.652,483.7999999523163,0.0,0.0,20230824,20230824,140752243,2.409,0.0,0.0,2.418,2.417,2.416,2.415,2.414,0.0,0.0,0.0,0.0,0.0,2.419,2.42,2.421,2.422,2.423,0.0,0.0,0.0,0.0,0.0,368400.0,1090400.0,1988700.0,5288800.0,1079600.0,0.0,0.0,0.0,0.0,0.0,2733800.0,2942700.0,1679300.0,510000.0,889100.0,0.0,0.0,0.0,0.0,0.0
20230824140757112,SZSE,SZSE.ETF.159845,2.418,2.409,2.439,2.397,0.0,2.65,2.168,623662016.0,368400.0,1506020633.852,890791.2000000477,0.0,0.0,20230824,20230824,140757110,2.409,0.0,0.0,2.417,2.416,2.415,2.414,2.413,0.0,0.0,0.0,0.0,0.0,2.418,2.419,2.42,2.421,2.422,0.0,0.0,0.0,0.0,0.0,1770400.0,1938700.0,4858800.0,1079600.0,702100.0,0.0,0.0,0.0,0.0,0.0,203400.0,2803900.0,1942700.0,1929400.0,510000.0,0.0,0.0,0.0,0.0,0.0
20230824140755248,SZSE,SZSE.ETF.159845,2.418,2.409,2.439,2.397,0.0,2.65,2.168,623662016.0,368400.0,1506020633.852,890791.2000000477,0.0,0.0,20230824,20230824,140755248,2.409,0.0,0.0,2.417,2.416,2.415,2.414,2.413,0.0,0.0,0.0,0.0,0.0,2.418,2.419,2.42,2.421,2.422,0.0,0.0,0.0,0.0,0.0,1770400.0,1938700.0,4858800.0,1079600.0,702100.0,0.0,0.0,0.0,0.0,0.0,203400.0,2803900.0,1942700.0,1929400.0,510000.0,0.0,0.0,0.0,0.0,0.0
20230824140800080,SZSE,SZSE.ETF.159845,2.418,2.409,2.439,2.397,0.0,2.65,2.168,623884316.0,222300.0,1506558155.252,537521.4000000954,0.0,0.0,20230824,20230824,140800078,2.409,0.0,0.0,2.418,2.417,2.416,2.415,2.414,0.0,0.0,0.0,0.0,0.0,2.419,2.42,2.421,2.422,2.423,0.0,0.0,0.0,0.0,0.0,1341500.0,1912100.0,3238000.0,2072100.0,1248000.0,0.0,0.0,0.0,0.0,0.0,833800.0,1492700.0,2638500.0,1748900.0,721800.0,0.0,0.0,0.0,0.0,0.0
20230824140758228,SZSE,SZSE.ETF.159845,2.418,2.409,2.439,2.397,0.0,2.65,2.168,623884316.0,222300.0,1506558155.252,537521.4000000954,0.0,0.0,20230824,20230824,140758227,2.409,0.0,0.0,2.418,2.417,2.416,2.415,2.414,0.0,0.0,0.0,0.0,0.0,2.419,2.42,2.421,2.422,2.423,0.0,0.0,0.0,0.0,0.0,1341500.0,1912100.0,3238000.0,2072100.0,1248000.0,0.0,0.0,0.0,0.0,0.0,833800.0,1492700.0,2638500.0,1748900.0,721800.0,0.0,0.0,0.0,0.0,0.0
20230824140801244,SZSE,SZSE.ETF.159845,2.418,2.409,2.439,2.397,0.0,2.65,2.168,623913316.0,29000.0,1506628277.252,70122.0,0.0,0.0,20230824,20230824,140801244,2.409,0.0,0.0,2.417,2.416,2.415,2.414,2.413,0.0,0.0,0.0,0.0,0.0,2.418,2.419,2.42,2.421,2.422,0.0,0.0,0.0,0.0,0.0,2916200.0,1811500.0,3799200.0,979600.0,702100.0,0.0,0.0,0.0,0.0,0.0,1100.0,849400.0,3643000.0,2519800.0,510400.0,0.0,0.0,0.0,0.0,0.0
20230824140803120,SZSE,SZSE.ETF.159845,2.418,2.409,2.439,2.397,0.0,2.65,2.168,623913316.0,29000.0,1506628277.252,70122.0,0.0,0.0,20230824,20230824,140803120,2.409,0.0,0.0,2.417,2.416,2.415,2.414,2.413,0.0,0.0,0.0,0.0,0.0,2.418,2.419,2.42,2.421,2.422,0.0,0.0,0.0,0.0,0.0,2916200.0,1811500.0,3799200.0,979600.0,702100.0,0.0,0.0,0.0,0.0,0.0,1100.0,849400.0,3643000.0,2519800.0,510400.0,0.0,0.0,0.0,0.0,0.0
20230824140806096,SZSE,SZSE.ETF.159845,2.418,2.409,2.439,2.397,0.0,2.65,2.168,623917316.0,4000.0,1506637949.252,9672.0,0.0,0.0,20230824,20230824,140806094,2.409,0.0,0.0,2.417,2.416,2.415,2.414,2.413,0.0,0.0,0.0,0.0,0.0,2.418,2.419,2.42,2.421,2.422,0.0,0.0,0.0,0.0,0.0,3106200.0,1694500.0,3402300.0,1248000.0,897700.0,0.0,0.0,0.0,0.0,0.0,300000.0,962100.0,2783000.0,3178700.0,1019100.0,0.0,0.0,0.0,0.0,0.0
20230824140804240,SZSE,SZSE.ETF.159845,2.418,2.409,2.439,2.397,0.0,2.65,2.168,623917316.0,4000.0,1506637949.252,9672.0,0.0,0.0,20230824,20230824,140804240,2.409,0.0,0.0,2.417,2.416,2.415,2.414,2.413,0.0,0.0,0.0,0.0,0.0,2.418,2.419,2.42,2.421,2.422,0.0,0.0,0.0,0.0,0.0,3106200.0,1694500.0,3402300.0,1248000.0,897700.0,0.0,0.0,0.0,0.0,0.0,300000.0,962100.0,2783000.0,3178700.0,1019100.0,0.0,0.0,0.0,0.0,0.0
20230824140809064,SZSE,SZSE.ETF.159845,2.418,2.409,2.439,2.397,0.0,2.65,2.168,623917316.0,0.0,1506637949.252,0.0,0.0,0.0,20230824,20230824,140809063,2.409,0.0,0.0,2.417,2.416,2.415,2.414,2.413,0.0,0.0,0.0,0.0,0.0,2.419,2.42,2.421,2.422,2.423,0.0,0.0,0.0,0.0,0.0,3179100.0,2744500.0,2402300.0,1248000.0,897700.0,0.0,0.0,0.0,0.0,0.0,769400.0,2283000.0,3188700.0,1019100.0,722000.0,0.0,0.0,0.0,0.0,0.0
20230824140807208,SZSE,SZSE.ETF.159845,2.418,2.409,2.439,2.397,0.0,2.65,2.168,623917316.0,0.0,1506637949.252,0.0,0.0,0.0,20230824,20230824,140807210,2.409,0.0,0.0,2.417,2.416,2.415,2.414,2.413,0.0,0.0,0.0,0.0,0.0,2.419,2.42,2.421,2.422,2.423,0.0,0.0,0.0,0.0,0.0,3179100.0,2744500.0,2402300.0,1248000.0,897700.0,0.0,0.0,0.0,0.0,0.0,769400.0,2283000.0,3188700.0,1019100.0,722000.0,0.0,0.0,0.0,0.0,0.0
20230824140812096,SZSE,SZSE.ETF.159845,2.418,2.409,2.439,2.397,0.0,2.65,2.168,623917416.0,100.0,1506638191.052,241.79999995231628,0.0,0.0,20230824,20230824,140812094,2.409,0.0,0.0,2.418,2.417,2.416,2.415,2.414,0.0,0.0,0.0,0.0,0.0,2.419,2.42,2.421,2.422,2.423,0.0,0.0,0.0,0.0,0.0,100000.0,3026200.0,1744500.0,3444200.0,1106100.0,0.0,0.0,0.0,0.0,0.0,849400.0,2133000.0,3196800.0,1165400.0,817500.0,0.0,0.0,0.0,0.0,0.0
20230824140810244,SZSE,SZSE.ETF.159845,2.418,2.409,2.439,2.397,0.0,2.65,2.168,623917416.0,100.0,1506638191.052,241.79999995231628,0.0,0.0,20230824,20230824,140810243,2.409,0.0,0.0,2.418,2.417,2.416,2.415,2.414,0.0,0.0,0.0,0.0,0.0,2.419,2.42,2.421,2.422,2.423,0.0,0.0,0.0,0.0,0.0,100000.0,3026200.0,1744500.0,3444200.0,1106100.0,0.0,0.0,0.0,0.0,0.0,849400.0,2133000.0,3196800.0,1165400.0,817500.0,0.0,0.0,0.0,0.0,0.0
20230824140815080,SZSE,SZSE.ETF.159845,2.418,2.409,2.439,2.397,0.0,2.65,2.168,623917416.0,0.0,1506638191.052,0.0,0.0,0.0,20230824,20230824,140815078,2.409,0.0,0.0,2.418,2.417,2.416,2.415,2.414,0.0,0.0,0.0,0.0,0.0,2.419,2.42,2.421,2.422,2.423,0.0,0.0,0.0,0.0,0.0,100000.0,1941800.0,1761500.0,4699200.0,979600.0,0.0,0.0,0.0,0.0,0.0,2272900.0,2543000.0,1929800.0,510400.0,889500.0,0.0,0.0,0.0,0.0,0.0
20230824140813228,SZSE,SZSE.ETF.159845,2.418,2.409,2.439,2.397,0.0,2.65,2.168,623917416.0,0.0,1506638191.052,0.0,0.0,0.0,20230824,20230824,140813228,2.409,0.0,0.0,2.418,2.417,2.416,2.415,2.414,0.0,0.0,0.0,0.0,0.0,2.419,2.42,2.421,2.422,2.423,0.0,0.0,0.0,0.0,0.0,100000.0,1941800.0,1761500.0,4699200.0,979600.0,0.0,0.0,0.0,0.0,0.0,2272900.0,2543000.0,1929800.0,510400.0,889500.0,0.0,0.0,0.0,0.0,0.0
20230824140818048,SZSE,SZSE.ETF.159845,2.418,2.409,2.439,2.397,0.0,2.65,2.168,624712916.0,795500.0,1508561710.052,1923519.0,0.0,0.0,20230824,20230824,140818047,2.409,0.0,0.0,2.418,2.417,2.416,2.415,2.414,0.0,0.0,0.0,0.0,0.0,2.419,2.42,2.421,2.422,2.423,0.0,0.0,0.0,0.0,0.0,100100.0,1941800.0,4001500.0,2699200.0,979600.0,0.0,0.0,0.0,0.0,0.0,2272900.0,2543000.0,2119800.0,510400.0,889500.0,0.0,0.0,0.0,0.0,0.0
20230824140816184,SZSE,SZSE.ETF.159845,2.418,2.409,2.439,2.397,0.0,2.65,2.168,624712916.0,795500.0,1508561710.052,1923519.0,0.0,0.0,20230824,20230824,140816184,2.409,0.0,0.0,2.418,2.417,2.416,2.415,2.414,0.0,0.0,0.0,0.0,0.0,2.419,2.42,2.421,2.422,2.423,0.0,0.0,0.0,0.0,0.0,100100.0,1941800.0,4001500.0,2699200.0,979600.0,0.0,0.0,0.0,0.0,0.0,2272900.0,2543000.0,2119800.0,510400.0,889500.0,0.0,0.0,0.0,0.0,0.0
20230824140821032,SZSE,SZSE.ETF.159845,2.418,2.409,2.439,2.397,0.0,2.65,2.168,624829416.0,116500.0,1508843407.052,281697.0,0.0,0.0,20230824,20230824,140821031,2.409,0.0,0.0,2.418,2.417,2.416,2.415,2.414,0.0,0.0,0.0,0.0,0.0,2.419,2.42,2.421,2.422,2.423,0.0,0.0,0.0,0.0,0.0,5000.0,1941800.0,3897600.0,2699200.0,1579600.0,0.0,0.0,0.0,0.0,0.0,2283700.0,2543000.0,2169800.0,510400.0,889500.0,0.0,0.0,0.0,0.0,0.0
20230824140819176,SZSE,SZSE.ETF.159845,2.418,2.409,2.439,2.397,0.0,2.65,2.168,624829416.0,116500.0,1508843407.052,281697.0,0.0,0.0,20230824,20230824,140819176,2.409,0.0,0.0,2.418,2.417,2.416,2.415,2.414,0.0,0.0,0.0,0.0,0.0,2.419,2.42,2.421,2.422,2.423,0.0,0.0,0.0,0.0,0.0,5000.0,1941800.0,3897600.0,2699200.0,1579600.0,0.0,0.0,0.0,0.0,0.0,2283700.0,2543000.0,2169800.0,510400.0,889500.0,0.0,0.0,0.0,0.0,0.0
20230824140824048,SZSE,SZSE.ETF.159845,2.418,2.409,2.439,2.397,0.0,2.65,2.168,624829416.0,0.0,1508843407.052,0.0,0.0,0.0,20230824,20230824,140824047,2.409,0.0,0.0,2.418,2.417,2.416,2.415,2.414,0.0,0.0,0.0,0.0,0.0,2.419,2.42,2.421,2.422,2.423,0.0,0.0,0.0,0.0,0.0,5100.0,1241800.0,3551500.0,2849200.0,1579600.0,0.0,0.0,0.0,0.0,0.0,3026600.0,1843000.0,2119800.0,510400.0,889500.0,0.0,0.0,0.0,0.0,0.0
20230824140822192,SZSE,SZSE.ETF.159845,2.418,2.409,2.439,2.397,0.0,2.65,2.168,624829416.0,0.0,1508843407.052,0.0,0.0,0.0,20230824,20230824,140822194,2.409,0.0,0.0,2.418,2.417,2.416,2.415,2.414,0.0,0.0,0.0,0.0,0.0,2.419,2.42,2.421,2.422,2.423,0.0,0.0,0.0,0.0,0.0,5100.0,1241800.0,3551500.0,2849200.0,1579600.0,0.0,0.0,0.0,0.0,0.0,3026600.0,1843000.0,2119800.0,510400.0,889500.0,0.0,0.0,0.0,0.0,0.0
20230824140827032,SZSE,SZSE.ETF.159845,2.418,2.409,2.439,2.397,0.0,2.65,2.168,625434516.0,605100.0,1510306538.852,1463131.7999999523,0.0,0.0,20230824,20230824,140827031,2.409,0.0,0.0,2.417,2.416,2.415,2.414,2.413,0.0,0.0,0.0,0.0,0.0,2.418,2.419,2.42,2.421,2.422,0.0,0.0,0.0,0.0,0.0,1149600.0,3119800.0,3859200.0,1579600.0,702100.0,0.0,0.0,0.0,0.0,0.0,394900.0,3026600.0,1843000.0,2159800.0,510400.0,0.0,0.0,0.0,0.0,0.0
20230824140825180,SZSE,SZSE.ETF.159845,2.418,2.409,2.439,2.397,0.0,2.65,2.168,625434516.0,605100.0,1510306538.852,1463131.7999999523,0.0,0.0,20230824,20230824,140825179,2.409,0.0,0.0,2.417,2.416,2.415,2.414,2.413,0.0,0.0,0.0,0.0,0.0,2.418,2.419,2.42,2.421,2.422,0.0,0.0,0.0,0.0,0.0,1149600.0,3119800.0,3859200.0,1579600.0,702100.0,0.0,0.0,0.0,0.0,0.0,394900.0,3026600.0,1843000.0,2159800.0,510400.0,0.0,0.0,0.0,0.0,0.0
20230824140830048,SZSE,SZSE.ETF.159845,2.418,2.409,2.439,2.397,0.0,2.65,2.168,625434516.0,0.0,1510306538.852,0.0,0.0,0.0,20230824,20230824,140830047,2.409,0.0,0.0,2.417,2.416,2.415,2.414,2.413,0.0,0.0,0.0,0.0,0.0,2.418,2.419,2.42,2.421,2.422,0.0,0.0,0.0,0.0,0.0,1992300.0,3462800.0,2452300.0,1348000.0,897700.0,0.0,0.0,0.0,0.0,0.0,494900.0,2533900.0,2593000.0,2028700.0,369100.0,0.0,0.0,0.0,0.0,0.0
20230824140828192,SZSE,SZSE.ETF.159845,2.418,2.409,2.439,2.397,0.0,2.65,2.168,625434516.0,0.0,1510306538.852,0.0,0.0,0.0,20230824,20230824,140828192,2.409,0.0,0.0,2.417,2.416,2.415,2.414,2.413,0.0,0.0,0.0,0.0,0.0,2.418,2.419,2.42,2.421,2.422,0.0,0.0,0.0,0.0,0.0,1992300.0,3462800.0,2452300.0,1348000.0,897700.0,0.0,0.0,0.0,0.0,0.0,494900.0,2533900.0,2593000.0,2028700.0,369100.0,0.0,0.0,0.0,0.0,0.0
20230824140833064,SZSE,SZSE.ETF.159845,2.418,2.409,2.439,2.397,0.0,2.65,2.168,625434516.0,0.0,1510306538.852,0.0,0.0,0.0,20230824,20230824,140833063,2.409,0.0,0.0,2.417,2.416,2.415,2.414,2.413,0.0,0.0,0.0,0.0,0.0,2.418,2.419,2.42,2.421,2.422,0.0,0.0,0.0,0.0,0.0,1992300.0,3652800.0,2402300.0,1348000.0,897700.0,0.0,0.0,0.0,0.0,0.0,745200.0,2123900.0,1993000.0,2998700.0,369100.0,0.0,0.0,0.0,0.0,0.0
20230824140831208,SZSE,SZSE.ETF.159845,2.418,2.409,2.439,2.397,0.0,2.65,2.168,625434516.0,0.0,1510306538.852,0.0,0.0,0.0,20230824,20230824,140831208,2.409,0.0,0.0,2.417,2.416,2.415,2.414,2.413,0.0,0.0,0.0,0.0,0.0,2.418,2.419,2.42,2.421,2.422,0.0,0.0,0.0,0.0,0.0,1992300.0,3652800.0,2402300.0,1348000.0,897700.0,0.0,0.0,0.0,0.0,0.0,745200.0,2123900.0,1993000.0,2998700.0,369100.0,0.0,0.0,0.0,0.0,0.0
20230824140834208,SZSE,SZSE.ETF.159845,2.417,2.409,2.439,2.397,0.0,2.65,2.168,627434816.0,2000300.0,1515141264.252,4834725.400000095,0.0,0.0,20230824,20230824,140834209,2.409,0.0,0.0,2.417,2.416,2.415,2.414,2.413,0.0,0.0,0.0,0.0,0.0,2.418,2.419,2.42,2.421,2.422,0.0,0.0,0.0,0.0,0.0,207700.0,2052800.0,3842300.0,1448000.0,897700.0,0.0,0.0,0.0,0.0,0.0,745200.0,2614200.0,2593000.0,1358700.0,369100.0,0.0,0.0,0.0,0.0,0.0
20230824140836064,SZSE,SZSE.ETF.159845,2.417,2.409,2.439,2.397,0.0,2.65,2.168,627434816.0,2000300.0,1515141264.252,4834725.400000095,0.0,0.0,20230824,20230824,140836063,2.409,0.0,0.0,2.417,2.416,2.415,2.414,2.413,0.0,0.0,0.0,0.0,0.0,2.418,2.419,2.42,2.421,2.422,0.0,0.0,0.0,0.0,0.0,207700.0,2052800.0,3842300.0,1448000.0,897700.0,0.0,0.0,0.0,0.0,0.0,745200.0,2614200.0,2593000.0,1358700.0,369100.0,0.0,0.0,0.0,0.0,0.0
20230824140839064,SZSE,SZSE.ETF.159845,2.417,2.409,2.439,2.397,0.0,2.65,2.168,627435516.0,700.0,1515142956.252,1692.0,0.0,0.0,20230824,20230824,140839062,2.409,0.0,0.0,2.416,2.415,2.414,2.413,2.412,0.0,0.0,0.0,0.0,0.0,2.417,2.418,2.419,2.42,2.421,0.0,0.0,0.0,0.0,0.0,2040800.0,4454300.0,2608000.0,847700.0,697300.0,0.0,0.0,0.0,0.0,0.0,1199400.0,1345100.0,2518900.0,1371000.0,1358700.0,0.0,0.0,0.0,0.0,0.0
20230824140837200,SZSE,SZSE.ETF.159845,2.417,2.409,2.439,2.397,0.0,2.65,2.168,627435516.0,700.0,1515142956.252,1692.0,0.0,0.0,20230824,20230824,140837199,2.409,0.0,0.0,2.416,2.415,2.414,2.413,2.412,0.0,0.0,0.0,0.0,0.0,2.417,2.418,2.419,2.42,2.421,0.0,0.0,0.0,0.0,0.0,2040800.0,4454300.0,2608000.0,847700.0,697300.0,0.0,0.0,0.0,0.0,0.0,1199400.0,1345100.0,2518900.0,1371000.0,1358700.0,0.0,0.0,0.0,0.0,0.0
20230824140842048,SZSE,SZSE.ETF.159845,2.417,2.409,2.439,2.397,0.0,2.65,2.168,627795716.0,360200.0,1516013559.652,870603.399999857,0.0,0.0,20230824,20230824,140842047,2.409,0.0,0.0,2.417,2.416,2.415,2.414,2.413,0.0,0.0,0.0,0.0,0.0,2.418,2.419,2.42,2.421,2.422,0.0,0.0,0.0,0.0,0.0,1639800.0,1743500.0,5747300.0,1831100.0,1166000.0,0.0,0.0,0.0,0.0,0.0,1954800.0,2528900.0,1150700.0,1167400.0,201500.0,0.0,0.0,0.0,0.0,0.0
20230824140840196,SZSE,SZSE.ETF.159845,2.417,2.409,2.439,2.397,0.0,2.65,2.168,627795716.0,360200.0,1516013559.652,870603.399999857,0.0,0.0,20230824,20230824,140840197,2.409,0.0,0.0,2.417,2.416,2.415,2.414,2.413,0.0,0.0,0.0,0.0,0.0,2.418,2.419,2.42,2.421,2.422,0.0,0.0,0.0,0.0,0.0,1639800.0,1743500.0,5747300.0,1831100.0,1166000.0,0.0,0.0,0.0,0.0,0.0,1954800.0,2528900.0,1150700.0,1167400.0,201500.0,0.0,0.0,0.0,0.0,0.0
20230824140845080,SZSE,SZSE.ETF.159845,2.417,2.409,2.439,2.397,0.0,2.65,2.168,629344516.0,1548800.0,1519757009.252,3743449.600000143,0.0,0.0,20230824,20230824,140845078,2.409,0.0,0.0,2.417,2.416,2.415,2.414,2.413,0.0,0.0,0.0,0.0,0.0,2.418,2.419,2.42,2.421,2.422,0.0,0.0,0.0,0.0,0.0,2391000.0,2333500.0,4358200.0,1718000.0,897700.0,0.0,0.0,0.0,0.0,0.0,1509600.0,3853500.0,1171800.0,1358700.0,369100.0,0.0,0.0,0.0,0.0,0.0
20230824140843224,SZSE,SZSE.ETF.159845,2.417,2.409,2.439,2.397,0.0,2.65,2.168,629344516.0,1548800.0,1519757009.252,3743449.600000143,0.0,0.0,20230824,20230824,140843223,2.409,0.0,0.0,2.417,2.416,2.415,2.414,2.413,0.0,0.0,0.0,0.0,0.0,2.418,2.419,2.42,2.421,2.422,0.0,0.0,0.0,0.0,0.0,2391000.0,2333500.0,4358200.0,1718000.0,897700.0,0.0,0.0,0.0,0.0,0.0,1509600.0,3853500.0,1171800.0,1358700.0,369100.0,0.0,0.0,0.0,0.0,0.0
20230824140848096,SZSE,SZSE.ETF.159845,2.417,2.409,2.439,2.397,0.0,2.65,2.168,629372016.0,27500.0,1519823476.752,66467.5,0.0,0.0,20230824,20230824,140848094,2.409,0.0,0.0,2.417,2.416,2.415,2.414,2.413,0.0,0.0,0.0,0.0,0.0,2.418,2.419,2.42,2.421,2.422,0.0,0.0,0.0,0.0,0.0,2374000.0,2383500.0,4804400.0,1718000.0,897700.0,0.0,0.0,0.0,0.0,0.0,1489600.0,3118900.0,2371800.0,1308700.0,369100.0,0.0,0.0,0.0,0.0,0.0
20230824140846240,SZSE,SZSE.ETF.159845,2.417,2.409,2.439,2.397,0.0,2.65,2.168,629372016.0,27500.0,1519823476.752,66467.5,0.0,0.0,20230824,20230824,140846239,2.409,0.0,0.0,2.417,2.416,2.415,2.414,2.413,0.0,0.0,0.0,0.0,0.0,2.418,2.419,2.42,2.421,2.422,0.0,0.0,0.0,0.0,0.0,2374000.0,2383500.0,4804400.0,1718000.0,897700.0,0.0,0.0,0.0,0.0,0.0,1489600.0,3118900.0,2371800.0,1308700.0,369100.0,0.0,0.0,0.0,0.0,0.0
20230824140851080,SZSE,SZSE.ETF.159845,2.417,2.409,2.439,2.397,0.0,2.65,2.168,629372016.0,0.0,1519823476.752,0.0,0.0,0.0,20230824,20230824,140851078,2.409,0.0,0.0,2.417,2.416,2.415,2.414,2.413,0.0,0.0,0.0,0.0,0.0,2.418,2.419,2.42,2.421,2.422,0.0,0.0,0.0,0.0,0.0,674000.0,1920800.0,3808300.0,3308000.0,897700.0,0.0,0.0,0.0,0.0,0.0,2099500.0,3718900.0,1281800.0,1358700.0,369100.0,0.0,0.0,0.0,0.0,0.0
20230824140849220,SZSE,SZSE.ETF.159845,2.417,2.409,2.439,2.397,0.0,2.65,2.168,629372016.0,0.0,1519823476.752,0.0,0.0,0.0,20230824,20230824,140849220,2.409,0.0,0.0,2.417,2.416,2.415,2.414,2.413,0.0,0.0,0.0,0.0,0.0,2.418,2.419,2.42,2.421,2.422,0.0,0.0,0.0,0.0,0.0,674000.0,1920800.0,3808300.0,3308000.0,897700.0,0.0,0.0,0.0,0.0,0.0,2099500.0,3718900.0,1281800.0,1358700.0,369100.0,0.0,0.0,0.0,0.0,0.0
20230824140854108,SZSE,SZSE.ETF.159845,2.417,2.409,2.439,2.397,0.0,2.65,2.168,629372016.0,0.0,1519823476.752,0.0,0.0,0.0,20230824,20230824,140854109,2.409,0.0,0.0,2.417,2.416,2.415,2.414,2.413,0.0,0.0,0.0,0.0,0.0,2.418,2.419,2.42,2.421,2.422,0.0,0.0,0.0,0.0,0.0,164100.0,823400.0,6058300.0,2808000.0,897700.0,0.0,0.0,0.0,0.0,0.0,3239100.0,3118900.0,681800.0,1358700.0,369100.0,0.0,0.0,0.0,0.0,0.0
20230824140852252,SZSE,SZSE.ETF.159845,2.417,2.409,2.439,2.397,0.0,2.65,2.168,629372016.0,0.0,1519823476.752,0.0,0.0,0.0,20230824,20230824,140852252,2.409,0.0,0.0,2.417,2.416,2.415,2.414,2.413,0.0,0.0,0.0,0.0,0.0,2.418,2.419,2.42,2.421,2.422,0.0,0.0,0.0,0.0,0.0,164100.0,823400.0,6058300.0,2808000.0,897700.0,0.0,0.0,0.0,0.0,0.0,3239100.0,3118900.0,681800.0,1358700.0,369100.0,0.0,0.0,0.0,0.0,0.0
20230824140857096,SZSE,SZSE.ETF.159845,2.418,2.409,2.439,2.397,0.0,2.65,2.168,629435516.0,63500.0,1519977019.752,153543.0,0.0,0.0,20230824,20230824,140857094,2.409,0.0,0.0,2.417,2.416,2.415,2.414,2.413,0.0,0.0,0.0,0.0,0.0,2.418,2.419,2.42,2.421,2.422,0.0,0.0,0.0,0.0,0.0,600.0,1470800.0,3818300.0,4368000.0,1497800.0,0.0,0.0,0.0,0.0,0.0,3185600.0,2728900.0,731800.0,1258700.0,369100.0,0.0,0.0,0.0,0.0,0.0
20230824140855232,SZSE,SZSE.ETF.159845,2.418,2.409,2.439,2.397,0.0,2.65,2.168,629435516.0,63500.0,1519977019.752,153543.0,0.0,0.0,20230824,20230824,140855230,2.409,0.0,0.0,2.417,2.416,2.415,2.414,2.413,0.0,0.0,0.0,0.0,0.0,2.418,2.419,2.42,2.421,2.422,0.0,0.0,0.0,0.0,0.0,600.0,1470800.0,3818300.0,4368000.0,1497800.0,0.0,0.0,0.0,0.0,0.0,3185600.0,2728900.0,731800.0,1258700.0,369100.0,0.0,0.0,0.0,0.0,0.0
20230824140900108,SZSE,SZSE.ETF.159845,2.417,2.409,2.439,2.397,0.0,2.65,2.168,629857716.0,422200.0,1520997277.752,1020258.0,0.0,0.0,20230824,20230824,140900109,2.409,0.0,0.0,2.416,2.415,2.414,2.413,2.412,0.0,0.0,0.0,0.0,0.0,2.417,2.418,2.419,2.42,2.421,0.0,0.0,0.0,0.0,0.0,2535400.0,5704400.0,2558000.0,897800.0,697300.0,0.0,0.0,0.0,0.0,0.0,18900.0,2115000.0,2918900.0,1351800.0,1258700.0,0.0,0.0,0.0,0.0,0.0
20230824140858248,SZSE,SZSE.ETF.159845,2.417,2.409,2.439,2.397,0.0,2.65,2.168,629857716.0,422200.0,1520997277.752,1020258.0,0.0,0.0,20230824,20230824,140858248,2.409,0.0,0.0,2.416,2.415,2.414,2.413,2.412,0.0,0.0,0.0,0.0,0.0,2.417,2.418,2.419,2.42,2.421,0.0,0.0,0.0,0.0,0.0,2535400.0,5704400.0,2558000.0,897800.0,697300.0,0.0,0.0,0.0,0.0,0.0,18900.0,2115000.0,2918900.0,1351800.0,1258700.0,0.0,0.0,0.0,0.0,0.0
20230824140903108,SZSE,SZSE.ETF.159845,2.417,2.409,2.439,2.397,0.0,2.65,2.168,629876616.0,18900.0,1521042959.052,45681.299999952316,0.0,0.0,20230824,20230824,140903109,2.409,0.0,0.0,2.417,2.416,2.415,2.414,2.413,0.0,0.0,0.0,0.0,0.0,2.418,2.419,2.42,2.421,2.422,0.0,0.0,0.0,0.0,0.0,569000.0,4615900.0,6047500.0,1051100.0,1167100.0,0.0,0.0,0.0,0.0,0.0,686400.0,2745100.0,2770700.0,1117400.0,201500.0,0.0,0.0,0.0,0.0,0.0
20230824140901256,SZSE,SZSE.ETF.159845,2.417,2.409,2.439,2.397,0.0,2.65,2.168,629876616.0,18900.0,1521042959.052,45681.299999952316,0.0,0.0,20230824,20230824,140901257,2.409,0.0,0.0,2.417,2.416,2.415,2.414,2.413,0.0,0.0,0.0,0.0,0.0,2.418,2.419,2.42,2.421,2.422,0.0,0.0,0.0,0.0,0.0,569000.0,4615900.0,6047500.0,1051100.0,1167100.0,0.0,0.0,0.0,0.0,0.0,686400.0,2745100.0,2770700.0,1117400.0,201500.0,0.0,0.0,0.0,0.0,0.0
20230824140906140,SZSE,SZSE.ETF.159845,2.417,2.409,2.439,2.397,0.0,2.65,2.168,629880716.0,4100.0,1521052868.752,9909.700000047684,0.0,0.0,20230824,20230824,140906141,2.409,0.0,0.0,2.417,2.416,2.415,2.414,2.413,0.0,0.0,0.0,0.0,0.0,2.418,2.419,2.42,2.421,2.422,0.0,0.0,0.0,0.0,0.0,666000.0,3955300.0,5554500.0,2348000.0,898800.0,0.0,0.0,0.0,0.0,0.0,1886400.0,3245100.0,1361800.0,1308700.0,369100.0,0.0,0.0,0.0,0.0,0.0
20230824140909112,SZSE,SZSE.ETF.159845,2.418,2.409,2.439,2.397,0.0,2.65,2.168,629906516.0,25800.0,1521115253.152,62384.39999985695,0.0,0.0,20230824,20230824,140909110,2.409,0.0,0.0,2.417,2.416,2.415,2.414,2.413,0.0,0.0,0.0,0.0,0.0,2.418,2.419,2.42,2.421,2.422,0.0,0.0,0.0,0.0,0.0,1666000.0,3555300.0,7104500.0,2348000.0,898800.0,0.0,0.0,0.0,0.0,0.0,1860200.0,3245100.0,1361800.0,1438700.0,369100.0,0.0,0.0,0.0,0.0,0.0
20230824140912064,SZSE,SZSE.ETF.159845,2.418,2.409,2.439,2.397,0.0,2.65,2.168,630906516.0,1000000.0,1523533253.152,2418000.0,0.0,0.0,20230824,20230824,140912062,2.409,0.0,0.0,2.417,2.416,2.415,2.414,2.413,0.0,0.0,0.0,0.0,0.0,2.418,2.419,2.42,2.421,2.422,0.0,0.0,0.0,0.0,0.0,3569000.0,3667300.0,5952500.0,2248000.0,898800.0,0.0,0.0,0.0,0.0,0.0,700000.0,3832800.0,1373800.0,1308700.0,369100.0,0.0,0.0,0.0,0.0,0.0
20230824140910200,SZSE,SZSE.ETF.159845,2.418,2.409,2.439,2.397,0.0,2.65,2.168,630906516.0,1000000.0,1523533253.152,2418000.0,0.0,0.0,20230824,20230824,140910199,2.409,0.0,0.0,2.417,2.416,2.415,2.414,2.413,0.0,0.0,0.0,0.0,0.0,2.418,2.419,2.42,2.421,2.422,0.0,0.0,0.0,0.0,0.0,3569000.0,3667300.0,5952500.0,2248000.0,898800.0,0.0,0.0,0.0,0.0,0.0,700000.0,3832800.0,1373800.0,1308700.0,369100.0,0.0,0.0,0.0,0.0,0.0
20230824140915112,SZSE,SZSE.ETF.159845,2.418,2.409,2.439,2.397,0.0,2.65,2.168,630906516.0,0.0,1523533253.152,0.0,0.0,0.0,20230824,20230824,140915110,2.409,0.0,0.0,2.417,2.416,2.415,2.414,2.413,0.0,0.0,0.0,0.0,0.0,2.418,2.419,2.42,2.421,2.422,0.0,0.0,0.0,0.0,0.0,3569000.0,3717300.0,5902500.0,2248000.0,898800.0,0.0,0.0,0.0,0.0,0.0,376600.0,2642800.0,1373800.0,2688700.0,969100.0,0.0,0.0,0.0,0.0,0.0
20230824140913256,SZSE,SZSE.ETF.159845,2.418,2.409,2.439,2.397,0.0,2.65,2.168,630906516.0,0.0,1523533253.152,0.0,0.0,0.0,20230824,20230824,140913255,2.409,0.0,0.0,2.417,2.416,2.415,2.414,2.413,0.0,0.0,0.0,0.0,0.0,2.418,2.419,2.42,2.421,2.422,0.0,0.0,0.0,0.0,0.0,3569000.0,3717300.0,5902500.0,2248000.0,898800.0,0.0,0.0,0.0,0.0,0.0,376600.0,2642800.0,1373800.0,2688700.0,969100.0,0.0,0.0,0.0,0.0,0.0
20230824140918064,SZSE,SZSE.ETF.159845,2.418,2.409,2.439,2.397,0.0,2.65,2.168,630906516.0,0.0,1523533253.152,0.0,0.0,0.0,20230824,20230824,140918063,2.409,0.0,0.0,2.417,2.416,2.415,2.414,2.413,0.0,0.0,0.0,0.0,0.0,2.418,2.419,2.42,2.421,2.422,0.0,0.0,0.0,0.0,0.0,3569100.0,3867300.0,5902500.0,2248100.0,848800.0,0.0,0.0,0.0,0.0,0.0,376600.0,2642800.0,1373800.0,2638700.0,969100.0,0.0,0.0,0.0,0.0,0.0
20230824140916204,SZSE,SZSE.ETF.159845,2.418,2.409,2.439,2.397,0.0,2.65,2.168,630906516.0,0.0,1523533253.152,0.0,0.0,0.0,20230824,20230824,140916204,2.409,0.0,0.0,2.417,2.416,2.415,2.414,2.413,0.0,0.0,0.0,0.0,0.0,2.418,2.419,2.42,2.421,2.422,0.0,0.0,0.0,0.0,0.0,3569100.0,3867300.0,5902500.0,2248100.0,848800.0,0.0,0.0,0.0,0.0,0.0,376600.0,2642800.0,1373800.0,2638700.0,969100.0,0.0,0.0,0.0,0.0,0.0
20230824140921064,SZSE,SZSE.ETF.159845,2.418,2.409,2.439,2.397,0.0,2.65,2.168,630906516.0,0.0,1523533253.152,0.0,0.0,0.0,20230824,20230824,140921062,2.409,0.0,0.0,2.417,2.416,2.415,2.414,2.413,0.0,0.0,0.0,0.0,0.0,2.418,2.419,2.42,2.421,2.422,0.0,0.0,0.0,0.0,0.0,3569100.0,3917300.0,5902500.0,2248100.0,898800.0,0.0,0.0,0.0,0.0,0.0,576600.0,2642800.0,1373800.0,2508700.0,969100.0,0.0,0.0,0.0,0.0,0.0
20230824140919204,SZSE,SZSE.ETF.159845,2.418,2.409,2.439,2.397,0.0,2.65,2.168,630906516.0,0.0,1523533253.152,0.0,0.0,0.0,20230824,20230824,140919205,2.409,0.0,0.0,2.417,2.416,2.415,2.414,2.413,0.0,0.0,0.0,0.0,0.0,2.418,2.419,2.42,2.421,2.422,0.0,0.0,0.0,0.0,0.0,3569100.0,3917300.0,5902500.0,2248100.0,898800.0,0.0,0.0,0.0,0.0,0.0,576600.0,2642800.0,1373800.0,2508700.0,969100.0,0.0,0.0,0.0,0.0,0.0
20230824140924016,SZSE,SZSE.ETF.159845,2.418,2.409,2.439,2.397,0.0,2.65,2.168,630906516.0,0.0,1523533253.152,0.0,0.0,0.0,20230824,20230824,140924016,2.409,0.0,0.0,2.417,2.416,2.415,2.414,2.413,0.0,0.0,0.0,0.0,0.0,2.418,2.419,2.42,2.421,2.422,0.0,0.0,0.0,0.0,0.0,3569100.0,3587900.0,5713600.0,2248100.0,898800.0,0.0,0.0,0.0,0.0,0.0,276600.0,2313300.0,1183800.0,2688700.0,969100.0,0.0,0.0,0.0,0.0,0.0
20230824140922168,SZSE,SZSE.ETF.159845,2.418,2.409,2.439,2.397,0.0,2.65,2.168,630906516.0,0.0,1523533253.152,0.0,0.0,0.0,20230824,20230824,140922166,2.409,0.0,0.0,2.417,2.416,2.415,2.414,2.413,0.0,0.0,0.0,0.0,0.0,2.418,2.419,2.42,2.421,2.422,0.0,0.0,0.0,0.0,0.0,3569100.0,3587900.0,5713600.0,2248100.0,898800.0,0.0,0.0,0.0,0.0,0.0,276600.0,2313300.0,1183800.0,2688700.0,969100.0,0.0,0.0,0.0,0.0,0.0
20230824140925168,SZSE,SZSE.ETF.159845,2.418,2.409,2.439,2.397,0.0,2.65,2.168,630906516.0,0.0,1523533253.152,0.0,0.0,0.0,20230824,20230824,140925170,2.409,0.0,0.0,2.417,2.416,2.415,2.414,2.413,0.0,0.0,0.0,0.0,0.0,2.418,2.419,2.42,2.421,2.422,0.0,0.0,0.0,0.0,0.0,4639900.0,4227900.0,4413600.0,2248100.0,402700.0,0.0,0.0,0.0,0.0,0.0,276600.0,1513300.0,1873800.0,3278700.0,969100.0,0.0,0.0,0.0,0.0,0.0
20230824140927032,SZSE,SZSE.ETF.159845,2.418,2.409,2.439,2.397,0.0,2.65,2.168,630906516.0,0.0,1523533253.152,0.0,0.0,0.0,20230824,20230824,140927031,2.409,0.0,0.0,2.417,2.416,2.415,2.414,2.413,0.0,0.0,0.0,0.0,0.0,2.418,2.419,2.42,2.421,2.422,0.0,0.0,0.0,0.0,0.0,4639900.0,4227900.0,4413600.0,2248100.0,402700.0,0.0,0.0,0.0,0.0,0.0,276600.0,1513300.0,1873800.0,3278700.0,969100.0,0.0,0.0,0.0,0.0,0.0
20230824140930048,SZSE,SZSE.ETF.159845,2.418,2.409,2.439,2.397,0.0,2.65,2.168,631183116.0,276600.0,1524202071.952,668818.7999999523,0.0,0.0,20230824,20230824,140930047,2.409,0.0,0.0,2.418,2.417,2.416,2.415,2.414,0.0,0.0,0.0,0.0,0.0,2.419,2.42,2.421,2.422,2.423,0.0,0.0,0.0,0.0,0.0,1483200.0,3736100.0,5334000.0,4223600.0,2248100.0,0.0,0.0,0.0,0.0,0.0,1442400.0,1973700.0,3238700.0,1019100.0,682000.0,0.0,0.0,0.0,0.0,0.0
20230824140933096,SZSE,SZSE.ETF.159845,2.418,2.409,2.439,2.397,0.0,2.65,2.168,631183116.0,0.0,1524202071.952,0.0,0.0,0.0,20230824,20230824,140933094,2.409,0.0,0.0,2.418,2.417,2.416,2.415,2.414,0.0,0.0,0.0,0.0,0.0,2.419,2.42,2.421,2.422,2.423,0.0,0.0,0.0,0.0,0.0,5363200.0,3039900.0,3241000.0,2470500.0,1979700.0,0.0,0.0,0.0,0.0,0.0,1242600.0,2883900.0,2479800.0,740400.0,849500.0,0.0,0.0,0.0,0.0,0.0
20230824140931236,SZSE,SZSE.ETF.159845,2.418,2.409,2.439,2.397,0.0,2.65,2.168,631183116.0,0.0,1524202071.952,0.0,0.0,0.0,20230824,20230824,140931235,2.409,0.0,0.0,2.418,2.417,2.416,2.415,2.414,0.0,0.0,0.0,0.0,0.0,2.419,2.42,2.421,2.422,2.423,0.0,0.0,0.0,0.0,0.0,5363200.0,3039900.0,3241000.0,2470500.0,1979700.0,0.0,0.0,0.0,0.0,0.0,1242600.0,2883900.0,2479800.0,740400.0,849500.0,0.0,0.0,0.0,0.0,0.0
20230824140936096,SZSE,SZSE.ETF.159845,2.418,2.409,2.439,2.397,0.0,2.65,2.168,631202916.0,19800.0,1524249948.352,47876.40000009537,0.0,0.0,20230824,20230824,140936094,2.409,0.0,0.0,2.418,2.417,2.416,2.415,2.414,0.0,0.0,0.0,0.0,0.0,2.419,2.42,2.421,2.422,2.423,0.0,0.0,0.0,0.0,0.0,3848400.0,3089900.0,4001000.0,2330500.0,1979700.0,0.0,0.0,0.0,0.0,0.0,1052600.0,913900.0,2979800.0,1890400.0,849500.0,0.0,0.0,0.0,0.0,0.0
20230824140934236,SZSE,SZSE.ETF.159845,2.418,2.409,2.439,2.397,0.0,2.65,2.168,631202916.0,19800.0,1524249948.352,47876.40000009537,0.0,0.0,20230824,20230824,140934236,2.409,0.0,0.0,2.418,2.417,2.416,2.415,2.414,0.0,0.0,0.0,0.0,0.0,2.419,2.42,2.421,2.422,2.423,0.0,0.0,0.0,0.0,0.0,3848400.0,3089900.0,4001000.0,2330500.0,1979700.0,0.0,0.0,0.0,0.0,0.0,1052600.0,913900.0,2979800.0,1890400.0,849500.0,0.0,0.0,0.0,0.0,0.0
20230824140939080,SZSE,SZSE.ETF.159845,2.419,2.409,2.439,2.397,0.0,2.65,2.168,631702916.0,500000.0,1525459448.352,1209500.0,0.0,0.0,20230824,20230824,140939078,2.409,0.0,0.0,2.418,2.417,2.416,2.415,2.414,0.0,0.0,0.0,0.0,0.0,2.419,2.42,2.421,2.422,2.423,0.0,0.0,0.0,0.0,0.0,3348400.0,3279900.0,4191000.0,2280500.0,1929700.0,0.0,0.0,0.0,0.0,0.0,452600.0,1603900.0,3269800.0,1390400.0,899500.0,0.0,0.0,0.0,0.0,0.0
20230824140937228,SZSE,SZSE.ETF.159845,2.419,2.409,2.439,2.397,0.0,2.65,2.168,631702916.0,500000.0,1525459448.352,1209500.0,0.0,0.0,20230824,20230824,140937229,2.409,0.0,0.0,2.418,2.417,2.416,2.415,2.414,0.0,0.0,0.0,0.0,0.0,2.419,2.42,2.421,2.422,2.423,0.0,0.0,0.0,0.0,0.0,3348400.0,3279900.0,4191000.0,2280500.0,1929700.0,0.0,0.0,0.0,0.0,0.0,452600.0,1603900.0,3269800.0,1390400.0,899500.0,0.0,0.0,0.0,0.0,0.0
20230824140942080,SZSE,SZSE.ETF.159845,2.419,2.409,2.439,2.397,0.0,2.65,2.168,632282916.0,580000.0,1526862468.352,1403020.0,0.0,0.0,20230824,20230824,140942078,2.409,0.0,0.0,2.418,2.417,2.416,2.415,2.414,0.0,0.0,0.0,0.0,0.0,2.419,2.42,2.421,2.422,2.423,0.0,0.0,0.0,0.0,0.0,4138500.0,3775900.0,3491000.0,2330500.0,1979700.0,0.0,0.0,0.0,0.0,0.0,72600.0,1103900.0,2869800.0,2430400.0,849500.0,0.0,0.0,0.0,0.0,0.0
20230824140940220,SZSE,SZSE.ETF.159845,2.419,2.409,2.439,2.397,0.0,2.65,2.168,632282916.0,580000.0,1526862468.352,1403020.0,0.0,0.0,20230824,20230824,140940219,2.409,0.0,0.0,2.418,2.417,2.416,2.415,2.414,0.0,0.0,0.0,0.0,0.0,2.419,2.42,2.421,2.422,2.423,0.0,0.0,0.0,0.0,0.0,4138500.0,3775900.0,3491000.0,2330500.0,1979700.0,0.0,0.0,0.0,0.0,0.0,72600.0,1103900.0,2869800.0,2430400.0,849500.0,0.0,0.0,0.0,0.0,0.0
20230824140945096,SZSE,SZSE.ETF.159845,2.419,2.409,2.439,2.397,0.0,2.65,2.168,632282916.0,0.0,1526862468.352,0.0,0.0,0.0,20230824,20230824,140945094,2.409,0.0,0.0,2.418,2.417,2.416,2.415,2.414,0.0,0.0,0.0,0.0,0.0,2.42,2.421,2.422,2.423,2.424,0.0,0.0,0.0,0.0,0.0,4138500.0,3237900.0,3479000.0,2330500.0,979700.0,0.0,0.0,0.0,0.0,0.0,1171900.0,2281800.0,2490400.0,1499500.0,532900.0,0.0,0.0,0.0,0.0,0.0
20230824140943232,SZSE,SZSE.ETF.159845,2.419,2.409,2.439,2.397,0.0,2.65,2.168,632282916.0,0.0,1526862468.352,0.0,0.0,0.0,20230824,20230824,140943230,2.409,0.0,0.0,2.418,2.417,2.416,2.415,2.414,0.0,0.0,0.0,0.0,0.0,2.42,2.421,2.422,2.423,2.424,0.0,0.0,0.0,0.0,0.0,4138500.0,3237900.0,3479000.0,2330500.0,979700.0,0.0,0.0,0.0,0.0,0.0,1171900.0,2281800.0,2490400.0,1499500.0,532900.0,0.0,0.0,0.0,0.0,0.0
20230824140948072,SZSE,SZSE.ETF.159845,2.419,2.409,2.439,2.397,0.0,2.65,2.168,632282916.0,0.0,1526862468.352,0.0,0.0,0.0,20230824,20230824,140948072,2.409,0.0,0.0,2.419,2.418,2.417,2.416,2.415,0.0,0.0,0.0,0.0,0.0,2.42,2.421,2.422,2.423,2.424,0.0,0.0,0.0,0.0,0.0,100100.0,3048400.0,3291800.0,4010900.0,2188600.0,0.0,0.0,0.0,0.0,0.0,1661900.0,3831800.0,1308500.0,1045900.0,628400.0,0.0,0.0,0.0,0.0,0.0
20230824140946208,SZSE,SZSE.ETF.159845,2.419,2.409,2.439,2.397,0.0,2.65,2.168,632282916.0,0.0,1526862468.352,0.0,0.0,0.0,20230824,20230824,140946207,2.409,0.0,0.0,2.419,2.418,2.417,2.416,2.415,0.0,0.0,0.0,0.0,0.0,2.42,2.421,2.422,2.423,2.424,0.0,0.0,0.0,0.0,0.0,100100.0,3048400.0,3291800.0,4010900.0,2188600.0,0.0,0.0,0.0,0.0,0.0,1661900.0,3831800.0,1308500.0,1045900.0,628400.0,0.0,0.0,0.0,0.0,0.0
20230824140951048,SZSE,SZSE.ETF.159845,2.419,2.409,2.439,2.397,0.0,2.65,2.168,632284016.0,1100.0,1526865129.252,2660.9000000953674,0.0,0.0,20230824,20230824,140951047,2.409,0.0,0.0,2.418,2.417,2.416,2.415,2.414,0.0,0.0,0.0,0.0,0.0,2.419,2.42,2.421,2.422,2.423,0.0,0.0,0.0,0.0,0.0,1508600.0,439900.0,4779800.0,4932100.0,784200.0,0.0,0.0,0.0,0.0,0.0,2449100.0,1571900.0,1451800.0,451500.0,1040900.0,0.0,0.0,0.0,0.0,0.0
20230824140954032,SZSE,SZSE.ETF.159845,2.419,2.409,2.439,2.397,0.0,2.65,2.168,632284016.0,0.0,1526865129.252,0.0,0.0,0.0,20230824,20230824,140954031,2.409,0.0,0.0,2.418,2.417,2.416,2.415,2.414,0.0,0.0,0.0,0.0,0.0,2.419,2.42,2.421,2.422,2.423,0.0,0.0,0.0,0.0,0.0,1195000.0,2843800.0,5379000.0,2560500.0,979700.0,0.0,0.0,0.0,0.0,0.0,959100.0,2782700.0,2331800.0,700400.0,849500.0,0.0,0.0,0.0,0.0,0.0
20230824140952176,SZSE,SZSE.ETF.159845,2.419,2.409,2.439,2.397,0.0,2.65,2.168,632284016.0,0.0,1526865129.252,0.0,0.0,0.0,20230824,20230824,140952178,2.409,0.0,0.0,2.418,2.417,2.416,2.415,2.414,0.0,0.0,0.0,0.0,0.0,2.419,2.42,2.421,2.422,2.423,0.0,0.0,0.0,0.0,0.0,1195000.0,2843800.0,5379000.0,2560500.0,979700.0,0.0,0.0,0.0,0.0,0.0,959100.0,2782700.0,2331800.0,700400.0,849500.0,0.0,0.0,0.0,0.0,0.0
20230824140957048,SZSE,SZSE.ETF.159845,2.419,2.409,2.439,2.397,0.0,2.65,2.168,632284016.0,0.0,1526865129.252,0.0,0.0,0.0,20230824,20230824,140957047,2.409,0.0,0.0,2.418,2.417,2.416,2.415,2.414,0.0,0.0,0.0,0.0,0.0,2.419,2.42,2.421,2.422,2.423,0.0,0.0,0.0,0.0,0.0,1595000.0,2353800.0,4332900.0,3000500.0,979700.0,0.0,0.0,0.0,0.0,0.0,2549100.0,1682700.0,1791800.0,800400.0,849500.0,0.0,0.0,0.0,0.0,0.0
20230824140955188,SZSE,SZSE.ETF.159845,2.419,2.409,2.439,2.397,0.0,2.65,2.168,632284016.0,0.0,1526865129.252,0.0,0.0,0.0,20230824,20230824,140955188,2.409,0.0,0.0,2.418,2.417,2.416,2.415,2.414,0.0,0.0,0.0,0.0,0.0,2.419,2.42,2.421,2.422,2.423,0.0,0.0,0.0,0.0,0.0,1595000.0,2353800.0,4332900.0,3000500.0,979700.0,0.0,0.0,0.0,0.0,0.0,2549100.0,1682700.0,1791800.0,800400.0,849500.0,0.0,0.0,0.0,0.0,0.0
20230824141000064,SZSE,SZSE.ETF.159845,2.418,2.409,2.439,2.397,0.0,2.65,2.168,632302916.0,18900.0,1526910829.452,45700.199999809265,0.0,0.0,20230824,20230824,141000063,2.409,0.0,0.0,2.418,2.417,2.416,2.415,2.414,0.0,0.0,0.0,0.0,0.0,2.419,2.42,2.421,2.422,2.423,0.0,0.0,0.0,0.0,0.0,1171100.0,3243800.0,5482900.0,2510500.0,979700.0,0.0,0.0,0.0,0.0,0.0,1638100.0,2081900.0,2331800.0,750400.0,849500.0,0.0,0.0,0.0,0.0,0.0
20230824141003064,SZSE,SZSE.ETF.159845,2.418,2.409,2.439,2.397,0.0,2.65,2.168,632302916.0,0.0,1526910829.452,0.0,0.0,0.0,20230824,20230824,141003063,2.409,0.0,0.0,2.418,2.417,2.416,2.415,2.414,0.0,0.0,0.0,0.0,0.0,2.419,2.42,2.421,2.422,2.423,0.0,0.0,0.0,0.0,0.0,1571300.0,3334800.0,3344900.0,4000500.0,979700.0,0.0,0.0,0.0,0.0,0.0,2629200.0,2095000.0,1779800.0,800400.0,849500.0,0.0,0.0,0.0,0.0,0.0
20230824141001204,SZSE,SZSE.ETF.159845,2.418,2.409,2.439,2.397,0.0,2.65,2.168,632302916.0,0.0,1526910829.452,0.0,0.0,0.0,20230824,20230824,141001205,2.409,0.0,0.0,2.418,2.417,2.416,2.415,2.414,0.0,0.0,0.0,0.0,0.0,2.419,2.42,2.421,2.422,2.423,0.0,0.0,0.0,0.0,0.0,1571300.0,3334800.0,3344900.0,4000500.0,979700.0,0.0,0.0,0.0,0.0,0.0,2629200.0,2095000.0,1779800.0,800400.0,849500.0,0.0,0.0,0.0,0.0,0.0
20230824141006096,SZSE,SZSE.ETF.159845,2.418,2.409,2.439,2.397,0.0,2.65,2.168,632320516.0,17600.0,1526953386.252,42556.800000190735,0.0,0.0,20230824,20230824,141006094,2.409,0.0,0.0,2.418,2.417,2.416,2.415,2.414,0.0,0.0,0.0,0.0,0.0,2.419,2.42,2.421,2.422,2.423,0.0,0.0,0.0,0.0,0.0,1964600.0,2837000.0,5619000.0,3330500.0,979700.0,0.0,0.0,0.0,0.0,0.0,965200.0,2973800.0,2331800.0,560400.0,849500.0,0.0,0.0,0.0,0.0,0.0
20230824141004232,SZSE,SZSE.ETF.159845,2.418,2.409,2.439,2.397,0.0,2.65,2.168,632320516.0,17600.0,1526953386.252,42556.800000190735,0.0,0.0,20230824,20230824,141004230,2.409,0.0,0.0,2.418,2.417,2.416,2.415,2.414,0.0,0.0,0.0,0.0,0.0,2.419,2.42,2.421,2.422,2.423,0.0,0.0,0.0,0.0,0.0,1964600.0,2837000.0,5619000.0,3330500.0,979700.0,0.0,0.0,0.0,0.0,0.0,965200.0,2973800.0,2331800.0,560400.0,849500.0,0.0,0.0,0.0,0.0,0.0
20230824141009096,SZSE,SZSE.ETF.159845,2.418,2.409,2.439,2.397,0.0,2.65,2.168,632320516.0,0.0,1526953386.252,0.0,0.0,0.0,20230824,20230824,141009094,2.409,0.0,0.0,2.418,2.417,2.416,2.415,2.414,0.0,0.0,0.0,0.0,0.0,2.419,2.42,2.421,2.422,2.423,0.0,0.0,0.0,0.0,0.0,3805500.0,2737000.0,4019000.0,3340500.0,979700.0,0.0,0.0,0.0,0.0,0.0,106100.0,1673000.0,3481800.0,1390400.0,849500.0,0.0,0.0,0.0,0.0,0.0
20230824141007232,SZSE,SZSE.ETF.159845,2.418,2.409,2.439,2.397,0.0,2.65,2.168,632320516.0,0.0,1526953386.252,0.0,0.0,0.0,20230824,20230824,141007230,2.409,0.0,0.0,2.418,2.417,2.416,2.415,2.414,0.0,0.0,0.0,0.0,0.0,2.419,2.42,2.421,2.422,2.423,0.0,0.0,0.0,0.0,0.0,3805500.0,2737000.0,4019000.0,3340500.0,979700.0,0.0,0.0,0.0,0.0,0.0,106100.0,1673000.0,3481800.0,1390400.0,849500.0,0.0,0.0,0.0,0.0,0.0
20230824141012080,SZSE,SZSE.ETF.159845,2.419,2.409,2.439,2.397,0.0,2.65,2.168,632326616.0,6100.0,1526968142.152,14755.899999856949,0.0,0.0,20230824,20230824,141012078,2.409,0.0,0.0,2.419,2.418,2.417,2.416,2.415,0.0,0.0,0.0,0.0,0.0,2.42,2.421,2.422,2.423,2.424,0.0,0.0,0.0,0.0,0.0,694800.0,4295500.0,3283100.0,3378000.0,3340500.0,0.0,0.0,0.0,0.0,0.0,673000.0,2781800.0,2540400.0,1499500.0,1532900.0,0.0,0.0,0.0,0.0,0.0
20230824141010216,SZSE,SZSE.ETF.159845,2.419,2.409,2.439,2.397,0.0,2.65,2.168,632326616.0,6100.0,1526968142.152,14755.899999856949,0.0,0.0,20230824,20230824,141010216,2.409,0.0,0.0,2.419,2.418,2.417,2.416,2.415,0.0,0.0,0.0,0.0,0.0,2.42,2.421,2.422,2.423,2.424,0.0,0.0,0.0,0.0,0.0,694800.0,4295500.0,3283100.0,3378000.0,3340500.0,0.0,0.0,0.0,0.0,0.0,673000.0,2781800.0,2540400.0,1499500.0,1532900.0,0.0,0.0,0.0,0.0,0.0
20230824141015096,SZSE,SZSE.ETF.159845,2.419,2.409,2.439,2.397,0.0,2.65,2.168,632326616.0,0.0,1526968142.152,0.0,0.0,0.0,20230824,20230824,141015094,2.409,0.0,0.0,2.419,2.418,2.417,2.416,2.415,0.0,0.0,0.0,0.0,0.0,2.42,2.421,2.422,2.423,2.424,0.0,0.0,0.0,0.0,0.0,1794800.0,3499100.0,3300100.0,4674900.0,2072100.0,0.0,0.0,0.0,0.0,0.0,1871000.0,3231800.0,1181800.0,980900.0,700400.0,0.0,0.0,0.0,0.0,0.0
20230824141013244,SZSE,SZSE.ETF.159845,2.419,2.409,2.439,2.397,0.0,2.65,2.168,632326616.0,0.0,1526968142.152,0.0,0.0,0.0,20230824,20230824,141013244,2.409,0.0,0.0,2.419,2.418,2.417,2.416,2.415,0.0,0.0,0.0,0.0,0.0,2.42,2.421,2.422,2.423,2.424,0.0,0.0,0.0,0.0,0.0,1794800.0,3499100.0,3300100.0,4674900.0,2072100.0,0.0,0.0,0.0,0.0,0.0,1871000.0,3231800.0,1181800.0,980900.0,700400.0,0.0,0.0,0.0,0.0,0.0
20230824141018080,SZSE,SZSE.ETF.159845,2.419,2.409,2.439,2.397,0.0,2.65,2.168,632326616.0,0.0,1526968142.152,0.0,0.0,0.0,20230824,20230824,141018078,2.409,0.0,0.0,2.419,2.418,2.417,2.416,2.415,0.0,0.0,0.0,0.0,0.0,2.42,2.421,2.422,2.423,2.424,0.0,0.0,0.0,0.0,0.0,1794800.0,3636300.0,3160100.0,4484900.0,2072100.0,0.0,0.0,0.0,0.0,0.0,1603000.0,3041800.0,1181800.0,1030900.0,700400.0,0.0,0.0,0.0,0.0,0.0
20230824141016216,SZSE,SZSE.ETF.159845,2.419,2.409,2.439,2.397,0.0,2.65,2.168,632326616.0,0.0,1526968142.152,0.0,0.0,0.0,20230824,20230824,141016214,2.409,0.0,0.0,2.419,2.418,2.417,2.416,2.415,0.0,0.0,0.0,0.0,0.0,2.42,2.421,2.422,2.423,2.424,0.0,0.0,0.0,0.0,0.0,1794800.0,3636300.0,3160100.0,4484900.0,2072100.0,0.0,0.0,0.0,0.0,0.0,1603000.0,3041800.0,1181800.0,1030900.0,700400.0,0.0,0.0,0.0,0.0,0.0
20230824141021048,SZSE,SZSE.ETF.159845,2.42,2.409,2.439,2.397,0.0,2.65,2.168,634326616.0,2000000.0,1531808142.152,4840000.0,0.0,0.0,20230824,20230824,141021047,2.409,0.0,0.0,2.419,2.418,2.417,2.416,2.415,0.0,0.0,0.0,0.0,0.0,2.42,2.421,2.422,2.423,2.424,0.0,0.0,0.0,0.0,0.0,2553700.0,2609100.0,2254000.0,4484900.0,2072100.0,0.0,0.0,0.0,0.0,0.0,161100.0,3540700.0,1971800.0,1030900.0,700400.0,0.0,0.0,0.0,0.0,0.0
20230824141019192,SZSE,SZSE.ETF.159845,2.42,2.409,2.439,2.397,0.0,2.65,2.168,634326616.0,2000000.0,1531808142.152,4840000.0,0.0,0.0,20230824,20230824,141019194,2.409,0.0,0.0,2.419,2.418,2.417,2.416,2.415,0.0,0.0,0.0,0.0,0.0,2.42,2.421,2.422,2.423,2.424,0.0,0.0,0.0,0.0,0.0,2553700.0,2609100.0,2254000.0,4484900.0,2072100.0,0.0,0.0,0.0,0.0,0.0,161100.0,3540700.0,1971800.0,1030900.0,700400.0,0.0,0.0,0.0,0.0,0.0
20230824141024032,SZSE,SZSE.ETF.159845,2.42,2.409,2.439,2.397,0.0,2.65,2.168,634326616.0,0.0,1531808142.152,0.0,0.0,0.0,20230824,20230824,141024031,2.409,0.0,0.0,2.419,2.418,2.417,2.416,2.415,0.0,0.0,0.0,0.0,0.0,2.42,2.421,2.422,2.423,2.424,0.0,0.0,0.0,0.0,0.0,2059800.0,2169100.0,2204000.0,4974900.0,2072100.0,0.0,0.0,0.0,0.0,0.0,650100.0,2840700.0,881800.0,2180900.0,1300400.0,0.0,0.0,0.0,0.0,0.0
20230824141027048,SZSE,SZSE.ETF.159845,2.42,2.409,2.439,2.397,0.0,2.65,2.168,634333616.0,7000.0,1531825082.152,16940.0,0.0,0.0,20230824,20230824,141027047,2.409,0.0,0.0,2.419,2.418,2.417,2.416,2.415,0.0,0.0,0.0,0.0,0.0,2.42,2.421,2.422,2.423,2.424,0.0,0.0,0.0,0.0,0.0,2059800.0,2169100.0,2209000.0,3974900.0,2082100.0,0.0,0.0,0.0,0.0,0.0,843100.0,2850700.0,2081800.0,1630900.0,700400.0,0.0,0.0,0.0,0.0,0.0
20230824141025188,SZSE,SZSE.ETF.159845,2.42,2.409,2.439,2.397,0.0,2.65,2.168,634333616.0,7000.0,1531825082.152,16940.0,0.0,0.0,20230824,20230824,141025189,2.409,0.0,0.0,2.419,2.418,2.417,2.416,2.415,0.0,0.0,0.0,0.0,0.0,2.42,2.421,2.422,2.423,2.424,0.0,0.0,0.0,0.0,0.0,2059800.0,2169100.0,2209000.0,3974900.0,2082100.0,0.0,0.0,0.0,0.0,0.0,843100.0,2850700.0,2081800.0,1630900.0,700400.0,0.0,0.0,0.0,0.0,0.0
20230824141030032,SZSE,SZSE.ETF.159845,2.42,2.409,2.439,2.397,0.0,2.65,2.168,634333616.0,0.0,1531825082.152,0.0,0.0,0.0,20230824,20230824,141030031,2.409,0.0,0.0,2.419,2.418,2.417,2.416,2.415,0.0,0.0,0.0,0.0,0.0,2.42,2.421,2.422,2.423,2.424,0.0,0.0,0.0,0.0,0.0,1301000.0,2681100.0,1197000.0,5154900.0,2082100.0,0.0,0.0,0.0,0.0,0.0,843100.0,2838700.0,2093800.0,1630900.0,700400.0,0.0,0.0,0.0,0.0,0.0
20230824141033016,SZSE,SZSE.ETF.159845,2.42,2.409,2.439,2.397,0.0,2.65,2.168,634334616.0,1000.0,1531827502.152,2420.0,0.0,0.0,20230824,20230824,141033016,2.409,0.0,0.0,2.419,2.418,2.417,2.416,2.415,0.0,0.0,0.0,0.0,0.0,2.42,2.421,2.422,2.423,2.424,0.0,0.0,0.0,0.0,0.0,1201000.0,2429100.0,1069000.0,5254900.0,2082100.0,0.0,0.0,0.0,0.0,0.0,1280800.0,2441800.0,1711800.0,1580900.0,700400.0,0.0,0.0,0.0,0.0,0.0
20230824141031160,SZSE,SZSE.ETF.159845,2.42,2.409,2.439,2.397,0.0,2.65,2.168,634334616.0,1000.0,1531827502.152,2420.0,0.0,0.0,20230824,20230824,141031158,2.409,0.0,0.0,2.419,2.418,2.417,2.416,2.415,0.0,0.0,0.0,0.0,0.0,2.42,2.421,2.422,2.423,2.424,0.0,0.0,0.0,0.0,0.0,1201000.0,2429100.0,1069000.0,5254900.0,2082100.0,0.0,0.0,0.0,0.0,0.0,1280800.0,2441800.0,1711800.0,1580900.0,700400.0,0.0,0.0,0.0,0.0,0.0
20230824141036032,SZSE,SZSE.ETF.159845,2.42,2.409,2.439,2.397,0.0,2.65,2.168,634334616.0,0.0,1531827502.152,0.0,0.0,0.0,20230824,20230824,141036031,2.409,0.0,0.0,2.419,2.418,2.417,2.416,2.415,0.0,0.0,0.0,0.0,0.0,2.42,2.421,2.422,2.423,2.424,0.0,0.0,0.0,0.0,0.0,1201000.0,2617100.0,1259000.0,5254900.0,2082100.0,0.0,0.0,0.0,0.0,0.0,947000.0,4050700.0,1481800.0,1030900.0,700400.0,0.0,0.0,0.0,0.0,0.0
20230824141034168,SZSE,SZSE.ETF.159845,2.42,2.409,2.439,2.397,0.0,2.65,2.168,634334616.0,0.0,1531827502.152,0.0,0.0,0.0,20230824,20230824,141034170,2.409,0.0,0.0,2.419,2.418,2.417,2.416,2.415,0.0,0.0,0.0,0.0,0.0,2.42,2.421,2.422,2.423,2.424,0.0,0.0,0.0,0.0,0.0,1201000.0,2617100.0,1259000.0,5254900.0,2082100.0,0.0,0.0,0.0,0.0,0.0,947000.0,4050700.0,1481800.0,1030900.0,700400.0,0.0,0.0,0.0,0.0,0.0
20230824141039048,SZSE,SZSE.ETF.159845,2.42,2.409,2.439,2.397,0.0,2.65,2.168,634334616.0,0.0,1531827502.152,0.0,0.0,0.0,20230824,20230824,141039047,2.409,0.0,0.0,2.419,2.418,2.417,2.416,2.415,0.0,0.0,0.0,0.0,0.0,2.42,2.421,2.422,2.423,2.424,0.0,0.0,0.0,0.0,0.0,1201000.0,2537100.0,1259000.0,5204900.0,2032100.0,0.0,0.0,0.0,0.0,0.0,1086800.0,4050700.0,1301800.0,1030900.0,700400.0,0.0,0.0,0.0,0.0,0.0
20230824141037184,SZSE,SZSE.ETF.159845,2.42,2.409,2.439,2.397,0.0,2.65,2.168,634334616.0,0.0,1531827502.152,0.0,0.0,0.0,20230824,20230824,141037185,2.409,0.0,0.0,2.419,2.418,2.417,2.416,2.415,0.0,0.0,0.0,0.0,0.0,2.42,2.421,2.422,2.423,2.424,0.0,0.0,0.0,0.0,0.0,1201000.0,2537100.0,1259000.0,5204900.0,2032100.0,0.0,0.0,0.0,0.0,0.0,1086800.0,4050700.0,1301800.0,1030900.0,700400.0,0.0,0.0,0.0,0.0,0.0
20230824141042028,SZSE,SZSE.ETF.159845,2.419,2.409,2.439,2.397,0.0,2.65,2.168,634825616.0,491000.0,1533015231.152,1187729.0,0.0,0.0,20230824,20230824,141042027,2.409,0.0,0.0,2.418,2.417,2.416,2.415,2.414,0.0,0.0,0.0,0.0,0.0,2.419,2.42,2.421,2.422,2.423,0.0,0.0,0.0,0.0,0.0,2437100.0,2309000.0,4758800.0,2082100.0,784200.0,0.0,0.0,0.0,0.0,0.0,259100.0,2878600.0,2731800.0,691800.0,980900.0,0.0,0.0,0.0,0.0,0.0
20230824141040164,SZSE,SZSE.ETF.159845,2.419,2.409,2.439,2.397,0.0,2.65,2.168,634825616.0,491000.0,1533015231.152,1187729.0,0.0,0.0,20230824,20230824,141040163,2.409,0.0,0.0,2.418,2.417,2.416,2.415,2.414,0.0,0.0,0.0,0.0,0.0,2.419,2.42,2.421,2.422,2.423,0.0,0.0,0.0,0.0,0.0,2437100.0,2309000.0,4758800.0,2082100.0,784200.0,0.0,0.0,0.0,0.0,0.0,259100.0,2878600.0,2731800.0,691800.0,980900.0,0.0,0.0,0.0,0.0,0.0
20230824141045024,SZSE,SZSE.ETF.159845,2.419,2.409,2.439,2.397,0.0,2.65,2.168,635163716.0,338100.0,1533833095.052,817863.9000000954,0.0,0.0,20230824,20230824,141045026,2.409,0.0,0.0,2.418,2.417,2.416,2.415,2.414,0.0,0.0,0.0,0.0,0.0,2.419,2.42,2.421,2.422,2.423,0.0,0.0,0.0,0.0,0.0,3255500.0,1792000.0,4858000.0,2350500.0,979700.0,0.0,0.0,0.0,0.0,0.0,100000.0,930400.0,2281800.0,2180700.0,1439500.0,0.0,0.0,0.0,0.0,0.0
20230824141043160,SZSE,SZSE.ETF.159845,2.419,2.409,2.439,2.397,0.0,2.65,2.168,635163716.0,338100.0,1533833095.052,817863.9000000954,0.0,0.0,20230824,20230824,141043160,2.409,0.0,0.0,2.418,2.417,2.416,2.415,2.414,0.0,0.0,0.0,0.0,0.0,2.419,2.42,2.421,2.422,2.423,0.0,0.0,0.0,0.0,0.0,3255500.0,1792000.0,4858000.0,2350500.0,979700.0,0.0,0.0,0.0,0.0,0.0,100000.0,930400.0,2281800.0,2180700.0,1439500.0,0.0,0.0,0.0,0.0,0.0
20230824141048020,SZSE,SZSE.ETF.159845,2.419,2.409,2.439,2.397,0.0,2.65,2.168,635163716.0,0.0,1533833095.052,0.0,0.0,0.0,20230824,20230824,141048020,2.409,0.0,0.0,2.418,2.417,2.416,2.415,2.414,0.0,0.0,0.0,0.0,0.0,2.419,2.42,2.421,2.422,2.423,0.0,0.0,0.0,0.0,0.0,3065500.0,1792000.0,4551900.0,2350500.0,979700.0,0.0,0.0,0.0,0.0,0.0,100000.0,821500.0,2579700.0,1940700.0,1489500.0,0.0,0.0,0.0,0.0,0.0
20230824141046156,SZSE,SZSE.ETF.159845,2.419,2.409,2.439,2.397,0.0,2.65,2.168,635163716.0,0.0,1533833095.052,0.0,0.0,0.0,20230824,20230824,141046155,2.409,0.0,0.0,2.418,2.417,2.416,2.415,2.414,0.0,0.0,0.0,0.0,0.0,2.419,2.42,2.421,2.422,2.423,0.0,0.0,0.0,0.0,0.0,3065500.0,1792000.0,4551900.0,2350500.0,979700.0,0.0,0.0,0.0,0.0,0.0,100000.0,821500.0,2579700.0,1940700.0,1489500.0,0.0,0.0,0.0,0.0,0.0
20230824141051036,SZSE,SZSE.ETF.159845,2.419,2.409,2.439,2.397,0.0,2.65,2.168,635185416.0,21700.0,1533885587.352,52492.299999952316,0.0,0.0,20230824,20230824,141051037,2.409,0.0,0.0,2.418,2.417,2.416,2.415,2.414,0.0,0.0,0.0,0.0,0.0,2.419,2.42,2.421,2.422,2.423,0.0,0.0,0.0,0.0,0.0,3065500.0,1742000.0,5048000.0,2350500.0,979700.0,0.0,0.0,0.0,0.0,0.0,78300.0,1158400.0,2281800.0,1940700.0,1439500.0,0.0,0.0,0.0,0.0,0.0
20230824141054032,SZSE,SZSE.ETF.159845,2.419,2.409,2.439,2.397,0.0,2.65,2.168,635285616.0,100200.0,1534127971.152,242383.79999995232,0.0,0.0,20230824,20230824,141054032,2.409,0.0,0.0,2.419,2.418,2.417,2.416,2.415,0.0,0.0,0.0,0.0,0.0,2.42,2.421,2.422,2.423,2.424,0.0,0.0,0.0,0.0,0.0,660000.0,3555500.0,1780000.0,4390000.0,2350500.0,0.0,0.0,0.0,0.0,0.0,321600.0,2288700.0,2440700.0,1489500.0,532900.0,0.0,0.0,0.0,0.0,0.0
20230824141052168,SZSE,SZSE.ETF.159845,2.419,2.409,2.439,2.397,0.0,2.65,2.168,635285616.0,100200.0,1534127971.152,242383.79999995232,0.0,0.0,20230824,20230824,141052167,2.409,0.0,0.0,2.419,2.418,2.417,2.416,2.415,0.0,0.0,0.0,0.0,0.0,2.42,2.421,2.422,2.423,2.424,0.0,0.0,0.0,0.0,0.0,660000.0,3555500.0,1780000.0,4390000.0,2350500.0,0.0,0.0,0.0,0.0,0.0,321600.0,2288700.0,2440700.0,1489500.0,532900.0,0.0,0.0,0.0,0.0,0.0
20230824141057032,SZSE,SZSE.ETF.159845,2.419,2.409,2.439,2.397,0.0,2.65,2.168,635285616.0,0.0,1534127971.152,0.0,0.0,0.0,20230824,20230824,141057031,2.409,0.0,0.0,2.419,2.418,2.417,2.416,2.415,0.0,0.0,0.0,0.0,0.0,2.42,2.421,2.422,2.423,2.424,0.0,0.0,0.0,0.0,0.0,1960000.0,3055500.0,2755100.0,3674900.0,2082100.0,0.0,0.0,0.0,0.0,0.0,329500.0,4130700.0,1781800.0,1030900.0,700400.0,0.0,0.0,0.0,0.0,0.0
20230824141055180,SZSE,SZSE.ETF.159845,2.419,2.409,2.439,2.397,0.0,2.65,2.168,635285616.0,0.0,1534127971.152,0.0,0.0,0.0,20230824,20230824,141055180,2.409,0.0,0.0,2.419,2.418,2.417,2.416,2.415,0.0,0.0,0.0,0.0,0.0,2.42,2.421,2.422,2.423,2.424,0.0,0.0,0.0,0.0,0.0,1960000.0,3055500.0,2755100.0,3674900.0,2082100.0,0.0,0.0,0.0,0.0,0.0,329500.0,4130700.0,1781800.0,1030900.0,700400.0,0.0,0.0,0.0,0.0,0.0
20230824141100080,SZSE,SZSE.ETF.159845,2.419,2.409,2.439,2.397,0.0,2.65,2.168,635324016.0,38400.0,1534220860.752,92889.60000014305,0.0,0.0,20230824,20230824,141100079,2.409,0.0,0.0,2.419,2.418,2.417,2.416,2.415,0.0,0.0,0.0,0.0,0.0,2.42,2.421,2.422,2.423,2.424,0.0,0.0,0.0,0.0,0.0,1421600.0,3745500.0,2019000.0,3434900.0,2032100.0,0.0,0.0,0.0,0.0,0.0,119600.0,2930600.0,2381800.0,1760900.0,700400.0,0.0,0.0,0.0,0.0,0.0
20230824141058216,SZSE,SZSE.ETF.159845,2.419,2.409,2.439,2.397,0.0,2.65,2.168,635324016.0,38400.0,1534220860.752,92889.60000014305,0.0,0.0,20230824,20230824,141058216,2.409,0.0,0.0,2.419,2.418,2.417,2.416,2.415,0.0,0.0,0.0,0.0,0.0,2.42,2.421,2.422,2.423,2.424,0.0,0.0,0.0,0.0,0.0,1421600.0,3745500.0,2019000.0,3434900.0,2032100.0,0.0,0.0,0.0,0.0,0.0,119600.0,2930600.0,2381800.0,1760900.0,700400.0,0.0,0.0,0.0,0.0,0.0
20230824141103080,SZSE,SZSE.ETF.159845,2.419,2.409,2.439,2.397,0.0,2.65,2.168,635400816.0,76800.0,1534406639.952,185779.19999980927,0.0,0.0,20230824,20230824,141103078,2.409,0.0,0.0,2.419,2.418,2.417,2.416,2.415,0.0,0.0,0.0,0.0,0.0,2.42,2.421,2.422,2.423,2.424,0.0,0.0,0.0,0.0,0.0,844800.0,3745500.0,1259000.0,4484900.0,2082100.0,0.0,0.0,0.0,0.0,0.0,140600.0,2930700.0,2571800.0,1630900.0,700400.0,0.0,0.0,0.0,0.0,0.0
20230824141101224,SZSE,SZSE.ETF.159845,2.419,2.409,2.439,2.397,0.0,2.65,2.168,635400816.0,76800.0,1534406639.952,185779.19999980927,0.0,0.0,20230824,20230824,141101224,2.409,0.0,0.0,2.419,2.418,2.417,2.416,2.415,0.0,0.0,0.0,0.0,0.0,2.42,2.421,2.422,2.423,2.424,0.0,0.0,0.0,0.0,0.0,844800.0,3745500.0,1259000.0,4484900.0,2082100.0,0.0,0.0,0.0,0.0,0.0,140600.0,2930700.0,2571800.0,1630900.0,700400.0,0.0,0.0,0.0,0.0,0.0
20230824141106096,SZSE,SZSE.ETF.159845,2.42,2.409,2.439,2.397,0.0,2.65,2.168,635400916.0,100.0,1534406881.952,242.0,0.0,0.0,20230824,20230824,141106094,2.409,0.0,0.0,2.419,2.418,2.417,2.416,2.415,0.0,0.0,0.0,0.0,0.0,2.42,2.421,2.422,2.423,2.424,0.0,0.0,0.0,0.0,0.0,2794800.0,2445500.0,2365100.0,3484900.0,1982100.0,0.0,0.0,0.0,0.0,0.0,120600.0,1081700.0,1790700.0,2900900.0,1300400.0,0.0,0.0,0.0,0.0,0.0
20230824141104240,SZSE,SZSE.ETF.159845,2.42,2.409,2.439,2.397,0.0,2.65,2.168,635400916.0,100.0,1534406881.952,242.0,0.0,0.0,20230824,20230824,141104238,2.409,0.0,0.0,2.419,2.418,2.417,2.416,2.415,0.0,0.0,0.0,0.0,0.0,2.42,2.421,2.422,2.423,2.424,0.0,0.0,0.0,0.0,0.0,2794800.0,2445500.0,2365100.0,3484900.0,1982100.0,0.0,0.0,0.0,0.0,0.0,120600.0,1081700.0,1790700.0,2900900.0,1300400.0,0.0,0.0,0.0,0.0,0.0
20230824141109140,SZSE,SZSE.ETF.159845,2.42,2.409,2.439,2.397,0.0,2.65,2.168,635449616.0,48700.0,1534524735.952,117854.0,0.0,0.0,20230824,20230824,141109141,2.409,0.0,0.0,2.42,2.419,2.418,2.417,2.416,0.0,0.0,0.0,0.0,0.0,2.421,2.422,2.423,2.424,2.425,0.0,0.0,0.0,0.0,0.0,11300.0,2694800.0,3407500.0,1061300.0,3484900.0,0.0,0.0,0.0,0.0,0.0,980100.0,1791300.0,2860900.0,1350400.0,512400.0,0.0,0.0,0.0,0.0,0.0
20230824141107276,SZSE,SZSE.ETF.159845,2.42,2.409,2.439,2.397,0.0,2.65,2.168,635449616.0,48700.0,1534524735.952,117854.0,0.0,0.0,20230824,20230824,141107277,2.409,0.0,0.0,2.42,2.419,2.418,2.417,2.416,0.0,0.0,0.0,0.0,0.0,2.421,2.422,2.423,2.424,2.425,0.0,0.0,0.0,0.0,0.0,11300.0,2694800.0,3407500.0,1061300.0,3484900.0,0.0,0.0,0.0,0.0,0.0,980100.0,1791300.0,2860900.0,1350400.0,512400.0,0.0,0.0,0.0,0.0,0.0
20230824141112140,SZSE,SZSE.ETF.159845,2.42,2.409,2.439,2.397,0.0,2.65,2.168,635449616.0,0.0,1534524735.952,0.0,0.0,0.0,20230824,20230824,141112141,2.409,0.0,0.0,2.42,2.419,2.418,2.417,2.416,0.0,0.0,0.0,0.0,0.0,2.421,2.422,2.423,2.424,2.425,0.0,0.0,0.0,0.0,0.0,1200000.0,1107400.0,1634500.0,4088100.0,2816500.0,0.0,0.0,0.0,0.0,0.0,2560100.0,2155700.0,1012000.0,841700.0,679900.0,0.0,0.0,0.0,0.0,0.0
20230824141115140,SZSE,SZSE.ETF.159845,2.421,2.409,2.439,2.397,0.0,2.65,2.168,636449616.0,1000000.0,1536945735.952,2421000.0,0.0,0.0,20230824,20230824,141115141,2.409,0.0,0.0,2.42,2.419,2.418,2.417,2.416,0.0,0.0,0.0,0.0,0.0,2.421,2.422,2.423,2.424,2.425,0.0,0.0,0.0,0.0,0.0,357200.0,1597400.0,4074500.0,2868100.0,2216500.0,0.0,0.0,0.0,0.0,0.0,1200000.0,2724300.0,1742000.0,841700.0,679900.0,0.0,0.0,0.0,0.0,0.0
20230824141118156,SZSE,SZSE.ETF.159845,2.421,2.409,2.439,2.397,0.0,2.65,2.168,636449616.0,0.0,1536945735.952,0.0,0.0,0.0,20230824,20230824,141118156,2.409,0.0,0.0,2.42,2.419,2.418,2.417,2.416,0.0,0.0,0.0,0.0,0.0,2.421,2.422,2.423,2.424,2.425,0.0,0.0,0.0,0.0,0.0,357200.0,2306800.0,4012500.0,2318100.0,2216500.0,0.0,0.0,0.0,0.0,0.0,1200000.0,2007800.0,1772600.0,1071700.0,679900.0,0.0,0.0,0.0,0.0,0.0
20230824141119256,SZSE,SZSE.ETF.159845,2.421,2.409,2.439,2.397,0.0,2.65,2.168,636449616.0,0.0,1536945735.952,0.0,0.0,0.0,20230824,20230824,141119255,2.409,0.0,0.0,2.42,2.419,2.418,2.417,2.416,0.0,0.0,0.0,0.0,0.0,2.422,2.423,2.424,2.425,2.426,0.0,0.0,0.0,0.0,0.0,857200.0,2406800.0,2862500.0,2268100.0,2216500.0,0.0,0.0,0.0,0.0,0.0,2607800.0,1772600.0,1031700.0,679900.0,1201100.0,0.0,0.0,0.0,0.0,0.0
20230824141121108,SZSE,SZSE.ETF.159845,2.421,2.409,2.439,2.397,0.0,2.65,2.168,636449616.0,0.0,1536945735.952,0.0,0.0,0.0,20230824,20230824,141121109,2.409,0.0,0.0,2.42,2.419,2.418,2.417,2.416,0.0,0.0,0.0,0.0,0.0,2.422,2.423,2.424,2.425,2.426,0.0,0.0,0.0,0.0,0.0,857200.0,2406800.0,2862500.0,2268100.0,2216500.0,0.0,0.0,0.0,0.0,0.0,2607800.0,1772600.0,1031700.0,679900.0,1201100.0,0.0,0.0,0.0,0.0,0.0
20230824141124124,SZSE,SZSE.ETF.159845,2.421,2.409,2.439,2.397,0.0,2.65,2.168,636462316.0,12700.0,1536976482.652,30746.700000047684,0.0,0.0,20230824,20230824,141124125,2.409,0.0,0.0,2.421,2.42,2.419,2.418,2.417,0.0,0.0,0.0,0.0,0.0,2.422,2.423,2.424,2.425,2.426,0.0,0.0,0.0,0.0,0.0,260000.0,1847200.0,2216800.0,3432400.0,2126300.0,0.0,0.0,0.0,0.0,0.0,1404800.0,2372900.0,1479900.0,906200.0,296600.0,0.0,0.0,0.0,0.0,0.0
20230824141122264,SZSE,SZSE.ETF.159845,2.421,2.409,2.439,2.397,0.0,2.65,2.168,636462316.0,12700.0,1536976482.652,30746.700000047684,0.0,0.0,20230824,20230824,141122262,2.409,0.0,0.0,2.421,2.42,2.419,2.418,2.417,0.0,0.0,0.0,0.0,0.0,2.422,2.423,2.424,2.425,2.426,0.0,0.0,0.0,0.0,0.0,260000.0,1847200.0,2216800.0,3432400.0,2126300.0,0.0,0.0,0.0,0.0,0.0,1404800.0,2372900.0,1479900.0,906200.0,296600.0,0.0,0.0,0.0,0.0,0.0
20230824141127080,SZSE,SZSE.ETF.159845,2.421,2.409,2.439,2.397,0.0,2.65,2.168,636522916.0,60600.0,1537123195.252,146712.60000014305,0.0,0.0,20230824,20230824,141127078,2.409,0.0,0.0,2.421,2.42,2.419,2.418,2.417,0.0,0.0,0.0,0.0,0.0,2.422,2.423,2.424,2.425,2.426,0.0,0.0,0.0,0.0,0.0,20000.0,1851200.0,1323300.0,4047400.0,2499600.0,0.0,0.0,0.0,0.0,0.0,1643600.0,2234000.0,1362900.0,771200.0,368600.0,0.0,0.0,0.0,0.0,0.0
20230824141130064,SZSE,SZSE.ETF.159845,2.421,2.409,2.439,2.397,0.0,2.65,2.168,636522916.0,0.0,1537123195.252,0.0,0.0,0.0,20230824,20230824,141130063,2.409,0.0,0.0,2.42,2.419,2.418,2.417,2.416,0.0,0.0,0.0,0.0,0.0,2.421,2.422,2.423,2.424,2.425,0.0,0.0,0.0,0.0,0.0,727000.0,1963300.0,2607800.0,3099600.0,2021000.0,0.0,0.0,0.0,0.0,0.0,1217100.0,1833600.0,1554000.0,1052900.0,721200.0,0.0,0.0,0.0,0.0,0.0
20230824141128228,SZSE,SZSE.ETF.159845,2.421,2.409,2.439,2.397,0.0,2.65,2.168,636522916.0,0.0,1537123195.252,0.0,0.0,0.0,20230824,20230824,141128227,2.409,0.0,0.0,2.42,2.419,2.418,2.417,2.416,0.0,0.0,0.0,0.0,0.0,2.421,2.422,2.423,2.424,2.425,0.0,0.0,0.0,0.0,0.0,727000.0,1963300.0,2607800.0,3099600.0,2021000.0,0.0,0.0,0.0,0.0,0.0,1217100.0,1833600.0,1554000.0,1052900.0,721200.0,0.0,0.0,0.0,0.0,0.0
20230824141133064,SZSE,SZSE.ETF.159845,2.421,2.409,2.439,2.397,0.0,2.65,2.168,636522916.0,0.0,1537123195.252,0.0,0.0,0.0,20230824,20230824,141133062,2.409,0.0,0.0,2.42,2.419,2.418,2.417,2.416,0.0,0.0,0.0,0.0,0.0,2.421,2.422,2.423,2.424,2.425,0.0,0.0,0.0,0.0,0.0,807000.0,1996300.0,3907100.0,2267900.0,2216500.0,0.0,0.0,0.0,0.0,0.0,1217100.0,1823600.0,2204000.0,1261700.0,679900.0,0.0,0.0,0.0,0.0,0.0
20230824141131212,SZSE,SZSE.ETF.159845,2.421,2.409,2.439,2.397,0.0,2.65,2.168,636522916.0,0.0,1537123195.252,0.0,0.0,0.0,20230824,20230824,141131212,2.409,0.0,0.0,2.42,2.419,2.418,2.417,2.416,0.0,0.0,0.0,0.0,0.0,2.421,2.422,2.423,2.424,2.425,0.0,0.0,0.0,0.0,0.0,807000.0,1996300.0,3907100.0,2267900.0,2216500.0,0.0,0.0,0.0,0.0,0.0,1217100.0,1823600.0,2204000.0,1261700.0,679900.0,0.0,0.0,0.0,0.0,0.0
20230824141136064,SZSE,SZSE.ETF.159845,2.421,2.409,2.439,2.397,0.0,2.65,2.168,636522916.0,0.0,1537123195.252,0.0,0.0,0.0,20230824,20230824,141136063,2.409,0.0,0.0,2.42,2.419,2.418,2.417,2.416,0.0,0.0,0.0,0.0,0.0,2.421,2.422,2.423,2.424,2.425,0.0,0.0,0.0,0.0,0.0,1797000.0,2596300.0,2817100.0,2267900.0,2216500.0,0.0,0.0,0.0,0.0,0.0,617100.0,1434700.0,2502900.0,1751700.0,679900.0,0.0,0.0,0.0,0.0,0.0
20230824141134212,SZSE,SZSE.ETF.159845,2.421,2.409,2.439,2.397,0.0,2.65,2.168,636522916.0,0.0,1537123195.252,0.0,0.0,0.0,20230824,20230824,141134211,2.409,0.0,0.0,2.42,2.419,2.418,2.417,2.416,0.0,0.0,0.0,0.0,0.0,2.421,2.422,2.423,2.424,2.425,0.0,0.0,0.0,0.0,0.0,1797000.0,2596300.0,2817100.0,2267900.0,2216500.0,0.0,0.0,0.0,0.0,0.0,617100.0,1434700.0,2502900.0,1751700.0,679900.0,0.0,0.0,0.0,0.0,0.0
