time,exchg,code,price,open,high,low,settle_price,upper_limit,lower_limit,total_volume,volume,total_turnover,turnover,open_interest,diff_interest,trading_date,action_date,action_time,pre_close,pre_settle,pre_interest,bid_price_0,bid_price_1,bid_price_2,bid_price_3,bid_price_4,bid_price_5,bid_price_6,bid_price_7,bid_price_8,bid_price_9,ask_price_0,ask_price_1,ask_price_2,ask_price_3,ask_price_4,ask_price_5,ask_price_6,ask_price_7,ask_price_8,ask_price_9,bid_qty_0,bid_qty_1,bid_qty_2,bid_qty_3,bid_qty_4,bid_qty_5,bid_qty_6,bid_qty_7,bid_qty_8,bid_qty_9,ask_qty_0,ask_qty_1,ask_qty_2,ask_qty_3,ask_qty_4,ask_qty_5,ask_qty_6,ask_qty_7,ask_qty_8,ask_qty_9
20230824133624072,SZSE,SZSE.ETF.159922,5.911,5.88,5.926,5.843,0.0,6.441,5.27,65343958.0,0.0,383806683.656,0.0,0.0,0.0,20230824,20230824,133624071,5.855,0.0,0.0,5.909,5.908,5.907,5.906,5.905,0.0,0.0,0.0,0.0,0.0,5.911,5.912,5.913,5.914,5.915,0.0,0.0,0.0,0.0,0.0,18900.0,670800.0,660000.0,298700.0,126000.0,0.0,0.0,0.0,0.0,0.0,83000.0,765300.0,520400.0,184400.0,58700.0,0.0,0.0,0.0,0.0,0.0
20230824133622320,SZSE,SZSE.ETF.159922,5.911,5.88,5.926,5.843,0.0,6.441,5.27,65343958.0,0.0,383806683.656,0.0,0.0,0.0,20230824,20230824,133622322,5.855,0.0,0.0,5.909,5.908,5.907,5.906,5.905,0.0,0.0,0.0,0.0,0.0,5.911,5.912,5.913,5.914,5.915,0.0,0.0,0.0,0.0,0.0,18900.0,670800.0,660000.0,298700.0,126000.0,0.0,0.0,0.0,0.0,0.0,83000.0,765300.0,520400.0,184400.0,58700.0,0.0,0.0,0.0,0.0,0.0
20230824133627064,SZSE,SZSE.ETF.159922,5.911,5.88,5.926,5.843,0.0,6.441,5.27,65343958.0,0.0,383806683.656,0.0,0.0,0.0,20230824,20230824,133627065,5.855,0.0,0.0,5.909,5.908,5.907,5.906,5.905,0.0,0.0,0.0,0.0,0.0,5.91,5.911,5.912,5.913,5.914,0.0,0.0,0.0,0.0,0.0,168800.0,500900.0,680000.0,350000.0,109700.0,0.0,0.0,0.0,0.0,0.0,25800.0,122000.0,746300.0,520400.0,184400.0,0.0,0.0,0.0,0.0,0.0
20230824133625316,SZSE,SZSE.ETF.159922,5.911,5.88,5.926,5.843,0.0,6.441,5.27,65343958.0,0.0,383806683.656,0.0,0.0,0.0,20230824,20230824,133625316,5.855,0.0,0.0,5.909,5.908,5.907,5.906,5.905,0.0,0.0,0.0,0.0,0.0,5.91,5.911,5.912,5.913,5.914,0.0,0.0,0.0,0.0,0.0,168800.0,500900.0,680000.0,350000.0,109700.0,0.0,0.0,0.0,0.0,0.0,25800.0,122000.0,746300.0,520400.0,184400.0,0.0,0.0,0.0,0.0,0.0
20230824133630048,SZSE,SZSE.ETF.159922,5.911,5.88,5.926,5.843,0.0,6.441,5.27,65343958.0,0.0,383806683.656,0.0,0.0,0.0,20230824,20230824,133630049,5.855,0.0,0.0,5.909,5.908,5.907,5.906,5.905,0.0,0.0,0.0,0.0,0.0,5.91,5.911,5.912,5.913,5.914,0.0,0.0,0.0,0.0,0.0,408800.0,1200900.0,120000.0,390000.0,109700.0,0.0,0.0,0.0,0.0,0.0,25800.0,42000.0,382000.0,141400.0,516400.0,0.0,0.0,0.0,0.0,0.0
20230824133628300,SZSE,SZSE.ETF.159922,5.911,5.88,5.926,5.843,0.0,6.441,5.27,65343958.0,0.0,383806683.656,0.0,0.0,0.0,20230824,20230824,133628301,5.855,0.0,0.0,5.909,5.908,5.907,5.906,5.905,0.0,0.0,0.0,0.0,0.0,5.91,5.911,5.912,5.913,5.914,0.0,0.0,0.0,0.0,0.0,408800.0,1200900.0,120000.0,390000.0,109700.0,0.0,0.0,0.0,0.0,0.0,25800.0,42000.0,382000.0,141400.0,516400.0,0.0,0.0,0.0,0.0,0.0
20230824133633064,SZSE,SZSE.ETF.159922,5.91,5.88,5.926,5.843,0.0,6.441,5.27,65362858.0,18900.0,383918382.656,111699.0,0.0,0.0,20230824,20230824,133633064,5.855,0.0,0.0,5.909,5.908,5.907,5.906,5.905,0.0,0.0,0.0,0.0,0.0,5.91,5.911,5.912,5.913,5.914,0.0,0.0,0.0,0.0,0.0,379900.0,880000.0,132000.0,390000.0,109700.0,0.0,0.0,0.0,0.0,0.0,6900.0,93900.0,339900.0,643700.0,203100.0,0.0,0.0,0.0,0.0,0.0
20230824133631316,SZSE,SZSE.ETF.159922,5.91,5.88,5.926,5.843,0.0,6.441,5.27,65362858.0,18900.0,383918382.656,111699.0,0.0,0.0,20230824,20230824,133631316,5.855,0.0,0.0,5.909,5.908,5.907,5.906,5.905,0.0,0.0,0.0,0.0,0.0,5.91,5.911,5.912,5.913,5.914,0.0,0.0,0.0,0.0,0.0,379900.0,880000.0,132000.0,390000.0,109700.0,0.0,0.0,0.0,0.0,0.0,6900.0,93900.0,339900.0,643700.0,203100.0,0.0,0.0,0.0,0.0,0.0
20230824133706120,SZSE,SZSE.ETF.159922,5.908,5.88,5.926,5.843,0.0,6.441,5.27,65369758.0,6900.0,383959147.856,40765.19999998808,0.0,0.0,20230824,20230824,133706119,5.855,0.0,0.0,5.908,5.907,5.906,5.905,5.904,0.0,0.0,0.0,0.0,0.0,5.91,5.911,5.912,5.913,5.914,0.0,0.0,0.0,0.0,0.0,238100.0,429900.0,1062000.0,151000.0,348700.0,0.0,0.0,0.0,0.0,0.0,72000.0,381900.0,593300.0,59000.0,329000.0,0.0,0.0,0.0,0.0,0.0
20230824133709092,SZSE,SZSE.ETF.159922,5.908,5.88,5.926,5.843,0.0,6.441,5.27,65369758.0,0.0,383959147.856,0.0,0.0,0.0,20230824,20230824,133709091,5.855,0.0,0.0,5.908,5.907,5.906,5.905,5.904,0.0,0.0,0.0,0.0,0.0,5.91,5.911,5.912,5.913,5.914,0.0,0.0,0.0,0.0,0.0,428000.0,292000.0,1050000.0,101000.0,368700.0,0.0,0.0,0.0,0.0,0.0,60000.0,343900.0,633300.0,100300.0,312700.0,0.0,0.0,0.0,0.0,0.0
20230824133712040,SZSE,SZSE.ETF.159922,5.908,5.88,5.926,5.843,0.0,6.441,5.27,65369758.0,0.0,383959147.856,0.0,0.0,0.0,20230824,20230824,133712038,5.855,0.0,0.0,5.908,5.907,5.906,5.905,5.904,0.0,0.0,0.0,0.0,0.0,5.91,5.911,5.912,5.913,5.914,0.0,0.0,0.0,0.0,0.0,238100.0,441900.0,1010000.0,101000.0,408700.0,0.0,0.0,0.0,0.0,0.0,60000.0,687200.0,300000.0,60300.0,352700.0,0.0,0.0,0.0,0.0,0.0
20230824133710288,SZSE,SZSE.ETF.159922,5.908,5.88,5.926,5.843,0.0,6.441,5.27,65369758.0,0.0,383959147.856,0.0,0.0,0.0,20230824,20230824,133710287,5.855,0.0,0.0,5.908,5.907,5.906,5.905,5.904,0.0,0.0,0.0,0.0,0.0,5.91,5.911,5.912,5.913,5.914,0.0,0.0,0.0,0.0,0.0,238100.0,441900.0,1010000.0,101000.0,408700.0,0.0,0.0,0.0,0.0,0.0,60000.0,687200.0,300000.0,60300.0,352700.0,0.0,0.0,0.0,0.0,0.0
20230824133713296,SZSE,SZSE.ETF.159922,5.908,5.88,5.926,5.843,0.0,6.441,5.27,65369758.0,0.0,383959147.856,0.0,0.0,0.0,20230824,20230824,133713295,5.855,0.0,0.0,5.908,5.907,5.906,5.905,5.904,0.0,0.0,0.0,0.0,0.0,5.91,5.911,5.912,5.913,5.914,0.0,0.0,0.0,0.0,0.0,238100.0,441900.0,1050000.0,151000.0,368700.0,0.0,0.0,0.0,0.0,0.0,60000.0,487200.0,540000.0,100300.0,312700.0,0.0,0.0,0.0,0.0,0.0
20230824133715048,SZSE,SZSE.ETF.159922,5.908,5.88,5.926,5.843,0.0,6.441,5.27,65369758.0,0.0,383959147.856,0.0,0.0,0.0,20230824,20230824,133715047,5.855,0.0,0.0,5.908,5.907,5.906,5.905,5.904,0.0,0.0,0.0,0.0,0.0,5.91,5.911,5.912,5.913,5.914,0.0,0.0,0.0,0.0,0.0,238100.0,441900.0,1050000.0,151000.0,368700.0,0.0,0.0,0.0,0.0,0.0,60000.0,487200.0,540000.0,100300.0,312700.0,0.0,0.0,0.0,0.0,0.0
20230824133718032,SZSE,SZSE.ETF.159922,5.908,5.88,5.926,5.843,0.0,6.441,5.27,65369758.0,0.0,383959147.856,0.0,0.0,0.0,20230824,20230824,133718032,5.855,0.0,0.0,5.908,5.907,5.906,5.905,5.904,0.0,0.0,0.0,0.0,0.0,5.909,5.91,5.911,5.912,5.913,0.0,0.0,0.0,0.0,0.0,238100.0,52000.0,599900.0,701000.0,428700.0,0.0,0.0,0.0,0.0,0.0,39900.0,448600.0,807200.0,320000.0,60300.0,0.0,0.0,0.0,0.0,0.0
20230824133716280,SZSE,SZSE.ETF.159922,5.908,5.88,5.926,5.843,0.0,6.441,5.27,65369758.0,0.0,383959147.856,0.0,0.0,0.0,20230824,20230824,133716282,5.855,0.0,0.0,5.908,5.907,5.906,5.905,5.904,0.0,0.0,0.0,0.0,0.0,5.909,5.91,5.911,5.912,5.913,0.0,0.0,0.0,0.0,0.0,238100.0,52000.0,599900.0,701000.0,428700.0,0.0,0.0,0.0,0.0,0.0,39900.0,448600.0,807200.0,320000.0,60300.0,0.0,0.0,0.0,0.0,0.0
20230824133721072,SZSE,SZSE.ETF.159922,5.908,5.88,5.926,5.843,0.0,6.441,5.27,65369758.0,0.0,383959147.856,0.0,0.0,0.0,20230824,20230824,133721074,5.855,0.0,0.0,5.908,5.907,5.906,5.905,5.904,0.0,0.0,0.0,0.0,0.0,5.909,5.91,5.911,5.912,5.913,0.0,0.0,0.0,0.0,0.0,238100.0,201900.0,490000.0,701000.0,318700.0,0.0,0.0,0.0,0.0,0.0,39900.0,448600.0,687200.0,280000.0,59000.0,0.0,0.0,0.0,0.0,0.0
20230824133724048,SZSE,SZSE.ETF.159922,5.909,5.88,5.926,5.843,0.0,6.441,5.27,65372758.0,3000.0,383976874.856,17727.0,0.0,0.0,20230824,20230824,133724049,5.855,0.0,0.0,5.908,5.907,5.906,5.905,5.904,0.0,0.0,0.0,0.0,0.0,5.909,5.91,5.911,5.912,5.913,0.0,0.0,0.0,0.0,0.0,238100.0,229900.0,605000.0,701000.0,428700.0,0.0,0.0,0.0,0.0,0.0,36900.0,545300.0,581900.0,280000.0,79000.0,0.0,0.0,0.0,0.0,0.0
20230824133722300,SZSE,SZSE.ETF.159922,5.909,5.88,5.926,5.843,0.0,6.441,5.27,65372758.0,3000.0,383976874.856,17727.0,0.0,0.0,20230824,20230824,133722299,5.855,0.0,0.0,5.908,5.907,5.906,5.905,5.904,0.0,0.0,0.0,0.0,0.0,5.909,5.91,5.911,5.912,5.913,0.0,0.0,0.0,0.0,0.0,238100.0,229900.0,605000.0,701000.0,428700.0,0.0,0.0,0.0,0.0,0.0,36900.0,545300.0,581900.0,280000.0,79000.0,0.0,0.0,0.0,0.0,0.0
20230824133727024,SZSE,SZSE.ETF.159922,5.909,5.88,5.926,5.843,0.0,6.441,5.27,65372758.0,0.0,383976874.856,0.0,0.0,0.0,20230824,20230824,133727026,5.855,0.0,0.0,5.908,5.907,5.906,5.905,5.904,0.0,0.0,0.0,0.0,0.0,5.909,5.91,5.911,5.912,5.913,0.0,0.0,0.0,0.0,0.0,238100.0,429900.0,445000.0,701000.0,388700.0,0.0,0.0,0.0,0.0,0.0,36900.0,452000.0,675200.0,280000.0,79000.0,0.0,0.0,0.0,0.0,0.0
20230824133725280,SZSE,SZSE.ETF.159922,5.909,5.88,5.926,5.843,0.0,6.441,5.27,65372758.0,0.0,383976874.856,0.0,0.0,0.0,20230824,20230824,133725278,5.855,0.0,0.0,5.908,5.907,5.906,5.905,5.904,0.0,0.0,0.0,0.0,0.0,5.909,5.91,5.911,5.912,5.913,0.0,0.0,0.0,0.0,0.0,238100.0,429900.0,445000.0,701000.0,388700.0,0.0,0.0,0.0,0.0,0.0,36900.0,452000.0,675200.0,280000.0,79000.0,0.0,0.0,0.0,0.0,0.0
20230824133730012,SZSE,SZSE.ETF.159922,5.909,5.88,5.926,5.843,0.0,6.441,5.27,65372758.0,0.0,383976874.856,0.0,0.0,0.0,20230824,20230824,133730013,5.855,0.0,0.0,5.908,5.907,5.906,5.905,5.904,0.0,0.0,0.0,0.0,0.0,5.91,5.911,5.912,5.913,5.914,0.0,0.0,0.0,0.0,0.0,468000.0,455000.0,1050000.0,151000.0,368700.0,0.0,0.0,0.0,0.0,0.0,37000.0,343900.0,493300.0,79000.0,428000.0,0.0,0.0,0.0,0.0,0.0
20230824133728264,SZSE,SZSE.ETF.159922,5.909,5.88,5.926,5.843,0.0,6.441,5.27,65372758.0,0.0,383976874.856,0.0,0.0,0.0,20230824,20230824,133728264,5.855,0.0,0.0,5.908,5.907,5.906,5.905,5.904,0.0,0.0,0.0,0.0,0.0,5.91,5.911,5.912,5.913,5.914,0.0,0.0,0.0,0.0,0.0,468000.0,455000.0,1050000.0,151000.0,368700.0,0.0,0.0,0.0,0.0,0.0,37000.0,343900.0,493300.0,79000.0,428000.0,0.0,0.0,0.0,0.0,0.0
20230824133731272,SZSE,SZSE.ETF.159922,5.909,5.88,5.926,5.843,0.0,6.441,5.27,65372758.0,0.0,383976874.856,0.0,0.0,0.0,20230824,20230824,133731274,5.855,0.0,0.0,5.908,5.907,5.906,5.905,5.904,0.0,0.0,0.0,0.0,0.0,5.91,5.911,5.912,5.913,5.914,0.0,0.0,0.0,0.0,0.0,428000.0,295000.0,1050000.0,151000.0,228700.0,0.0,0.0,0.0,0.0,0.0,41400.0,343900.0,493300.0,160300.0,451700.0,0.0,0.0,0.0,0.0,0.0
20230824133733024,SZSE,SZSE.ETF.159922,5.909,5.88,5.926,5.843,0.0,6.441,5.27,65372758.0,0.0,383976874.856,0.0,0.0,0.0,20230824,20230824,133733025,5.855,0.0,0.0,5.908,5.907,5.906,5.905,5.904,0.0,0.0,0.0,0.0,0.0,5.91,5.911,5.912,5.913,5.914,0.0,0.0,0.0,0.0,0.0,428000.0,295000.0,1050000.0,151000.0,228700.0,0.0,0.0,0.0,0.0,0.0,41400.0,343900.0,493300.0,160300.0,451700.0,0.0,0.0,0.0,0.0,0.0
20230824133736060,SZSE,SZSE.ETF.159922,5.908,5.88,5.926,5.843,0.0,6.441,5.27,65396858.0,24100.0,384119257.656,142382.80000001192,0.0,0.0,20230824,20230824,133736059,5.855,0.0,0.0,5.908,5.907,5.906,5.905,5.904,0.0,0.0,0.0,0.0,0.0,5.91,5.911,5.912,5.913,5.914,0.0,0.0,0.0,0.0,0.0,403900.0,295000.0,1010000.0,151000.0,408700.0,0.0,0.0,0.0,0.0,0.0,61400.0,437200.0,400000.0,140300.0,331700.0,0.0,0.0,0.0,0.0,0.0
20230824133734308,SZSE,SZSE.ETF.159922,5.908,5.88,5.926,5.843,0.0,6.441,5.27,65396858.0,24100.0,384119257.656,142382.80000001192,0.0,0.0,20230824,20230824,133734309,5.855,0.0,0.0,5.908,5.907,5.906,5.905,5.904,0.0,0.0,0.0,0.0,0.0,5.91,5.911,5.912,5.913,5.914,0.0,0.0,0.0,0.0,0.0,403900.0,295000.0,1010000.0,151000.0,408700.0,0.0,0.0,0.0,0.0,0.0,61400.0,437200.0,400000.0,140300.0,331700.0,0.0,0.0,0.0,0.0,0.0
20230824133739000,SZSE,SZSE.ETF.159922,5.908,5.88,5.926,5.843,0.0,6.441,5.27,65396858.0,0.0,384119257.656,0.0,0.0,0.0,20230824,20230824,133739000,5.855,0.0,0.0,5.908,5.907,5.906,5.905,5.904,0.0,0.0,0.0,0.0,0.0,5.91,5.911,5.912,5.913,5.914,0.0,0.0,0.0,0.0,0.0,604000.0,95000.0,1050000.0,151000.0,368700.0,0.0,0.0,0.0,0.0,0.0,41400.0,393900.0,493300.0,140300.0,431700.0,0.0,0.0,0.0,0.0,0.0
20230824133737252,SZSE,SZSE.ETF.159922,5.908,5.88,5.926,5.843,0.0,6.441,5.27,65396858.0,0.0,384119257.656,0.0,0.0,0.0,20230824,20230824,133737251,5.855,0.0,0.0,5.908,5.907,5.906,5.905,5.904,0.0,0.0,0.0,0.0,0.0,5.91,5.911,5.912,5.913,5.914,0.0,0.0,0.0,0.0,0.0,604000.0,95000.0,1050000.0,151000.0,368700.0,0.0,0.0,0.0,0.0,0.0,41400.0,393900.0,493300.0,140300.0,431700.0,0.0,0.0,0.0,0.0,0.0
20230824133742012,SZSE,SZSE.ETF.159922,5.908,5.88,5.926,5.843,0.0,6.441,5.27,65396858.0,0.0,384119257.656,0.0,0.0,0.0,20230824,20230824,133742013,5.855,0.0,0.0,5.908,5.907,5.906,5.905,5.904,0.0,0.0,0.0,0.0,0.0,5.91,5.911,5.912,5.913,5.914,0.0,0.0,0.0,0.0,0.0,604000.0,95000.0,1100000.0,151000.0,368700.0,0.0,0.0,0.0,0.0,0.0,41400.0,343900.0,493300.0,140300.0,431700.0,0.0,0.0,0.0,0.0,0.0
20230824133740264,SZSE,SZSE.ETF.159922,5.908,5.88,5.926,5.843,0.0,6.441,5.27,65396858.0,0.0,384119257.656,0.0,0.0,0.0,20230824,20230824,133740263,5.855,0.0,0.0,5.908,5.907,5.906,5.905,5.904,0.0,0.0,0.0,0.0,0.0,5.91,5.911,5.912,5.913,5.914,0.0,0.0,0.0,0.0,0.0,604000.0,95000.0,1100000.0,151000.0,368700.0,0.0,0.0,0.0,0.0,0.0,41400.0,343900.0,493300.0,140300.0,431700.0,0.0,0.0,0.0,0.0,0.0
20230824133745016,SZSE,SZSE.ETF.159922,5.908,5.88,5.926,5.843,0.0,6.441,5.27,65396858.0,0.0,384119257.656,0.0,0.0,0.0,20230824,20230824,133745018,5.855,0.0,0.0,5.908,5.907,5.906,5.905,5.904,0.0,0.0,0.0,0.0,0.0,5.91,5.911,5.912,5.913,5.914,0.0,0.0,0.0,0.0,0.0,444000.0,295000.0,1100000.0,151000.0,368700.0,0.0,0.0,0.0,0.0,0.0,41400.0,343900.0,493300.0,140300.0,431700.0,0.0,0.0,0.0,0.0,0.0
20230824133743268,SZSE,SZSE.ETF.159922,5.908,5.88,5.926,5.843,0.0,6.441,5.27,65396858.0,0.0,384119257.656,0.0,0.0,0.0,20230824,20230824,133743268,5.855,0.0,0.0,5.908,5.907,5.906,5.905,5.904,0.0,0.0,0.0,0.0,0.0,5.91,5.911,5.912,5.913,5.914,0.0,0.0,0.0,0.0,0.0,444000.0,295000.0,1100000.0,151000.0,368700.0,0.0,0.0,0.0,0.0,0.0,41400.0,343900.0,493300.0,140300.0,431700.0,0.0,0.0,0.0,0.0,0.0
20230824133747988,SZSE,SZSE.ETF.159922,5.908,5.88,5.926,5.843,0.0,6.441,5.27,65396858.0,0.0,384119257.656,0.0,0.0,0.0,20230824,20230824,133747989,5.855,0.0,0.0,5.908,5.907,5.906,5.905,5.904,0.0,0.0,0.0,0.0,0.0,5.91,5.911,5.912,5.913,5.914,0.0,0.0,0.0,0.0,0.0,404000.0,295000.0,1010000.0,151000.0,388700.0,0.0,0.0,0.0,0.0,0.0,42400.0,437200.0,400000.0,140300.0,451700.0,0.0,0.0,0.0,0.0,0.0
20230824133746240,SZSE,SZSE.ETF.159922,5.908,5.88,5.926,5.843,0.0,6.441,5.27,65396858.0,0.0,384119257.656,0.0,0.0,0.0,20230824,20230824,133746240,5.855,0.0,0.0,5.908,5.907,5.906,5.905,5.904,0.0,0.0,0.0,0.0,0.0,5.91,5.911,5.912,5.913,5.914,0.0,0.0,0.0,0.0,0.0,404000.0,295000.0,1010000.0,151000.0,388700.0,0.0,0.0,0.0,0.0,0.0,42400.0,437200.0,400000.0,140300.0,451700.0,0.0,0.0,0.0,0.0,0.0
20230824133749264,SZSE,SZSE.ETF.159922,5.908,5.88,5.926,5.843,0.0,6.441,5.27,65396858.0,0.0,384119257.656,0.0,0.0,0.0,20230824,20230824,133749265,5.855,0.0,0.0,5.909,5.908,5.907,5.906,5.905,0.0,0.0,0.0,0.0,0.0,5.91,5.911,5.912,5.913,5.914,0.0,0.0,0.0,0.0,0.0,200.0,254100.0,444900.0,1010000.0,101000.0,0.0,0.0,0.0,0.0,0.0,42400.0,390900.0,493300.0,140000.0,471700.0,0.0,0.0,0.0,0.0,0.0
20230824133751016,SZSE,SZSE.ETF.159922,5.908,5.88,5.926,5.843,0.0,6.441,5.27,65396858.0,0.0,384119257.656,0.0,0.0,0.0,20230824,20230824,133751017,5.855,0.0,0.0,5.909,5.908,5.907,5.906,5.905,0.0,0.0,0.0,0.0,0.0,5.91,5.911,5.912,5.913,5.914,0.0,0.0,0.0,0.0,0.0,200.0,254100.0,444900.0,1010000.0,101000.0,0.0,0.0,0.0,0.0,0.0,42400.0,390900.0,493300.0,140000.0,471700.0,0.0,0.0,0.0,0.0,0.0
20230824133754032,SZSE,SZSE.ETF.159922,5.909,5.88,5.926,5.843,0.0,6.441,5.27,65397058.0,200.0,384120439.456,1181.7999999523163,0.0,0.0,20230824,20230824,133754032,5.855,0.0,0.0,5.908,5.907,5.906,5.905,5.904,0.0,0.0,0.0,0.0,0.0,5.91,5.911,5.912,5.913,5.914,0.0,0.0,0.0,0.0,0.0,214100.0,264900.0,1190000.0,129700.0,385000.0,0.0,0.0,0.0,0.0,0.0,82400.0,884200.0,200000.0,140000.0,431700.0,0.0,0.0,0.0,0.0,0.0
20230824133752280,SZSE,SZSE.ETF.159922,5.909,5.88,5.926,5.843,0.0,6.441,5.27,65397058.0,200.0,384120439.456,1181.7999999523163,0.0,0.0,20230824,20230824,133752282,5.855,0.0,0.0,5.908,5.907,5.906,5.905,5.904,0.0,0.0,0.0,0.0,0.0,5.91,5.911,5.912,5.913,5.914,0.0,0.0,0.0,0.0,0.0,214100.0,264900.0,1190000.0,129700.0,385000.0,0.0,0.0,0.0,0.0,0.0,82400.0,884200.0,200000.0,140000.0,431700.0,0.0,0.0,0.0,0.0,0.0
20230824140537204,SZSE,SZSE.ETF.159922,5.892,5.88,5.926,5.843,0.0,6.441,5.27,75208158.0,0.0,441964904.056,0.0,0.0,0.0,20230824,20230824,140537203,5.855,0.0,0.0,5.89,5.889,5.888,5.887,5.886,0.0,0.0,0.0,0.0,0.0,5.893,5.894,5.895,5.896,5.897,0.0,0.0,0.0,0.0,0.0,64000.0,570000.0,202700.0,314700.0,181900.0,0.0,0.0,0.0,0.0,0.0,686700.0,522000.0,525200.0,180000.0,204300.0,0.0,0.0,0.0,0.0,0.0
20230824140539068,SZSE,SZSE.ETF.159922,5.892,5.88,5.926,5.843,0.0,6.441,5.27,75208158.0,0.0,441964904.056,0.0,0.0,0.0,20230824,20230824,140539069,5.855,0.0,0.0,5.89,5.889,5.888,5.887,5.886,0.0,0.0,0.0,0.0,0.0,5.893,5.894,5.895,5.896,5.897,0.0,0.0,0.0,0.0,0.0,64000.0,570000.0,202700.0,314700.0,181900.0,0.0,0.0,0.0,0.0,0.0,686700.0,522000.0,525200.0,180000.0,204300.0,0.0,0.0,0.0,0.0,0.0
20230824140542064,SZSE,SZSE.ETF.159922,5.892,5.88,5.926,5.843,0.0,6.441,5.27,75208158.0,0.0,441964904.056,0.0,0.0,0.0,20230824,20230824,140542065,5.855,0.0,0.0,5.89,5.889,5.888,5.887,5.886,0.0,0.0,0.0,0.0,0.0,5.893,5.894,5.895,5.896,5.897,0.0,0.0,0.0,0.0,0.0,24000.0,530000.0,202700.0,260000.0,236600.0,0.0,0.0,0.0,0.0,0.0,478100.0,432000.0,654800.0,180000.0,114700.0,0.0,0.0,0.0,0.0,0.0
20230824140540200,SZSE,SZSE.ETF.159922,5.892,5.88,5.926,5.843,0.0,6.441,5.27,75208158.0,0.0,441964904.056,0.0,0.0,0.0,20230824,20230824,140540202,5.855,0.0,0.0,5.89,5.889,5.888,5.887,5.886,0.0,0.0,0.0,0.0,0.0,5.893,5.894,5.895,5.896,5.897,0.0,0.0,0.0,0.0,0.0,24000.0,530000.0,202700.0,260000.0,236600.0,0.0,0.0,0.0,0.0,0.0,478100.0,432000.0,654800.0,180000.0,114700.0,0.0,0.0,0.0,0.0,0.0
20230824140545068,SZSE,SZSE.ETF.159922,5.892,5.88,5.926,5.843,0.0,6.441,5.27,75208158.0,0.0,441964904.056,0.0,0.0,0.0,20230824,20230824,140545069,5.855,0.0,0.0,5.89,5.889,5.888,5.887,5.886,0.0,0.0,0.0,0.0,0.0,5.893,5.894,5.895,5.896,5.897,0.0,0.0,0.0,0.0,0.0,29500.0,530000.0,202700.0,260000.0,236600.0,0.0,0.0,0.0,0.0,0.0,558100.0,482000.0,564800.0,180000.0,114700.0,0.0,0.0,0.0,0.0,0.0
20230824140543208,SZSE,SZSE.ETF.159922,5.892,5.88,5.926,5.843,0.0,6.441,5.27,75208158.0,0.0,441964904.056,0.0,0.0,0.0,20230824,20230824,140543206,5.855,0.0,0.0,5.89,5.889,5.888,5.887,5.886,0.0,0.0,0.0,0.0,0.0,5.893,5.894,5.895,5.896,5.897,0.0,0.0,0.0,0.0,0.0,29500.0,530000.0,202700.0,260000.0,236600.0,0.0,0.0,0.0,0.0,0.0,558100.0,482000.0,564800.0,180000.0,114700.0,0.0,0.0,0.0,0.0,0.0
20230824140548100,SZSE,SZSE.ETF.159922,5.892,5.88,5.926,5.843,0.0,6.441,5.27,75208158.0,0.0,441964904.056,0.0,0.0,0.0,20230824,20230824,140548101,5.855,0.0,0.0,5.89,5.889,5.888,5.887,5.886,0.0,0.0,0.0,0.0,0.0,5.892,5.893,5.894,5.895,5.896,0.0,0.0,0.0,0.0,0.0,17500.0,502000.0,202700.0,260000.0,236600.0,0.0,0.0,0.0,0.0,0.0,40000.0,538700.0,753100.0,321700.0,180000.0,0.0,0.0,0.0,0.0,0.0
20230824140546236,SZSE,SZSE.ETF.159922,5.892,5.88,5.926,5.843,0.0,6.441,5.27,75208158.0,0.0,441964904.056,0.0,0.0,0.0,20230824,20230824,140546237,5.855,0.0,0.0,5.89,5.889,5.888,5.887,5.886,0.0,0.0,0.0,0.0,0.0,5.892,5.893,5.894,5.895,5.896,0.0,0.0,0.0,0.0,0.0,17500.0,502000.0,202700.0,260000.0,236600.0,0.0,0.0,0.0,0.0,0.0,40000.0,538700.0,753100.0,321700.0,180000.0,0.0,0.0,0.0,0.0,0.0
20230824140551092,SZSE,SZSE.ETF.159922,5.892,5.88,5.926,5.843,0.0,6.441,5.27,75208158.0,0.0,441964904.056,0.0,0.0,0.0,20230824,20230824,140551092,5.855,0.0,0.0,5.89,5.889,5.888,5.887,5.886,0.0,0.0,0.0,0.0,0.0,5.893,5.894,5.895,5.896,5.897,0.0,0.0,0.0,0.0,0.0,17500.0,502000.0,202700.0,240000.0,276600.0,0.0,0.0,0.0,0.0,0.0,670100.0,773100.0,161700.0,234700.0,40000.0,0.0,0.0,0.0,0.0,0.0
20230824140549228,SZSE,SZSE.ETF.159922,5.892,5.88,5.926,5.843,0.0,6.441,5.27,75208158.0,0.0,441964904.056,0.0,0.0,0.0,20230824,20230824,140549227,5.855,0.0,0.0,5.89,5.889,5.888,5.887,5.886,0.0,0.0,0.0,0.0,0.0,5.893,5.894,5.895,5.896,5.897,0.0,0.0,0.0,0.0,0.0,17500.0,502000.0,202700.0,240000.0,276600.0,0.0,0.0,0.0,0.0,0.0,670100.0,773100.0,161700.0,234700.0,40000.0,0.0,0.0,0.0,0.0,0.0
20230824140552208,SZSE,SZSE.ETF.159922,5.892,5.88,5.926,5.843,0.0,6.441,5.27,75208158.0,0.0,441964904.056,0.0,0.0,0.0,20230824,20230824,140552210,5.855,0.0,0.0,5.89,5.889,5.888,5.887,5.886,0.0,0.0,0.0,0.0,0.0,5.892,5.893,5.894,5.895,5.896,0.0,0.0,0.0,0.0,0.0,5500.0,494000.0,62700.0,260000.0,256600.0,0.0,0.0,0.0,0.0,0.0,608400.0,490800.0,883100.0,161700.0,60000.0,0.0,0.0,0.0,0.0,0.0
20230824140554076,SZSE,SZSE.ETF.159922,5.892,5.88,5.926,5.843,0.0,6.441,5.27,75208158.0,0.0,441964904.056,0.0,0.0,0.0,20230824,20230824,140554075,5.855,0.0,0.0,5.89,5.889,5.888,5.887,5.886,0.0,0.0,0.0,0.0,0.0,5.892,5.893,5.894,5.895,5.896,0.0,0.0,0.0,0.0,0.0,5500.0,494000.0,62700.0,260000.0,256600.0,0.0,0.0,0.0,0.0,0.0,608400.0,490800.0,883100.0,161700.0,60000.0,0.0,0.0,0.0,0.0,0.0
20230824140557088,SZSE,SZSE.ETF.159922,5.892,5.88,5.926,5.843,0.0,6.441,5.27,75208158.0,0.0,441964904.056,0.0,0.0,0.0,20230824,20230824,140557086,5.855,0.0,0.0,5.89,5.889,5.888,5.887,5.886,0.0,0.0,0.0,0.0,0.0,5.891,5.892,5.893,5.894,5.895,0.0,0.0,0.0,0.0,0.0,5500.0,104000.0,452700.0,60000.0,456600.0,0.0,0.0,0.0,0.0,0.0,167900.0,690500.0,242200.0,470000.0,141700.0,0.0,0.0,0.0,0.0,0.0
20230824140555224,SZSE,SZSE.ETF.159922,5.892,5.88,5.926,5.843,0.0,6.441,5.27,75208158.0,0.0,441964904.056,0.0,0.0,0.0,20230824,20230824,140555222,5.855,0.0,0.0,5.89,5.889,5.888,5.887,5.886,0.0,0.0,0.0,0.0,0.0,5.891,5.892,5.893,5.894,5.895,0.0,0.0,0.0,0.0,0.0,5500.0,104000.0,452700.0,60000.0,456600.0,0.0,0.0,0.0,0.0,0.0,167900.0,690500.0,242200.0,470000.0,141700.0,0.0,0.0,0.0,0.0,0.0
20230824140558180,SZSE,SZSE.ETF.159922,5.892,5.88,5.926,5.843,0.0,6.441,5.27,75208158.0,0.0,441964904.056,0.0,0.0,0.0,20230824,20230824,140558181,5.855,0.0,0.0,5.889,5.888,5.887,5.886,5.885,0.0,0.0,0.0,0.0,0.0,5.892,5.893,5.894,5.895,5.896,0.0,0.0,0.0,0.0,0.0,92000.0,464700.0,260000.0,256600.0,106000.0,0.0,0.0,0.0,0.0,0.0,550400.0,622900.0,350000.0,106800.0,160000.0,0.0,0.0,0.0,0.0,0.0
20230824140600048,SZSE,SZSE.ETF.159922,5.892,5.88,5.926,5.843,0.0,6.441,5.27,75208158.0,0.0,441964904.056,0.0,0.0,0.0,20230824,20230824,140600046,5.855,0.0,0.0,5.889,5.888,5.887,5.886,5.885,0.0,0.0,0.0,0.0,0.0,5.892,5.893,5.894,5.895,5.896,0.0,0.0,0.0,0.0,0.0,92000.0,464700.0,260000.0,256600.0,106000.0,0.0,0.0,0.0,0.0,0.0,550400.0,622900.0,350000.0,106800.0,160000.0,0.0,0.0,0.0,0.0,0.0
20230824140603120,SZSE,SZSE.ETF.159922,5.892,5.88,5.926,5.843,0.0,6.441,5.27,75208158.0,0.0,441964904.056,0.0,0.0,0.0,20230824,20230824,140603119,5.855,0.0,0.0,5.889,5.888,5.887,5.886,5.885,0.0,0.0,0.0,0.0,0.0,5.891,5.892,5.893,5.894,5.895,0.0,0.0,0.0,0.0,0.0,52000.0,464700.0,60000.0,401900.0,200700.0,0.0,0.0,0.0,0.0,0.0,407900.0,511100.0,593300.0,300000.0,141700.0,0.0,0.0,0.0,0.0,0.0
20230824140601256,SZSE,SZSE.ETF.159922,5.892,5.88,5.926,5.843,0.0,6.441,5.27,75208158.0,0.0,441964904.056,0.0,0.0,0.0,20230824,20230824,140601254,5.855,0.0,0.0,5.889,5.888,5.887,5.886,5.885,0.0,0.0,0.0,0.0,0.0,5.891,5.892,5.893,5.894,5.895,0.0,0.0,0.0,0.0,0.0,52000.0,464700.0,60000.0,401900.0,200700.0,0.0,0.0,0.0,0.0,0.0,407900.0,511100.0,593300.0,300000.0,141700.0,0.0,0.0,0.0,0.0,0.0
20230824140606144,SZSE,SZSE.ETF.159922,5.889,5.88,5.926,5.843,0.0,6.441,5.27,75250458.0,42300.0,442214048.756,249144.69999998808,0.0,0.0,20230824,20230824,140606146,5.855,0.0,0.0,5.889,5.888,5.887,5.886,5.885,0.0,0.0,0.0,0.0,0.0,5.891,5.892,5.893,5.894,5.895,0.0,0.0,0.0,0.0,0.0,37600.0,464700.0,60000.0,381900.0,220700.0,0.0,0.0,0.0,0.0,0.0,40000.0,752500.0,702900.0,280000.0,126800.0,0.0,0.0,0.0,0.0,0.0
20230824140604280,SZSE,SZSE.ETF.159922,5.889,5.88,5.926,5.843,0.0,6.441,5.27,75250458.0,42300.0,442214048.756,249144.69999998808,0.0,0.0,20230824,20230824,140604282,5.855,0.0,0.0,5.889,5.888,5.887,5.886,5.885,0.0,0.0,0.0,0.0,0.0,5.891,5.892,5.893,5.894,5.895,0.0,0.0,0.0,0.0,0.0,37600.0,464700.0,60000.0,381900.0,220700.0,0.0,0.0,0.0,0.0,0.0,40000.0,752500.0,702900.0,280000.0,126800.0,0.0,0.0,0.0,0.0,0.0
20230824140609112,SZSE,SZSE.ETF.159922,5.889,5.88,5.926,5.843,0.0,6.441,5.27,75250458.0,0.0,442214048.756,0.0,0.0,0.0,20230824,20230824,140609110,5.855,0.0,0.0,5.889,5.888,5.887,5.886,5.885,0.0,0.0,0.0,0.0,0.0,5.891,5.892,5.893,5.894,5.895,0.0,0.0,0.0,0.0,0.0,37600.0,504700.0,100000.0,381900.0,220700.0,0.0,0.0,0.0,0.0,0.0,200000.0,732500.0,702900.0,200000.0,226800.0,0.0,0.0,0.0,0.0,0.0
20230824140612140,SZSE,SZSE.ETF.159922,5.889,5.88,5.926,5.843,0.0,6.441,5.27,75268158.0,17700.0,442318284.056,104235.30000001192,0.0,0.0,20230824,20230824,140612141,5.855,0.0,0.0,5.888,5.887,5.886,5.885,5.884,0.0,0.0,0.0,0.0,0.0,5.889,5.89,5.891,5.892,5.893,0.0,0.0,0.0,0.0,0.0,14700.0,250000.0,261900.0,120700.0,480000.0,0.0,0.0,0.0,0.0,0.0,202300.0,280000.0,450000.0,312000.0,329800.0,0.0,0.0,0.0,0.0,0.0
20230824140610276,SZSE,SZSE.ETF.159922,5.889,5.88,5.926,5.843,0.0,6.441,5.27,75268158.0,17700.0,442318284.056,104235.30000001192,0.0,0.0,20230824,20230824,140610276,5.855,0.0,0.0,5.888,5.887,5.886,5.885,5.884,0.0,0.0,0.0,0.0,0.0,5.889,5.89,5.891,5.892,5.893,0.0,0.0,0.0,0.0,0.0,14700.0,250000.0,261900.0,120700.0,480000.0,0.0,0.0,0.0,0.0,0.0,202300.0,280000.0,450000.0,312000.0,329800.0,0.0,0.0,0.0,0.0,0.0
20230824140615192,SZSE,SZSE.ETF.159922,5.888,5.88,5.926,5.843,0.0,6.441,5.27,75282858.0,14700.0,442404837.656,86553.60000002384,0.0,0.0,20230824,20230824,140615193,5.855,0.0,0.0,5.887,5.886,5.885,5.884,5.883,0.0,0.0,0.0,0.0,0.0,5.888,5.889,5.89,5.891,5.892,0.0,0.0,0.0,0.0,0.0,240000.0,61900.0,476000.0,254700.0,40000.0,0.0,0.0,0.0,0.0,0.0,392000.0,400500.0,783100.0,429600.0,140000.0,0.0,0.0,0.0,0.0,0.0
20230824140618236,SZSE,SZSE.ETF.159922,5.887,5.88,5.926,5.843,0.0,6.441,5.27,75362758.0,79900.0,442875268.856,470431.1999999881,0.0,0.0,20230824,20230824,140618237,5.855,0.0,0.0,5.886,5.885,5.884,5.883,5.882,0.0,0.0,0.0,0.0,0.0,5.888,5.889,5.89,5.891,5.892,0.0,0.0,0.0,0.0,0.0,201900.0,268000.0,260000.0,134700.0,320000.0,0.0,0.0,0.0,0.0,0.0,40000.0,322400.0,873100.0,130000.0,194700.0,0.0,0.0,0.0,0.0,0.0
20230824140616372,SZSE,SZSE.ETF.159922,5.887,5.88,5.926,5.843,0.0,6.441,5.27,75362758.0,79900.0,442875268.856,470431.1999999881,0.0,0.0,20230824,20230824,140616373,5.855,0.0,0.0,5.886,5.885,5.884,5.883,5.882,0.0,0.0,0.0,0.0,0.0,5.888,5.889,5.89,5.891,5.892,0.0,0.0,0.0,0.0,0.0,201900.0,268000.0,260000.0,134700.0,320000.0,0.0,0.0,0.0,0.0,0.0,40000.0,322400.0,873100.0,130000.0,194700.0,0.0,0.0,0.0,0.0,0.0
20230824140621164,SZSE,SZSE.ETF.159922,5.887,5.88,5.926,5.843,0.0,6.441,5.27,75362758.0,0.0,442875268.856,0.0,0.0,0.0,20230824,20230824,140621163,5.855,0.0,0.0,5.886,5.885,5.884,5.883,5.882,0.0,0.0,0.0,0.0,0.0,5.888,5.889,5.89,5.891,5.892,0.0,0.0,0.0,0.0,0.0,41900.0,488000.0,200000.0,260000.0,234700.0,0.0,0.0,0.0,0.0,0.0,59900.0,522400.0,633100.0,90000.0,354700.0,0.0,0.0,0.0,0.0,0.0
20230824140624152,SZSE,SZSE.ETF.159922,5.887,5.88,5.926,5.843,0.0,6.441,5.27,75362758.0,0.0,442875268.856,0.0,0.0,0.0,20230824,20230824,140624150,5.855,0.0,0.0,5.886,5.885,5.884,5.883,5.882,0.0,0.0,0.0,0.0,0.0,5.888,5.889,5.89,5.891,5.892,0.0,0.0,0.0,0.0,0.0,1900.0,488000.0,100000.0,280000.0,234700.0,0.0,0.0,0.0,0.0,0.0,139900.0,612400.0,723100.0,229600.0,354700.0,0.0,0.0,0.0,0.0,0.0
20230824140627172,SZSE,SZSE.ETF.159922,5.886,5.88,5.926,5.843,0.0,6.441,5.27,75364658.0,1900.0,442886452.256,11183.399999976158,0.0,0.0,20230824,20230824,140627173,5.855,0.0,0.0,5.885,5.884,5.883,5.882,5.881,0.0,0.0,0.0,0.0,0.0,5.886,5.887,5.888,5.889,5.89,0.0,0.0,0.0,0.0,0.0,208000.0,240000.0,280000.0,234700.0,260600.0,0.0,0.0,0.0,0.0,0.0,18000.0,219900.0,519900.0,422500.0,200000.0,0.0,0.0,0.0,0.0,0.0
20230824140630136,SZSE,SZSE.ETF.159922,5.886,5.88,5.926,5.843,0.0,6.441,5.27,75364758.0,100.0,442887040.856,588.6000000238419,0.0,0.0,20230824,20230824,140630134,5.855,0.0,0.0,5.885,5.884,5.883,5.882,5.881,0.0,0.0,0.0,0.0,0.0,5.886,5.887,5.888,5.889,5.89,0.0,0.0,0.0,0.0,0.0,46000.0,483900.0,80000.0,260000.0,215300.0,0.0,0.0,0.0,0.0,0.0,17900.0,378000.0,561900.0,462700.0,94700.0,0.0,0.0,0.0,0.0,0.0
20230824140628272,SZSE,SZSE.ETF.159922,5.886,5.88,5.926,5.843,0.0,6.441,5.27,75364758.0,100.0,442887040.856,588.6000000238419,0.0,0.0,20230824,20230824,140628270,5.855,0.0,0.0,5.885,5.884,5.883,5.882,5.881,0.0,0.0,0.0,0.0,0.0,5.886,5.887,5.888,5.889,5.89,0.0,0.0,0.0,0.0,0.0,46000.0,483900.0,80000.0,260000.0,215300.0,0.0,0.0,0.0,0.0,0.0,17900.0,378000.0,561900.0,462700.0,94700.0,0.0,0.0,0.0,0.0,0.0
20230824140701228,SZSE,SZSE.ETF.159922,5.885,5.88,5.926,5.843,0.0,6.441,5.27,75392358.0,0.0,443049466.956,0.0,0.0,0.0,20230824,20230824,140701227,5.855,0.0,0.0,5.883,5.882,5.881,5.88,5.879,0.0,0.0,0.0,0.0,0.0,5.885,5.886,5.887,5.888,5.889,0.0,0.0,0.0,0.0,0.0,20000.0,450000.0,160600.0,461800.0,161700.0,0.0,0.0,0.0,0.0,0.0,91900.0,692300.0,330000.0,240000.0,149600.0,0.0,0.0,0.0,0.0,0.0
20230824140703092,SZSE,SZSE.ETF.159922,5.885,5.88,5.926,5.843,0.0,6.441,5.27,75392358.0,0.0,443049466.956,0.0,0.0,0.0,20230824,20230824,140703092,5.855,0.0,0.0,5.883,5.882,5.881,5.88,5.879,0.0,0.0,0.0,0.0,0.0,5.885,5.886,5.887,5.888,5.889,0.0,0.0,0.0,0.0,0.0,20000.0,450000.0,160600.0,461800.0,161700.0,0.0,0.0,0.0,0.0,0.0,91900.0,692300.0,330000.0,240000.0,149600.0,0.0,0.0,0.0,0.0,0.0
20230824140706104,SZSE,SZSE.ETF.159922,5.885,5.88,5.926,5.843,0.0,6.441,5.27,75392558.0,200.0,443050643.956,1177.0,0.0,0.0,20230824,20230824,140706104,5.855,0.0,0.0,5.882,5.881,5.88,5.879,5.878,0.0,0.0,0.0,0.0,0.0,5.884,5.885,5.886,5.887,5.888,0.0,0.0,0.0,0.0,0.0,450000.0,160600.0,407100.0,236400.0,221000.0,0.0,0.0,0.0,0.0,0.0,20000.0,181700.0,792400.0,571100.0,220000.0,0.0,0.0,0.0,0.0,0.0
20230824140704240,SZSE,SZSE.ETF.159922,5.885,5.88,5.926,5.843,0.0,6.441,5.27,75392558.0,200.0,443050643.956,1177.0,0.0,0.0,20230824,20230824,140704239,5.855,0.0,0.0,5.882,5.881,5.88,5.879,5.878,0.0,0.0,0.0,0.0,0.0,5.884,5.885,5.886,5.887,5.888,0.0,0.0,0.0,0.0,0.0,450000.0,160600.0,407100.0,236400.0,221000.0,0.0,0.0,0.0,0.0,0.0,20000.0,181700.0,792400.0,571100.0,220000.0,0.0,0.0,0.0,0.0,0.0
20230824140709120,SZSE,SZSE.ETF.159922,5.885,5.88,5.926,5.843,0.0,6.441,5.27,75392558.0,0.0,443050643.956,0.0,0.0,0.0,20230824,20230824,140709119,5.855,0.0,0.0,5.883,5.882,5.881,5.88,5.879,0.0,0.0,0.0,0.0,0.0,5.885,5.886,5.887,5.888,5.889,0.0,0.0,0.0,0.0,0.0,248000.0,430000.0,432600.0,207100.0,161700.0,0.0,0.0,0.0,0.0,0.0,51800.0,712300.0,430700.0,304700.0,160000.0,0.0,0.0,0.0,0.0,0.0
20230824140707256,SZSE,SZSE.ETF.159922,5.885,5.88,5.926,5.843,0.0,6.441,5.27,75392558.0,0.0,443050643.956,0.0,0.0,0.0,20230824,20230824,140707255,5.855,0.0,0.0,5.883,5.882,5.881,5.88,5.879,0.0,0.0,0.0,0.0,0.0,5.885,5.886,5.887,5.888,5.889,0.0,0.0,0.0,0.0,0.0,248000.0,430000.0,432600.0,207100.0,161700.0,0.0,0.0,0.0,0.0,0.0,51800.0,712300.0,430700.0,304700.0,160000.0,0.0,0.0,0.0,0.0,0.0
20230824140712080,SZSE,SZSE.ETF.159922,5.885,5.88,5.926,5.843,0.0,6.441,5.27,75392558.0,0.0,443050643.956,0.0,0.0,0.0,20230824,20230824,140712079,5.855,0.0,0.0,5.883,5.882,5.881,5.88,5.879,0.0,0.0,0.0,0.0,0.0,5.885,5.886,5.887,5.888,5.889,0.0,0.0,0.0,0.0,0.0,248000.0,402000.0,400600.0,205100.0,216400.0,0.0,0.0,0.0,0.0,0.0,51700.0,512400.0,561100.0,230000.0,304300.0,0.0,0.0,0.0,0.0,0.0
20230824140710216,SZSE,SZSE.ETF.159922,5.885,5.88,5.926,5.843,0.0,6.441,5.27,75392558.0,0.0,443050643.956,0.0,0.0,0.0,20230824,20230824,140710215,5.855,0.0,0.0,5.883,5.882,5.881,5.88,5.879,0.0,0.0,0.0,0.0,0.0,5.885,5.886,5.887,5.888,5.889,0.0,0.0,0.0,0.0,0.0,248000.0,402000.0,400600.0,205100.0,216400.0,0.0,0.0,0.0,0.0,0.0,51700.0,512400.0,561100.0,230000.0,304300.0,0.0,0.0,0.0,0.0,0.0
20230824140713184,SZSE,SZSE.ETF.159922,5.883,5.88,5.926,5.843,0.0,6.441,5.27,75415958.0,23400.0,443188306.156,137662.20000004768,0.0,0.0,20230824,20230824,140713186,5.855,0.0,0.0,5.883,5.882,5.881,5.88,5.879,0.0,0.0,0.0,0.0,0.0,5.885,5.886,5.887,5.888,5.889,0.0,0.0,0.0,0.0,0.0,224600.0,402000.0,400600.0,205100.0,196400.0,0.0,0.0,0.0,0.0,0.0,39800.0,492300.0,561100.0,250000.0,284300.0,0.0,0.0,0.0,0.0,0.0
20230824140715052,SZSE,SZSE.ETF.159922,5.883,5.88,5.926,5.843,0.0,6.441,5.27,75415958.0,23400.0,443188306.156,137662.20000004768,0.0,0.0,20230824,20230824,140715053,5.855,0.0,0.0,5.883,5.882,5.881,5.88,5.879,0.0,0.0,0.0,0.0,0.0,5.885,5.886,5.887,5.888,5.889,0.0,0.0,0.0,0.0,0.0,224600.0,402000.0,400600.0,205100.0,196400.0,0.0,0.0,0.0,0.0,0.0,39800.0,492300.0,561100.0,250000.0,284300.0,0.0,0.0,0.0,0.0,0.0
20230824140716200,SZSE,SZSE.ETF.159922,5.883,5.88,5.926,5.843,0.0,6.441,5.27,75415958.0,0.0,443188306.156,0.0,0.0,0.0,20230824,20230824,140716202,5.855,0.0,0.0,5.884,5.883,5.882,5.881,5.88,0.0,0.0,0.0,0.0,0.0,5.886,5.887,5.888,5.889,5.89,0.0,0.0,0.0,0.0,0.0,200000.0,374600.0,552000.0,80600.0,205100.0,0.0,0.0,0.0,0.0,0.0,32400.0,268000.0,400000.0,657400.0,180000.0,0.0,0.0,0.0,0.0,0.0
20230824140718080,SZSE,SZSE.ETF.159922,5.883,5.88,5.926,5.843,0.0,6.441,5.27,75415958.0,0.0,443188306.156,0.0,0.0,0.0,20230824,20230824,140718081,5.855,0.0,0.0,5.884,5.883,5.882,5.881,5.88,0.0,0.0,0.0,0.0,0.0,5.886,5.887,5.888,5.889,5.89,0.0,0.0,0.0,0.0,0.0,200000.0,374600.0,552000.0,80600.0,205100.0,0.0,0.0,0.0,0.0,0.0,32400.0,268000.0,400000.0,657400.0,180000.0,0.0,0.0,0.0,0.0,0.0
20230824140721048,SZSE,SZSE.ETF.159922,5.883,5.88,5.926,5.843,0.0,6.441,5.27,75415958.0,0.0,443188306.156,0.0,0.0,0.0,20230824,20230824,140721047,5.855,0.0,0.0,5.883,5.882,5.881,5.88,5.879,0.0,0.0,0.0,0.0,0.0,5.885,5.886,5.887,5.888,5.889,0.0,0.0,0.0,0.0,0.0,562000.0,320000.0,280600.0,239800.0,181700.0,0.0,0.0,0.0,0.0,0.0,19800.0,80300.0,590000.0,220000.0,210000.0,0.0,0.0,0.0,0.0,0.0
20230824140724064,SZSE,SZSE.ETF.159922,5.885,5.88,5.926,5.843,0.0,6.441,5.27,75416058.0,100.0,443188894.656,588.5,0.0,0.0,20230824,20230824,140724063,5.855,0.0,0.0,5.883,5.882,5.881,5.88,5.879,0.0,0.0,0.0,0.0,0.0,5.885,5.886,5.887,5.888,5.889,0.0,0.0,0.0,0.0,0.0,230000.0,392000.0,60600.0,385100.0,236400.0,0.0,0.0,0.0,0.0,0.0,89600.0,602300.0,671100.0,180000.0,304300.0,0.0,0.0,0.0,0.0,0.0
20230824140722200,SZSE,SZSE.ETF.159922,5.885,5.88,5.926,5.843,0.0,6.441,5.27,75416058.0,100.0,443188894.656,588.5,0.0,0.0,20230824,20230824,140722199,5.855,0.0,0.0,5.883,5.882,5.881,5.88,5.879,0.0,0.0,0.0,0.0,0.0,5.885,5.886,5.887,5.888,5.889,0.0,0.0,0.0,0.0,0.0,230000.0,392000.0,60600.0,385100.0,236400.0,0.0,0.0,0.0,0.0,0.0,89600.0,602300.0,671100.0,180000.0,304300.0,0.0,0.0,0.0,0.0,0.0
20230824140727128,SZSE,SZSE.ETF.159922,5.885,5.88,5.926,5.843,0.0,6.441,5.27,75416058.0,0.0,443188894.656,0.0,0.0,0.0,20230824,20230824,140727128,5.855,0.0,0.0,5.882,5.881,5.88,5.879,5.878,0.0,0.0,0.0,0.0,0.0,5.884,5.885,5.886,5.887,5.888,0.0,0.0,0.0,0.0,0.0,292000.0,390600.0,505100.0,236400.0,181000.0,0.0,0.0,0.0,0.0,0.0,59900.0,489600.0,592300.0,513100.0,220000.0,0.0,0.0,0.0,0.0,0.0
20230824140725264,SZSE,SZSE.ETF.159922,5.885,5.88,5.926,5.843,0.0,6.441,5.27,75416058.0,0.0,443188894.656,0.0,0.0,0.0,20230824,20230824,140725263,5.855,0.0,0.0,5.882,5.881,5.88,5.879,5.878,0.0,0.0,0.0,0.0,0.0,5.884,5.885,5.886,5.887,5.888,0.0,0.0,0.0,0.0,0.0,292000.0,390600.0,505100.0,236400.0,181000.0,0.0,0.0,0.0,0.0,0.0,59900.0,489600.0,592300.0,513100.0,220000.0,0.0,0.0,0.0,0.0,0.0
20230824140730080,SZSE,SZSE.ETF.159922,5.885,5.88,5.926,5.843,0.0,6.441,5.27,75416058.0,0.0,443188894.656,0.0,0.0,0.0,20230824,20230824,140730080,5.855,0.0,0.0,5.882,5.881,5.88,5.879,5.878,0.0,0.0,0.0,0.0,0.0,5.883,5.884,5.885,5.886,5.887,0.0,0.0,0.0,0.0,0.0,40000.0,582600.0,165100.0,381700.0,255700.0,0.0,0.0,0.0,0.0,0.0,20400.0,629900.0,411600.0,673000.0,229600.0,0.0,0.0,0.0,0.0,0.0
20230824140728216,SZSE,SZSE.ETF.159922,5.885,5.88,5.926,5.843,0.0,6.441,5.27,75416058.0,0.0,443188894.656,0.0,0.0,0.0,20230824,20230824,140728215,5.855,0.0,0.0,5.882,5.881,5.88,5.879,5.878,0.0,0.0,0.0,0.0,0.0,5.883,5.884,5.885,5.886,5.887,0.0,0.0,0.0,0.0,0.0,40000.0,582600.0,165100.0,381700.0,255700.0,0.0,0.0,0.0,0.0,0.0,20400.0,629900.0,411600.0,673000.0,229600.0,0.0,0.0,0.0,0.0,0.0
20230824140733132,SZSE,SZSE.ETF.159922,5.885,5.88,5.926,5.843,0.0,6.441,5.27,75416058.0,0.0,443188894.656,0.0,0.0,0.0,20230824,20230824,140733131,5.855,0.0,0.0,5.881,5.88,5.879,5.878,5.877,0.0,0.0,0.0,0.0,0.0,5.883,5.884,5.885,5.886,5.887,0.0,0.0,0.0,0.0,0.0,382600.0,405100.0,161700.0,475700.0,40000.0,0.0,0.0,0.0,0.0,0.0,90300.0,959900.0,545000.0,180000.0,324300.0,0.0,0.0,0.0,0.0,0.0
20230824140731268,SZSE,SZSE.ETF.159922,5.885,5.88,5.926,5.843,0.0,6.441,5.27,75416058.0,0.0,443188894.656,0.0,0.0,0.0,20230824,20230824,140731267,5.855,0.0,0.0,5.881,5.88,5.879,5.878,5.877,0.0,0.0,0.0,0.0,0.0,5.883,5.884,5.885,5.886,5.887,0.0,0.0,0.0,0.0,0.0,382600.0,405100.0,161700.0,475700.0,40000.0,0.0,0.0,0.0,0.0,0.0,90300.0,959900.0,545000.0,180000.0,324300.0,0.0,0.0,0.0,0.0,0.0
20230824140736124,SZSE,SZSE.ETF.159922,5.885,5.88,5.926,5.843,0.0,6.441,5.27,75416058.0,0.0,443188894.656,0.0,0.0,0.0,20230824,20230824,140736125,5.855,0.0,0.0,5.881,5.88,5.879,5.878,5.877,0.0,0.0,0.0,0.0,0.0,5.882,5.883,5.884,5.885,5.886,0.0,0.0,0.0,0.0,0.0,190600.0,257100.0,301700.0,421000.0,94800.0,0.0,0.0,0.0,0.0,0.0,89600.0,410300.0,761900.0,513100.0,180000.0,0.0,0.0,0.0,0.0,0.0
20230824140734264,SZSE,SZSE.ETF.159922,5.885,5.88,5.926,5.843,0.0,6.441,5.27,75416058.0,0.0,443188894.656,0.0,0.0,0.0,20230824,20230824,140734264,5.855,0.0,0.0,5.881,5.88,5.879,5.878,5.877,0.0,0.0,0.0,0.0,0.0,5.882,5.883,5.884,5.885,5.886,0.0,0.0,0.0,0.0,0.0,190600.0,257100.0,301700.0,421000.0,94800.0,0.0,0.0,0.0,0.0,0.0,89600.0,410300.0,761900.0,513100.0,180000.0,0.0,0.0,0.0,0.0,0.0
20230824140739096,SZSE,SZSE.ETF.159922,5.881,5.88,5.926,5.843,0.0,6.441,5.27,75433658.0,17600.0,443292400.256,103505.59999996424,0.0,0.0,20230824,20230824,140739094,5.855,0.0,0.0,5.88,5.879,5.878,5.877,5.876,0.0,0.0,0.0,0.0,0.0,5.881,5.882,5.883,5.884,5.885,0.0,0.0,0.0,0.0,0.0,45100.0,583700.0,181000.0,314800.0,281000.0,0.0,0.0,0.0,0.0,0.0,39400.0,129600.0,652300.0,623000.0,90000.0,0.0,0.0,0.0,0.0,0.0
20230824140742140,SZSE,SZSE.ETF.159922,5.881,5.88,5.926,5.843,0.0,6.441,5.27,75433958.0,300.0,443294164.556,1764.300000011921,0.0,0.0,20230824,20230824,140742141,5.855,0.0,0.0,5.88,5.879,5.878,5.877,5.876,0.0,0.0,0.0,0.0,0.0,5.881,5.882,5.883,5.884,5.885,0.0,0.0,0.0,0.0,0.0,5100.0,293700.0,201000.0,470000.0,335800.0,0.0,0.0,0.0,0.0,0.0,89100.0,739600.0,735000.0,220000.0,184400.0,0.0,0.0,0.0,0.0,0.0
20230824140745156,SZSE,SZSE.ETF.159922,5.881,5.88,5.926,5.843,0.0,6.441,5.27,75433958.0,0.0,443294164.556,0.0,0.0,0.0,20230824,20230824,140745156,5.855,0.0,0.0,5.88,5.879,5.878,5.877,5.876,0.0,0.0,0.0,0.0,0.0,5.881,5.882,5.883,5.884,5.885,0.0,0.0,0.0,0.0,0.0,5100.0,1700.0,313000.0,250000.0,575800.0,0.0,0.0,0.0,0.0,0.0,59000.0,911600.0,523000.0,180000.0,304400.0,0.0,0.0,0.0,0.0,0.0
20230824140748144,SZSE,SZSE.ETF.159922,5.88,5.88,5.926,5.843,0.0,6.441,5.27,75439058.0,5100.0,443324152.556,29988.0,0.0,0.0,20230824,20230824,140748144,5.855,0.0,0.0,5.879,5.878,5.877,5.876,5.875,0.0,0.0,0.0,0.0,0.0,5.88,5.881,5.882,5.883,5.884,0.0,0.0,0.0,0.0,0.0,1700.0,213000.0,350000.0,595800.0,40600.0,0.0,0.0,0.0,0.0,0.0,35200.0,329100.0,831600.0,270000.0,180000.0,0.0,0.0,0.0,0.0,0.0
20230824140746288,SZSE,SZSE.ETF.159922,5.88,5.88,5.926,5.843,0.0,6.441,5.27,75439058.0,5100.0,443324152.556,29988.0,0.0,0.0,20230824,20230824,140746289,5.855,0.0,0.0,5.879,5.878,5.877,5.876,5.875,0.0,0.0,0.0,0.0,0.0,5.88,5.881,5.882,5.883,5.884,0.0,0.0,0.0,0.0,0.0,1700.0,213000.0,350000.0,595800.0,40600.0,0.0,0.0,0.0,0.0,0.0,35200.0,329100.0,831600.0,270000.0,180000.0,0.0,0.0,0.0,0.0,0.0
20230824140751096,SZSE,SZSE.ETF.159922,5.88,5.88,5.926,5.843,0.0,6.441,5.27,75439758.0,700.0,443328268.556,4116.0,0.0,0.0,20230824,20230824,140751094,5.855,0.0,0.0,5.879,5.878,5.877,5.876,5.875,0.0,0.0,0.0,0.0,0.0,5.881,5.882,5.883,5.884,5.885,0.0,0.0,0.0,0.0,0.0,201700.0,173000.0,550000.0,321000.0,95400.0,0.0,0.0,0.0,0.0,0.0,319100.0,421600.0,672700.0,324800.0,160000.0,0.0,0.0,0.0,0.0,0.0
20230824140749240,SZSE,SZSE.ETF.159922,5.88,5.88,5.926,5.843,0.0,6.441,5.27,75439758.0,700.0,443328268.556,4116.0,0.0,0.0,20230824,20230824,140749241,5.855,0.0,0.0,5.879,5.878,5.877,5.876,5.875,0.0,0.0,0.0,0.0,0.0,5.881,5.882,5.883,5.884,5.885,0.0,0.0,0.0,0.0,0.0,201700.0,173000.0,550000.0,321000.0,95400.0,0.0,0.0,0.0,0.0,0.0,319100.0,421600.0,672700.0,324800.0,160000.0,0.0,0.0,0.0,0.0,0.0
20230824140754108,SZSE,SZSE.ETF.159922,5.88,5.88,5.926,5.843,0.0,6.441,5.27,75439758.0,0.0,443328268.556,0.0,0.0,0.0,20230824,20230824,140754109,5.855,0.0,0.0,5.879,5.878,5.877,5.876,5.875,0.0,0.0,0.0,0.0,0.0,5.881,5.882,5.883,5.884,5.885,0.0,0.0,0.0,0.0,0.0,1700.0,563000.0,400000.0,361000.0,95400.0,0.0,0.0,0.0,0.0,0.0,89100.0,611600.0,453100.0,240000.0,304400.0,0.0,0.0,0.0,0.0,0.0
20230824140752256,SZSE,SZSE.ETF.159922,5.88,5.88,5.926,5.843,0.0,6.441,5.27,75439758.0,0.0,443328268.556,0.0,0.0,0.0,20230824,20230824,140752258,5.855,0.0,0.0,5.879,5.878,5.877,5.876,5.875,0.0,0.0,0.0,0.0,0.0,5.881,5.882,5.883,5.884,5.885,0.0,0.0,0.0,0.0,0.0,1700.0,563000.0,400000.0,361000.0,95400.0,0.0,0.0,0.0,0.0,0.0,89100.0,611600.0,453100.0,240000.0,304400.0,0.0,0.0,0.0,0.0,0.0
20230824140757140,SZSE,SZSE.ETF.159922,5.88,5.88,5.926,5.843,0.0,6.441,5.27,75439758.0,0.0,443328268.556,0.0,0.0,0.0,20230824,20230824,140757141,5.855,0.0,0.0,5.879,5.878,5.877,5.876,5.875,0.0,0.0,0.0,0.0,0.0,5.881,5.882,5.883,5.884,5.885,0.0,0.0,0.0,0.0,0.0,201700.0,363000.0,360000.0,301000.0,95400.0,0.0,0.0,0.0,0.0,0.0,109000.0,591600.0,603100.0,220000.0,284400.0,0.0,0.0,0.0,0.0,0.0
20230824140800108,SZSE,SZSE.ETF.159922,5.88,5.88,5.926,5.843,0.0,6.441,5.27,75439758.0,0.0,443328268.556,0.0,0.0,0.0,20230824,20230824,140800109,5.855,0.0,0.0,5.88,5.879,5.878,5.877,5.876,0.0,0.0,0.0,0.0,0.0,5.882,5.883,5.884,5.885,5.886,0.0,0.0,0.0,0.0,0.0,300000.0,281700.0,723000.0,40000.0,301000.0,0.0,0.0,0.0,0.0,0.0,221900.0,80000.0,683100.0,304400.0,220000.0,0.0,0.0,0.0,0.0,0.0
20230824140758252,SZSE,SZSE.ETF.159922,5.88,5.88,5.926,5.843,0.0,6.441,5.27,75439758.0,0.0,443328268.556,0.0,0.0,0.0,20230824,20230824,140758252,5.855,0.0,0.0,5.88,5.879,5.878,5.877,5.876,0.0,0.0,0.0,0.0,0.0,5.882,5.883,5.884,5.885,5.886,0.0,0.0,0.0,0.0,0.0,300000.0,281700.0,723000.0,40000.0,301000.0,0.0,0.0,0.0,0.0,0.0,221900.0,80000.0,683100.0,304400.0,220000.0,0.0,0.0,0.0,0.0,0.0
20230824140803144,SZSE,SZSE.ETF.159922,5.881,5.88,5.926,5.843,0.0,6.441,5.27,75439858.0,100.0,443328856.656,588.1000000238419,0.0,0.0,20230824,20230824,140803146,5.855,0.0,0.0,5.879,5.878,5.877,5.876,5.875,0.0,0.0,0.0,0.0,0.0,5.881,5.882,5.883,5.884,5.885,0.0,0.0,0.0,0.0,0.0,393700.0,371000.0,260000.0,255800.0,60600.0,0.0,0.0,0.0,0.0,0.0,320000.0,483200.0,765100.0,240000.0,160000.0,0.0,0.0,0.0,0.0,0.0
20230824140804252,SZSE,SZSE.ETF.159922,5.881,5.88,5.926,5.843,0.0,6.441,5.27,75441858.0,2000.0,443340618.656,11762.0,0.0,0.0,20230824,20230824,140804252,5.855,0.0,0.0,5.879,5.878,5.877,5.876,5.875,0.0,0.0,0.0,0.0,0.0,5.881,5.882,5.883,5.884,5.885,0.0,0.0,0.0,0.0,0.0,381700.0,303000.0,260000.0,301000.0,115400.0,0.0,0.0,0.0,0.0,0.0,228000.0,295200.0,773100.0,240000.0,304400.0,0.0,0.0,0.0,0.0,0.0
20230824140806108,SZSE,SZSE.ETF.159922,5.881,5.88,5.926,5.843,0.0,6.441,5.27,75441858.0,2000.0,443340618.656,11762.0,0.0,0.0,20230824,20230824,140806109,5.855,0.0,0.0,5.879,5.878,5.877,5.876,5.875,0.0,0.0,0.0,0.0,0.0,5.881,5.882,5.883,5.884,5.885,0.0,0.0,0.0,0.0,0.0,381700.0,303000.0,260000.0,301000.0,115400.0,0.0,0.0,0.0,0.0,0.0,228000.0,295200.0,773100.0,240000.0,304400.0,0.0,0.0,0.0,0.0,0.0
20230824140807200,SZSE,SZSE.ETF.159922,5.881,5.88,5.926,5.843,0.0,6.441,5.27,75441858.0,0.0,443340618.656,0.0,0.0,0.0,20230824,20230824,140807198,5.855,0.0,0.0,5.879,5.878,5.877,5.876,5.875,0.0,0.0,0.0,0.0,0.0,5.881,5.882,5.883,5.884,5.885,0.0,0.0,0.0,0.0,0.0,381700.0,303000.0,280000.0,281000.0,115400.0,0.0,0.0,0.0,0.0,0.0,228000.0,295200.0,733100.0,200000.0,344400.0,0.0,0.0,0.0,0.0,0.0
20230824140809064,SZSE,SZSE.ETF.159922,5.881,5.88,5.926,5.843,0.0,6.441,5.27,75441858.0,0.0,443340618.656,0.0,0.0,0.0,20230824,20230824,140809063,5.855,0.0,0.0,5.879,5.878,5.877,5.876,5.875,0.0,0.0,0.0,0.0,0.0,5.881,5.882,5.883,5.884,5.885,0.0,0.0,0.0,0.0,0.0,381700.0,303000.0,280000.0,281000.0,115400.0,0.0,0.0,0.0,0.0,0.0,228000.0,295200.0,733100.0,200000.0,344400.0,0.0,0.0,0.0,0.0,0.0
20230824140812124,SZSE,SZSE.ETF.159922,5.881,5.88,5.926,5.843,0.0,6.441,5.27,75441858.0,0.0,443340618.656,0.0,0.0,0.0,20230824,20230824,140812125,5.855,0.0,0.0,5.879,5.878,5.877,5.876,5.875,0.0,0.0,0.0,0.0,0.0,5.881,5.882,5.883,5.884,5.885,0.0,0.0,0.0,0.0,0.0,381700.0,303000.0,280000.0,281000.0,115400.0,0.0,0.0,0.0,0.0,0.0,318000.0,375200.0,683100.0,180000.0,344400.0,0.0,0.0,0.0,0.0,0.0
20230824140810268,SZSE,SZSE.ETF.159922,5.881,5.88,5.926,5.843,0.0,6.441,5.27,75441858.0,0.0,443340618.656,0.0,0.0,0.0,20230824,20230824,140810267,5.855,0.0,0.0,5.879,5.878,5.877,5.876,5.875,0.0,0.0,0.0,0.0,0.0,5.881,5.882,5.883,5.884,5.885,0.0,0.0,0.0,0.0,0.0,381700.0,303000.0,280000.0,281000.0,115400.0,0.0,0.0,0.0,0.0,0.0,318000.0,375200.0,683100.0,180000.0,344400.0,0.0,0.0,0.0,0.0,0.0
20230824140815108,SZSE,SZSE.ETF.159922,5.879,5.88,5.926,5.843,0.0,6.441,5.27,75463158.0,21300.0,443465841.356,125222.69999998808,0.0,0.0,20230824,20230824,140815109,5.855,0.0,0.0,5.88,5.879,5.878,5.877,5.876,0.0,0.0,0.0,0.0,0.0,5.881,5.882,5.883,5.884,5.885,0.0,0.0,0.0,0.0,0.0,200000.0,350400.0,113000.0,280000.0,281000.0,0.0,0.0,0.0,0.0,0.0,40000.0,155200.0,630000.0,573100.0,304400.0,0.0,0.0,0.0,0.0,0.0
20230824140813252,SZSE,SZSE.ETF.159922,5.879,5.88,5.926,5.843,0.0,6.441,5.27,75463158.0,21300.0,443465841.356,125222.69999998808,0.0,0.0,20230824,20230824,140813251,5.855,0.0,0.0,5.88,5.879,5.878,5.877,5.876,0.0,0.0,0.0,0.0,0.0,5.881,5.882,5.883,5.884,5.885,0.0,0.0,0.0,0.0,0.0,200000.0,350400.0,113000.0,280000.0,281000.0,0.0,0.0,0.0,0.0,0.0,40000.0,155200.0,630000.0,573100.0,304400.0,0.0,0.0,0.0,0.0,0.0
20230824140818048,SZSE,SZSE.ETF.159922,5.879,5.88,5.926,5.843,0.0,6.441,5.27,75463158.0,0.0,443465841.356,0.0,0.0,0.0,20230824,20230824,140818047,5.855,0.0,0.0,5.88,5.879,5.878,5.877,5.876,0.0,0.0,0.0,0.0,0.0,5.882,5.883,5.884,5.885,5.886,0.0,0.0,0.0,0.0,0.0,40200.0,550400.0,73000.0,280000.0,335800.0,0.0,0.0,0.0,0.0,0.0,115200.0,590000.0,483100.0,354400.0,180000.0,0.0,0.0,0.0,0.0,0.0
20230824140821048,SZSE,SZSE.ETF.159922,5.879,5.88,5.926,5.843,0.0,6.441,5.27,75463158.0,0.0,443465841.356,0.0,0.0,0.0,20230824,20230824,140821047,5.855,0.0,0.0,5.88,5.879,5.878,5.877,5.876,0.0,0.0,0.0,0.0,0.0,5.881,5.882,5.883,5.884,5.885,0.0,0.0,0.0,0.0,0.0,200.0,442000.0,161000.0,400000.0,395800.0,0.0,0.0,0.0,0.0,0.0,59900.0,633200.0,482000.0,573100.0,249600.0,0.0,0.0,0.0,0.0,0.0
20230824140819188,SZSE,SZSE.ETF.159922,5.879,5.88,5.926,5.843,0.0,6.441,5.27,75463158.0,0.0,443465841.356,0.0,0.0,0.0,20230824,20230824,140819188,5.855,0.0,0.0,5.88,5.879,5.878,5.877,5.876,0.0,0.0,0.0,0.0,0.0,5.881,5.882,5.883,5.884,5.885,0.0,0.0,0.0,0.0,0.0,200.0,442000.0,161000.0,400000.0,395800.0,0.0,0.0,0.0,0.0,0.0,59900.0,633200.0,482000.0,573100.0,249600.0,0.0,0.0,0.0,0.0,0.0
20230824140824048,SZSE,SZSE.ETF.159922,5.879,5.88,5.926,5.843,0.0,6.441,5.27,75463158.0,0.0,443465841.356,0.0,0.0,0.0,20230824,20230824,140824047,5.855,0.0,0.0,5.88,5.879,5.878,5.877,5.876,0.0,0.0,0.0,0.0,0.0,5.881,5.882,5.883,5.884,5.885,0.0,0.0,0.0,0.0,0.0,200.0,442000.0,161000.0,160000.0,555800.0,0.0,0.0,0.0,0.0,0.0,109900.0,953200.0,585100.0,220000.0,284400.0,0.0,0.0,0.0,0.0,0.0
20230824140822192,SZSE,SZSE.ETF.159922,5.879,5.88,5.926,5.843,0.0,6.441,5.27,75463158.0,0.0,443465841.356,0.0,0.0,0.0,20230824,20230824,140822194,5.855,0.0,0.0,5.88,5.879,5.878,5.877,5.876,0.0,0.0,0.0,0.0,0.0,5.881,5.882,5.883,5.884,5.885,0.0,0.0,0.0,0.0,0.0,200.0,442000.0,161000.0,160000.0,555800.0,0.0,0.0,0.0,0.0,0.0,109900.0,953200.0,585100.0,220000.0,284400.0,0.0,0.0,0.0,0.0,0.0
20230824140827032,SZSE,SZSE.ETF.159922,5.879,5.88,5.926,5.843,0.0,6.441,5.27,75463158.0,0.0,443465841.356,0.0,0.0,0.0,20230824,20230824,140827031,5.855,0.0,0.0,5.88,5.879,5.878,5.877,5.876,0.0,0.0,0.0,0.0,0.0,5.881,5.882,5.883,5.884,5.885,0.0,0.0,0.0,0.0,0.0,200.0,230000.0,353000.0,160000.0,595800.0,0.0,0.0,0.0,0.0,0.0,109900.0,965200.0,573100.0,220000.0,304400.0,0.0,0.0,0.0,0.0,0.0
20230824140825180,SZSE,SZSE.ETF.159922,5.879,5.88,5.926,5.843,0.0,6.441,5.27,75463158.0,0.0,443465841.356,0.0,0.0,0.0,20230824,20230824,140825180,5.855,0.0,0.0,5.88,5.879,5.878,5.877,5.876,0.0,0.0,0.0,0.0,0.0,5.881,5.882,5.883,5.884,5.885,0.0,0.0,0.0,0.0,0.0,200.0,230000.0,353000.0,160000.0,595800.0,0.0,0.0,0.0,0.0,0.0,109900.0,965200.0,573100.0,220000.0,304400.0,0.0,0.0,0.0,0.0,0.0
20230824140830064,SZSE,SZSE.ETF.159922,5.88,5.88,5.926,5.843,0.0,6.441,5.27,75463358.0,200.0,443467017.356,1176.0,0.0,0.0,20230824,20230824,140830063,5.855,0.0,0.0,5.879,5.878,5.877,5.876,5.875,0.0,0.0,0.0,0.0,0.0,5.88,5.881,5.882,5.883,5.884,0.0,0.0,0.0,0.0,0.0,12200.0,361000.0,160000.0,765800.0,40600.0,0.0,0.0,0.0,0.0,0.0,190000.0,149700.0,763200.0,585100.0,220000.0,0.0,0.0,0.0,0.0,0.0
20230824140828204,SZSE,SZSE.ETF.159922,5.88,5.88,5.926,5.843,0.0,6.441,5.27,75463358.0,200.0,443467017.356,1176.0,0.0,0.0,20230824,20230824,140828203,5.855,0.0,0.0,5.879,5.878,5.877,5.876,5.875,0.0,0.0,0.0,0.0,0.0,5.88,5.881,5.882,5.883,5.884,0.0,0.0,0.0,0.0,0.0,12200.0,361000.0,160000.0,765800.0,40600.0,0.0,0.0,0.0,0.0,0.0,190000.0,149700.0,763200.0,585100.0,220000.0,0.0,0.0,0.0,0.0,0.0
20230824140833096,SZSE,SZSE.ETF.159922,5.88,5.88,5.926,5.843,0.0,6.441,5.27,75463658.0,300.0,443468781.356,1764.0,0.0,0.0,20230824,20230824,140833094,5.855,0.0,0.0,5.878,5.877,5.876,5.875,5.874,0.0,0.0,0.0,0.0,0.0,5.88,5.881,5.882,5.883,5.884,0.0,0.0,0.0,0.0,0.0,13200.0,360000.0,571000.0,95400.0,181200.0,0.0,0.0,0.0,0.0,0.0,303000.0,429700.0,685000.0,40000.0,234800.0,0.0,0.0,0.0,0.0,0.0
20230824140831232,SZSE,SZSE.ETF.159922,5.88,5.88,5.926,5.843,0.0,6.441,5.27,75463658.0,300.0,443468781.356,1764.0,0.0,0.0,20230824,20230824,140831230,5.855,0.0,0.0,5.878,5.877,5.876,5.875,5.874,0.0,0.0,0.0,0.0,0.0,5.88,5.881,5.882,5.883,5.884,0.0,0.0,0.0,0.0,0.0,13200.0,360000.0,571000.0,95400.0,181200.0,0.0,0.0,0.0,0.0,0.0,303000.0,429700.0,685000.0,40000.0,234800.0,0.0,0.0,0.0,0.0,0.0
20230824140834244,SZSE,SZSE.ETF.159922,5.878,5.88,5.926,5.843,0.0,6.441,5.27,75664858.0,201200.0,444651434.956,1182653.5999999642,0.0,0.0,20230824,20230824,140834243,5.855,0.0,0.0,5.877,5.876,5.875,5.874,5.873,0.0,0.0,0.0,0.0,0.0,5.88,5.881,5.882,5.883,5.884,0.0,0.0,0.0,0.0,0.0,372000.0,471000.0,40600.0,336000.0,80000.0,0.0,0.0,0.0,0.0,0.0,269700.0,395000.0,663000.0,319600.0,54800.0,0.0,0.0,0.0,0.0,0.0
20230824140836112,SZSE,SZSE.ETF.159922,5.878,5.88,5.926,5.843,0.0,6.441,5.27,75664858.0,201200.0,444651434.956,1182653.5999999642,0.0,0.0,20230824,20230824,140836110,5.855,0.0,0.0,5.877,5.876,5.875,5.874,5.873,0.0,0.0,0.0,0.0,0.0,5.88,5.881,5.882,5.883,5.884,0.0,0.0,0.0,0.0,0.0,372000.0,471000.0,40600.0,336000.0,80000.0,0.0,0.0,0.0,0.0,0.0,269700.0,395000.0,663000.0,319600.0,54800.0,0.0,0.0,0.0,0.0,0.0
20230824140839080,SZSE,SZSE.ETF.159922,5.88,5.88,5.926,5.843,0.0,6.441,5.27,75944858.0,280000.0,446297834.956,1646400.0,0.0,0.0,20230824,20230824,140839078,5.855,0.0,0.0,5.877,5.876,5.875,5.874,5.873,0.0,0.0,0.0,0.0,0.0,5.881,5.882,5.883,5.884,5.885,0.0,0.0,0.0,0.0,0.0,562000.0,341000.0,60600.0,141200.0,94800.0,0.0,0.0,0.0,0.0,0.0,585000.0,573000.0,269600.0,234800.0,40200.0,0.0,0.0,0.0,0.0,0.0
20230824140837212,SZSE,SZSE.ETF.159922,5.88,5.88,5.926,5.843,0.0,6.441,5.27,75944858.0,280000.0,446297834.956,1646400.0,0.0,0.0,20230824,20230824,140837211,5.855,0.0,0.0,5.877,5.876,5.875,5.874,5.873,0.0,0.0,0.0,0.0,0.0,5.881,5.882,5.883,5.884,5.885,0.0,0.0,0.0,0.0,0.0,562000.0,341000.0,60600.0,141200.0,94800.0,0.0,0.0,0.0,0.0,0.0,585000.0,573000.0,269600.0,234800.0,40200.0,0.0,0.0,0.0,0.0,0.0
20230824140842064,SZSE,SZSE.ETF.159922,5.879,5.88,5.926,5.843,0.0,6.441,5.27,75964758.0,19900.0,446414827.056,116992.10000002384,0.0,0.0,20230824,20230824,140842063,5.855,0.0,0.0,5.877,5.876,5.875,5.874,5.873,0.0,0.0,0.0,0.0,0.0,5.879,5.88,5.881,5.882,5.883,0.0,0.0,0.0,0.0,0.0,502000.0,581000.0,160600.0,281200.0,114800.0,0.0,0.0,0.0,0.0,0.0,13400.0,59900.0,592000.0,743000.0,249600.0,0.0,0.0,0.0,0.0,0.0
20230824140840208,SZSE,SZSE.ETF.159922,5.879,5.88,5.926,5.843,0.0,6.441,5.27,75964758.0,19900.0,446414827.056,116992.10000002384,0.0,0.0,20230824,20230824,140840207,5.855,0.0,0.0,5.877,5.876,5.875,5.874,5.873,0.0,0.0,0.0,0.0,0.0,5.879,5.88,5.881,5.882,5.883,0.0,0.0,0.0,0.0,0.0,502000.0,581000.0,160600.0,281200.0,114800.0,0.0,0.0,0.0,0.0,0.0,13400.0,59900.0,592000.0,743000.0,249600.0,0.0,0.0,0.0,0.0,0.0
20230824140845080,SZSE,SZSE.ETF.159922,5.879,5.88,5.926,5.843,0.0,6.441,5.27,75964758.0,0.0,446414827.056,0.0,0.0,0.0,20230824,20230824,140845078,5.855,0.0,0.0,5.877,5.876,5.875,5.874,5.873,0.0,0.0,0.0,0.0,0.0,5.88,5.881,5.882,5.883,5.884,0.0,0.0,0.0,0.0,0.0,470000.0,253000.0,360600.0,301200.0,114800.0,0.0,0.0,0.0,0.0,0.0,81900.0,560000.0,533000.0,284400.0,200000.0,0.0,0.0,0.0,0.0,0.0
20230824140843224,SZSE,SZSE.ETF.159922,5.879,5.88,5.926,5.843,0.0,6.441,5.27,75964758.0,0.0,446414827.056,0.0,0.0,0.0,20230824,20230824,140843223,5.855,0.0,0.0,5.877,5.876,5.875,5.874,5.873,0.0,0.0,0.0,0.0,0.0,5.88,5.881,5.882,5.883,5.884,0.0,0.0,0.0,0.0,0.0,470000.0,253000.0,360600.0,301200.0,114800.0,0.0,0.0,0.0,0.0,0.0,81900.0,560000.0,533000.0,284400.0,200000.0,0.0,0.0,0.0,0.0,0.0
20230824140848124,SZSE,SZSE.ETF.159922,5.879,5.88,5.926,5.843,0.0,6.441,5.27,75964758.0,0.0,446414827.056,0.0,0.0,0.0,20230824,20230824,140848125,5.855,0.0,0.0,5.878,5.877,5.876,5.875,5.874,0.0,0.0,0.0,0.0,0.0,5.88,5.881,5.882,5.883,5.884,0.0,0.0,0.0,0.0,0.0,200.0,670000.0,253000.0,360600.0,301200.0,0.0,0.0,0.0,0.0,0.0,95300.0,620000.0,553000.0,229600.0,114800.0,0.0,0.0,0.0,0.0,0.0
20230824140846264,SZSE,SZSE.ETF.159922,5.879,5.88,5.926,5.843,0.0,6.441,5.27,75964758.0,0.0,446414827.056,0.0,0.0,0.0,20230824,20230824,140846264,5.855,0.0,0.0,5.878,5.877,5.876,5.875,5.874,0.0,0.0,0.0,0.0,0.0,5.88,5.881,5.882,5.883,5.884,0.0,0.0,0.0,0.0,0.0,200.0,670000.0,253000.0,360600.0,301200.0,0.0,0.0,0.0,0.0,0.0,95300.0,620000.0,553000.0,229600.0,114800.0,0.0,0.0,0.0,0.0,0.0
20230824140851064,SZSE,SZSE.ETF.159922,5.878,5.88,5.926,5.843,0.0,6.441,5.27,75964958.0,200.0,446416002.656,1175.6000000238419,0.0,0.0,20230824,20230824,140851063,5.855,0.0,0.0,5.877,5.876,5.875,5.874,5.873,0.0,0.0,0.0,0.0,0.0,5.878,5.879,5.88,5.881,5.882,0.0,0.0,0.0,0.0,0.0,212200.0,341000.0,570600.0,336000.0,60000.0,0.0,0.0,0.0,0.0,0.0,13400.0,299700.0,529900.0,545100.0,240000.0,0.0,0.0,0.0,0.0,0.0
20230824140849208,SZSE,SZSE.ETF.159922,5.878,5.88,5.926,5.843,0.0,6.441,5.27,75964958.0,200.0,446416002.656,1175.6000000238419,0.0,0.0,20230824,20230824,140849208,5.855,0.0,0.0,5.877,5.876,5.875,5.874,5.873,0.0,0.0,0.0,0.0,0.0,5.878,5.879,5.88,5.881,5.882,0.0,0.0,0.0,0.0,0.0,212200.0,341000.0,570600.0,336000.0,60000.0,0.0,0.0,0.0,0.0,0.0,13400.0,299700.0,529900.0,545100.0,240000.0,0.0,0.0,0.0,0.0,0.0
20230824140854140,SZSE,SZSE.ETF.159922,5.878,5.88,5.926,5.843,0.0,6.441,5.27,75964958.0,0.0,446416002.656,0.0,0.0,0.0,20230824,20230824,140854141,5.855,0.0,0.0,5.877,5.876,5.875,5.874,5.873,0.0,0.0,0.0,0.0,0.0,5.878,5.879,5.88,5.881,5.882,0.0,0.0,0.0,0.0,0.0,240000.0,193200.0,570600.0,401200.0,114800.0,0.0,0.0,0.0,0.0,0.0,33100.0,699700.0,765000.0,110000.0,254800.0,0.0,0.0,0.0,0.0,0.0
20230824140852288,SZSE,SZSE.ETF.159922,5.878,5.88,5.926,5.843,0.0,6.441,5.27,75964958.0,0.0,446416002.656,0.0,0.0,0.0,20230824,20230824,140852288,5.855,0.0,0.0,5.877,5.876,5.875,5.874,5.873,0.0,0.0,0.0,0.0,0.0,5.878,5.879,5.88,5.881,5.882,0.0,0.0,0.0,0.0,0.0,240000.0,193200.0,570600.0,401200.0,114800.0,0.0,0.0,0.0,0.0,0.0,33100.0,699700.0,765000.0,110000.0,254800.0,0.0,0.0,0.0,0.0,0.0
20230824140855232,SZSE,SZSE.ETF.159922,5.878,5.88,5.926,5.843,0.0,6.441,5.27,75964958.0,0.0,446416002.656,0.0,0.0,0.0,20230824,20230824,140855231,5.855,0.0,0.0,5.877,5.876,5.875,5.874,5.873,0.0,0.0,0.0,0.0,0.0,5.879,5.88,5.881,5.882,5.883,0.0,0.0,0.0,0.0,0.0,340000.0,381200.0,502600.0,281200.0,114800.0,0.0,0.0,0.0,0.0,0.0,365100.0,689900.0,482700.0,254800.0,140000.0,0.0,0.0,0.0,0.0,0.0
20230824140857096,SZSE,SZSE.ETF.159922,5.878,5.88,5.926,5.843,0.0,6.441,5.27,75964958.0,0.0,446416002.656,0.0,0.0,0.0,20230824,20230824,140857094,5.855,0.0,0.0,5.877,5.876,5.875,5.874,5.873,0.0,0.0,0.0,0.0,0.0,5.879,5.88,5.881,5.882,5.883,0.0,0.0,0.0,0.0,0.0,340000.0,381200.0,502600.0,281200.0,114800.0,0.0,0.0,0.0,0.0,0.0,365100.0,689900.0,482700.0,254800.0,140000.0,0.0,0.0,0.0,0.0,0.0
20230824140900156,SZSE,SZSE.ETF.159922,5.878,5.88,5.926,5.843,0.0,6.441,5.27,75964958.0,0.0,446416002.656,0.0,0.0,0.0,20230824,20230824,140900156,5.855,0.0,0.0,5.879,5.878,5.877,5.876,5.875,0.0,0.0,0.0,0.0,0.0,5.88,5.881,5.882,5.883,5.884,0.0,0.0,0.0,0.0,0.0,200200.0,380200.0,430000.0,273000.0,40600.0,0.0,0.0,0.0,0.0,0.0,342000.0,79700.0,260000.0,574400.0,40000.0,0.0,0.0,0.0,0.0,0.0
20230824140903140,SZSE,SZSE.ETF.159922,5.88,5.88,5.926,5.843,0.0,6.441,5.27,75965158.0,200.0,446417178.656,1176.0,0.0,0.0,20230824,20230824,140903141,5.855,0.0,0.0,5.878,5.877,5.876,5.875,5.874,0.0,0.0,0.0,0.0,0.0,5.88,5.881,5.882,5.883,5.884,0.0,0.0,0.0,0.0,0.0,850000.0,412000.0,321000.0,135400.0,61200.0,0.0,0.0,0.0,0.0,0.0,99800.0,52000.0,529700.0,572700.0,304800.0,0.0,0.0,0.0,0.0,0.0
20230824140906140,SZSE,SZSE.ETF.159922,5.88,5.88,5.926,5.843,0.0,6.441,5.27,75965158.0,0.0,446417178.656,0.0,0.0,0.0,20230824,20230824,140906141,5.855,0.0,0.0,5.879,5.878,5.877,5.876,5.875,0.0,0.0,0.0,0.0,0.0,5.88,5.881,5.882,5.883,5.884,0.0,0.0,0.0,0.0,0.0,340000.0,690000.0,372000.0,281000.0,40600.0,0.0,0.0,0.0,0.0,0.0,99800.0,52000.0,469700.0,443100.0,304800.0,0.0,0.0,0.0,0.0,0.0
20230824140909096,SZSE,SZSE.ETF.159922,5.88,5.88,5.926,5.843,0.0,6.441,5.27,75965158.0,0.0,446417178.656,0.0,0.0,0.0,20230824,20230824,140909094,5.855,0.0,0.0,5.879,5.878,5.877,5.876,5.875,0.0,0.0,0.0,0.0,0.0,5.88,5.881,5.882,5.883,5.884,0.0,0.0,0.0,0.0,0.0,120000.0,790000.0,392000.0,281000.0,115400.0,0.0,0.0,0.0,0.0,0.0,99800.0,52000.0,609700.0,160000.0,647900.0,0.0,0.0,0.0,0.0,0.0
20230824140912048,SZSE,SZSE.ETF.159922,5.88,5.88,5.926,5.843,0.0,6.441,5.27,76050058.0,84900.0,446916390.656,499212.0,0.0,0.0,20230824,20230824,140912047,5.855,0.0,0.0,5.879,5.878,5.877,5.876,5.875,0.0,0.0,0.0,0.0,0.0,5.88,5.881,5.882,5.883,5.884,0.0,0.0,0.0,0.0,0.0,100000.0,542000.0,400000.0,281000.0,115400.0,0.0,0.0,0.0,0.0,0.0,14900.0,40000.0,521700.0,483100.0,324800.0,0.0,0.0,0.0,0.0,0.0
20230824140910188,SZSE,SZSE.ETF.159922,5.88,5.88,5.926,5.843,0.0,6.441,5.27,76050058.0,84900.0,446916390.656,499212.0,0.0,0.0,20230824,20230824,140910189,5.855,0.0,0.0,5.879,5.878,5.877,5.876,5.875,0.0,0.0,0.0,0.0,0.0,5.88,5.881,5.882,5.883,5.884,0.0,0.0,0.0,0.0,0.0,100000.0,542000.0,400000.0,281000.0,115400.0,0.0,0.0,0.0,0.0,0.0,14900.0,40000.0,521700.0,483100.0,324800.0,0.0,0.0,0.0,0.0,0.0
20230824140915140,SZSE,SZSE.ETF.159922,5.88,5.88,5.926,5.843,0.0,6.441,5.27,76085958.0,35900.0,447127461.656,211071.0,0.0,0.0,20230824,20230824,140915141,5.855,0.0,0.0,5.879,5.878,5.877,5.876,5.875,0.0,0.0,0.0,0.0,0.0,5.881,5.882,5.883,5.884,5.885,0.0,0.0,0.0,0.0,0.0,119000.0,602000.0,360000.0,201000.0,95400.0,0.0,0.0,0.0,0.0,0.0,19900.0,481700.0,443100.0,304800.0,129800.0,0.0,0.0,0.0,0.0,0.0
20230824140913280,SZSE,SZSE.ETF.159922,5.88,5.88,5.926,5.843,0.0,6.441,5.27,76085958.0,35900.0,447127461.656,211071.0,0.0,0.0,20230824,20230824,140913278,5.855,0.0,0.0,5.879,5.878,5.877,5.876,5.875,0.0,0.0,0.0,0.0,0.0,5.881,5.882,5.883,5.884,5.885,0.0,0.0,0.0,0.0,0.0,119000.0,602000.0,360000.0,201000.0,95400.0,0.0,0.0,0.0,0.0,0.0,19900.0,481700.0,443100.0,304800.0,129800.0,0.0,0.0,0.0,0.0,0.0
20230824140916192,SZSE,SZSE.ETF.159922,5.88,5.88,5.926,5.843,0.0,6.441,5.27,76085958.0,0.0,447127461.656,0.0,0.0,0.0,20230824,20230824,140916193,5.855,0.0,0.0,5.88,5.879,5.878,5.877,5.876,0.0,0.0,0.0,0.0,0.0,5.882,5.883,5.884,5.885,5.886,0.0,0.0,0.0,0.0,0.0,100000.0,179000.0,782000.0,340000.0,201000.0,0.0,0.0,0.0,0.0,0.0,515100.0,180000.0,553100.0,184600.0,180000.0,0.0,0.0,0.0,0.0,0.0
20230824140918048,SZSE,SZSE.ETF.159922,5.88,5.88,5.926,5.843,0.0,6.441,5.27,76085958.0,0.0,447127461.656,0.0,0.0,0.0,20230824,20230824,140918047,5.855,0.0,0.0,5.88,5.879,5.878,5.877,5.876,0.0,0.0,0.0,0.0,0.0,5.882,5.883,5.884,5.885,5.886,0.0,0.0,0.0,0.0,0.0,100000.0,179000.0,782000.0,340000.0,201000.0,0.0,0.0,0.0,0.0,0.0,515100.0,180000.0,553100.0,184600.0,180000.0,0.0,0.0,0.0,0.0,0.0
20230824140919204,SZSE,SZSE.ETF.159922,5.88,5.88,5.926,5.843,0.0,6.441,5.27,76085958.0,0.0,447127461.656,0.0,0.0,0.0,20230824,20230824,140919205,5.855,0.0,0.0,5.88,5.879,5.878,5.877,5.876,0.0,0.0,0.0,0.0,0.0,5.882,5.883,5.884,5.885,5.886,0.0,0.0,0.0,0.0,0.0,100000.0,541000.0,540000.0,60000.0,235800.0,0.0,0.0,0.0,0.0,0.0,33100.0,692000.0,543100.0,129800.0,234800.0,0.0,0.0,0.0,0.0,0.0
20230824140921064,SZSE,SZSE.ETF.159922,5.88,5.88,5.926,5.843,0.0,6.441,5.27,76085958.0,0.0,447127461.656,0.0,0.0,0.0,20230824,20230824,140921062,5.855,0.0,0.0,5.88,5.879,5.878,5.877,5.876,0.0,0.0,0.0,0.0,0.0,5.882,5.883,5.884,5.885,5.886,0.0,0.0,0.0,0.0,0.0,100000.0,541000.0,540000.0,60000.0,235800.0,0.0,0.0,0.0,0.0,0.0,33100.0,692000.0,543100.0,129800.0,234800.0,0.0,0.0,0.0,0.0,0.0
20230824140922176,SZSE,SZSE.ETF.159922,5.88,5.88,5.926,5.843,0.0,6.441,5.27,76085958.0,0.0,447127461.656,0.0,0.0,0.0,20230824,20230824,140922177,5.855,0.0,0.0,5.88,5.879,5.878,5.877,5.876,0.0,0.0,0.0,0.0,0.0,5.882,5.883,5.884,5.885,5.886,0.0,0.0,0.0,0.0,0.0,100000.0,521000.0,240000.0,320000.0,255800.0,0.0,0.0,0.0,0.0,0.0,33100.0,652000.0,503100.0,80200.0,294800.0,0.0,0.0,0.0,0.0,0.0
20230824140924032,SZSE,SZSE.ETF.159922,5.88,5.88,5.926,5.843,0.0,6.441,5.27,76085958.0,0.0,447127461.656,0.0,0.0,0.0,20230824,20230824,140924031,5.855,0.0,0.0,5.88,5.879,5.878,5.877,5.876,0.0,0.0,0.0,0.0,0.0,5.882,5.883,5.884,5.885,5.886,0.0,0.0,0.0,0.0,0.0,100000.0,521000.0,240000.0,320000.0,255800.0,0.0,0.0,0.0,0.0,0.0,33100.0,652000.0,503100.0,80200.0,294800.0,0.0,0.0,0.0,0.0,0.0
20230824140927048,SZSE,SZSE.ETF.159922,5.88,5.88,5.926,5.843,0.0,6.441,5.27,76085958.0,0.0,447127461.656,0.0,0.0,0.0,20230824,20230824,140927047,5.855,0.0,0.0,5.881,5.88,5.879,5.878,5.877,0.0,0.0,0.0,0.0,0.0,5.882,5.883,5.884,5.885,5.886,0.0,0.0,0.0,0.0,0.0,100000.0,140000.0,502000.0,580000.0,60000.0,0.0,0.0,0.0,0.0,0.0,33100.0,552000.0,503100.0,219800.0,394800.0,0.0,0.0,0.0,0.0,0.0
20230824140925196,SZSE,SZSE.ETF.159922,5.88,5.88,5.926,5.843,0.0,6.441,5.27,76085958.0,0.0,447127461.656,0.0,0.0,0.0,20230824,20230824,140925195,5.855,0.0,0.0,5.881,5.88,5.879,5.878,5.877,0.0,0.0,0.0,0.0,0.0,5.882,5.883,5.884,5.885,5.886,0.0,0.0,0.0,0.0,0.0,100000.0,140000.0,502000.0,580000.0,60000.0,0.0,0.0,0.0,0.0,0.0,33100.0,552000.0,503100.0,219800.0,394800.0,0.0,0.0,0.0,0.0,0.0
20230824140930080,SZSE,SZSE.ETF.159922,5.88,5.88,5.926,5.843,0.0,6.441,5.27,76085958.0,0.0,447127461.656,0.0,0.0,0.0,20230824,20230824,140930079,5.855,0.0,0.0,5.882,5.881,5.88,5.879,5.878,0.0,0.0,0.0,0.0,0.0,5.883,5.884,5.885,5.886,5.887,0.0,0.0,0.0,0.0,0.0,100000.0,140000.0,502000.0,380000.0,280000.0,0.0,0.0,0.0,0.0,0.0,13400.0,482000.0,149800.0,364800.0,80000.0,0.0,0.0,0.0,0.0,0.0
20230824140928220,SZSE,SZSE.ETF.159922,5.88,5.88,5.926,5.843,0.0,6.441,5.27,76085958.0,0.0,447127461.656,0.0,0.0,0.0,20230824,20230824,140928219,5.855,0.0,0.0,5.882,5.881,5.88,5.879,5.878,0.0,0.0,0.0,0.0,0.0,5.883,5.884,5.885,5.886,5.887,0.0,0.0,0.0,0.0,0.0,100000.0,140000.0,502000.0,380000.0,280000.0,0.0,0.0,0.0,0.0,0.0,13400.0,482000.0,149800.0,364800.0,80000.0,0.0,0.0,0.0,0.0,0.0
20230824140931248,SZSE,SZSE.ETF.159922,5.88,5.88,5.926,5.843,0.0,6.441,5.27,76085958.0,0.0,447127461.656,0.0,0.0,0.0,20230824,20230824,140931246,5.855,0.0,0.0,5.882,5.881,5.88,5.879,5.878,0.0,0.0,0.0,0.0,0.0,5.884,5.885,5.886,5.887,5.888,0.0,0.0,0.0,0.0,0.0,100000.0,550000.0,492000.0,80000.0,334700.0,0.0,0.0,0.0,0.0,0.0,75400.0,570200.0,503100.0,254300.0,180000.0,0.0,0.0,0.0,0.0,0.0
20230824140933108,SZSE,SZSE.ETF.159922,5.88,5.88,5.926,5.843,0.0,6.441,5.27,76085958.0,0.0,447127461.656,0.0,0.0,0.0,20230824,20230824,140933109,5.855,0.0,0.0,5.882,5.881,5.88,5.879,5.878,0.0,0.0,0.0,0.0,0.0,5.884,5.885,5.886,5.887,5.888,0.0,0.0,0.0,0.0,0.0,100000.0,550000.0,492000.0,80000.0,334700.0,0.0,0.0,0.0,0.0,0.0,75400.0,570200.0,503100.0,254300.0,180000.0,0.0,0.0,0.0,0.0,0.0
20230824140936080,SZSE,SZSE.ETF.159922,5.88,5.88,5.926,5.843,0.0,6.441,5.27,76085958.0,0.0,447127461.656,0.0,0.0,0.0,20230824,20230824,140936078,5.855,0.0,0.0,5.882,5.881,5.88,5.879,5.878,0.0,0.0,0.0,0.0,0.0,5.884,5.885,5.886,5.887,5.888,0.0,0.0,0.0,0.0,0.0,100000.0,582000.0,340000.0,100000.0,354700.0,0.0,0.0,0.0,0.0,0.0,103400.0,692200.0,220000.0,343100.0,254700.0,0.0,0.0,0.0,0.0,0.0
20230824140939096,SZSE,SZSE.ETF.159922,5.88,5.88,5.926,5.843,0.0,6.441,5.27,76085958.0,0.0,447127461.656,0.0,0.0,0.0,20230824,20230824,140939094,5.855,0.0,0.0,5.882,5.881,5.88,5.879,5.878,0.0,0.0,0.0,0.0,0.0,5.884,5.885,5.886,5.887,5.888,0.0,0.0,0.0,0.0,0.0,100000.0,582000.0,320000.0,80000.0,214700.0,0.0,0.0,0.0,0.0,0.0,53400.0,592200.0,80000.0,343100.0,254700.0,0.0,0.0,0.0,0.0,0.0
20230824140937240,SZSE,SZSE.ETF.159922,5.88,5.88,5.926,5.843,0.0,6.441,5.27,76085958.0,0.0,447127461.656,0.0,0.0,0.0,20230824,20230824,140937240,5.855,0.0,0.0,5.882,5.881,5.88,5.879,5.878,0.0,0.0,0.0,0.0,0.0,5.884,5.885,5.886,5.887,5.888,0.0,0.0,0.0,0.0,0.0,100000.0,582000.0,320000.0,80000.0,214700.0,0.0,0.0,0.0,0.0,0.0,53400.0,592200.0,80000.0,343100.0,254700.0,0.0,0.0,0.0,0.0,0.0
20230824140942096,SZSE,SZSE.ETF.159922,5.88,5.88,5.926,5.843,0.0,6.441,5.27,76085958.0,0.0,447127461.656,0.0,0.0,0.0,20230824,20230824,140942094,5.855,0.0,0.0,5.882,5.881,5.88,5.879,5.878,0.0,0.0,0.0,0.0,0.0,5.884,5.885,5.886,5.887,5.888,0.0,0.0,0.0,0.0,0.0,340000.0,602000.0,280000.0,40000.0,354700.0,0.0,0.0,0.0,0.0,0.0,33300.0,352200.0,280000.0,413100.0,294700.0,0.0,0.0,0.0,0.0,0.0
20230824140940240,SZSE,SZSE.ETF.159922,5.88,5.88,5.926,5.843,0.0,6.441,5.27,76085958.0,0.0,447127461.656,0.0,0.0,0.0,20230824,20230824,140940241,5.855,0.0,0.0,5.882,5.881,5.88,5.879,5.878,0.0,0.0,0.0,0.0,0.0,5.884,5.885,5.886,5.887,5.888,0.0,0.0,0.0,0.0,0.0,340000.0,602000.0,280000.0,40000.0,354700.0,0.0,0.0,0.0,0.0,0.0,33300.0,352200.0,280000.0,413100.0,294700.0,0.0,0.0,0.0,0.0,0.0
20230824140945108,SZSE,SZSE.ETF.159922,5.88,5.88,5.926,5.843,0.0,6.441,5.27,76085958.0,0.0,447127461.656,0.0,0.0,0.0,20230824,20230824,140945109,5.855,0.0,0.0,5.882,5.881,5.88,5.879,5.878,0.0,0.0,0.0,0.0,0.0,5.884,5.885,5.886,5.887,5.888,0.0,0.0,0.0,0.0,0.0,340000.0,442000.0,480000.0,40000.0,354700.0,0.0,0.0,0.0,0.0,0.0,13400.0,312200.0,280000.0,393100.0,254700.0,0.0,0.0,0.0,0.0,0.0
20230824140943244,SZSE,SZSE.ETF.159922,5.88,5.88,5.926,5.843,0.0,6.441,5.27,76085958.0,0.0,447127461.656,0.0,0.0,0.0,20230824,20230824,140943243,5.855,0.0,0.0,5.882,5.881,5.88,5.879,5.878,0.0,0.0,0.0,0.0,0.0,5.884,5.885,5.886,5.887,5.888,0.0,0.0,0.0,0.0,0.0,340000.0,442000.0,480000.0,40000.0,354700.0,0.0,0.0,0.0,0.0,0.0,13400.0,312200.0,280000.0,393100.0,254700.0,0.0,0.0,0.0,0.0,0.0
20230824140948072,SZSE,SZSE.ETF.159922,5.88,5.88,5.926,5.843,0.0,6.441,5.27,76085958.0,0.0,447127461.656,0.0,0.0,0.0,20230824,20230824,140948072,5.855,0.0,0.0,5.882,5.881,5.88,5.879,5.878,0.0,0.0,0.0,0.0,0.0,5.885,5.886,5.887,5.888,5.889,0.0,0.0,0.0,0.0,0.0,100000.0,542000.0,480000.0,40000.0,334700.0,0.0,0.0,0.0,0.0,0.0,462200.0,220000.0,393100.0,234700.0,269600.0,0.0,0.0,0.0,0.0,0.0
20230824140946208,SZSE,SZSE.ETF.159922,5.88,5.88,5.926,5.843,0.0,6.441,5.27,76085958.0,0.0,447127461.656,0.0,0.0,0.0,20230824,20230824,140946207,5.855,0.0,0.0,5.882,5.881,5.88,5.879,5.878,0.0,0.0,0.0,0.0,0.0,5.885,5.886,5.887,5.888,5.889,0.0,0.0,0.0,0.0,0.0,100000.0,542000.0,480000.0,40000.0,334700.0,0.0,0.0,0.0,0.0,0.0,462200.0,220000.0,393100.0,234700.0,269600.0,0.0,0.0,0.0,0.0,0.0
20230824140951064,SZSE,SZSE.ETF.159922,5.88,5.88,5.926,5.843,0.0,6.441,5.27,76085958.0,0.0,447127461.656,0.0,0.0,0.0,20230824,20230824,140951062,5.855,0.0,0.0,5.881,5.88,5.879,5.878,5.877,0.0,0.0,0.0,0.0,0.0,5.883,5.884,5.885,5.886,5.887,0.0,0.0,0.0,0.0,0.0,202000.0,540000.0,260000.0,354700.0,80000.0,0.0,0.0,0.0,0.0,0.0,19900.0,639900.0,472200.0,350000.0,60000.0,0.0,0.0,0.0,0.0,0.0
20230824140949200,SZSE,SZSE.ETF.159922,5.88,5.88,5.926,5.843,0.0,6.441,5.27,76085958.0,0.0,447127461.656,0.0,0.0,0.0,20230824,20230824,140949200,5.855,0.0,0.0,5.881,5.88,5.879,5.878,5.877,0.0,0.0,0.0,0.0,0.0,5.883,5.884,5.885,5.886,5.887,0.0,0.0,0.0,0.0,0.0,202000.0,540000.0,260000.0,354700.0,80000.0,0.0,0.0,0.0,0.0,0.0,19900.0,639900.0,472200.0,350000.0,60000.0,0.0,0.0,0.0,0.0,0.0
20230824140954064,SZSE,SZSE.ETF.159922,5.88,5.88,5.926,5.843,0.0,6.441,5.27,76085958.0,0.0,447127461.656,0.0,0.0,0.0,20230824,20230824,140954062,5.855,0.0,0.0,5.881,5.88,5.879,5.878,5.877,0.0,0.0,0.0,0.0,0.0,5.884,5.885,5.886,5.887,5.888,0.0,0.0,0.0,0.0,0.0,100000.0,642000.0,300000.0,300000.0,134800.0,0.0,0.0,0.0,0.0,0.0,565300.0,250200.0,250000.0,184400.0,200000.0,0.0,0.0,0.0,0.0,0.0
20230824140952204,SZSE,SZSE.ETF.159922,5.88,5.88,5.926,5.843,0.0,6.441,5.27,76085958.0,0.0,447127461.656,0.0,0.0,0.0,20230824,20230824,140952203,5.855,0.0,0.0,5.881,5.88,5.879,5.878,5.877,0.0,0.0,0.0,0.0,0.0,5.884,5.885,5.886,5.887,5.888,0.0,0.0,0.0,0.0,0.0,100000.0,642000.0,300000.0,300000.0,134800.0,0.0,0.0,0.0,0.0,0.0,565300.0,250200.0,250000.0,184400.0,200000.0,0.0,0.0,0.0,0.0,0.0
20230824140955188,SZSE,SZSE.ETF.159922,5.88,5.88,5.926,5.843,0.0,6.441,5.27,76085958.0,0.0,447127461.656,0.0,0.0,0.0,20230824,20230824,140955188,5.855,0.0,0.0,5.881,5.88,5.879,5.878,5.877,0.0,0.0,0.0,0.0,0.0,5.883,5.884,5.885,5.886,5.887,0.0,0.0,0.0,0.0,0.0,112000.0,550000.0,260000.0,300000.0,134700.0,0.0,0.0,0.0,0.0,0.0,19900.0,593300.0,565300.0,250000.0,229600.0,0.0,0.0,0.0,0.0,0.0
20230824140957048,SZSE,SZSE.ETF.159922,5.88,5.88,5.926,5.843,0.0,6.441,5.27,76085958.0,0.0,447127461.656,0.0,0.0,0.0,20230824,20230824,140957047,5.855,0.0,0.0,5.881,5.88,5.879,5.878,5.877,0.0,0.0,0.0,0.0,0.0,5.883,5.884,5.885,5.886,5.887,0.0,0.0,0.0,0.0,0.0,112000.0,550000.0,260000.0,300000.0,134700.0,0.0,0.0,0.0,0.0,0.0,19900.0,593300.0,565300.0,250000.0,229600.0,0.0,0.0,0.0,0.0,0.0
20230824141000096,SZSE,SZSE.ETF.159922,5.88,5.88,5.926,5.843,0.0,6.441,5.27,76085958.0,0.0,447127461.656,0.0,0.0,0.0,20230824,20230824,141000094,5.855,0.0,0.0,5.881,5.88,5.879,5.878,5.877,0.0,0.0,0.0,0.0,0.0,5.883,5.884,5.885,5.886,5.887,0.0,0.0,0.0,0.0,0.0,340000.0,402000.0,300000.0,300000.0,134800.0,0.0,0.0,0.0,0.0,0.0,19900.0,705300.0,533300.0,230000.0,284400.0,0.0,0.0,0.0,0.0,0.0
20230824140958228,SZSE,SZSE.ETF.159922,5.88,5.88,5.926,5.843,0.0,6.441,5.27,76085958.0,0.0,447127461.656,0.0,0.0,0.0,20230824,20230824,140958229,5.855,0.0,0.0,5.881,5.88,5.879,5.878,5.877,0.0,0.0,0.0,0.0,0.0,5.883,5.884,5.885,5.886,5.887,0.0,0.0,0.0,0.0,0.0,340000.0,402000.0,300000.0,300000.0,134800.0,0.0,0.0,0.0,0.0,0.0,19900.0,705300.0,533300.0,230000.0,284400.0,0.0,0.0,0.0,0.0,0.0
20230824141003080,SZSE,SZSE.ETF.159922,5.88,5.88,5.926,5.843,0.0,6.441,5.27,76085958.0,0.0,447127461.656,0.0,0.0,0.0,20230824,20230824,141003078,5.855,0.0,0.0,5.881,5.88,5.879,5.878,5.877,0.0,0.0,0.0,0.0,0.0,5.883,5.884,5.885,5.886,5.887,0.0,0.0,0.0,0.0,0.0,340000.0,442000.0,300000.0,280000.0,134800.0,0.0,0.0,0.0,0.0,0.0,19900.0,705300.0,533300.0,230000.0,284400.0,0.0,0.0,0.0,0.0,0.0
20230824141006108,SZSE,SZSE.ETF.159922,5.88,5.88,5.926,5.843,0.0,6.441,5.27,76085958.0,0.0,447127461.656,0.0,0.0,0.0,20230824,20230824,141006109,5.855,0.0,0.0,5.882,5.881,5.88,5.879,5.878,0.0,0.0,0.0,0.0,0.0,5.884,5.885,5.886,5.887,5.888,0.0,0.0,0.0,0.0,0.0,100000.0,400000.0,682000.0,40000.0,280000.0,0.0,0.0,0.0,0.0,0.0,235300.0,370200.0,483100.0,304400.0,180000.0,0.0,0.0,0.0,0.0,0.0
20230824141004244,SZSE,SZSE.ETF.159922,5.88,5.88,5.926,5.843,0.0,6.441,5.27,76085958.0,0.0,447127461.656,0.0,0.0,0.0,20230824,20230824,141004245,5.855,0.0,0.0,5.882,5.881,5.88,5.879,5.878,0.0,0.0,0.0,0.0,0.0,5.884,5.885,5.886,5.887,5.888,0.0,0.0,0.0,0.0,0.0,100000.0,400000.0,682000.0,40000.0,280000.0,0.0,0.0,0.0,0.0,0.0,235300.0,370200.0,483100.0,304400.0,180000.0,0.0,0.0,0.0,0.0,0.0
20230824141009108,SZSE,SZSE.ETF.159922,5.88,5.88,5.926,5.843,0.0,6.441,5.27,76085958.0,0.0,447127461.656,0.0,0.0,0.0,20230824,20230824,141009109,5.855,0.0,0.0,5.882,5.881,5.88,5.879,5.878,0.0,0.0,0.0,0.0,0.0,5.885,5.886,5.887,5.888,5.889,0.0,0.0,0.0,0.0,0.0,660000.0,602000.0,220000.0,80000.0,254700.0,0.0,0.0,0.0,0.0,0.0,222200.0,320000.0,503100.0,234700.0,129600.0,0.0,0.0,0.0,0.0,0.0
20230824141007252,SZSE,SZSE.ETF.159922,5.88,5.88,5.926,5.843,0.0,6.441,5.27,76085958.0,0.0,447127461.656,0.0,0.0,0.0,20230824,20230824,141007253,5.855,0.0,0.0,5.882,5.881,5.88,5.879,5.878,0.0,0.0,0.0,0.0,0.0,5.885,5.886,5.887,5.888,5.889,0.0,0.0,0.0,0.0,0.0,660000.0,602000.0,220000.0,80000.0,254700.0,0.0,0.0,0.0,0.0,0.0,222200.0,320000.0,503100.0,234700.0,129600.0,0.0,0.0,0.0,0.0,0.0
20230824141012096,SZSE,SZSE.ETF.159922,5.88,5.88,5.926,5.843,0.0,6.441,5.27,76085958.0,0.0,447127461.656,0.0,0.0,0.0,20230824,20230824,141012094,5.855,0.0,0.0,5.883,5.882,5.881,5.88,5.879,0.0,0.0,0.0,0.0,0.0,5.885,5.886,5.887,5.888,5.889,0.0,0.0,0.0,0.0,0.0,200000.0,430000.0,452000.0,220000.0,40000.0,0.0,0.0,0.0,0.0,0.0,12200.0,503400.0,100000.0,573100.0,224300.0,0.0,0.0,0.0,0.0,0.0
20230824141010240,SZSE,SZSE.ETF.159922,5.88,5.88,5.926,5.843,0.0,6.441,5.27,76085958.0,0.0,447127461.656,0.0,0.0,0.0,20230824,20230824,141010239,5.855,0.0,0.0,5.883,5.882,5.881,5.88,5.879,0.0,0.0,0.0,0.0,0.0,5.885,5.886,5.887,5.888,5.889,0.0,0.0,0.0,0.0,0.0,200000.0,430000.0,452000.0,220000.0,40000.0,0.0,0.0,0.0,0.0,0.0,12200.0,503400.0,100000.0,573100.0,224300.0,0.0,0.0,0.0,0.0,0.0
20230824141015124,SZSE,SZSE.ETF.159922,5.88,5.88,5.926,5.843,0.0,6.441,5.27,76085958.0,0.0,447127461.656,0.0,0.0,0.0,20230824,20230824,141015125,5.855,0.0,0.0,5.883,5.882,5.881,5.88,5.879,0.0,0.0,0.0,0.0,0.0,5.885,5.886,5.887,5.888,5.889,0.0,0.0,0.0,0.0,0.0,100000.0,642000.0,340000.0,180000.0,94700.0,0.0,0.0,0.0,0.0,0.0,20100.0,515400.0,100000.0,463100.0,184300.0,0.0,0.0,0.0,0.0,0.0
20230824141013272,SZSE,SZSE.ETF.159922,5.88,5.88,5.926,5.843,0.0,6.441,5.27,76085958.0,0.0,447127461.656,0.0,0.0,0.0,20230824,20230824,141013270,5.855,0.0,0.0,5.883,5.882,5.881,5.88,5.879,0.0,0.0,0.0,0.0,0.0,5.885,5.886,5.887,5.888,5.889,0.0,0.0,0.0,0.0,0.0,100000.0,642000.0,340000.0,180000.0,94700.0,0.0,0.0,0.0,0.0,0.0,20100.0,515400.0,100000.0,463100.0,184300.0,0.0,0.0,0.0,0.0,0.0
20230824141018064,SZSE,SZSE.ETF.159922,5.88,5.88,5.926,5.843,0.0,6.441,5.27,76085958.0,0.0,447127461.656,0.0,0.0,0.0,20230824,20230824,141018062,5.855,0.0,0.0,5.883,5.882,5.881,5.88,5.879,0.0,0.0,0.0,0.0,0.0,5.885,5.886,5.887,5.888,5.889,0.0,0.0,0.0,0.0,0.0,100000.0,642000.0,340000.0,180000.0,114700.0,0.0,0.0,0.0,0.0,0.0,20100.0,705400.0,463100.0,230000.0,204300.0,0.0,0.0,0.0,0.0,0.0
20230824141016204,SZSE,SZSE.ETF.159922,5.88,5.88,5.926,5.843,0.0,6.441,5.27,76085958.0,0.0,447127461.656,0.0,0.0,0.0,20230824,20230824,141016203,5.855,0.0,0.0,5.883,5.882,5.881,5.88,5.879,0.0,0.0,0.0,0.0,0.0,5.885,5.886,5.887,5.888,5.889,0.0,0.0,0.0,0.0,0.0,100000.0,642000.0,340000.0,180000.0,114700.0,0.0,0.0,0.0,0.0,0.0,20100.0,705400.0,463100.0,230000.0,204300.0,0.0,0.0,0.0,0.0,0.0
20230824141019208,SZSE,SZSE.ETF.159922,5.88,5.88,5.926,5.843,0.0,6.441,5.27,76085958.0,0.0,447127461.656,0.0,0.0,0.0,20230824,20230824,141019206,5.855,0.0,0.0,5.883,5.882,5.881,5.88,5.879,0.0,0.0,0.0,0.0,0.0,5.884,5.885,5.886,5.887,5.888,0.0,0.0,0.0,0.0,0.0,100000.0,602000.0,340000.0,220000.0,114700.0,0.0,0.0,0.0,0.0,0.0,19900.0,60100.0,705400.0,493100.0,180000.0,0.0,0.0,0.0,0.0,0.0
20230824141021064,SZSE,SZSE.ETF.159922,5.88,5.88,5.926,5.843,0.0,6.441,5.27,76085958.0,0.0,447127461.656,0.0,0.0,0.0,20230824,20230824,141021062,5.855,0.0,0.0,5.883,5.882,5.881,5.88,5.879,0.0,0.0,0.0,0.0,0.0,5.884,5.885,5.886,5.887,5.888,0.0,0.0,0.0,0.0,0.0,100000.0,602000.0,340000.0,220000.0,114700.0,0.0,0.0,0.0,0.0,0.0,19900.0,60100.0,705400.0,493100.0,180000.0,0.0,0.0,0.0,0.0,0.0
20230824141024048,SZSE,SZSE.ETF.159922,5.883,5.88,5.926,5.843,0.0,6.441,5.27,76110758.0,24800.0,447273360.056,145898.39999997616,0.0,0.0,20230824,20230824,141024047,5.855,0.0,0.0,5.883,5.882,5.881,5.88,5.879,0.0,0.0,0.0,0.0,0.0,5.885,5.886,5.887,5.888,5.889,0.0,0.0,0.0,0.0,0.0,75200.0,562000.0,340000.0,220000.0,114700.0,0.0,0.0,0.0,0.0,0.0,20100.0,725400.0,443100.0,284700.0,149600.0,0.0,0.0,0.0,0.0,0.0
20230824141022184,SZSE,SZSE.ETF.159922,5.883,5.88,5.926,5.843,0.0,6.441,5.27,76110758.0,24800.0,447273360.056,145898.39999997616,0.0,0.0,20230824,20230824,141022185,5.855,0.0,0.0,5.883,5.882,5.881,5.88,5.879,0.0,0.0,0.0,0.0,0.0,5.885,5.886,5.887,5.888,5.889,0.0,0.0,0.0,0.0,0.0,75200.0,562000.0,340000.0,220000.0,114700.0,0.0,0.0,0.0,0.0,0.0,20100.0,725400.0,443100.0,284700.0,149600.0,0.0,0.0,0.0,0.0,0.0
20230824141027064,SZSE,SZSE.ETF.159922,5.883,5.88,5.926,5.843,0.0,6.441,5.27,76110758.0,0.0,447273360.056,0.0,0.0,0.0,20230824,20230824,141027062,5.855,0.0,0.0,5.883,5.882,5.881,5.88,5.879,0.0,0.0,0.0,0.0,0.0,5.885,5.886,5.887,5.888,5.889,0.0,0.0,0.0,0.0,0.0,75200.0,642000.0,340000.0,180000.0,114700.0,0.0,0.0,0.0,0.0,0.0,20100.0,705400.0,463100.0,270000.0,244300.0,0.0,0.0,0.0,0.0,0.0
20230824141030048,SZSE,SZSE.ETF.159922,5.883,5.88,5.926,5.843,0.0,6.441,5.27,76110758.0,0.0,447273360.056,0.0,0.0,0.0,20230824,20230824,141030047,5.855,0.0,0.0,5.883,5.882,5.881,5.88,5.879,0.0,0.0,0.0,0.0,0.0,5.884,5.885,5.886,5.887,5.888,0.0,0.0,0.0,0.0,0.0,77700.0,342000.0,340000.0,440000.0,94700.0,0.0,0.0,0.0,0.0,0.0,19900.0,310100.0,572000.0,533100.0,220000.0,0.0,0.0,0.0,0.0,0.0
20230824141031180,SZSE,SZSE.ETF.159922,5.883,5.88,5.926,5.843,0.0,6.441,5.27,76113258.0,2500.0,447288067.556,14707.5,0.0,0.0,20230824,20230824,141031181,5.855,0.0,0.0,5.882,5.881,5.88,5.879,5.878,0.0,0.0,0.0,0.0,0.0,5.883,5.884,5.885,5.886,5.887,0.0,0.0,0.0,0.0,0.0,12000.0,272500.0,400000.0,334700.0,300000.0,0.0,0.0,0.0,0.0,0.0,17400.0,259900.0,340100.0,665100.0,180000.0,0.0,0.0,0.0,0.0,0.0
20230824141033080,SZSE,SZSE.ETF.159922,5.883,5.88,5.926,5.843,0.0,6.441,5.27,76113258.0,2500.0,447288067.556,14707.5,0.0,0.0,20230824,20230824,141033078,5.855,0.0,0.0,5.882,5.881,5.88,5.879,5.878,0.0,0.0,0.0,0.0,0.0,5.883,5.884,5.885,5.886,5.887,0.0,0.0,0.0,0.0,0.0,12000.0,272500.0,400000.0,334700.0,300000.0,0.0,0.0,0.0,0.0,0.0,17400.0,259900.0,340100.0,665100.0,180000.0,0.0,0.0,0.0,0.0,0.0
20230824141036032,SZSE,SZSE.ETF.159922,5.883,5.88,5.926,5.843,0.0,6.441,5.27,76113258.0,0.0,447288067.556,0.0,0.0,0.0,20230824,20230824,141036031,5.855,0.0,0.0,5.882,5.881,5.88,5.879,5.878,0.0,0.0,0.0,0.0,0.0,5.884,5.885,5.886,5.887,5.888,0.0,0.0,0.0,0.0,0.0,100000.0,342500.0,302000.0,320000.0,354700.0,0.0,0.0,0.0,0.0,0.0,352800.0,410100.0,533100.0,284300.0,180000.0,0.0,0.0,0.0,0.0,0.0
20230824141034180,SZSE,SZSE.ETF.159922,5.883,5.88,5.926,5.843,0.0,6.441,5.27,76113258.0,0.0,447288067.556,0.0,0.0,0.0,20230824,20230824,141034181,5.855,0.0,0.0,5.882,5.881,5.88,5.879,5.878,0.0,0.0,0.0,0.0,0.0,5.884,5.885,5.886,5.887,5.888,0.0,0.0,0.0,0.0,0.0,100000.0,342500.0,302000.0,320000.0,354700.0,0.0,0.0,0.0,0.0,0.0,352800.0,410100.0,533100.0,284300.0,180000.0,0.0,0.0,0.0,0.0,0.0
20230824141037208,SZSE,SZSE.ETF.159922,5.883,5.88,5.926,5.843,0.0,6.441,5.27,76113258.0,0.0,447288067.556,0.0,0.0,0.0,20230824,20230824,141037207,5.855,0.0,0.0,5.882,5.881,5.88,5.879,5.878,0.0,0.0,0.0,0.0,0.0,5.883,5.884,5.885,5.886,5.887,0.0,0.0,0.0,0.0,0.0,100000.0,154500.0,450000.0,320000.0,394700.0,0.0,0.0,0.0,0.0,0.0,17400.0,270800.0,392100.0,523100.0,190000.0,0.0,0.0,0.0,0.0,0.0
20230824141039064,SZSE,SZSE.ETF.159922,5.883,5.88,5.926,5.843,0.0,6.441,5.27,76113258.0,0.0,447288067.556,0.0,0.0,0.0,20230824,20230824,141039063,5.855,0.0,0.0,5.882,5.881,5.88,5.879,5.878,0.0,0.0,0.0,0.0,0.0,5.883,5.884,5.885,5.886,5.887,0.0,0.0,0.0,0.0,0.0,100000.0,154500.0,450000.0,320000.0,394700.0,0.0,0.0,0.0,0.0,0.0,17400.0,270800.0,392100.0,523100.0,190000.0,0.0,0.0,0.0,0.0,0.0
20230824141042028,SZSE,SZSE.ETF.159922,5.883,5.88,5.926,5.843,0.0,6.441,5.27,76113258.0,0.0,447288067.556,0.0,0.0,0.0,20230824,20230824,141042027,5.855,0.0,0.0,5.882,5.881,5.88,5.879,5.878,0.0,0.0,0.0,0.0,0.0,5.883,5.884,5.885,5.886,5.887,0.0,0.0,0.0,0.0,0.0,100000.0,394500.0,490000.0,80000.0,354700.0,0.0,0.0,0.0,0.0,0.0,17400.0,110800.0,572100.0,513100.0,284300.0,0.0,0.0,0.0,0.0,0.0
20230824141040164,SZSE,SZSE.ETF.159922,5.883,5.88,5.926,5.843,0.0,6.441,5.27,76113258.0,0.0,447288067.556,0.0,0.0,0.0,20230824,20230824,141040163,5.855,0.0,0.0,5.882,5.881,5.88,5.879,5.878,0.0,0.0,0.0,0.0,0.0,5.883,5.884,5.885,5.886,5.887,0.0,0.0,0.0,0.0,0.0,100000.0,394500.0,490000.0,80000.0,354700.0,0.0,0.0,0.0,0.0,0.0,17400.0,110800.0,572100.0,513100.0,284300.0,0.0,0.0,0.0,0.0,0.0
20230824141045064,SZSE,SZSE.ETF.159922,5.883,5.88,5.926,5.843,0.0,6.441,5.27,76113258.0,0.0,447288067.556,0.0,0.0,0.0,20230824,20230824,141045064,5.855,0.0,0.0,5.882,5.881,5.88,5.879,5.878,0.0,0.0,0.0,0.0,0.0,5.883,5.884,5.885,5.886,5.887,0.0,0.0,0.0,0.0,0.0,102500.0,400000.0,642000.0,40000.0,354700.0,0.0,0.0,0.0,0.0,0.0,17400.0,322800.0,360100.0,513100.0,284300.0,0.0,0.0,0.0,0.0,0.0
20230824141043200,SZSE,SZSE.ETF.159922,5.883,5.88,5.926,5.843,0.0,6.441,5.27,76113258.0,0.0,447288067.556,0.0,0.0,0.0,20230824,20230824,141043199,5.855,0.0,0.0,5.882,5.881,5.88,5.879,5.878,0.0,0.0,0.0,0.0,0.0,5.883,5.884,5.885,5.886,5.887,0.0,0.0,0.0,0.0,0.0,102500.0,400000.0,642000.0,40000.0,354700.0,0.0,0.0,0.0,0.0,0.0,17400.0,322800.0,360100.0,513100.0,284300.0,0.0,0.0,0.0,0.0,0.0
20230824141046156,SZSE,SZSE.ETF.159922,5.883,5.88,5.926,5.843,0.0,6.441,5.27,76113258.0,0.0,447288067.556,0.0,0.0,0.0,20230824,20230824,141046155,5.855,0.0,0.0,5.882,5.881,5.88,5.879,5.878,0.0,0.0,0.0,0.0,0.0,5.884,5.885,5.886,5.887,5.888,0.0,0.0,0.0,0.0,0.0,102500.0,412000.0,630000.0,40000.0,374700.0,0.0,0.0,0.0,0.0,0.0,70800.0,572100.0,533100.0,304300.0,180000.0,0.0,0.0,0.0,0.0,0.0
20230824141048020,SZSE,SZSE.ETF.159922,5.883,5.88,5.926,5.843,0.0,6.441,5.27,76113258.0,0.0,447288067.556,0.0,0.0,0.0,20230824,20230824,141048021,5.855,0.0,0.0,5.882,5.881,5.88,5.879,5.878,0.0,0.0,0.0,0.0,0.0,5.884,5.885,5.886,5.887,5.888,0.0,0.0,0.0,0.0,0.0,102500.0,412000.0,630000.0,40000.0,374700.0,0.0,0.0,0.0,0.0,0.0,70800.0,572100.0,533100.0,304300.0,180000.0,0.0,0.0,0.0,0.0,0.0
20230824141049184,SZSE,SZSE.ETF.159922,5.883,5.88,5.926,5.843,0.0,6.441,5.27,76113258.0,0.0,447288067.556,0.0,0.0,0.0,20230824,20230824,141049183,5.855,0.0,0.0,5.882,5.881,5.88,5.879,5.878,0.0,0.0,0.0,0.0,0.0,5.884,5.885,5.886,5.887,5.888,0.0,0.0,0.0,0.0,0.0,102500.0,412000.0,630000.0,40000.0,374700.0,0.0,0.0,0.0,0.0,0.0,30800.0,592100.0,543100.0,299600.0,234700.0,0.0,0.0,0.0,0.0,0.0
20230824141051088,SZSE,SZSE.ETF.159922,5.883,5.88,5.926,5.843,0.0,6.441,5.27,76113258.0,0.0,447288067.556,0.0,0.0,0.0,20230824,20230824,141051090,5.855,0.0,0.0,5.882,5.881,5.88,5.879,5.878,0.0,0.0,0.0,0.0,0.0,5.884,5.885,5.886,5.887,5.888,0.0,0.0,0.0,0.0,0.0,102500.0,412000.0,630000.0,40000.0,374700.0,0.0,0.0,0.0,0.0,0.0,30800.0,592100.0,543100.0,299600.0,234700.0,0.0,0.0,0.0,0.0,0.0
20230824141054032,SZSE,SZSE.ETF.159922,5.883,5.88,5.926,5.843,0.0,6.441,5.27,76113258.0,0.0,447288067.556,0.0,0.0,0.0,20230824,20230824,141054032,5.855,0.0,0.0,5.883,5.882,5.881,5.88,5.879,0.0,0.0,0.0,0.0,0.0,5.885,5.886,5.887,5.888,5.889,0.0,0.0,0.0,0.0,0.0,2500.0,400000.0,252000.0,570000.0,40000.0,0.0,0.0,0.0,0.0,0.0,363000.0,420000.0,463100.0,274700.0,169600.0,0.0,0.0,0.0,0.0,0.0
20230824141057048,SZSE,SZSE.ETF.159922,5.883,5.88,5.926,5.843,0.0,6.441,5.27,76113258.0,0.0,447288067.556,0.0,0.0,0.0,20230824,20230824,141057047,5.855,0.0,0.0,5.883,5.882,5.881,5.88,5.879,0.0,0.0,0.0,0.0,0.0,5.885,5.886,5.887,5.888,5.889,0.0,0.0,0.0,0.0,0.0,2500.0,562000.0,400000.0,180000.0,94700.0,0.0,0.0,0.0,0.0,0.0,161000.0,732000.0,463100.0,180000.0,184300.0,0.0,0.0,0.0,0.0,0.0
20230824141055192,SZSE,SZSE.ETF.159922,5.883,5.88,5.926,5.843,0.0,6.441,5.27,76113258.0,0.0,447288067.556,0.0,0.0,0.0,20230824,20230824,141055192,5.855,0.0,0.0,5.883,5.882,5.881,5.88,5.879,0.0,0.0,0.0,0.0,0.0,5.885,5.886,5.887,5.888,5.889,0.0,0.0,0.0,0.0,0.0,2500.0,562000.0,400000.0,180000.0,94700.0,0.0,0.0,0.0,0.0,0.0,161000.0,732000.0,463100.0,180000.0,184300.0,0.0,0.0,0.0,0.0,0.0
20230824141100048,SZSE,SZSE.ETF.159922,5.883,5.88,5.926,5.843,0.0,6.441,5.27,76113258.0,0.0,447288067.556,0.0,0.0,0.0,20230824,20230824,141100047,5.855,0.0,0.0,5.882,5.881,5.88,5.879,5.878,0.0,0.0,0.0,0.0,0.0,5.884,5.885,5.886,5.887,5.888,0.0,0.0,0.0,0.0,0.0,344500.0,400000.0,380000.0,114700.0,160000.0,0.0,0.0,0.0,0.0,0.0,17400.0,361000.0,532000.0,533100.0,180000.0,0.0,0.0,0.0,0.0,0.0
20230824141058196,SZSE,SZSE.ETF.159922,5.883,5.88,5.926,5.843,0.0,6.441,5.27,76113258.0,0.0,447288067.556,0.0,0.0,0.0,20230824,20230824,141058195,5.855,0.0,0.0,5.882,5.881,5.88,5.879,5.878,0.0,0.0,0.0,0.0,0.0,5.884,5.885,5.886,5.887,5.888,0.0,0.0,0.0,0.0,0.0,344500.0,400000.0,380000.0,114700.0,160000.0,0.0,0.0,0.0,0.0,0.0,17400.0,361000.0,532000.0,533100.0,180000.0,0.0,0.0,0.0,0.0,0.0
20230824141103096,SZSE,SZSE.ETF.159922,5.883,5.88,5.926,5.843,0.0,6.441,5.27,76113258.0,0.0,447288067.556,0.0,0.0,0.0,20230824,20230824,141103094,5.855,0.0,0.0,5.882,5.881,5.88,5.879,5.878,0.0,0.0,0.0,0.0,0.0,5.884,5.885,5.886,5.887,5.888,0.0,0.0,0.0,0.0,0.0,372500.0,452000.0,400000.0,80000.0,334700.0,0.0,0.0,0.0,0.0,0.0,17400.0,373000.0,500000.0,473100.0,234700.0,0.0,0.0,0.0,0.0,0.0
20230824141101236,SZSE,SZSE.ETF.159922,5.883,5.88,5.926,5.843,0.0,6.441,5.27,76113258.0,0.0,447288067.556,0.0,0.0,0.0,20230824,20230824,141101236,5.855,0.0,0.0,5.882,5.881,5.88,5.879,5.878,0.0,0.0,0.0,0.0,0.0,5.884,5.885,5.886,5.887,5.888,0.0,0.0,0.0,0.0,0.0,372500.0,452000.0,400000.0,80000.0,334700.0,0.0,0.0,0.0,0.0,0.0,17400.0,373000.0,500000.0,473100.0,234700.0,0.0,0.0,0.0,0.0,0.0
20230824141104272,SZSE,SZSE.ETF.159922,5.883,5.88,5.926,5.843,0.0,6.441,5.27,76113258.0,0.0,447288067.556,0.0,0.0,0.0,20230824,20230824,141104273,5.855,0.0,0.0,5.884,5.883,5.882,5.881,5.88,0.0,0.0,0.0,0.0,0.0,5.885,5.886,5.887,5.888,5.889,0.0,0.0,0.0,0.0,0.0,102500.0,360000.0,530000.0,172000.0,180000.0,0.0,0.0,0.0,0.0,0.0,29600.0,360000.0,360000.0,517800.0,149600.0,0.0,0.0,0.0,0.0,0.0
20230824141106132,SZSE,SZSE.ETF.159922,5.883,5.88,5.926,5.843,0.0,6.441,5.27,76113258.0,0.0,447288067.556,0.0,0.0,0.0,20230824,20230824,141106132,5.855,0.0,0.0,5.884,5.883,5.882,5.881,5.88,0.0,0.0,0.0,0.0,0.0,5.885,5.886,5.887,5.888,5.889,0.0,0.0,0.0,0.0,0.0,102500.0,360000.0,530000.0,172000.0,180000.0,0.0,0.0,0.0,0.0,0.0,29600.0,360000.0,360000.0,517800.0,149600.0,0.0,0.0,0.0,0.0,0.0
20230824141109108,SZSE,SZSE.ETF.159922,5.885,5.88,5.926,5.843,0.0,6.441,5.27,76115758.0,2500.0,447302780.056,14712.5,0.0,0.0,20230824,20230824,141109109,5.855,0.0,0.0,5.885,5.884,5.883,5.882,5.881,0.0,0.0,0.0,0.0,0.0,5.886,5.887,5.888,5.889,5.89,0.0,0.0,0.0,0.0,0.0,2300.0,550000.0,600000.0,380000.0,40000.0,0.0,0.0,0.0,0.0,0.0,19900.0,77600.0,590000.0,627400.0,220000.0,0.0,0.0,0.0,0.0,0.0
20230824141107252,SZSE,SZSE.ETF.159922,5.885,5.88,5.926,5.843,0.0,6.441,5.27,76115758.0,2500.0,447302780.056,14712.5,0.0,0.0,20230824,20230824,141107252,5.855,0.0,0.0,5.885,5.884,5.883,5.882,5.881,0.0,0.0,0.0,0.0,0.0,5.886,5.887,5.888,5.889,5.89,0.0,0.0,0.0,0.0,0.0,2300.0,550000.0,600000.0,380000.0,40000.0,0.0,0.0,0.0,0.0,0.0,19900.0,77600.0,590000.0,627400.0,220000.0,0.0,0.0,0.0,0.0,0.0
20230824141110276,SZSE,SZSE.ETF.159922,5.885,5.88,5.926,5.843,0.0,6.441,5.27,76115758.0,0.0,447302780.056,0.0,0.0,0.0,20230824,20230824,141110275,5.855,0.0,0.0,5.885,5.884,5.883,5.882,5.881,0.0,0.0,0.0,0.0,0.0,5.886,5.887,5.888,5.889,5.89,0.0,0.0,0.0,0.0,0.0,2300.0,340000.0,390000.0,400000.0,214700.0,0.0,0.0,0.0,0.0,0.0,19900.0,287600.0,460000.0,473100.0,254700.0,0.0,0.0,0.0,0.0,0.0
20230824141112140,SZSE,SZSE.ETF.159922,5.885,5.88,5.926,5.843,0.0,6.441,5.27,76115758.0,0.0,447302780.056,0.0,0.0,0.0,20230824,20230824,141112141,5.855,0.0,0.0,5.885,5.884,5.883,5.882,5.881,0.0,0.0,0.0,0.0,0.0,5.886,5.887,5.888,5.889,5.89,0.0,0.0,0.0,0.0,0.0,2300.0,340000.0,390000.0,400000.0,214700.0,0.0,0.0,0.0,0.0,0.0,19900.0,287600.0,460000.0,473100.0,254700.0,0.0,0.0,0.0,0.0,0.0
20230824141115172,SZSE,SZSE.ETF.159922,5.885,5.88,5.926,5.843,0.0,6.441,5.27,76115758.0,0.0,447302780.056,0.0,0.0,0.0,20230824,20230824,141115172,5.855,0.0,0.0,5.885,5.884,5.883,5.882,5.881,0.0,0.0,0.0,0.0,0.0,5.887,5.888,5.889,5.89,5.891,0.0,0.0,0.0,0.0,0.0,2300.0,360000.0,590000.0,180000.0,214700.0,0.0,0.0,0.0,0.0,0.0,207600.0,320000.0,483100.0,304700.0,129600.0,0.0,0.0,0.0,0.0,0.0
20230824141118220,SZSE,SZSE.ETF.159922,5.885,5.88,5.926,5.843,0.0,6.441,5.27,76115758.0,0.0,447302780.056,0.0,0.0,0.0,20230824,20230824,141118220,5.855,0.0,0.0,5.885,5.884,5.883,5.882,5.881,0.0,0.0,0.0,0.0,0.0,5.888,5.889,5.89,5.891,5.892,0.0,0.0,0.0,0.0,0.0,752300.0,540000.0,80000.0,180000.0,214700.0,0.0,0.0,0.0,0.0,0.0,113400.0,610000.0,220000.0,517400.0,180600.0,0.0,0.0,0.0,0.0,0.0
20230824141121140,SZSE,SZSE.ETF.159922,5.885,5.88,5.926,5.843,0.0,6.441,5.27,76115758.0,0.0,447302780.056,0.0,0.0,0.0,20230824,20230824,141121141,5.855,0.0,0.0,5.885,5.884,5.883,5.882,5.881,0.0,0.0,0.0,0.0,0.0,5.888,5.889,5.89,5.891,5.892,0.0,0.0,0.0,0.0,0.0,592300.0,580000.0,120000.0,180000.0,214700.0,0.0,0.0,0.0,0.0,0.0,73400.0,640000.0,523100.0,90000.0,235300.0,0.0,0.0,0.0,0.0,0.0
20230824141124140,SZSE,SZSE.ETF.159922,5.885,5.88,5.926,5.843,0.0,6.441,5.27,76115758.0,0.0,447302780.056,0.0,0.0,0.0,20230824,20230824,141124141,5.855,0.0,0.0,5.885,5.884,5.883,5.882,5.881,0.0,0.0,0.0,0.0,0.0,5.888,5.889,5.89,5.891,5.892,0.0,0.0,0.0,0.0,0.0,592300.0,580000.0,120000.0,180000.0,194700.0,0.0,0.0,0.0,0.0,0.0,73400.0,640000.0,503100.0,90000.0,235300.0,0.0,0.0,0.0,0.0,0.0
20230824141127064,SZSE,SZSE.ETF.159922,5.885,5.88,5.926,5.843,0.0,6.441,5.27,76115758.0,0.0,447302780.056,0.0,0.0,0.0,20230824,20230824,141127062,5.855,0.0,0.0,5.885,5.884,5.883,5.882,5.881,0.0,0.0,0.0,0.0,0.0,5.887,5.888,5.889,5.89,5.891,0.0,0.0,0.0,0.0,0.0,272300.0,580000.0,320000.0,180000.0,214700.0,0.0,0.0,0.0,0.0,0.0,19900.0,273400.0,440000.0,483100.0,90000.0,0.0,0.0,0.0,0.0,0.0
20230824141130064,SZSE,SZSE.ETF.159922,5.885,5.88,5.926,5.843,0.0,6.441,5.27,76115758.0,0.0,447302780.056,0.0,0.0,0.0,20230824,20230824,141130063,5.855,0.0,0.0,5.885,5.884,5.883,5.882,5.881,0.0,0.0,0.0,0.0,0.0,5.886,5.887,5.888,5.889,5.89,0.0,0.0,0.0,0.0,0.0,2300.0,380000.0,530000.0,200000.0,214700.0,0.0,0.0,0.0,0.0,0.0,19900.0,73300.0,680000.0,613100.0,230000.0,0.0,0.0,0.0,0.0,0.0
20230824141128216,SZSE,SZSE.ETF.159922,5.885,5.88,5.926,5.843,0.0,6.441,5.27,76115758.0,0.0,447302780.056,0.0,0.0,0.0,20230824,20230824,141128215,5.855,0.0,0.0,5.885,5.884,5.883,5.882,5.881,0.0,0.0,0.0,0.0,0.0,5.886,5.887,5.888,5.889,5.89,0.0,0.0,0.0,0.0,0.0,2300.0,380000.0,530000.0,200000.0,214700.0,0.0,0.0,0.0,0.0,0.0,19900.0,73300.0,680000.0,613100.0,230000.0,0.0,0.0,0.0,0.0,0.0
20230824141133096,SZSE,SZSE.ETF.159922,5.885,5.88,5.926,5.843,0.0,6.441,5.27,76115758.0,0.0,447302780.056,0.0,0.0,0.0,20230824,20230824,141133094,5.855,0.0,0.0,5.885,5.884,5.883,5.882,5.881,0.0,0.0,0.0,0.0,0.0,5.887,5.888,5.889,5.89,5.891,0.0,0.0,0.0,0.0,0.0,302300.0,590000.0,100000.0,180000.0,214700.0,0.0,0.0,0.0,0.0,0.0,19900.0,553400.0,400000.0,284700.0,129600.0,0.0,0.0,0.0,0.0,0.0
20230824141131236,SZSE,SZSE.ETF.159922,5.885,5.88,5.926,5.843,0.0,6.441,5.27,76115758.0,0.0,447302780.056,0.0,0.0,0.0,20230824,20230824,141131235,5.855,0.0,0.0,5.885,5.884,5.883,5.882,5.881,0.0,0.0,0.0,0.0,0.0,5.887,5.888,5.889,5.89,5.891,0.0,0.0,0.0,0.0,0.0,302300.0,590000.0,100000.0,180000.0,214700.0,0.0,0.0,0.0,0.0,0.0,19900.0,553400.0,400000.0,284700.0,129600.0,0.0,0.0,0.0,0.0,0.0
20230824141136096,SZSE,SZSE.ETF.159922,5.885,5.88,5.926,5.843,0.0,6.441,5.27,76140158.0,24400.0,447446374.056,143594.0,0.0,0.0,20230824,20230824,141136094,5.855,0.0,0.0,5.886,5.885,5.884,5.883,5.882,0.0,0.0,0.0,0.0,0.0,5.888,5.889,5.89,5.891,5.892,0.0,0.0,0.0,0.0,0.0,240000.0,417900.0,582000.0,40000.0,60000.0,0.0,0.0,0.0,0.0,0.0,262000.0,180000.0,400000.0,517400.0,200600.0,0.0,0.0,0.0,0.0,0.0
20230824141134232,SZSE,SZSE.ETF.159922,5.885,5.88,5.926,5.843,0.0,6.441,5.27,76140158.0,24400.0,447446374.056,143594.0,0.0,0.0,20230824,20230824,141134234,5.855,0.0,0.0,5.886,5.885,5.884,5.883,5.882,0.0,0.0,0.0,0.0,0.0,5.888,5.889,5.89,5.891,5.892,0.0,0.0,0.0,0.0,0.0,240000.0,417900.0,582000.0,40000.0,60000.0,0.0,0.0,0.0,0.0,0.0,262000.0,180000.0,400000.0,517400.0,200600.0,0.0,0.0,0.0,0.0,0.0
20230824141139080,SZSE,SZSE.ETF.159922,5.885,5.88,5.926,5.843,0.0,6.441,5.27,76140158.0,0.0,447446374.056,0.0,0.0,0.0,20230824,20230824,141139078,5.855,0.0,0.0,5.886,5.885,5.884,5.883,5.882,0.0,0.0,0.0,0.0,0.0,5.888,5.889,5.89,5.891,5.892,0.0,0.0,0.0,0.0,0.0,470000.0,229900.0,560000.0,40000.0,114700.0,0.0,0.0,0.0,0.0,0.0,59900.0,565300.0,260000.0,323100.0,285300.0,0.0,0.0,0.0,0.0,0.0
20230824141137224,SZSE,SZSE.ETF.159922,5.885,5.88,5.926,5.843,0.0,6.441,5.27,76140158.0,0.0,447446374.056,0.0,0.0,0.0,20230824,20230824,141137223,5.855,0.0,0.0,5.886,5.885,5.884,5.883,5.882,0.0,0.0,0.0,0.0,0.0,5.888,5.889,5.89,5.891,5.892,0.0,0.0,0.0,0.0,0.0,470000.0,229900.0,560000.0,40000.0,114700.0,0.0,0.0,0.0,0.0,0.0,59900.0,565300.0,260000.0,323100.0,285300.0,0.0,0.0,0.0,0.0,0.0
20230824141142064,SZSE,SZSE.ETF.159922,5.885,5.88,5.926,5.843,0.0,6.441,5.27,76140158.0,0.0,447446374.056,0.0,0.0,0.0,20230824,20230824,141142063,5.855,0.0,0.0,5.886,5.885,5.884,5.883,5.882,0.0,0.0,0.0,0.0,0.0,5.888,5.889,5.89,5.891,5.892,0.0,0.0,0.0,0.0,0.0,190000.0,429900.0,620000.0,40000.0,254700.0,0.0,0.0,0.0,0.0,0.0,59900.0,475300.0,220000.0,373100.0,255300.0,0.0,0.0,0.0,0.0,0.0
20230824141140208,SZSE,SZSE.ETF.159922,5.885,5.88,5.926,5.843,0.0,6.441,5.27,76140158.0,0.0,447446374.056,0.0,0.0,0.0,20230824,20230824,141140207,5.855,0.0,0.0,5.886,5.885,5.884,5.883,5.882,0.0,0.0,0.0,0.0,0.0,5.888,5.889,5.89,5.891,5.892,0.0,0.0,0.0,0.0,0.0,190000.0,429900.0,620000.0,40000.0,254700.0,0.0,0.0,0.0,0.0,0.0,59900.0,475300.0,220000.0,373100.0,255300.0,0.0,0.0,0.0,0.0,0.0
20230824141143232,SZSE,SZSE.ETF.159922,5.885,5.88,5.926,5.843,0.0,6.441,5.27,76140158.0,0.0,447446374.056,0.0,0.0,0.0,20230824,20230824,141143234,5.855,0.0,0.0,5.886,5.885,5.884,5.883,5.882,0.0,0.0,0.0,0.0,0.0,5.888,5.889,5.89,5.891,5.892,0.0,0.0,0.0,0.0,0.0,290000.0,429900.0,560000.0,40000.0,134700.0,0.0,0.0,0.0,0.0,0.0,59900.0,461900.0,220000.0,373100.0,295300.0,0.0,0.0,0.0,0.0,0.0
20230824141145096,SZSE,SZSE.ETF.159922,5.885,5.88,5.926,5.843,0.0,6.441,5.27,76140158.0,0.0,447446374.056,0.0,0.0,0.0,20230824,20230824,141145094,5.855,0.0,0.0,5.886,5.885,5.884,5.883,5.882,0.0,0.0,0.0,0.0,0.0,5.888,5.889,5.89,5.891,5.892,0.0,0.0,0.0,0.0,0.0,290000.0,429900.0,560000.0,40000.0,134700.0,0.0,0.0,0.0,0.0,0.0,59900.0,461900.0,220000.0,373100.0,295300.0,0.0,0.0,0.0,0.0,0.0
20230824141146212,SZSE,SZSE.ETF.159922,5.885,5.88,5.926,5.843,0.0,6.441,5.27,76140158.0,0.0,447446374.056,0.0,0.0,0.0,20230824,20230824,141146212,5.855,0.0,0.0,5.887,5.886,5.885,5.884,5.883,0.0,0.0,0.0,0.0,0.0,5.888,5.889,5.89,5.891,5.892,0.0,0.0,0.0,0.0,0.0,200000.0,590000.0,469900.0,360000.0,40000.0,0.0,0.0,0.0,0.0,0.0,59900.0,261900.0,420000.0,40000.0,588400.0,0.0,0.0,0.0,0.0,0.0
20230824141148080,SZSE,SZSE.ETF.159922,5.885,5.88,5.926,5.843,0.0,6.441,5.27,76140158.0,0.0,447446374.056,0.0,0.0,0.0,20230824,20230824,141148078,5.855,0.0,0.0,5.887,5.886,5.885,5.884,5.883,0.0,0.0,0.0,0.0,0.0,5.888,5.889,5.89,5.891,5.892,0.0,0.0,0.0,0.0,0.0,200000.0,590000.0,469900.0,360000.0,40000.0,0.0,0.0,0.0,0.0,0.0,59900.0,261900.0,420000.0,40000.0,588400.0,0.0,0.0,0.0,0.0,0.0
20230824141151080,SZSE,SZSE.ETF.159922,5.888,5.88,5.926,5.843,0.0,6.441,5.27,76180158.0,40000.0,447681894.056,235520.0,0.0,0.0,20230824,20230824,141151078,5.855,0.0,0.0,5.888,5.887,5.886,5.885,5.884,0.0,0.0,0.0,0.0,0.0,5.889,5.89,5.891,5.892,5.893,0.0,0.0,0.0,0.0,0.0,20000.0,650000.0,600000.0,249900.0,180000.0,0.0,0.0,0.0,0.0,0.0,12000.0,80000.0,450000.0,275300.0,602900.0,0.0,0.0,0.0,0.0,0.0
20230824141149216,SZSE,SZSE.ETF.159922,5.888,5.88,5.926,5.843,0.0,6.441,5.27,76180158.0,40000.0,447681894.056,235520.0,0.0,0.0,20230824,20230824,141149217,5.855,0.0,0.0,5.888,5.887,5.886,5.885,5.884,0.0,0.0,0.0,0.0,0.0,5.889,5.89,5.891,5.892,5.893,0.0,0.0,0.0,0.0,0.0,20000.0,650000.0,600000.0,249900.0,180000.0,0.0,0.0,0.0,0.0,0.0,12000.0,80000.0,450000.0,275300.0,602900.0,0.0,0.0,0.0,0.0,0.0
20230824141154048,SZSE,SZSE.ETF.159922,5.888,5.88,5.926,5.843,0.0,6.441,5.27,76180158.0,0.0,447681894.056,0.0,0.0,0.0,20230824,20230824,141154047,5.855,0.0,0.0,5.887,5.886,5.885,5.884,5.883,0.0,0.0,0.0,0.0,0.0,5.89,5.891,5.892,5.893,5.894,0.0,0.0,0.0,0.0,0.0,462000.0,620000.0,157900.0,254700.0,140000.0,0.0,0.0,0.0,0.0,0.0,20000.0,482000.0,200600.0,588000.0,220000.0,0.0,0.0,0.0,0.0,0.0
20230824141152192,SZSE,SZSE.ETF.159922,5.888,5.88,5.926,5.843,0.0,6.441,5.27,76180158.0,0.0,447681894.056,0.0,0.0,0.0,20230824,20230824,141152192,5.855,0.0,0.0,5.887,5.886,5.885,5.884,5.883,0.0,0.0,0.0,0.0,0.0,5.89,5.891,5.892,5.893,5.894,0.0,0.0,0.0,0.0,0.0,462000.0,620000.0,157900.0,254700.0,140000.0,0.0,0.0,0.0,0.0,0.0,20000.0,482000.0,200600.0,588000.0,220000.0,0.0,0.0,0.0,0.0,0.0
20230824141157048,SZSE,SZSE.ETF.159922,5.888,5.88,5.926,5.843,0.0,6.441,5.27,76180158.0,0.0,447681894.056,0.0,0.0,0.0,20230824,20230824,141157047,5.855,0.0,0.0,5.888,5.887,5.886,5.885,5.884,0.0,0.0,0.0,0.0,0.0,5.891,5.892,5.893,5.894,5.895,0.0,0.0,0.0,0.0,0.0,220000.0,642000.0,400000.0,40000.0,200000.0,0.0,0.0,0.0,0.0,0.0,222000.0,280600.0,343300.0,284700.0,281700.0,0.0,0.0,0.0,0.0,0.0
20230824141155188,SZSE,SZSE.ETF.159922,5.888,5.88,5.926,5.843,0.0,6.441,5.27,76180158.0,0.0,447681894.056,0.0,0.0,0.0,20230824,20230824,141155189,5.855,0.0,0.0,5.888,5.887,5.886,5.885,5.884,0.0,0.0,0.0,0.0,0.0,5.891,5.892,5.893,5.894,5.895,0.0,0.0,0.0,0.0,0.0,220000.0,642000.0,400000.0,40000.0,200000.0,0.0,0.0,0.0,0.0,0.0,222000.0,280600.0,343300.0,284700.0,281700.0,0.0,0.0,0.0,0.0,0.0
20230824141200096,SZSE,SZSE.ETF.159922,5.888,5.88,5.926,5.843,0.0,6.441,5.27,76180158.0,0.0,447681894.056,0.0,0.0,0.0,20230824,20230824,141200098,5.855,0.0,0.0,5.887,5.886,5.885,5.884,5.883,0.0,0.0,0.0,0.0,0.0,5.89,5.891,5.892,5.893,5.894,0.0,0.0,0.0,0.0,0.0,602000.0,600000.0,80000.0,254700.0,140000.0,0.0,0.0,0.0,0.0,0.0,219900.0,302000.0,444000.0,130200.0,180000.0,0.0,0.0,0.0,0.0,0.0
20230824141158236,SZSE,SZSE.ETF.159922,5.888,5.88,5.926,5.843,0.0,6.441,5.27,76180158.0,0.0,447681894.056,0.0,0.0,0.0,20230824,20230824,141158237,5.855,0.0,0.0,5.887,5.886,5.885,5.884,5.883,0.0,0.0,0.0,0.0,0.0,5.89,5.891,5.892,5.893,5.894,0.0,0.0,0.0,0.0,0.0,602000.0,600000.0,80000.0,254700.0,140000.0,0.0,0.0,0.0,0.0,0.0,219900.0,302000.0,444000.0,130200.0,180000.0,0.0,0.0,0.0,0.0,0.0
20230824141203064,SZSE,SZSE.ETF.159922,5.888,5.88,5.926,5.843,0.0,6.441,5.27,76180158.0,0.0,447681894.056,0.0,0.0,0.0,20230824,20230824,141203063,5.855,0.0,0.0,5.887,5.886,5.885,5.884,5.883,0.0,0.0,0.0,0.0,0.0,5.889,5.89,5.891,5.892,5.893,0.0,0.0,0.0,0.0,0.0,242000.0,440000.0,300000.0,200000.0,194700.0,0.0,0.0,0.0,0.0,0.0,19900.0,259900.0,365400.0,843100.0,100200.0,0.0,0.0,0.0,0.0,0.0
20230824141206108,SZSE,SZSE.ETF.159922,5.888,5.88,5.926,5.843,0.0,6.441,5.27,76180158.0,0.0,447681894.056,0.0,0.0,0.0,20230824,20230824,141206109,5.855,0.0,0.0,5.887,5.886,5.885,5.884,5.883,0.0,0.0,0.0,0.0,0.0,5.89,5.891,5.892,5.893,5.894,0.0,0.0,0.0,0.0,0.0,790000.0,392000.0,40000.0,180000.0,214700.0,0.0,0.0,0.0,0.0,0.0,31900.0,560000.0,583100.0,234500.0,180000.0,0.0,0.0,0.0,0.0,0.0
20230824141204256,SZSE,SZSE.ETF.159922,5.888,5.88,5.926,5.843,0.0,6.441,5.27,76180158.0,0.0,447681894.056,0.0,0.0,0.0,20230824,20230824,141204254,5.855,0.0,0.0,5.887,5.886,5.885,5.884,5.883,0.0,0.0,0.0,0.0,0.0,5.89,5.891,5.892,5.893,5.894,0.0,0.0,0.0,0.0,0.0,790000.0,392000.0,40000.0,180000.0,214700.0,0.0,0.0,0.0,0.0,0.0,31900.0,560000.0,583100.0,234500.0,180000.0,0.0,0.0,0.0,0.0,0.0
20230824141209108,SZSE,SZSE.ETF.159922,5.888,5.88,5.926,5.843,0.0,6.441,5.27,76180158.0,0.0,447681894.056,0.0,0.0,0.0,20230824,20230824,141209109,5.855,0.0,0.0,5.888,5.887,5.886,5.885,5.884,0.0,0.0,0.0,0.0,0.0,5.89,5.891,5.892,5.893,5.894,0.0,0.0,0.0,0.0,0.0,190000.0,400000.0,612000.0,80000.0,180000.0,0.0,0.0,0.0,0.0,0.0,31900.0,260000.0,510000.0,393300.0,234700.0,0.0,0.0,0.0,0.0,0.0
20230824141207248,SZSE,SZSE.ETF.159922,5.888,5.88,5.926,5.843,0.0,6.441,5.27,76180158.0,0.0,447681894.056,0.0,0.0,0.0,20230824,20230824,141207250,5.855,0.0,0.0,5.888,5.887,5.886,5.885,5.884,0.0,0.0,0.0,0.0,0.0,5.89,5.891,5.892,5.893,5.894,0.0,0.0,0.0,0.0,0.0,190000.0,400000.0,612000.0,80000.0,180000.0,0.0,0.0,0.0,0.0,0.0,31900.0,260000.0,510000.0,393300.0,234700.0,0.0,0.0,0.0,0.0,0.0
