time,exchg,code,price,open,high,low,settle_price,upper_limit,lower_limit,total_volume,volume,total_turnover,turnover,open_interest,diff_interest,trading_date,action_date,action_time,pre_close,pre_settle,pre_interest,bid_price_0,bid_price_1,bid_price_2,bid_price_3,bid_price_4,bid_price_5,bid_price_6,bid_price_7,bid_price_8,bid_price_9,ask_price_0,ask_price_1,ask_price_2,ask_price_3,ask_price_4,ask_price_5,ask_price_6,ask_price_7,ask_price_8,ask_price_9,bid_qty_0,bid_qty_1,bid_qty_2,bid_qty_3,bid_qty_4,bid_qty_5,bid_qty_6,bid_qty_7,bid_qty_8,bid_qty_9,ask_qty_0,ask_qty_1,ask_qty_2,ask_qty_3,ask_qty_4,ask_qty_5,ask_qty_6,ask_qty_7,ask_qty_8,ask_qty_9
20230824133624080,SZSE,SZSE.ETF.159919,3.876,3.844,3.888,3.84,0.0,4.215,3.449,244358564.0,0.0,943087683.09,0.0,0.0,0.0,20230824,20230824,133624082,3.832,0.0,0.0,3.876,3.875,3.874,3.873,3.872,0.0,0.0,0.0,0.0,0.0,3.877,3.878,3.879,3.88,3.881,0.0,0.0,0.0,0.0,0.0,402900.0,1359594.0,1939100.0,1085600.0,273000.0,0.0,0.0,0.0,0.0,0.0,900000.0,1300300.0,1627100.0,1849900.0,572200.0,0.0,0.0,0.0,0.0,0.0
20230824133622332,SZSE,SZSE.ETF.159919,3.876,3.844,3.888,3.84,0.0,4.215,3.449,244358564.0,0.0,943087683.09,0.0,0.0,0.0,20230824,20230824,133622333,3.832,0.0,0.0,3.876,3.875,3.874,3.873,3.872,0.0,0.0,0.0,0.0,0.0,3.877,3.878,3.879,3.88,3.881,0.0,0.0,0.0,0.0,0.0,402900.0,1359594.0,1939100.0,1085600.0,273000.0,0.0,0.0,0.0,0.0,0.0,900000.0,1300300.0,1627100.0,1849900.0,572200.0,0.0,0.0,0.0,0.0,0.0
20230824133624000,SZSE,SZSE.ETF.159919,3.876,3.844,3.888,3.84,0.0,4.215,3.449,244358564.0,0.0,943087683.09,0.0,0.0,0.0,20230824,20230824,133624000,3.832,0.0,0.0,3.876,3.875,3.874,3.873,3.872,0.0,0.0,0.0,0.0,0.0,3.877,3.878,3.879,3.88,3.881,0.0,0.0,0.0,0.0,0.0,402900.0,1359594.0,1939100.0,1085600.0,273000.0,0.0,0.0,0.0,0.0,0.0,900000.0,1300300.0,1627100.0,1849900.0,572200.0,0.0,0.0,0.0,0.0,0.0
20230824133625316,SZSE,SZSE.ETF.159919,3.876,3.844,3.888,3.84,0.0,4.215,3.449,244359064.0,500.0,943089621.09,1938.0,0.0,0.0,20230824,20230824,133625317,3.832,0.0,0.0,3.876,3.875,3.874,3.873,3.872,0.0,0.0,0.0,0.0,0.0,3.877,3.878,3.879,3.88,3.881,0.0,0.0,0.0,0.0,0.0,2500.0,659594.0,1750800.0,2073900.0,303000.0,0.0,0.0,0.0,0.0,0.0,900000.0,1300300.0,1627100.0,1849900.0,492400.0,0.0,0.0,0.0,0.0,0.0
20230824133627068,SZSE,SZSE.ETF.159919,3.876,3.844,3.888,3.84,0.0,4.215,3.449,244359064.0,500.0,943089621.09,1938.0,0.0,0.0,20230824,20230824,133627067,3.832,0.0,0.0,3.876,3.875,3.874,3.873,3.872,0.0,0.0,0.0,0.0,0.0,3.877,3.878,3.879,3.88,3.881,0.0,0.0,0.0,0.0,0.0,2500.0,659594.0,1750800.0,2073900.0,303000.0,0.0,0.0,0.0,0.0,0.0,900000.0,1300300.0,1627100.0,1849900.0,492400.0,0.0,0.0,0.0,0.0,0.0
20230824133627000,SZSE,SZSE.ETF.159919,3.876,3.844,3.888,3.84,0.0,4.215,3.449,244359064.0,500.0,943089621.09,1938.0,0.0,0.0,20230824,20230824,133627000,3.832,0.0,0.0,3.876,3.875,3.874,3.873,3.872,0.0,0.0,0.0,0.0,0.0,3.877,3.878,3.879,3.88,3.881,0.0,0.0,0.0,0.0,0.0,2500.0,659594.0,1750800.0,2073900.0,303000.0,0.0,0.0,0.0,0.0,0.0,900000.0,1300300.0,1627100.0,1849900.0,492400.0,0.0,0.0,0.0,0.0,0.0
20230824133630040,SZSE,SZSE.ETF.159919,3.876,3.844,3.888,3.84,0.0,4.215,3.449,244359064.0,0.0,943089621.09,0.0,0.0,0.0,20230824,20230824,133630038,3.832,0.0,0.0,3.876,3.875,3.874,3.873,3.872,0.0,0.0,0.0,0.0,0.0,3.878,3.879,3.88,3.881,3.882,0.0,0.0,0.0,0.0,0.0,429400.0,1159594.0,2721200.0,253500.0,403000.0,0.0,0.0,0.0,0.0,0.0,713800.0,2227100.0,975600.0,863700.0,747400.0,0.0,0.0,0.0,0.0,0.0
20230824133628288,SZSE,SZSE.ETF.159919,3.876,3.844,3.888,3.84,0.0,4.215,3.449,244359064.0,0.0,943089621.09,0.0,0.0,0.0,20230824,20230824,133628290,3.832,0.0,0.0,3.876,3.875,3.874,3.873,3.872,0.0,0.0,0.0,0.0,0.0,3.878,3.879,3.88,3.881,3.882,0.0,0.0,0.0,0.0,0.0,429400.0,1159594.0,2721200.0,253500.0,403000.0,0.0,0.0,0.0,0.0,0.0,713800.0,2227100.0,975600.0,863700.0,747400.0,0.0,0.0,0.0,0.0,0.0
20230824133630000,SZSE,SZSE.ETF.159919,3.876,3.844,3.888,3.84,0.0,4.215,3.449,244359064.0,0.0,943089621.09,0.0,0.0,0.0,20230824,20230824,133630000,3.832,0.0,0.0,3.876,3.875,3.874,3.873,3.872,0.0,0.0,0.0,0.0,0.0,3.878,3.879,3.88,3.881,3.882,0.0,0.0,0.0,0.0,0.0,429400.0,1159594.0,2721200.0,253500.0,403000.0,0.0,0.0,0.0,0.0,0.0,713800.0,2227100.0,975600.0,863700.0,747400.0,0.0,0.0,0.0,0.0,0.0
20230824133631316,SZSE,SZSE.ETF.159919,3.876,3.844,3.888,3.84,0.0,4.215,3.449,244359064.0,0.0,943089621.09,0.0,0.0,0.0,20230824,20230824,133631316,3.832,0.0,0.0,3.876,3.875,3.874,3.873,3.872,0.0,0.0,0.0,0.0,0.0,3.877,3.878,3.879,3.88,3.881,0.0,0.0,0.0,0.0,0.0,429400.0,1269594.0,2112100.0,852600.0,408700.0,0.0,0.0,0.0,0.0,0.0,5000.0,703800.0,1934100.0,1725600.0,1101700.0,0.0,0.0,0.0,0.0,0.0
20230824133633068,SZSE,SZSE.ETF.159919,3.876,3.844,3.888,3.84,0.0,4.215,3.449,244359064.0,0.0,943089621.09,0.0,0.0,0.0,20230824,20230824,133633067,3.832,0.0,0.0,3.876,3.875,3.874,3.873,3.872,0.0,0.0,0.0,0.0,0.0,3.877,3.878,3.879,3.88,3.881,0.0,0.0,0.0,0.0,0.0,429400.0,1269594.0,2112100.0,852600.0,408700.0,0.0,0.0,0.0,0.0,0.0,5000.0,703800.0,1934100.0,1725600.0,1101700.0,0.0,0.0,0.0,0.0,0.0
20230824133633000,SZSE,SZSE.ETF.159919,3.876,3.844,3.888,3.84,0.0,4.215,3.449,244359064.0,0.0,943089621.09,0.0,0.0,0.0,20230824,20230824,133633000,3.832,0.0,0.0,3.876,3.875,3.874,3.873,3.872,0.0,0.0,0.0,0.0,0.0,3.877,3.878,3.879,3.88,3.881,0.0,0.0,0.0,0.0,0.0,429400.0,1269594.0,2112100.0,852600.0,408700.0,0.0,0.0,0.0,0.0,0.0,5000.0,703800.0,1934100.0,1725600.0,1101700.0,0.0,0.0,0.0,0.0,0.0
20230824133706132,SZSE,SZSE.ETF.159919,3.876,3.844,3.888,3.84,0.0,4.215,3.449,244429664.0,6500.0,943363264.19,25194.0,0.0,0.0,20230824,20230824,133706132,3.832,0.0,0.0,3.876,3.875,3.874,3.873,3.872,0.0,0.0,0.0,0.0,0.0,3.877,3.878,3.879,3.88,3.881,0.0,0.0,0.0,0.0,0.0,601000.0,618994.0,2653800.0,869500.0,300000.0,0.0,0.0,0.0,0.0,0.0,432500.0,2235500.0,1778200.0,2614900.0,950200.0,0.0,0.0,0.0,0.0,0.0
20230824133709116,SZSE,SZSE.ETF.159919,3.876,3.844,3.888,3.84,0.0,4.215,3.449,244465171.0,35507.0,943500889.322,137625.13199996948,0.0,0.0,20230824,20230824,133709115,3.832,0.0,0.0,3.876,3.875,3.874,3.873,3.872,0.0,0.0,0.0,0.0,0.0,3.877,3.878,3.879,3.88,3.881,0.0,0.0,0.0,0.0,0.0,927193.0,618994.0,2671200.0,126500.0,330000.0,0.0,0.0,0.0,0.0,0.0,422500.0,1745500.0,2478200.0,2552900.0,489400.0,0.0,0.0,0.0,0.0,0.0
20230824133710296,SZSE,SZSE.ETF.159919,3.876,3.844,3.888,3.84,0.0,4.215,3.449,244665971.0,200800.0,944279190.122,778300.7999999523,0.0,0.0,20230824,20230824,133710298,3.832,0.0,0.0,3.876,3.875,3.874,3.873,3.872,0.0,0.0,0.0,0.0,0.0,3.877,3.878,3.879,3.88,3.881,0.0,0.0,0.0,0.0,0.0,826393.0,1219494.0,2220700.0,126500.0,330000.0,0.0,0.0,0.0,0.0,0.0,332500.0,1645500.0,2378200.0,1128600.0,1863700.0,0.0,0.0,0.0,0.0,0.0
20230824133712048,SZSE,SZSE.ETF.159919,3.876,3.844,3.888,3.84,0.0,4.215,3.449,244665971.0,200800.0,944279190.122,778300.7999999523,0.0,0.0,20230824,20230824,133712049,3.832,0.0,0.0,3.876,3.875,3.874,3.873,3.872,0.0,0.0,0.0,0.0,0.0,3.877,3.878,3.879,3.88,3.881,0.0,0.0,0.0,0.0,0.0,826393.0,1219494.0,2220700.0,126500.0,330000.0,0.0,0.0,0.0,0.0,0.0,332500.0,1645500.0,2378200.0,1128600.0,1863700.0,0.0,0.0,0.0,0.0,0.0
20230824133712000,SZSE,SZSE.ETF.159919,3.876,3.844,3.888,3.84,0.0,4.215,3.449,244665971.0,200800.0,944279190.122,778300.7999999523,0.0,0.0,20230824,20230824,133712000,3.832,0.0,0.0,3.876,3.875,3.874,3.873,3.872,0.0,0.0,0.0,0.0,0.0,3.877,3.878,3.879,3.88,3.881,0.0,0.0,0.0,0.0,0.0,826393.0,1219494.0,2220700.0,126500.0,330000.0,0.0,0.0,0.0,0.0,0.0,332500.0,1645500.0,2378200.0,1128600.0,1863700.0,0.0,0.0,0.0,0.0,0.0
20230824133715064,SZSE,SZSE.ETF.159919,3.877,3.844,3.888,3.84,0.0,4.215,3.449,244998471.0,332500.0,945568292.622,1289102.5,0.0,0.0,20230824,20230824,133715065,3.832,0.0,0.0,3.876,3.875,3.874,3.873,3.872,0.0,0.0,0.0,0.0,0.0,3.878,3.879,3.88,3.881,3.882,0.0,0.0,0.0,0.0,0.0,962700.0,728994.0,2811200.0,126500.0,330000.0,0.0,0.0,0.0,0.0,0.0,1635500.0,2388200.0,1278600.0,1863700.0,747400.0,0.0,0.0,0.0,0.0,0.0
20230824133718068,SZSE,SZSE.ETF.159919,3.877,3.844,3.888,3.84,0.0,4.215,3.449,244998471.0,0.0,945568292.622,0.0,0.0,0.0,20230824,20230824,133718067,3.832,0.0,0.0,3.876,3.875,3.874,3.873,3.872,0.0,0.0,0.0,0.0,0.0,3.877,3.878,3.879,3.88,3.881,0.0,0.0,0.0,0.0,0.0,962700.0,528994.0,2258200.0,529500.0,509600.0,0.0,0.0,0.0,0.0,0.0,100000.0,2835500.0,1288200.0,1178600.0,1230400.0,0.0,0.0,0.0,0.0,0.0
20230824133716316,SZSE,SZSE.ETF.159919,3.877,3.844,3.888,3.84,0.0,4.215,3.449,244998471.0,0.0,945568292.622,0.0,0.0,0.0,20230824,20230824,133716317,3.832,0.0,0.0,3.876,3.875,3.874,3.873,3.872,0.0,0.0,0.0,0.0,0.0,3.877,3.878,3.879,3.88,3.881,0.0,0.0,0.0,0.0,0.0,962700.0,528994.0,2258200.0,529500.0,509600.0,0.0,0.0,0.0,0.0,0.0,100000.0,2835500.0,1288200.0,1178600.0,1230400.0,0.0,0.0,0.0,0.0,0.0
20230824133718000,SZSE,SZSE.ETF.159919,3.877,3.844,3.888,3.84,0.0,4.215,3.449,244998471.0,0.0,945568292.622,0.0,0.0,0.0,20230824,20230824,133718000,3.832,0.0,0.0,3.876,3.875,3.874,3.873,3.872,0.0,0.0,0.0,0.0,0.0,3.877,3.878,3.879,3.88,3.881,0.0,0.0,0.0,0.0,0.0,962700.0,528994.0,2258200.0,529500.0,509600.0,0.0,0.0,0.0,0.0,0.0,100000.0,2835500.0,1288200.0,1178600.0,1230400.0,0.0,0.0,0.0,0.0,0.0
20230824133721156,SZSE,SZSE.ETF.159919,3.876,3.844,3.888,3.84,0.0,4.215,3.449,245006171.0,7700.0,945598137.822,29845.200000047684,0.0,0.0,20230824,20230824,133721157,3.832,0.0,0.0,3.876,3.875,3.874,3.873,3.872,0.0,0.0,0.0,0.0,0.0,3.877,3.878,3.879,3.88,3.881,0.0,0.0,0.0,0.0,0.0,955000.0,690194.0,2062100.0,725600.0,330000.0,0.0,0.0,0.0,0.0,0.0,100000.0,2835500.0,1188200.0,2551900.0,589400.0,0.0,0.0,0.0,0.0,0.0
20230824133724048,SZSE,SZSE.ETF.159919,3.876,3.844,3.888,3.84,0.0,4.215,3.449,245006171.0,0.0,945598137.822,0.0,0.0,0.0,20230824,20230824,133724049,3.832,0.0,0.0,3.876,3.875,3.874,3.873,3.872,0.0,0.0,0.0,0.0,0.0,3.877,3.878,3.879,3.88,3.881,0.0,0.0,0.0,0.0,0.0,955000.0,683194.0,2072100.0,725600.0,330000.0,0.0,0.0,0.0,0.0,0.0,100000.0,2845500.0,1478200.0,2551900.0,319400.0,0.0,0.0,0.0,0.0,0.0
20230824133722300,SZSE,SZSE.ETF.159919,3.876,3.844,3.888,3.84,0.0,4.215,3.449,245006171.0,0.0,945598137.822,0.0,0.0,0.0,20230824,20230824,133722299,3.832,0.0,0.0,3.876,3.875,3.874,3.873,3.872,0.0,0.0,0.0,0.0,0.0,3.877,3.878,3.879,3.88,3.881,0.0,0.0,0.0,0.0,0.0,955000.0,683194.0,2072100.0,725600.0,330000.0,0.0,0.0,0.0,0.0,0.0,100000.0,2845500.0,1478200.0,2551900.0,319400.0,0.0,0.0,0.0,0.0,0.0
20230824133724000,SZSE,SZSE.ETF.159919,3.876,3.844,3.888,3.84,0.0,4.215,3.449,245006171.0,0.0,945598137.822,0.0,0.0,0.0,20230824,20230824,133724000,3.832,0.0,0.0,3.876,3.875,3.874,3.873,3.872,0.0,0.0,0.0,0.0,0.0,3.877,3.878,3.879,3.88,3.881,0.0,0.0,0.0,0.0,0.0,955000.0,683194.0,2072100.0,725600.0,330000.0,0.0,0.0,0.0,0.0,0.0,100000.0,2845500.0,1478200.0,2551900.0,319400.0,0.0,0.0,0.0,0.0,0.0
20230824133727040,SZSE,SZSE.ETF.159919,3.876,3.844,3.888,3.84,0.0,4.215,3.449,245006171.0,0.0,945598137.822,0.0,0.0,0.0,20230824,20230824,133727038,3.832,0.0,0.0,3.876,3.875,3.874,3.873,3.872,0.0,0.0,0.0,0.0,0.0,3.877,3.878,3.879,3.88,3.881,0.0,0.0,0.0,0.0,0.0,955000.0,1183694.0,1203300.0,1243900.0,330000.0,0.0,0.0,0.0,0.0,0.0,100000.0,1645500.0,2078200.0,2551900.0,219400.0,0.0,0.0,0.0,0.0,0.0
20230824133725288,SZSE,SZSE.ETF.159919,3.876,3.844,3.888,3.84,0.0,4.215,3.449,245006171.0,0.0,945598137.822,0.0,0.0,0.0,20230824,20230824,133725289,3.832,0.0,0.0,3.876,3.875,3.874,3.873,3.872,0.0,0.0,0.0,0.0,0.0,3.877,3.878,3.879,3.88,3.881,0.0,0.0,0.0,0.0,0.0,955000.0,1183694.0,1203300.0,1243900.0,330000.0,0.0,0.0,0.0,0.0,0.0,100000.0,1645500.0,2078200.0,2551900.0,219400.0,0.0,0.0,0.0,0.0,0.0
20230824133727000,SZSE,SZSE.ETF.159919,3.876,3.844,3.888,3.84,0.0,4.215,3.449,245006171.0,0.0,945598137.822,0.0,0.0,0.0,20230824,20230824,133727000,3.832,0.0,0.0,3.876,3.875,3.874,3.873,3.872,0.0,0.0,0.0,0.0,0.0,3.877,3.878,3.879,3.88,3.881,0.0,0.0,0.0,0.0,0.0,955000.0,1183694.0,1203300.0,1243900.0,330000.0,0.0,0.0,0.0,0.0,0.0,100000.0,1645500.0,2078200.0,2551900.0,219400.0,0.0,0.0,0.0,0.0,0.0
20230824133730024,SZSE,SZSE.ETF.159919,3.877,3.844,3.888,3.84,0.0,4.215,3.449,245106171.0,100000.0,945985837.822,387700.0,0.0,0.0,20230824,20230824,133730025,3.832,0.0,0.0,3.877,3.876,3.875,3.874,3.873,0.0,0.0,0.0,0.0,0.0,3.878,3.879,3.88,3.881,3.882,0.0,0.0,0.0,0.0,0.0,982000.0,382000.0,1796694.0,1507700.0,126500.0,0.0,0.0,0.0,0.0,0.0,1003800.0,1506100.0,1727600.0,2193700.0,514400.0,0.0,0.0,0.0,0.0,0.0
20230824133728276,SZSE,SZSE.ETF.159919,3.877,3.844,3.888,3.84,0.0,4.215,3.449,245106171.0,100000.0,945985837.822,387700.0,0.0,0.0,20230824,20230824,133728276,3.832,0.0,0.0,3.877,3.876,3.875,3.874,3.873,0.0,0.0,0.0,0.0,0.0,3.878,3.879,3.88,3.881,3.882,0.0,0.0,0.0,0.0,0.0,982000.0,382000.0,1796694.0,1507700.0,126500.0,0.0,0.0,0.0,0.0,0.0,1003800.0,1506100.0,1727600.0,2193700.0,514400.0,0.0,0.0,0.0,0.0,0.0
20230824133730000,SZSE,SZSE.ETF.159919,3.877,3.844,3.888,3.84,0.0,4.215,3.449,245106171.0,100000.0,945985837.822,387700.0,0.0,0.0,20230824,20230824,133730000,3.832,0.0,0.0,3.877,3.876,3.875,3.874,3.873,0.0,0.0,0.0,0.0,0.0,3.878,3.879,3.88,3.881,3.882,0.0,0.0,0.0,0.0,0.0,982000.0,382000.0,1796694.0,1507700.0,126500.0,0.0,0.0,0.0,0.0,0.0,1003800.0,1506100.0,1727600.0,2193700.0,514400.0,0.0,0.0,0.0,0.0,0.0
20230824133733048,SZSE,SZSE.ETF.159919,3.877,3.844,3.888,3.84,0.0,4.215,3.449,245106171.0,0.0,945985837.822,0.0,0.0,0.0,20230824,20230824,133733050,3.832,0.0,0.0,3.876,3.875,3.874,3.873,3.872,0.0,0.0,0.0,0.0,0.0,3.878,3.879,3.88,3.881,3.882,0.0,0.0,0.0,0.0,0.0,982000.0,1223694.0,2280700.0,156500.0,418900.0,0.0,0.0,0.0,0.0,0.0,1221700.0,2306100.0,1027600.0,1701700.0,663800.0,0.0,0.0,0.0,0.0,0.0
20230824133731300,SZSE,SZSE.ETF.159919,3.877,3.844,3.888,3.84,0.0,4.215,3.449,245106171.0,0.0,945985837.822,0.0,0.0,0.0,20230824,20230824,133731300,3.832,0.0,0.0,3.876,3.875,3.874,3.873,3.872,0.0,0.0,0.0,0.0,0.0,3.878,3.879,3.88,3.881,3.882,0.0,0.0,0.0,0.0,0.0,982000.0,1223694.0,2280700.0,156500.0,418900.0,0.0,0.0,0.0,0.0,0.0,1221700.0,2306100.0,1027600.0,1701700.0,663800.0,0.0,0.0,0.0,0.0,0.0
20230824133733000,SZSE,SZSE.ETF.159919,3.877,3.844,3.888,3.84,0.0,4.215,3.449,245106171.0,0.0,945985837.822,0.0,0.0,0.0,20230824,20230824,133733000,3.832,0.0,0.0,3.876,3.875,3.874,3.873,3.872,0.0,0.0,0.0,0.0,0.0,3.878,3.879,3.88,3.881,3.882,0.0,0.0,0.0,0.0,0.0,982000.0,1223694.0,2280700.0,156500.0,418900.0,0.0,0.0,0.0,0.0,0.0,1221700.0,2306100.0,1027600.0,1701700.0,663800.0,0.0,0.0,0.0,0.0,0.0
20230824133736072,SZSE,SZSE.ETF.159919,3.876,3.844,3.888,3.84,0.0,4.215,3.449,245106471.0,300.0,945987000.622,1162.7999999523163,0.0,0.0,20230824,20230824,133736070,3.832,0.0,0.0,3.876,3.875,3.874,3.873,3.872,0.0,0.0,0.0,0.0,0.0,3.877,3.878,3.879,3.88,3.881,0.0,0.0,0.0,0.0,0.0,981700.0,1194194.0,2310700.0,126500.0,382800.0,0.0,0.0,0.0,0.0,0.0,500000.0,721000.0,2588200.0,1027600.0,1701700.0,0.0,0.0,0.0,0.0,0.0
20230824133736000,SZSE,SZSE.ETF.159919,3.876,3.844,3.888,3.84,0.0,4.215,3.449,245106471.0,300.0,945987000.622,1162.7999999523163,0.0,0.0,20230824,20230824,133736000,3.832,0.0,0.0,3.876,3.875,3.874,3.873,3.872,0.0,0.0,0.0,0.0,0.0,3.877,3.878,3.879,3.88,3.881,0.0,0.0,0.0,0.0,0.0,981700.0,1194194.0,2310700.0,126500.0,382800.0,0.0,0.0,0.0,0.0,0.0,500000.0,721000.0,2588200.0,1027600.0,1701700.0,0.0,0.0,0.0,0.0,0.0
20230824133739000,SZSE,SZSE.ETF.159919,3.876,3.844,3.888,3.84,0.0,4.215,3.449,245106471.0,0.0,945987000.622,0.0,0.0,0.0,20230824,20230824,133739002,3.832,0.0,0.0,3.876,3.875,3.874,3.873,3.872,0.0,0.0,0.0,0.0,0.0,3.877,3.878,3.879,3.88,3.881,0.0,0.0,0.0,0.0,0.0,981700.0,1494194.0,2310700.0,126500.0,303200.0,0.0,0.0,0.0,0.0,0.0,500000.0,621000.0,2488200.0,1277600.0,1893700.0,0.0,0.0,0.0,0.0,0.0
20230824133737252,SZSE,SZSE.ETF.159919,3.876,3.844,3.888,3.84,0.0,4.215,3.449,245106471.0,0.0,945987000.622,0.0,0.0,0.0,20230824,20230824,133737251,3.832,0.0,0.0,3.876,3.875,3.874,3.873,3.872,0.0,0.0,0.0,0.0,0.0,3.877,3.878,3.879,3.88,3.881,0.0,0.0,0.0,0.0,0.0,981700.0,1494194.0,2310700.0,126500.0,303200.0,0.0,0.0,0.0,0.0,0.0,500000.0,621000.0,2488200.0,1277600.0,1893700.0,0.0,0.0,0.0,0.0,0.0
20230824133739000,SZSE,SZSE.ETF.159919,3.876,3.844,3.888,3.84,0.0,4.215,3.449,245106471.0,0.0,945987000.622,0.0,0.0,0.0,20230824,20230824,133739000,3.832,0.0,0.0,3.876,3.875,3.874,3.873,3.872,0.0,0.0,0.0,0.0,0.0,3.877,3.878,3.879,3.88,3.881,0.0,0.0,0.0,0.0,0.0,981700.0,1494194.0,2310700.0,126500.0,303200.0,0.0,0.0,0.0,0.0,0.0,500000.0,621000.0,2488200.0,1277600.0,1893700.0,0.0,0.0,0.0,0.0,0.0
20230824133742012,SZSE,SZSE.ETF.159919,3.876,3.844,3.888,3.84,0.0,4.215,3.449,245106471.0,0.0,945987000.622,0.0,0.0,0.0,20230824,20230824,133742013,3.832,0.0,0.0,3.876,3.875,3.874,3.873,3.872,0.0,0.0,0.0,0.0,0.0,3.877,3.878,3.879,3.88,3.881,0.0,0.0,0.0,0.0,0.0,981700.0,1494194.0,2310700.0,126500.0,303200.0,0.0,0.0,0.0,0.0,0.0,501000.0,621000.0,2488200.0,1127600.0,1893700.0,0.0,0.0,0.0,0.0,0.0
20230824133740264,SZSE,SZSE.ETF.159919,3.876,3.844,3.888,3.84,0.0,4.215,3.449,245106471.0,0.0,945987000.622,0.0,0.0,0.0,20230824,20230824,133740263,3.832,0.0,0.0,3.876,3.875,3.874,3.873,3.872,0.0,0.0,0.0,0.0,0.0,3.877,3.878,3.879,3.88,3.881,0.0,0.0,0.0,0.0,0.0,981700.0,1494194.0,2310700.0,126500.0,303200.0,0.0,0.0,0.0,0.0,0.0,501000.0,621000.0,2488200.0,1127600.0,1893700.0,0.0,0.0,0.0,0.0,0.0
20230824133742000,SZSE,SZSE.ETF.159919,3.876,3.844,3.888,3.84,0.0,4.215,3.449,245106471.0,0.0,945987000.622,0.0,0.0,0.0,20230824,20230824,133742000,3.832,0.0,0.0,3.876,3.875,3.874,3.873,3.872,0.0,0.0,0.0,0.0,0.0,3.877,3.878,3.879,3.88,3.881,0.0,0.0,0.0,0.0,0.0,981700.0,1494194.0,2310700.0,126500.0,303200.0,0.0,0.0,0.0,0.0,0.0,501000.0,621000.0,2488200.0,1127600.0,1893700.0,0.0,0.0,0.0,0.0,0.0
20230824133745032,SZSE,SZSE.ETF.159919,3.876,3.844,3.888,3.84,0.0,4.215,3.449,245606471.0,500000.0,947925000.622,1938000.0,0.0,0.0,20230824,20230824,133745032,3.832,0.0,0.0,3.876,3.875,3.874,3.873,3.872,0.0,0.0,0.0,0.0,0.0,3.877,3.878,3.879,3.88,3.881,0.0,0.0,0.0,0.0,0.0,481700.0,822494.0,2320700.0,126500.0,303200.0,0.0,0.0,0.0,0.0,0.0,900900.0,1231000.0,1202200.0,1453600.0,1119400.0,0.0,0.0,0.0,0.0,0.0
20230824133743284,SZSE,SZSE.ETF.159919,3.876,3.844,3.888,3.84,0.0,4.215,3.449,245606471.0,500000.0,947925000.622,1938000.0,0.0,0.0,20230824,20230824,133743283,3.832,0.0,0.0,3.876,3.875,3.874,3.873,3.872,0.0,0.0,0.0,0.0,0.0,3.877,3.878,3.879,3.88,3.881,0.0,0.0,0.0,0.0,0.0,481700.0,822494.0,2320700.0,126500.0,303200.0,0.0,0.0,0.0,0.0,0.0,900900.0,1231000.0,1202200.0,1453600.0,1119400.0,0.0,0.0,0.0,0.0,0.0
20230824133745000,SZSE,SZSE.ETF.159919,3.876,3.844,3.888,3.84,0.0,4.215,3.449,245606471.0,500000.0,947925000.622,1938000.0,0.0,0.0,20230824,20230824,133745000,3.832,0.0,0.0,3.876,3.875,3.874,3.873,3.872,0.0,0.0,0.0,0.0,0.0,3.877,3.878,3.879,3.88,3.881,0.0,0.0,0.0,0.0,0.0,481700.0,822494.0,2320700.0,126500.0,303200.0,0.0,0.0,0.0,0.0,0.0,900900.0,1231000.0,1202200.0,1453600.0,1119400.0,0.0,0.0,0.0,0.0,0.0
20230824133748016,SZSE,SZSE.ETF.159919,3.876,3.844,3.888,3.84,0.0,4.215,3.449,245606471.0,0.0,947925000.622,0.0,0.0,0.0,20230824,20230824,133748014,3.832,0.0,0.0,3.876,3.875,3.874,3.873,3.872,0.0,0.0,0.0,0.0,0.0,3.877,3.878,3.879,3.88,3.881,0.0,0.0,0.0,0.0,0.0,484800.0,832494.0,2110700.0,626500.0,403200.0,0.0,0.0,0.0,0.0,0.0,900900.0,1203100.0,1312200.0,1977900.0,1019400.0,0.0,0.0,0.0,0.0,0.0
20230824133746264,SZSE,SZSE.ETF.159919,3.876,3.844,3.888,3.84,0.0,4.215,3.449,245606471.0,0.0,947925000.622,0.0,0.0,0.0,20230824,20230824,133746265,3.832,0.0,0.0,3.876,3.875,3.874,3.873,3.872,0.0,0.0,0.0,0.0,0.0,3.877,3.878,3.879,3.88,3.881,0.0,0.0,0.0,0.0,0.0,484800.0,832494.0,2110700.0,626500.0,403200.0,0.0,0.0,0.0,0.0,0.0,900900.0,1203100.0,1312200.0,1977900.0,1019400.0,0.0,0.0,0.0,0.0,0.0
20230824133748000,SZSE,SZSE.ETF.159919,3.876,3.844,3.888,3.84,0.0,4.215,3.449,245606471.0,0.0,947925000.622,0.0,0.0,0.0,20230824,20230824,133748000,3.832,0.0,0.0,3.876,3.875,3.874,3.873,3.872,0.0,0.0,0.0,0.0,0.0,3.877,3.878,3.879,3.88,3.881,0.0,0.0,0.0,0.0,0.0,484800.0,832494.0,2110700.0,626500.0,403200.0,0.0,0.0,0.0,0.0,0.0,900900.0,1203100.0,1312200.0,1977900.0,1019400.0,0.0,0.0,0.0,0.0,0.0
20230824133751052,SZSE,SZSE.ETF.159919,3.876,3.844,3.888,3.84,0.0,4.215,3.449,245606471.0,0.0,947925000.622,0.0,0.0,0.0,20230824,20230824,133751053,3.832,0.0,0.0,3.876,3.875,3.874,3.873,3.872,0.0,0.0,0.0,0.0,0.0,3.877,3.878,3.879,3.88,3.881,0.0,0.0,0.0,0.0,0.0,3100.0,821994.0,2268200.0,929500.0,303200.0,0.0,0.0,0.0,0.0,0.0,899900.0,1713100.0,702200.0,2127900.0,1119400.0,0.0,0.0,0.0,0.0,0.0
20230824133749304,SZSE,SZSE.ETF.159919,3.876,3.844,3.888,3.84,0.0,4.215,3.449,245606471.0,0.0,947925000.622,0.0,0.0,0.0,20230824,20230824,133749303,3.832,0.0,0.0,3.876,3.875,3.874,3.873,3.872,0.0,0.0,0.0,0.0,0.0,3.877,3.878,3.879,3.88,3.881,0.0,0.0,0.0,0.0,0.0,3100.0,821994.0,2268200.0,929500.0,303200.0,0.0,0.0,0.0,0.0,0.0,899900.0,1713100.0,702200.0,2127900.0,1119400.0,0.0,0.0,0.0,0.0,0.0
20230824133751000,SZSE,SZSE.ETF.159919,3.876,3.844,3.888,3.84,0.0,4.215,3.449,245606471.0,0.0,947925000.622,0.0,0.0,0.0,20230824,20230824,133751000,3.832,0.0,0.0,3.876,3.875,3.874,3.873,3.872,0.0,0.0,0.0,0.0,0.0,3.877,3.878,3.879,3.88,3.881,0.0,0.0,0.0,0.0,0.0,3100.0,821994.0,2268200.0,929500.0,303200.0,0.0,0.0,0.0,0.0,0.0,899900.0,1713100.0,702200.0,2127900.0,1119400.0,0.0,0.0,0.0,0.0,0.0
20230824133754048,SZSE,SZSE.ETF.159919,3.877,3.844,3.888,3.84,0.0,4.215,3.449,245607571.0,1100.0,947929264.522,4263.899999976158,0.0,0.0,20230824,20230824,133754047,3.832,0.0,0.0,3.876,3.875,3.874,3.873,3.872,0.0,0.0,0.0,0.0,0.0,3.877,3.878,3.879,3.88,3.881,0.0,0.0,0.0,0.0,0.0,2300.0,931994.0,1559100.0,1428600.0,303200.0,0.0,0.0,0.0,0.0,0.0,908300.0,1803100.0,1288200.0,2151900.0,822400.0,0.0,0.0,0.0,0.0,0.0
20230824133752296,SZSE,SZSE.ETF.159919,3.877,3.844,3.888,3.84,0.0,4.215,3.449,245607571.0,1100.0,947929264.522,4263.899999976158,0.0,0.0,20230824,20230824,133752297,3.832,0.0,0.0,3.876,3.875,3.874,3.873,3.872,0.0,0.0,0.0,0.0,0.0,3.877,3.878,3.879,3.88,3.881,0.0,0.0,0.0,0.0,0.0,2300.0,931994.0,1559100.0,1428600.0,303200.0,0.0,0.0,0.0,0.0,0.0,908300.0,1803100.0,1288200.0,2151900.0,822400.0,0.0,0.0,0.0,0.0,0.0
20230824133754000,SZSE,SZSE.ETF.159919,3.877,3.844,3.888,3.84,0.0,4.215,3.449,245607571.0,1100.0,947929264.522,4263.899999976158,0.0,0.0,20230824,20230824,133754000,3.832,0.0,0.0,3.876,3.875,3.874,3.873,3.872,0.0,0.0,0.0,0.0,0.0,3.877,3.878,3.879,3.88,3.881,0.0,0.0,0.0,0.0,0.0,2300.0,931994.0,1559100.0,1428600.0,303200.0,0.0,0.0,0.0,0.0,0.0,908300.0,1803100.0,1288200.0,2151900.0,822400.0,0.0,0.0,0.0,0.0,0.0
20230824140539068,SZSE,SZSE.ETF.159919,3.871,3.844,3.888,3.84,0.0,4.215,3.449,259322065.0,300.0,1001053655.272,1161.2999999523163,0.0,0.0,20230824,20230824,140539067,3.832,0.0,0.0,3.87,3.869,3.868,3.867,3.866,0.0,0.0,0.0,0.0,0.0,3.871,3.872,3.873,3.874,3.875,0.0,0.0,0.0,0.0,0.0,4600.0,1614200.0,1274900.0,1131000.0,718900.0,0.0,0.0,0.0,0.0,0.0,38500.0,554500.0,4762300.0,1262900.0,436100.0,0.0,0.0,0.0,0.0,0.0
20230824140537204,SZSE,SZSE.ETF.159919,3.871,3.844,3.888,3.84,0.0,4.215,3.449,259322065.0,300.0,1001053655.272,1161.2999999523163,0.0,0.0,20230824,20230824,140537203,3.832,0.0,0.0,3.87,3.869,3.868,3.867,3.866,0.0,0.0,0.0,0.0,0.0,3.871,3.872,3.873,3.874,3.875,0.0,0.0,0.0,0.0,0.0,4600.0,1614200.0,1274900.0,1131000.0,718900.0,0.0,0.0,0.0,0.0,0.0,38500.0,554500.0,4762300.0,1262900.0,436100.0,0.0,0.0,0.0,0.0,0.0
20230824140539000,SZSE,SZSE.ETF.159919,3.871,3.844,3.888,3.84,0.0,4.215,3.449,259322065.0,300.0,1001053655.272,1161.2999999523163,0.0,0.0,20230824,20230824,140539000,3.832,0.0,0.0,3.87,3.869,3.868,3.867,3.866,0.0,0.0,0.0,0.0,0.0,3.871,3.872,3.873,3.874,3.875,0.0,0.0,0.0,0.0,0.0,4600.0,1614200.0,1274900.0,1131000.0,718900.0,0.0,0.0,0.0,0.0,0.0,38500.0,554500.0,4762300.0,1262900.0,436100.0,0.0,0.0,0.0,0.0,0.0
20230824140542076,SZSE,SZSE.ETF.159919,3.871,3.844,3.888,3.84,0.0,4.215,3.449,259322065.0,0.0,1001053655.272,0.0,0.0,0.0,20230824,20230824,140542076,3.832,0.0,0.0,3.87,3.869,3.868,3.867,3.866,0.0,0.0,0.0,0.0,0.0,3.871,3.872,3.873,3.874,3.875,0.0,0.0,0.0,0.0,0.0,366000.0,1584200.0,605800.0,1200100.0,603100.0,0.0,0.0,0.0,0.0,0.0,138500.0,654500.0,4762300.0,1262900.0,398100.0,0.0,0.0,0.0,0.0,0.0
20230824140540212,SZSE,SZSE.ETF.159919,3.871,3.844,3.888,3.84,0.0,4.215,3.449,259322065.0,0.0,1001053655.272,0.0,0.0,0.0,20230824,20230824,140540213,3.832,0.0,0.0,3.87,3.869,3.868,3.867,3.866,0.0,0.0,0.0,0.0,0.0,3.871,3.872,3.873,3.874,3.875,0.0,0.0,0.0,0.0,0.0,366000.0,1584200.0,605800.0,1200100.0,603100.0,0.0,0.0,0.0,0.0,0.0,138500.0,654500.0,4762300.0,1262900.0,398100.0,0.0,0.0,0.0,0.0,0.0
20230824140542000,SZSE,SZSE.ETF.159919,3.871,3.844,3.888,3.84,0.0,4.215,3.449,259322065.0,0.0,1001053655.272,0.0,0.0,0.0,20230824,20230824,140542000,3.832,0.0,0.0,3.87,3.869,3.868,3.867,3.866,0.0,0.0,0.0,0.0,0.0,3.871,3.872,3.873,3.874,3.875,0.0,0.0,0.0,0.0,0.0,366000.0,1584200.0,605800.0,1200100.0,603100.0,0.0,0.0,0.0,0.0,0.0,138500.0,654500.0,4762300.0,1262900.0,398100.0,0.0,0.0,0.0,0.0,0.0
20230824140543208,SZSE,SZSE.ETF.159919,3.871,3.844,3.888,3.84,0.0,4.215,3.449,259322065.0,0.0,1001053655.272,0.0,0.0,0.0,20230824,20230824,140543206,3.832,0.0,0.0,3.87,3.869,3.868,3.867,3.866,0.0,0.0,0.0,0.0,0.0,3.871,3.872,3.873,3.874,3.875,0.0,0.0,0.0,0.0,0.0,366000.0,1574200.0,715800.0,1300100.0,603100.0,0.0,0.0,0.0,0.0,0.0,38500.0,566900.0,5452300.0,762900.0,398100.0,0.0,0.0,0.0,0.0,0.0
20230824140545072,SZSE,SZSE.ETF.159919,3.871,3.844,3.888,3.84,0.0,4.215,3.449,259322065.0,0.0,1001053655.272,0.0,0.0,0.0,20230824,20230824,140545072,3.832,0.0,0.0,3.87,3.869,3.868,3.867,3.866,0.0,0.0,0.0,0.0,0.0,3.871,3.872,3.873,3.874,3.875,0.0,0.0,0.0,0.0,0.0,366000.0,1574200.0,715800.0,1300100.0,603100.0,0.0,0.0,0.0,0.0,0.0,38500.0,566900.0,5452300.0,762900.0,398100.0,0.0,0.0,0.0,0.0,0.0
20230824140545000,SZSE,SZSE.ETF.159919,3.871,3.844,3.888,3.84,0.0,4.215,3.449,259322065.0,0.0,1001053655.272,0.0,0.0,0.0,20230824,20230824,140545000,3.832,0.0,0.0,3.87,3.869,3.868,3.867,3.866,0.0,0.0,0.0,0.0,0.0,3.871,3.872,3.873,3.874,3.875,0.0,0.0,0.0,0.0,0.0,366000.0,1574200.0,715800.0,1300100.0,603100.0,0.0,0.0,0.0,0.0,0.0,38500.0,566900.0,5452300.0,762900.0,398100.0,0.0,0.0,0.0,0.0,0.0
20230824140548088,SZSE,SZSE.ETF.159919,3.871,3.844,3.888,3.84,0.0,4.215,3.449,259322065.0,0.0,1001053655.272,0.0,0.0,0.0,20230824,20230824,140548090,3.832,0.0,0.0,3.87,3.869,3.868,3.867,3.866,0.0,0.0,0.0,0.0,0.0,3.871,3.872,3.873,3.874,3.875,0.0,0.0,0.0,0.0,0.0,5000.0,1073700.0,1216300.0,1397100.0,832000.0,0.0,0.0,0.0,0.0,0.0,38500.0,4231500.0,2414200.0,565900.0,969400.0,0.0,0.0,0.0,0.0,0.0
20230824140546224,SZSE,SZSE.ETF.159919,3.871,3.844,3.888,3.84,0.0,4.215,3.449,259322065.0,0.0,1001053655.272,0.0,0.0,0.0,20230824,20230824,140546226,3.832,0.0,0.0,3.87,3.869,3.868,3.867,3.866,0.0,0.0,0.0,0.0,0.0,3.871,3.872,3.873,3.874,3.875,0.0,0.0,0.0,0.0,0.0,5000.0,1073700.0,1216300.0,1397100.0,832000.0,0.0,0.0,0.0,0.0,0.0,38500.0,4231500.0,2414200.0,565900.0,969400.0,0.0,0.0,0.0,0.0,0.0
20230824140548000,SZSE,SZSE.ETF.159919,3.871,3.844,3.888,3.84,0.0,4.215,3.449,259322065.0,0.0,1001053655.272,0.0,0.0,0.0,20230824,20230824,140548000,3.832,0.0,0.0,3.87,3.869,3.868,3.867,3.866,0.0,0.0,0.0,0.0,0.0,3.871,3.872,3.873,3.874,3.875,0.0,0.0,0.0,0.0,0.0,5000.0,1073700.0,1216300.0,1397100.0,832000.0,0.0,0.0,0.0,0.0,0.0,38500.0,4231500.0,2414200.0,565900.0,969400.0,0.0,0.0,0.0,0.0,0.0
20230824140551096,SZSE,SZSE.ETF.159919,3.87,3.844,3.888,3.84,0.0,4.215,3.449,259327065.0,5000.0,1001073005.272,19350.0,0.0,0.0,20230824,20230824,140551094,3.832,0.0,0.0,3.869,3.868,3.867,3.866,3.865,0.0,0.0,0.0,0.0,0.0,3.87,3.871,3.872,3.873,3.874,0.0,0.0,0.0,0.0,0.0,483700.0,1706300.0,1297100.0,806100.0,1229200.0,0.0,0.0,0.0,0.0,0.0,44600.0,500000.0,5621500.0,924200.0,465900.0,0.0,0.0,0.0,0.0,0.0
20230824140549228,SZSE,SZSE.ETF.159919,3.87,3.844,3.888,3.84,0.0,4.215,3.449,259327065.0,5000.0,1001073005.272,19350.0,0.0,0.0,20230824,20230824,140549228,3.832,0.0,0.0,3.869,3.868,3.867,3.866,3.865,0.0,0.0,0.0,0.0,0.0,3.87,3.871,3.872,3.873,3.874,0.0,0.0,0.0,0.0,0.0,483700.0,1706300.0,1297100.0,806100.0,1229200.0,0.0,0.0,0.0,0.0,0.0,44600.0,500000.0,5621500.0,924200.0,465900.0,0.0,0.0,0.0,0.0,0.0
20230824140551000,SZSE,SZSE.ETF.159919,3.87,3.844,3.888,3.84,0.0,4.215,3.449,259327065.0,5000.0,1001073005.272,19350.0,0.0,0.0,20230824,20230824,140551000,3.832,0.0,0.0,3.869,3.868,3.867,3.866,3.865,0.0,0.0,0.0,0.0,0.0,3.87,3.871,3.872,3.873,3.874,0.0,0.0,0.0,0.0,0.0,483700.0,1706300.0,1297100.0,806100.0,1229200.0,0.0,0.0,0.0,0.0,0.0,44600.0,500000.0,5621500.0,924200.0,465900.0,0.0,0.0,0.0,0.0,0.0
20230824140554096,SZSE,SZSE.ETF.159919,3.87,3.844,3.888,3.84,0.0,4.215,3.449,259327065.0,0.0,1001073005.272,0.0,0.0,0.0,20230824,20230824,140554097,3.832,0.0,0.0,3.869,3.868,3.867,3.866,3.865,0.0,0.0,0.0,0.0,0.0,3.87,3.871,3.872,3.873,3.874,0.0,0.0,0.0,0.0,0.0,1073700.0,1186300.0,1208800.0,544400.0,1439300.0,0.0,0.0,0.0,0.0,0.0,6100.0,614500.0,3716900.0,2176300.0,627900.0,0.0,0.0,0.0,0.0,0.0
20230824140552232,SZSE,SZSE.ETF.159919,3.87,3.844,3.888,3.84,0.0,4.215,3.449,259327065.0,0.0,1001073005.272,0.0,0.0,0.0,20230824,20230824,140552234,3.832,0.0,0.0,3.869,3.868,3.867,3.866,3.865,0.0,0.0,0.0,0.0,0.0,3.87,3.871,3.872,3.873,3.874,0.0,0.0,0.0,0.0,0.0,1073700.0,1186300.0,1208800.0,544400.0,1439300.0,0.0,0.0,0.0,0.0,0.0,6100.0,614500.0,3716900.0,2176300.0,627900.0,0.0,0.0,0.0,0.0,0.0
20230824140554000,SZSE,SZSE.ETF.159919,3.87,3.844,3.888,3.84,0.0,4.215,3.449,259327065.0,0.0,1001073005.272,0.0,0.0,0.0,20230824,20230824,140554000,3.832,0.0,0.0,3.869,3.868,3.867,3.866,3.865,0.0,0.0,0.0,0.0,0.0,3.87,3.871,3.872,3.873,3.874,0.0,0.0,0.0,0.0,0.0,1073700.0,1186300.0,1208800.0,544400.0,1439300.0,0.0,0.0,0.0,0.0,0.0,6100.0,614500.0,3716900.0,2176300.0,627900.0,0.0,0.0,0.0,0.0,0.0
20230824140555224,SZSE,SZSE.ETF.159919,3.87,3.844,3.888,3.84,0.0,4.215,3.449,259327065.0,0.0,1001073005.272,0.0,0.0,0.0,20230824,20230824,140555222,3.832,0.0,0.0,3.869,3.868,3.867,3.866,3.865,0.0,0.0,0.0,0.0,0.0,3.87,3.871,3.872,3.873,3.874,0.0,0.0,0.0,0.0,0.0,1574200.0,985800.0,1511800.0,491400.0,1439300.0,0.0,0.0,0.0,0.0,0.0,6100.0,614500.0,3116900.0,2776300.0,424900.0,0.0,0.0,0.0,0.0,0.0
20230824140557088,SZSE,SZSE.ETF.159919,3.87,3.844,3.888,3.84,0.0,4.215,3.449,259327065.0,0.0,1001073005.272,0.0,0.0,0.0,20230824,20230824,140557088,3.832,0.0,0.0,3.869,3.868,3.867,3.866,3.865,0.0,0.0,0.0,0.0,0.0,3.87,3.871,3.872,3.873,3.874,0.0,0.0,0.0,0.0,0.0,1574200.0,985800.0,1511800.0,491400.0,1439300.0,0.0,0.0,0.0,0.0,0.0,6100.0,614500.0,3116900.0,2776300.0,424900.0,0.0,0.0,0.0,0.0,0.0
20230824140557000,SZSE,SZSE.ETF.159919,3.87,3.844,3.888,3.84,0.0,4.215,3.449,259327065.0,0.0,1001073005.272,0.0,0.0,0.0,20230824,20230824,140557000,3.832,0.0,0.0,3.869,3.868,3.867,3.866,3.865,0.0,0.0,0.0,0.0,0.0,3.87,3.871,3.872,3.873,3.874,0.0,0.0,0.0,0.0,0.0,1574200.0,985800.0,1511800.0,491400.0,1439300.0,0.0,0.0,0.0,0.0,0.0,6100.0,614500.0,3116900.0,2776300.0,424900.0,0.0,0.0,0.0,0.0,0.0
20230824140600072,SZSE,SZSE.ETF.159919,3.87,3.844,3.888,3.84,0.0,4.215,3.449,259333165.0,6100.0,1001096612.272,23607.0,0.0,0.0,20230824,20230824,140600070,3.832,0.0,0.0,3.869,3.868,3.867,3.866,3.865,0.0,0.0,0.0,0.0,0.0,3.871,3.872,3.873,3.874,3.875,0.0,0.0,0.0,0.0,0.0,1574200.0,975800.0,1521800.0,1391400.0,639300.0,0.0,0.0,0.0,0.0,0.0,908700.0,556900.0,1892100.0,1324900.0,556000.0,0.0,0.0,0.0,0.0,0.0
20230824140558204,SZSE,SZSE.ETF.159919,3.87,3.844,3.888,3.84,0.0,4.215,3.449,259333165.0,6100.0,1001096612.272,23607.0,0.0,0.0,20230824,20230824,140558205,3.832,0.0,0.0,3.869,3.868,3.867,3.866,3.865,0.0,0.0,0.0,0.0,0.0,3.871,3.872,3.873,3.874,3.875,0.0,0.0,0.0,0.0,0.0,1574200.0,975800.0,1521800.0,1391400.0,639300.0,0.0,0.0,0.0,0.0,0.0,908700.0,556900.0,1892100.0,1324900.0,556000.0,0.0,0.0,0.0,0.0,0.0
20230824140600000,SZSE,SZSE.ETF.159919,3.87,3.844,3.888,3.84,0.0,4.215,3.449,259333165.0,6100.0,1001096612.272,23607.0,0.0,0.0,20230824,20230824,140600000,3.832,0.0,0.0,3.869,3.868,3.867,3.866,3.865,0.0,0.0,0.0,0.0,0.0,3.871,3.872,3.873,3.874,3.875,0.0,0.0,0.0,0.0,0.0,1574200.0,975800.0,1521800.0,1391400.0,639300.0,0.0,0.0,0.0,0.0,0.0,908700.0,556900.0,1892100.0,1324900.0,556000.0,0.0,0.0,0.0,0.0,0.0
20230824140603128,SZSE,SZSE.ETF.159919,3.87,3.844,3.888,3.84,0.0,4.215,3.449,259333165.0,0.0,1001096612.272,0.0,0.0,0.0,20230824,20230824,140603130,3.832,0.0,0.0,3.869,3.868,3.867,3.866,3.865,0.0,0.0,0.0,0.0,0.0,3.871,3.872,3.873,3.874,3.875,0.0,0.0,0.0,0.0,0.0,1574200.0,985800.0,1511800.0,1391400.0,719200.0,0.0,0.0,0.0,0.0,0.0,898700.0,716900.0,2592100.0,662900.0,451800.0,0.0,0.0,0.0,0.0,0.0
20230824140601264,SZSE,SZSE.ETF.159919,3.87,3.844,3.888,3.84,0.0,4.215,3.449,259333165.0,0.0,1001096612.272,0.0,0.0,0.0,20230824,20230824,140601265,3.832,0.0,0.0,3.869,3.868,3.867,3.866,3.865,0.0,0.0,0.0,0.0,0.0,3.871,3.872,3.873,3.874,3.875,0.0,0.0,0.0,0.0,0.0,1574200.0,985800.0,1511800.0,1391400.0,719200.0,0.0,0.0,0.0,0.0,0.0,898700.0,716900.0,2592100.0,662900.0,451800.0,0.0,0.0,0.0,0.0,0.0
20230824140603000,SZSE,SZSE.ETF.159919,3.87,3.844,3.888,3.84,0.0,4.215,3.449,259333165.0,0.0,1001096612.272,0.0,0.0,0.0,20230824,20230824,140603000,3.832,0.0,0.0,3.869,3.868,3.867,3.866,3.865,0.0,0.0,0.0,0.0,0.0,3.871,3.872,3.873,3.874,3.875,0.0,0.0,0.0,0.0,0.0,1574200.0,985800.0,1511800.0,1391400.0,719200.0,0.0,0.0,0.0,0.0,0.0,898700.0,716900.0,2592100.0,662900.0,451800.0,0.0,0.0,0.0,0.0,0.0
20230824140606152,SZSE,SZSE.ETF.159919,3.87,3.844,3.888,3.84,0.0,4.215,3.449,259335765.0,2600.0,1001106674.272,10062.0,0.0,0.0,20230824,20230824,140606151,3.832,0.0,0.0,3.87,3.869,3.868,3.867,3.866,0.0,0.0,0.0,0.0,0.0,3.871,3.872,3.873,3.874,3.875,0.0,0.0,0.0,0.0,0.0,952700.0,975200.0,985800.0,1111800.0,1412400.0,0.0,0.0,0.0,0.0,0.0,614500.0,566900.0,2276300.0,1262900.0,451800.0,0.0,0.0,0.0,0.0,0.0
20230824140604284,SZSE,SZSE.ETF.159919,3.87,3.844,3.888,3.84,0.0,4.215,3.449,259335765.0,2600.0,1001106674.272,10062.0,0.0,0.0,20230824,20230824,140604283,3.832,0.0,0.0,3.87,3.869,3.868,3.867,3.866,0.0,0.0,0.0,0.0,0.0,3.871,3.872,3.873,3.874,3.875,0.0,0.0,0.0,0.0,0.0,952700.0,975200.0,985800.0,1111800.0,1412400.0,0.0,0.0,0.0,0.0,0.0,614500.0,566900.0,2276300.0,1262900.0,451800.0,0.0,0.0,0.0,0.0,0.0
20230824140606000,SZSE,SZSE.ETF.159919,3.87,3.844,3.888,3.84,0.0,4.215,3.449,259335765.0,2600.0,1001106674.272,10062.0,0.0,0.0,20230824,20230824,140606000,3.832,0.0,0.0,3.87,3.869,3.868,3.867,3.866,0.0,0.0,0.0,0.0,0.0,3.871,3.872,3.873,3.874,3.875,0.0,0.0,0.0,0.0,0.0,952700.0,975200.0,985800.0,1111800.0,1412400.0,0.0,0.0,0.0,0.0,0.0,614500.0,566900.0,2276300.0,1262900.0,451800.0,0.0,0.0,0.0,0.0,0.0
20230824140609112,SZSE,SZSE.ETF.159919,3.87,3.844,3.888,3.84,0.0,4.215,3.449,259335765.0,0.0,1001106674.272,0.0,0.0,0.0,20230824,20230824,140609113,3.832,0.0,0.0,3.87,3.869,3.868,3.867,3.866,0.0,0.0,0.0,0.0,0.0,3.871,3.872,3.873,3.874,3.875,0.0,0.0,0.0,0.0,0.0,952700.0,975200.0,1015800.0,1081800.0,1442400.0,0.0,0.0,0.0,0.0,0.0,614500.0,566900.0,2276300.0,1262900.0,398100.0,0.0,0.0,0.0,0.0,0.0
20230824140609000,SZSE,SZSE.ETF.159919,3.87,3.844,3.888,3.84,0.0,4.215,3.449,259335765.0,0.0,1001106674.272,0.0,0.0,0.0,20230824,20230824,140609000,3.832,0.0,0.0,3.87,3.869,3.868,3.867,3.866,0.0,0.0,0.0,0.0,0.0,3.871,3.872,3.873,3.874,3.875,0.0,0.0,0.0,0.0,0.0,952700.0,975200.0,1015800.0,1081800.0,1442400.0,0.0,0.0,0.0,0.0,0.0,614500.0,566900.0,2276300.0,1262900.0,398100.0,0.0,0.0,0.0,0.0,0.0
20230824140612140,SZSE,SZSE.ETF.159919,3.87,3.844,3.888,3.84,0.0,4.215,3.449,259335765.0,0.0,1001106674.272,0.0,0.0,0.0,20230824,20230824,140612141,3.832,0.0,0.0,3.869,3.868,3.867,3.866,3.865,0.0,0.0,0.0,0.0,0.0,3.87,3.871,3.872,3.873,3.874,0.0,0.0,0.0,0.0,0.0,374700.0,1215800.0,1679300.0,642400.0,832200.0,0.0,0.0,0.0,0.0,0.0,47200.0,814500.0,4655500.0,1117200.0,462900.0,0.0,0.0,0.0,0.0,0.0
20230824140610276,SZSE,SZSE.ETF.159919,3.87,3.844,3.888,3.84,0.0,4.215,3.449,259335765.0,0.0,1001106674.272,0.0,0.0,0.0,20230824,20230824,140610277,3.832,0.0,0.0,3.869,3.868,3.867,3.866,3.865,0.0,0.0,0.0,0.0,0.0,3.87,3.871,3.872,3.873,3.874,0.0,0.0,0.0,0.0,0.0,374700.0,1215800.0,1679300.0,642400.0,832200.0,0.0,0.0,0.0,0.0,0.0,47200.0,814500.0,4655500.0,1117200.0,462900.0,0.0,0.0,0.0,0.0,0.0
20230824140612000,SZSE,SZSE.ETF.159919,3.87,3.844,3.888,3.84,0.0,4.215,3.449,259335765.0,0.0,1001106674.272,0.0,0.0,0.0,20230824,20230824,140612000,3.832,0.0,0.0,3.869,3.868,3.867,3.866,3.865,0.0,0.0,0.0,0.0,0.0,3.87,3.871,3.872,3.873,3.874,0.0,0.0,0.0,0.0,0.0,374700.0,1215800.0,1679300.0,642400.0,832200.0,0.0,0.0,0.0,0.0,0.0,47200.0,814500.0,4655500.0,1117200.0,462900.0,0.0,0.0,0.0,0.0,0.0
20230824140615220,SZSE,SZSE.ETF.159919,3.869,3.844,3.888,3.84,0.0,4.215,3.449,259376265.0,40500.0,1001263368.772,156694.5,0.0,0.0,20230824,20230824,140615219,3.832,0.0,0.0,3.868,3.867,3.866,3.865,3.864,0.0,0.0,0.0,0.0,0.0,3.869,3.87,3.871,3.872,3.873,0.0,0.0,0.0,0.0,0.0,438500.0,1610200.0,544100.0,1359700.0,1574600.0,0.0,0.0,0.0,0.0,0.0,33700.0,1121100.0,4838100.0,716900.0,790200.0,0.0,0.0,0.0,0.0,0.0
20230824140616360,SZSE,SZSE.ETF.159919,3.868,3.844,3.888,3.84,0.0,4.215,3.449,259671065.0,294800.0,1002403655.172,1140286.4000000954,0.0,0.0,20230824,20230824,140616362,3.832,0.0,0.0,3.868,3.867,3.866,3.865,3.864,0.0,0.0,0.0,0.0,0.0,3.869,3.87,3.871,3.872,3.873,0.0,0.0,0.0,0.0,0.0,733700.0,1090200.0,792400.0,1285500.0,1210600.0,0.0,0.0,0.0,0.0,0.0,252500.0,420000.0,4170200.0,1569000.0,568000.0,0.0,0.0,0.0,0.0,0.0
20230824140618228,SZSE,SZSE.ETF.159919,3.868,3.844,3.888,3.84,0.0,4.215,3.449,259671065.0,294800.0,1002403655.172,1140286.4000000954,0.0,0.0,20230824,20230824,140618228,3.832,0.0,0.0,3.868,3.867,3.866,3.865,3.864,0.0,0.0,0.0,0.0,0.0,3.869,3.87,3.871,3.872,3.873,0.0,0.0,0.0,0.0,0.0,733700.0,1090200.0,792400.0,1285500.0,1210600.0,0.0,0.0,0.0,0.0,0.0,252500.0,420000.0,4170200.0,1569000.0,568000.0,0.0,0.0,0.0,0.0,0.0
20230824140621164,SZSE,SZSE.ETF.159919,3.869,3.844,3.888,3.84,0.0,4.215,3.449,259672465.0,1400.0,1002409071.772,5416.599999904633,0.0,0.0,20230824,20230824,140621163,3.832,0.0,0.0,3.867,3.866,3.865,3.864,3.863,0.0,0.0,0.0,0.0,0.0,3.869,3.87,3.871,3.872,3.873,0.0,0.0,0.0,0.0,0.0,1328800.0,1401500.0,1186400.0,1184700.0,452500.0,0.0,0.0,0.0,0.0,0.0,251100.0,430000.0,5223200.0,806900.0,468000.0,0.0,0.0,0.0,0.0,0.0
20230824140624224,SZSE,SZSE.ETF.159919,3.868,3.844,3.888,3.84,0.0,4.215,3.449,259674165.0,1700.0,1002415647.372,6575.600000023842,0.0,0.0,20230824,20230824,140624224,3.832,0.0,0.0,3.867,3.866,3.865,3.864,3.863,0.0,0.0,0.0,0.0,0.0,3.869,3.87,3.871,3.872,3.873,0.0,0.0,0.0,0.0,0.0,1328800.0,854100.0,1733800.0,1454700.0,442500.0,0.0,0.0,0.0,0.0,0.0,249600.0,430000.0,4723200.0,674900.0,468000.0,0.0,0.0,0.0,0.0,0.0
20230824140627184,SZSE,SZSE.ETF.159919,3.867,3.844,3.888,3.84,0.0,4.215,3.449,259676565.0,2400.0,1002424928.172,9280.800000071526,0.0,0.0,20230824,20230824,140627185,3.832,0.0,0.0,3.867,3.866,3.865,3.864,3.863,0.0,0.0,0.0,0.0,0.0,3.868,3.869,3.87,3.871,3.872,0.0,0.0,0.0,0.0,0.0,77300.0,1504900.0,1530800.0,1007700.0,1342500.0,0.0,0.0,0.0,0.0,0.0,249600.0,349600.0,3642100.0,1961100.0,958300.0,0.0,0.0,0.0,0.0,0.0
20230824140630144,SZSE,SZSE.ETF.159919,3.868,3.844,3.888,3.84,0.0,4.215,3.449,259826965.0,150400.0,1003006675.372,581747.1999999285,0.0,0.0,20230824,20230824,140630145,3.832,0.0,0.0,3.867,3.866,3.865,3.864,3.863,0.0,0.0,0.0,0.0,0.0,3.868,3.869,3.87,3.871,3.872,0.0,0.0,0.0,0.0,0.0,378000.0,1654600.0,831700.0,1306800.0,1336700.0,0.0,0.0,0.0,0.0,0.0,99200.0,1010300.0,4918100.0,500900.0,920300.0,0.0,0.0,0.0,0.0,0.0
20230824140628280,SZSE,SZSE.ETF.159919,3.868,3.844,3.888,3.84,0.0,4.215,3.449,259826965.0,150400.0,1003006675.372,581747.1999999285,0.0,0.0,20230824,20230824,140628281,3.832,0.0,0.0,3.867,3.866,3.865,3.864,3.863,0.0,0.0,0.0,0.0,0.0,3.868,3.869,3.87,3.871,3.872,0.0,0.0,0.0,0.0,0.0,378000.0,1654600.0,831700.0,1306800.0,1336700.0,0.0,0.0,0.0,0.0,0.0,99200.0,1010300.0,4918100.0,500900.0,920300.0,0.0,0.0,0.0,0.0,0.0
20230824140630000,SZSE,SZSE.ETF.159919,3.868,3.844,3.888,3.84,0.0,4.215,3.449,259826965.0,150400.0,1003006675.372,581747.1999999285,0.0,0.0,20230824,20230824,140630000,3.832,0.0,0.0,3.867,3.866,3.865,3.864,3.863,0.0,0.0,0.0,0.0,0.0,3.868,3.869,3.87,3.871,3.872,0.0,0.0,0.0,0.0,0.0,378000.0,1654600.0,831700.0,1306800.0,1336700.0,0.0,0.0,0.0,0.0,0.0,99200.0,1010300.0,4918100.0,500900.0,920300.0,0.0,0.0,0.0,0.0,0.0
20230824140703116,SZSE,SZSE.ETF.159919,3.867,3.844,3.888,3.84,0.0,4.215,3.449,259912565.0,0.0,1003337690.872,0.0,0.0,0.0,20230824,20230824,140703115,3.832,0.0,0.0,3.866,3.865,3.864,3.863,3.862,0.0,0.0,0.0,0.0,0.0,3.868,3.869,3.87,3.871,3.872,0.0,0.0,0.0,0.0,0.0,999100.0,1189000.0,942100.0,1839700.0,845600.0,0.0,0.0,0.0,0.0,0.0,155400.0,1846700.0,2532100.0,603900.0,217300.0,0.0,0.0,0.0,0.0,0.0
20230824140701252,SZSE,SZSE.ETF.159919,3.867,3.844,3.888,3.84,0.0,4.215,3.449,259912565.0,0.0,1003337690.872,0.0,0.0,0.0,20230824,20230824,140701251,3.832,0.0,0.0,3.866,3.865,3.864,3.863,3.862,0.0,0.0,0.0,0.0,0.0,3.868,3.869,3.87,3.871,3.872,0.0,0.0,0.0,0.0,0.0,999100.0,1189000.0,942100.0,1839700.0,845600.0,0.0,0.0,0.0,0.0,0.0,155400.0,1846700.0,2532100.0,603900.0,217300.0,0.0,0.0,0.0,0.0,0.0
20230824140703000,SZSE,SZSE.ETF.159919,3.867,3.844,3.888,3.84,0.0,4.215,3.449,259912565.0,0.0,1003337690.872,0.0,0.0,0.0,20230824,20230824,140703000,3.832,0.0,0.0,3.866,3.865,3.864,3.863,3.862,0.0,0.0,0.0,0.0,0.0,3.868,3.869,3.87,3.871,3.872,0.0,0.0,0.0,0.0,0.0,999100.0,1189000.0,942100.0,1839700.0,845600.0,0.0,0.0,0.0,0.0,0.0,155400.0,1846700.0,2532100.0,603900.0,217300.0,0.0,0.0,0.0,0.0,0.0
20230824140706128,SZSE,SZSE.ETF.159919,3.867,3.844,3.888,3.84,0.0,4.215,3.449,259912565.0,0.0,1003337690.872,0.0,0.0,0.0,20230824,20230824,140706127,3.832,0.0,0.0,3.866,3.865,3.864,3.863,3.862,0.0,0.0,0.0,0.0,0.0,3.868,3.869,3.87,3.871,3.872,0.0,0.0,0.0,0.0,0.0,1599600.0,858500.0,1675100.0,1406700.0,809400.0,0.0,0.0,0.0,0.0,0.0,56000.0,3670200.0,2532100.0,200900.0,700200.0,0.0,0.0,0.0,0.0,0.0
20230824140704264,SZSE,SZSE.ETF.159919,3.867,3.844,3.888,3.84,0.0,4.215,3.449,259912565.0,0.0,1003337690.872,0.0,0.0,0.0,20230824,20230824,140704263,3.832,0.0,0.0,3.866,3.865,3.864,3.863,3.862,0.0,0.0,0.0,0.0,0.0,3.868,3.869,3.87,3.871,3.872,0.0,0.0,0.0,0.0,0.0,1599600.0,858500.0,1675100.0,1406700.0,809400.0,0.0,0.0,0.0,0.0,0.0,56000.0,3670200.0,2532100.0,200900.0,700200.0,0.0,0.0,0.0,0.0,0.0
20230824140706000,SZSE,SZSE.ETF.159919,3.867,3.844,3.888,3.84,0.0,4.215,3.449,259912565.0,0.0,1003337690.872,0.0,0.0,0.0,20230824,20230824,140706000,3.832,0.0,0.0,3.866,3.865,3.864,3.863,3.862,0.0,0.0,0.0,0.0,0.0,3.868,3.869,3.87,3.871,3.872,0.0,0.0,0.0,0.0,0.0,1599600.0,858500.0,1675100.0,1406700.0,809400.0,0.0,0.0,0.0,0.0,0.0,56000.0,3670200.0,2532100.0,200900.0,700200.0,0.0,0.0,0.0,0.0,0.0
20230824140709120,SZSE,SZSE.ETF.159919,3.867,3.844,3.888,3.84,0.0,4.215,3.449,259912565.0,0.0,1003337690.872,0.0,0.0,0.0,20230824,20230824,140709119,3.832,0.0,0.0,3.867,3.866,3.865,3.864,3.863,0.0,0.0,0.0,0.0,0.0,3.868,3.869,3.87,3.871,3.872,0.0,0.0,0.0,0.0,0.0,355000.0,1604700.0,858500.0,1375100.0,1506700.0,0.0,0.0,0.0,0.0,0.0,56000.0,1186000.0,2070000.0,1147200.0,699800.0,0.0,0.0,0.0,0.0,0.0
20230824140707256,SZSE,SZSE.ETF.159919,3.867,3.844,3.888,3.84,0.0,4.215,3.449,259912565.0,0.0,1003337690.872,0.0,0.0,0.0,20230824,20230824,140707254,3.832,0.0,0.0,3.867,3.866,3.865,3.864,3.863,0.0,0.0,0.0,0.0,0.0,3.868,3.869,3.87,3.871,3.872,0.0,0.0,0.0,0.0,0.0,355000.0,1604700.0,858500.0,1375100.0,1506700.0,0.0,0.0,0.0,0.0,0.0,56000.0,1186000.0,2070000.0,1147200.0,699800.0,0.0,0.0,0.0,0.0,0.0
20230824140709000,SZSE,SZSE.ETF.159919,3.867,3.844,3.888,3.84,0.0,4.215,3.449,259912565.0,0.0,1003337690.872,0.0,0.0,0.0,20230824,20230824,140709000,3.832,0.0,0.0,3.867,3.866,3.865,3.864,3.863,0.0,0.0,0.0,0.0,0.0,3.868,3.869,3.87,3.871,3.872,0.0,0.0,0.0,0.0,0.0,355000.0,1604700.0,858500.0,1375100.0,1506700.0,0.0,0.0,0.0,0.0,0.0,56000.0,1186000.0,2070000.0,1147200.0,699800.0,0.0,0.0,0.0,0.0,0.0
20230824140712128,SZSE,SZSE.ETF.159919,3.868,3.844,3.888,3.84,0.0,4.215,3.449,259913365.0,800.0,1003340785.272,3094.399999976158,0.0,0.0,20230824,20230824,140712127,3.832,0.0,0.0,3.867,3.866,3.865,3.864,3.863,0.0,0.0,0.0,0.0,0.0,3.868,3.869,3.87,3.871,3.872,0.0,0.0,0.0,0.0,0.0,355000.0,1704700.0,888500.0,1245100.0,1536700.0,0.0,0.0,0.0,0.0,0.0,17000.0,526500.0,2408100.0,1100900.0,619900.0,0.0,0.0,0.0,0.0,0.0
20230824140710264,SZSE,SZSE.ETF.159919,3.868,3.844,3.888,3.84,0.0,4.215,3.449,259913365.0,800.0,1003340785.272,3094.399999976158,0.0,0.0,20230824,20230824,140710262,3.832,0.0,0.0,3.867,3.866,3.865,3.864,3.863,0.0,0.0,0.0,0.0,0.0,3.868,3.869,3.87,3.871,3.872,0.0,0.0,0.0,0.0,0.0,355000.0,1704700.0,888500.0,1245100.0,1536700.0,0.0,0.0,0.0,0.0,0.0,17000.0,526500.0,2408100.0,1100900.0,619900.0,0.0,0.0,0.0,0.0,0.0
20230824140712000,SZSE,SZSE.ETF.159919,3.868,3.844,3.888,3.84,0.0,4.215,3.449,259913365.0,800.0,1003340785.272,3094.399999976158,0.0,0.0,20230824,20230824,140712000,3.832,0.0,0.0,3.867,3.866,3.865,3.864,3.863,0.0,0.0,0.0,0.0,0.0,3.868,3.869,3.87,3.871,3.872,0.0,0.0,0.0,0.0,0.0,355000.0,1704700.0,888500.0,1245100.0,1536700.0,0.0,0.0,0.0,0.0,0.0,17000.0,526500.0,2408100.0,1100900.0,619900.0,0.0,0.0,0.0,0.0,0.0
20230824140715064,SZSE,SZSE.ETF.159919,3.868,3.844,3.888,3.84,0.0,4.215,3.449,259913365.0,0.0,1003340785.272,0.0,0.0,0.0,20230824,20230824,140715062,3.832,0.0,0.0,3.867,3.866,3.865,3.864,3.863,0.0,0.0,0.0,0.0,0.0,3.868,3.869,3.87,3.871,3.872,0.0,0.0,0.0,0.0,0.0,955000.0,1404700.0,588500.0,1245100.0,1562600.0,0.0,0.0,0.0,0.0,0.0,17000.0,1102500.0,1470000.0,1663000.0,619900.0,0.0,0.0,0.0,0.0,0.0
20230824140713200,SZSE,SZSE.ETF.159919,3.868,3.844,3.888,3.84,0.0,4.215,3.449,259913365.0,0.0,1003340785.272,0.0,0.0,0.0,20230824,20230824,140713198,3.832,0.0,0.0,3.867,3.866,3.865,3.864,3.863,0.0,0.0,0.0,0.0,0.0,3.868,3.869,3.87,3.871,3.872,0.0,0.0,0.0,0.0,0.0,955000.0,1404700.0,588500.0,1245100.0,1562600.0,0.0,0.0,0.0,0.0,0.0,17000.0,1102500.0,1470000.0,1663000.0,619900.0,0.0,0.0,0.0,0.0,0.0
20230824140715000,SZSE,SZSE.ETF.159919,3.868,3.844,3.888,3.84,0.0,4.215,3.449,259913365.0,0.0,1003340785.272,0.0,0.0,0.0,20230824,20230824,140715000,3.832,0.0,0.0,3.867,3.866,3.865,3.864,3.863,0.0,0.0,0.0,0.0,0.0,3.868,3.869,3.87,3.871,3.872,0.0,0.0,0.0,0.0,0.0,955000.0,1404700.0,588500.0,1245100.0,1562600.0,0.0,0.0,0.0,0.0,0.0,17000.0,1102500.0,1470000.0,1663000.0,619900.0,0.0,0.0,0.0,0.0,0.0
20230824140716192,SZSE,SZSE.ETF.159919,3.868,3.844,3.888,3.84,0.0,4.215,3.449,259913365.0,0.0,1003340785.272,0.0,0.0,0.0,20230824,20230824,140716192,3.832,0.0,0.0,3.867,3.866,3.865,3.864,3.863,0.0,0.0,0.0,0.0,0.0,3.868,3.869,3.87,3.871,3.872,0.0,0.0,0.0,0.0,0.0,1555500.0,504200.0,899500.0,1142100.0,1562600.0,0.0,0.0,0.0,0.0,0.0,17000.0,1002500.0,1570000.0,1663000.0,516900.0,0.0,0.0,0.0,0.0,0.0
20230824140718000,SZSE,SZSE.ETF.159919,3.868,3.844,3.888,3.84,0.0,4.215,3.449,259913365.0,0.0,1003340785.272,0.0,0.0,0.0,20230824,20230824,140718000,3.832,0.0,0.0,3.867,3.866,3.865,3.864,3.863,0.0,0.0,0.0,0.0,0.0,3.868,3.869,3.87,3.871,3.872,0.0,0.0,0.0,0.0,0.0,1555500.0,504200.0,899500.0,1142100.0,1562600.0,0.0,0.0,0.0,0.0,0.0,17000.0,1002500.0,1570000.0,1663000.0,516900.0,0.0,0.0,0.0,0.0,0.0
20230824140718080,SZSE,SZSE.ETF.159919,3.868,3.844,3.888,3.84,0.0,4.215,3.449,259913365.0,0.0,1003340785.272,0.0,0.0,0.0,20230824,20230824,140718081,3.832,0.0,0.0,3.867,3.866,3.865,3.864,3.863,0.0,0.0,0.0,0.0,0.0,3.868,3.869,3.87,3.871,3.872,0.0,0.0,0.0,0.0,0.0,1555500.0,504200.0,899500.0,1142100.0,1562600.0,0.0,0.0,0.0,0.0,0.0,17000.0,1002500.0,1570000.0,1663000.0,516900.0,0.0,0.0,0.0,0.0,0.0
20230824140721000,SZSE,SZSE.ETF.159919,3.868,3.844,3.888,3.84,0.0,4.215,3.449,259930365.0,17000.0,1003406541.272,65756.0,0.0,0.0,20230824,20230824,140721000,3.832,0.0,0.0,3.867,3.866,3.865,3.864,3.863,0.0,0.0,0.0,0.0,0.0,3.869,3.87,3.871,3.872,3.873,0.0,0.0,0.0,0.0,0.0,938000.0,1104700.0,1227800.0,1746000.0,662600.0,0.0,0.0,0.0,0.0,0.0,1132100.0,1232100.0,1900900.0,819900.0,322900.0,0.0,0.0,0.0,0.0,0.0
20230824140721100,SZSE,SZSE.ETF.159919,3.868,3.844,3.888,3.84,0.0,4.215,3.449,259930365.0,17000.0,1003406541.272,65756.0,0.0,0.0,20230824,20230824,140721100,3.832,0.0,0.0,3.867,3.866,3.865,3.864,3.863,0.0,0.0,0.0,0.0,0.0,3.869,3.87,3.871,3.872,3.873,0.0,0.0,0.0,0.0,0.0,938000.0,1104700.0,1227800.0,1746000.0,662600.0,0.0,0.0,0.0,0.0,0.0,1132100.0,1232100.0,1900900.0,819900.0,322900.0,0.0,0.0,0.0,0.0,0.0
20230824140724080,SZSE,SZSE.ETF.159919,3.868,3.844,3.888,3.84,0.0,4.215,3.449,260130365.0,200000.0,1004180141.272,773600.0,0.0,0.0,20230824,20230824,140724078,3.832,0.0,0.0,3.866,3.865,3.864,3.863,3.862,0.0,0.0,0.0,0.0,0.0,3.868,3.869,3.87,3.871,3.872,0.0,0.0,0.0,0.0,0.0,1097200.0,1718300.0,643000.0,1819300.0,666000.0,0.0,0.0,0.0,0.0,0.0,61900.0,967000.0,3118100.0,703900.0,254900.0,0.0,0.0,0.0,0.0,0.0
20230824140722216,SZSE,SZSE.ETF.159919,3.868,3.844,3.888,3.84,0.0,4.215,3.449,260130365.0,200000.0,1004180141.272,773600.0,0.0,0.0,20230824,20230824,140722215,3.832,0.0,0.0,3.866,3.865,3.864,3.863,3.862,0.0,0.0,0.0,0.0,0.0,3.868,3.869,3.87,3.871,3.872,0.0,0.0,0.0,0.0,0.0,1097200.0,1718300.0,643000.0,1819300.0,666000.0,0.0,0.0,0.0,0.0,0.0,61900.0,967000.0,3118100.0,703900.0,254900.0,0.0,0.0,0.0,0.0,0.0
20230824140724000,SZSE,SZSE.ETF.159919,3.868,3.844,3.888,3.84,0.0,4.215,3.449,260130365.0,200000.0,1004180141.272,773600.0,0.0,0.0,20230824,20230824,140724000,3.832,0.0,0.0,3.866,3.865,3.864,3.863,3.862,0.0,0.0,0.0,0.0,0.0,3.868,3.869,3.87,3.871,3.872,0.0,0.0,0.0,0.0,0.0,1097200.0,1718300.0,643000.0,1819300.0,666000.0,0.0,0.0,0.0,0.0,0.0,61900.0,967000.0,3118100.0,703900.0,254900.0,0.0,0.0,0.0,0.0,0.0
20230824140727144,SZSE,SZSE.ETF.159919,3.868,3.844,3.888,3.84,0.0,4.215,3.449,260130365.0,0.0,1004180141.272,0.0,0.0,0.0,20230824,20230824,140727142,3.832,0.0,0.0,3.866,3.865,3.864,3.863,3.862,0.0,0.0,0.0,0.0,0.0,3.867,3.868,3.869,3.87,3.871,0.0,0.0,0.0,0.0,0.0,149200.0,1136700.0,1772600.0,806700.0,1438600.0,0.0,0.0,0.0,0.0,0.0,61900.0,826500.0,4838600.0,570000.0,300900.0,0.0,0.0,0.0,0.0,0.0
20230824140725280,SZSE,SZSE.ETF.159919,3.868,3.844,3.888,3.84,0.0,4.215,3.449,260130365.0,0.0,1004180141.272,0.0,0.0,0.0,20230824,20230824,140725278,3.832,0.0,0.0,3.866,3.865,3.864,3.863,3.862,0.0,0.0,0.0,0.0,0.0,3.867,3.868,3.869,3.87,3.871,0.0,0.0,0.0,0.0,0.0,149200.0,1136700.0,1772600.0,806700.0,1438600.0,0.0,0.0,0.0,0.0,0.0,61900.0,826500.0,4838600.0,570000.0,300900.0,0.0,0.0,0.0,0.0,0.0
20230824140727000,SZSE,SZSE.ETF.159919,3.868,3.844,3.888,3.84,0.0,4.215,3.449,260130365.0,0.0,1004180141.272,0.0,0.0,0.0,20230824,20230824,140727000,3.832,0.0,0.0,3.866,3.865,3.864,3.863,3.862,0.0,0.0,0.0,0.0,0.0,3.867,3.868,3.869,3.87,3.871,0.0,0.0,0.0,0.0,0.0,149200.0,1136700.0,1772600.0,806700.0,1438600.0,0.0,0.0,0.0,0.0,0.0,61900.0,826500.0,4838600.0,570000.0,300900.0,0.0,0.0,0.0,0.0,0.0
20230824140730104,SZSE,SZSE.ETF.159919,3.866,3.844,3.888,3.84,0.0,4.215,3.449,260192365.0,62000.0,1004419833.372,239692.10000002384,0.0,0.0,20230824,20230824,140730104,3.832,0.0,0.0,3.866,3.865,3.864,3.863,3.862,0.0,0.0,0.0,0.0,0.0,3.867,3.868,3.869,3.87,3.871,0.0,0.0,0.0,0.0,0.0,87300.0,1198700.0,955200.0,924100.0,1558700.0,0.0,0.0,0.0,0.0,0.0,399900.0,3188600.0,2276500.0,570000.0,262900.0,0.0,0.0,0.0,0.0,0.0
20230824140728240,SZSE,SZSE.ETF.159919,3.866,3.844,3.888,3.84,0.0,4.215,3.449,260192365.0,62000.0,1004419833.372,239692.10000002384,0.0,0.0,20230824,20230824,140728238,3.832,0.0,0.0,3.866,3.865,3.864,3.863,3.862,0.0,0.0,0.0,0.0,0.0,3.867,3.868,3.869,3.87,3.871,0.0,0.0,0.0,0.0,0.0,87300.0,1198700.0,955200.0,924100.0,1558700.0,0.0,0.0,0.0,0.0,0.0,399900.0,3188600.0,2276500.0,570000.0,262900.0,0.0,0.0,0.0,0.0,0.0
20230824140730000,SZSE,SZSE.ETF.159919,3.866,3.844,3.888,3.84,0.0,4.215,3.449,260192365.0,62000.0,1004419833.372,239692.10000002384,0.0,0.0,20230824,20230824,140730000,3.832,0.0,0.0,3.866,3.865,3.864,3.863,3.862,0.0,0.0,0.0,0.0,0.0,3.867,3.868,3.869,3.87,3.871,0.0,0.0,0.0,0.0,0.0,87300.0,1198700.0,955200.0,924100.0,1558700.0,0.0,0.0,0.0,0.0,0.0,399900.0,3188600.0,2276500.0,570000.0,262900.0,0.0,0.0,0.0,0.0,0.0
20230824140733124,SZSE,SZSE.ETF.159919,3.867,3.844,3.888,3.84,0.0,4.215,3.449,260579865.0,387500.0,1005917908.572,1498075.2000000477,0.0,0.0,20230824,20230824,140733123,3.832,0.0,0.0,3.866,3.865,3.864,3.863,3.862,0.0,0.0,0.0,0.0,0.0,3.867,3.868,3.869,3.87,3.871,0.0,0.0,0.0,0.0,0.0,388300.0,486000.0,1555200.0,924100.0,1232800.0,0.0,0.0,0.0,0.0,0.0,99800.0,3501200.0,2276500.0,1173000.0,162900.0,0.0,0.0,0.0,0.0,0.0
20230824140731256,SZSE,SZSE.ETF.159919,3.867,3.844,3.888,3.84,0.0,4.215,3.449,260579865.0,387500.0,1005917908.572,1498075.2000000477,0.0,0.0,20230824,20230824,140731257,3.832,0.0,0.0,3.866,3.865,3.864,3.863,3.862,0.0,0.0,0.0,0.0,0.0,3.867,3.868,3.869,3.87,3.871,0.0,0.0,0.0,0.0,0.0,388300.0,486000.0,1555200.0,924100.0,1232800.0,0.0,0.0,0.0,0.0,0.0,99800.0,3501200.0,2276500.0,1173000.0,162900.0,0.0,0.0,0.0,0.0,0.0
20230824140733000,SZSE,SZSE.ETF.159919,3.867,3.844,3.888,3.84,0.0,4.215,3.449,260579865.0,387500.0,1005917908.572,1498075.2000000477,0.0,0.0,20230824,20230824,140733000,3.832,0.0,0.0,3.866,3.865,3.864,3.863,3.862,0.0,0.0,0.0,0.0,0.0,3.867,3.868,3.869,3.87,3.871,0.0,0.0,0.0,0.0,0.0,388300.0,486000.0,1555200.0,924100.0,1232800.0,0.0,0.0,0.0,0.0,0.0,99800.0,3501200.0,2276500.0,1173000.0,162900.0,0.0,0.0,0.0,0.0,0.0
20230824140736140,SZSE,SZSE.ETF.159919,3.866,3.844,3.888,3.84,0.0,4.215,3.449,260984665.0,404800.0,1007482865.372,1564956.7999999523,0.0,0.0,20230824,20230824,140736141,3.832,0.0,0.0,3.865,3.864,3.863,3.862,3.861,0.0,0.0,0.0,0.0,0.0,3.866,3.867,3.868,3.869,3.87,0.0,0.0,0.0,0.0,0.0,88700.0,1665200.0,1424100.0,1158700.0,1388500.0,0.0,0.0,0.0,0.0,0.0,575600.0,578100.0,4798100.0,790500.0,773000.0,0.0,0.0,0.0,0.0,0.0
20230824140734280,SZSE,SZSE.ETF.159919,3.866,3.844,3.888,3.84,0.0,4.215,3.449,260984665.0,404800.0,1007482865.372,1564956.7999999523,0.0,0.0,20230824,20230824,140734280,3.832,0.0,0.0,3.865,3.864,3.863,3.862,3.861,0.0,0.0,0.0,0.0,0.0,3.866,3.867,3.868,3.869,3.87,0.0,0.0,0.0,0.0,0.0,88700.0,1665200.0,1424100.0,1158700.0,1388500.0,0.0,0.0,0.0,0.0,0.0,575600.0,578100.0,4798100.0,790500.0,773000.0,0.0,0.0,0.0,0.0,0.0
20230824140736000,SZSE,SZSE.ETF.159919,3.866,3.844,3.888,3.84,0.0,4.215,3.449,260984665.0,404800.0,1007482865.372,1564956.7999999523,0.0,0.0,20230824,20230824,140736000,3.832,0.0,0.0,3.865,3.864,3.863,3.862,3.861,0.0,0.0,0.0,0.0,0.0,3.866,3.867,3.868,3.869,3.87,0.0,0.0,0.0,0.0,0.0,88700.0,1665200.0,1424100.0,1158700.0,1388500.0,0.0,0.0,0.0,0.0,0.0,575600.0,578100.0,4798100.0,790500.0,773000.0,0.0,0.0,0.0,0.0,0.0
20230824140739108,SZSE,SZSE.ETF.159919,3.866,3.844,3.888,3.84,0.0,4.215,3.449,260988165.0,3500.0,1007496396.372,13531.0,0.0,0.0,20230824,20230824,140739109,3.832,0.0,0.0,3.865,3.864,3.863,3.862,3.861,0.0,0.0,0.0,0.0,0.0,3.866,3.867,3.868,3.869,3.87,0.0,0.0,0.0,0.0,0.0,88700.0,635200.0,1854600.0,649800.0,1501600.0,0.0,0.0,0.0,0.0,0.0,499900.0,1678100.0,2998100.0,893500.0,332000.0,0.0,0.0,0.0,0.0,0.0
20230824140737256,SZSE,SZSE.ETF.159919,3.866,3.844,3.888,3.84,0.0,4.215,3.449,260988165.0,3500.0,1007496396.372,13531.0,0.0,0.0,20230824,20230824,140737257,3.832,0.0,0.0,3.865,3.864,3.863,3.862,3.861,0.0,0.0,0.0,0.0,0.0,3.866,3.867,3.868,3.869,3.87,0.0,0.0,0.0,0.0,0.0,88700.0,635200.0,1854600.0,649800.0,1501600.0,0.0,0.0,0.0,0.0,0.0,499900.0,1678100.0,2998100.0,893500.0,332000.0,0.0,0.0,0.0,0.0,0.0
20230824140739000,SZSE,SZSE.ETF.159919,3.866,3.844,3.888,3.84,0.0,4.215,3.449,260988165.0,3500.0,1007496396.372,13531.0,0.0,0.0,20230824,20230824,140739000,3.832,0.0,0.0,3.865,3.864,3.863,3.862,3.861,0.0,0.0,0.0,0.0,0.0,3.866,3.867,3.868,3.869,3.87,0.0,0.0,0.0,0.0,0.0,88700.0,635200.0,1854600.0,649800.0,1501600.0,0.0,0.0,0.0,0.0,0.0,499900.0,1678100.0,2998100.0,893500.0,332000.0,0.0,0.0,0.0,0.0,0.0
20230824140742140,SZSE,SZSE.ETF.159919,3.866,3.844,3.888,3.84,0.0,4.215,3.449,260988365.0,200.0,1007497169.572,773.2000000476837,0.0,0.0,20230824,20230824,140742141,3.832,0.0,0.0,3.865,3.864,3.863,3.862,3.861,0.0,0.0,0.0,0.0,0.0,3.866,3.867,3.868,3.869,3.87,0.0,0.0,0.0,0.0,0.0,88700.0,625200.0,1047200.0,1567200.0,1801600.0,0.0,0.0,0.0,0.0,0.0,499700.0,3373700.0,2130000.0,893500.0,182000.0,0.0,0.0,0.0,0.0,0.0
20230824140745156,SZSE,SZSE.ETF.159919,3.865,3.844,3.888,3.84,0.0,4.215,3.449,261077065.0,88700.0,1007839995.072,342825.5,0.0,0.0,20230824,20230824,140745156,3.832,0.0,0.0,3.864,3.863,3.862,3.861,3.86,0.0,0.0,0.0,0.0,0.0,3.865,3.866,3.867,3.868,3.869,0.0,0.0,0.0,0.0,0.0,25200.0,1647200.0,1567200.0,901600.0,1906900.0,0.0,0.0,0.0,0.0,0.0,310500.0,499700.0,4826200.0,554000.0,993500.0,0.0,0.0,0.0,0.0,0.0
20230824140748144,SZSE,SZSE.ETF.159919,3.865,3.844,3.888,3.84,0.0,4.215,3.449,261077065.0,0.0,1007839995.072,0.0,0.0,0.0,20230824,20230824,140748142,3.832,0.0,0.0,3.865,3.864,3.863,3.862,3.861,0.0,0.0,0.0,0.0,0.0,3.866,3.867,3.868,3.869,3.87,0.0,0.0,0.0,0.0,0.0,4500.0,105800.0,1617200.0,1384300.0,689900.0,0.0,0.0,0.0,0.0,0.0,988700.0,3973700.0,954000.0,1055500.0,415800.0,0.0,0.0,0.0,0.0,0.0
20230824140746280,SZSE,SZSE.ETF.159919,3.865,3.844,3.888,3.84,0.0,4.215,3.449,261077065.0,0.0,1007839995.072,0.0,0.0,0.0,20230824,20230824,140746278,3.832,0.0,0.0,3.865,3.864,3.863,3.862,3.861,0.0,0.0,0.0,0.0,0.0,3.866,3.867,3.868,3.869,3.87,0.0,0.0,0.0,0.0,0.0,4500.0,105800.0,1617200.0,1384300.0,689900.0,0.0,0.0,0.0,0.0,0.0,988700.0,3973700.0,954000.0,1055500.0,415800.0,0.0,0.0,0.0,0.0,0.0
20230824140751108,SZSE,SZSE.ETF.159919,3.865,3.844,3.888,3.84,0.0,4.215,3.449,261199365.0,122300.0,1008312684.572,472689.5,0.0,0.0,20230824,20230824,140751109,3.832,0.0,0.0,3.865,3.864,3.863,3.862,3.861,0.0,0.0,0.0,0.0,0.0,3.866,3.867,3.868,3.869,3.87,0.0,0.0,0.0,0.0,0.0,10000.0,236400.0,1647200.0,1354300.0,819900.0,0.0,0.0,0.0,0.0,0.0,1142900.0,4257900.0,954000.0,709300.0,182000.0,0.0,0.0,0.0,0.0,0.0
20230824140749252,SZSE,SZSE.ETF.159919,3.865,3.844,3.888,3.84,0.0,4.215,3.449,261199365.0,122300.0,1008312684.572,472689.5,0.0,0.0,20230824,20230824,140749251,3.832,0.0,0.0,3.865,3.864,3.863,3.862,3.861,0.0,0.0,0.0,0.0,0.0,3.866,3.867,3.868,3.869,3.87,0.0,0.0,0.0,0.0,0.0,10000.0,236400.0,1647200.0,1354300.0,819900.0,0.0,0.0,0.0,0.0,0.0,1142900.0,4257900.0,954000.0,709300.0,182000.0,0.0,0.0,0.0,0.0,0.0
20230824140751000,SZSE,SZSE.ETF.159919,3.865,3.844,3.888,3.84,0.0,4.215,3.449,261199365.0,122300.0,1008312684.572,472689.5,0.0,0.0,20230824,20230824,140751000,3.832,0.0,0.0,3.865,3.864,3.863,3.862,3.861,0.0,0.0,0.0,0.0,0.0,3.866,3.867,3.868,3.869,3.87,0.0,0.0,0.0,0.0,0.0,10000.0,236400.0,1647200.0,1354300.0,819900.0,0.0,0.0,0.0,0.0,0.0,1142900.0,4257900.0,954000.0,709300.0,182000.0,0.0,0.0,0.0,0.0,0.0
20230824140754124,SZSE,SZSE.ETF.159919,3.865,3.844,3.888,3.84,0.0,4.215,3.449,261199565.0,200.0,1008313457.572,773.0,0.0,0.0,20230824,20230824,140754125,3.832,0.0,0.0,3.865,3.864,3.863,3.862,3.861,0.0,0.0,0.0,0.0,0.0,3.866,3.867,3.868,3.869,3.87,0.0,0.0,0.0,0.0,0.0,231500.0,836400.0,1646300.0,355200.0,1501600.0,0.0,0.0,0.0,0.0,0.0,102200.0,3458900.0,2492100.0,709300.0,332000.0,0.0,0.0,0.0,0.0,0.0
20230824140752268,SZSE,SZSE.ETF.159919,3.865,3.844,3.888,3.84,0.0,4.215,3.449,261199565.0,200.0,1008313457.572,773.0,0.0,0.0,20230824,20230824,140752268,3.832,0.0,0.0,3.865,3.864,3.863,3.862,3.861,0.0,0.0,0.0,0.0,0.0,3.866,3.867,3.868,3.869,3.87,0.0,0.0,0.0,0.0,0.0,231500.0,836400.0,1646300.0,355200.0,1501600.0,0.0,0.0,0.0,0.0,0.0,102200.0,3458900.0,2492100.0,709300.0,332000.0,0.0,0.0,0.0,0.0,0.0
20230824140754000,SZSE,SZSE.ETF.159919,3.865,3.844,3.888,3.84,0.0,4.215,3.449,261199565.0,200.0,1008313457.572,773.0,0.0,0.0,20230824,20230824,140754000,3.832,0.0,0.0,3.865,3.864,3.863,3.862,3.861,0.0,0.0,0.0,0.0,0.0,3.866,3.867,3.868,3.869,3.87,0.0,0.0,0.0,0.0,0.0,231500.0,836400.0,1646300.0,355200.0,1501600.0,0.0,0.0,0.0,0.0,0.0,102200.0,3458900.0,2492100.0,709300.0,332000.0,0.0,0.0,0.0,0.0,0.0
20230824140757140,SZSE,SZSE.ETF.159919,3.865,3.844,3.888,3.84,0.0,4.215,3.449,261199565.0,0.0,1008313457.572,0.0,0.0,0.0,20230824,20230824,140757141,3.832,0.0,0.0,3.865,3.864,3.863,3.862,3.861,0.0,0.0,0.0,0.0,0.0,3.866,3.867,3.868,3.869,3.87,0.0,0.0,0.0,0.0,0.0,319800.0,241500.0,2346300.0,455200.0,1501600.0,0.0,0.0,0.0,0.0,0.0,190400.0,5108800.0,1054000.0,809300.0,332000.0,0.0,0.0,0.0,0.0,0.0
20230824140800124,SZSE,SZSE.ETF.159919,3.866,3.844,3.888,3.84,0.0,4.215,3.449,261231765.0,32200.0,1008437912.772,124455.19999992847,0.0,0.0,20230824,20230824,140800125,3.832,0.0,0.0,3.865,3.864,3.863,3.862,3.861,0.0,0.0,0.0,0.0,0.0,3.867,3.868,3.869,3.87,3.871,0.0,0.0,0.0,0.0,0.0,468300.0,1442000.0,845800.0,758200.0,1416900.0,0.0,0.0,0.0,0.0,0.0,1937100.0,1704300.0,806300.0,1035000.0,921000.0,0.0,0.0,0.0,0.0,0.0
20230824140758264,SZSE,SZSE.ETF.159919,3.866,3.844,3.888,3.84,0.0,4.215,3.449,261231765.0,32200.0,1008437912.772,124455.19999992847,0.0,0.0,20230824,20230824,140758263,3.832,0.0,0.0,3.865,3.864,3.863,3.862,3.861,0.0,0.0,0.0,0.0,0.0,3.867,3.868,3.869,3.87,3.871,0.0,0.0,0.0,0.0,0.0,468300.0,1442000.0,845800.0,758200.0,1416900.0,0.0,0.0,0.0,0.0,0.0,1937100.0,1704300.0,806300.0,1035000.0,921000.0,0.0,0.0,0.0,0.0,0.0
20230824140800000,SZSE,SZSE.ETF.159919,3.866,3.844,3.888,3.84,0.0,4.215,3.449,261231765.0,32200.0,1008437912.772,124455.19999992847,0.0,0.0,20230824,20230824,140800000,3.832,0.0,0.0,3.865,3.864,3.863,3.862,3.861,0.0,0.0,0.0,0.0,0.0,3.867,3.868,3.869,3.87,3.871,0.0,0.0,0.0,0.0,0.0,468300.0,1442000.0,845800.0,758200.0,1416900.0,0.0,0.0,0.0,0.0,0.0,1937100.0,1704300.0,806300.0,1035000.0,921000.0,0.0,0.0,0.0,0.0,0.0
20230824140803144,SZSE,SZSE.ETF.159919,3.865,3.844,3.888,3.84,0.0,4.215,3.449,261238865.0,7100.0,1008465354.272,27441.5,0.0,0.0,20230824,20230824,140803142,3.832,0.0,0.0,3.865,3.864,3.863,3.862,3.861,0.0,0.0,0.0,0.0,0.0,3.866,3.867,3.868,3.869,3.87,0.0,0.0,0.0,0.0,0.0,461700.0,851500.0,1037200.0,1054300.0,1799600.0,0.0,0.0,0.0,0.0,0.0,100000.0,3451100.0,2502100.0,1009300.0,270000.0,0.0,0.0,0.0,0.0,0.0
20230824140801280,SZSE,SZSE.ETF.159919,3.865,3.844,3.888,3.84,0.0,4.215,3.449,261238865.0,7100.0,1008465354.272,27441.5,0.0,0.0,20230824,20230824,140801278,3.832,0.0,0.0,3.865,3.864,3.863,3.862,3.861,0.0,0.0,0.0,0.0,0.0,3.866,3.867,3.868,3.869,3.87,0.0,0.0,0.0,0.0,0.0,461700.0,851500.0,1037200.0,1054300.0,1799600.0,0.0,0.0,0.0,0.0,0.0,100000.0,3451100.0,2502100.0,1009300.0,270000.0,0.0,0.0,0.0,0.0,0.0
20230824140803000,SZSE,SZSE.ETF.159919,3.865,3.844,3.888,3.84,0.0,4.215,3.449,261238865.0,7100.0,1008465354.272,27441.5,0.0,0.0,20230824,20230824,140803000,3.832,0.0,0.0,3.865,3.864,3.863,3.862,3.861,0.0,0.0,0.0,0.0,0.0,3.866,3.867,3.868,3.869,3.87,0.0,0.0,0.0,0.0,0.0,461700.0,851500.0,1037200.0,1054300.0,1799600.0,0.0,0.0,0.0,0.0,0.0,100000.0,3451100.0,2502100.0,1009300.0,270000.0,0.0,0.0,0.0,0.0,0.0
20230824140804252,SZSE,SZSE.ETF.159919,3.865,3.844,3.888,3.84,0.0,4.215,3.449,261719265.0,480400.0,1010322400.272,1857046.0,0.0,0.0,20230824,20230824,140804252,3.832,0.0,0.0,3.865,3.864,3.863,3.862,3.861,0.0,0.0,0.0,0.0,0.0,3.866,3.867,3.868,3.869,3.87,0.0,0.0,0.0,0.0,0.0,492900.0,249300.0,1737200.0,1154300.0,1745900.0,0.0,0.0,0.0,0.0,0.0,426500.0,4422300.0,964000.0,1209300.0,282000.0,0.0,0.0,0.0,0.0,0.0
20230824140806108,SZSE,SZSE.ETF.159919,3.865,3.844,3.888,3.84,0.0,4.215,3.449,261719265.0,480400.0,1010322400.272,1857046.0,0.0,0.0,20230824,20230824,140806109,3.832,0.0,0.0,3.865,3.864,3.863,3.862,3.861,0.0,0.0,0.0,0.0,0.0,3.866,3.867,3.868,3.869,3.87,0.0,0.0,0.0,0.0,0.0,492900.0,249300.0,1737200.0,1154300.0,1745900.0,0.0,0.0,0.0,0.0,0.0,426500.0,4422300.0,964000.0,1209300.0,282000.0,0.0,0.0,0.0,0.0,0.0
20230824140806000,SZSE,SZSE.ETF.159919,3.865,3.844,3.888,3.84,0.0,4.215,3.449,261719265.0,480400.0,1010322400.272,1857046.0,0.0,0.0,20230824,20230824,140806000,3.832,0.0,0.0,3.865,3.864,3.863,3.862,3.861,0.0,0.0,0.0,0.0,0.0,3.866,3.867,3.868,3.869,3.87,0.0,0.0,0.0,0.0,0.0,492900.0,249300.0,1737200.0,1154300.0,1745900.0,0.0,0.0,0.0,0.0,0.0,426500.0,4422300.0,964000.0,1209300.0,282000.0,0.0,0.0,0.0,0.0,0.0
20230824140809096,SZSE,SZSE.ETF.159919,3.865,3.844,3.888,3.84,0.0,4.215,3.449,261719265.0,0.0,1010322400.272,0.0,0.0,0.0,20230824,20230824,140809094,3.832,0.0,0.0,3.865,3.864,3.863,3.862,3.861,0.0,0.0,0.0,0.0,0.0,3.866,3.867,3.868,3.869,3.87,0.0,0.0,0.0,0.0,0.0,492900.0,249300.0,1737200.0,1054300.0,1719900.0,0.0,0.0,0.0,0.0,0.0,100000.0,4798800.0,964000.0,1109300.0,332000.0,0.0,0.0,0.0,0.0,0.0
20230824140807232,SZSE,SZSE.ETF.159919,3.865,3.844,3.888,3.84,0.0,4.215,3.449,261719265.0,0.0,1010322400.272,0.0,0.0,0.0,20230824,20230824,140807233,3.832,0.0,0.0,3.865,3.864,3.863,3.862,3.861,0.0,0.0,0.0,0.0,0.0,3.866,3.867,3.868,3.869,3.87,0.0,0.0,0.0,0.0,0.0,492900.0,249300.0,1737200.0,1054300.0,1719900.0,0.0,0.0,0.0,0.0,0.0,100000.0,4798800.0,964000.0,1109300.0,332000.0,0.0,0.0,0.0,0.0,0.0
20230824140809000,SZSE,SZSE.ETF.159919,3.865,3.844,3.888,3.84,0.0,4.215,3.449,261719265.0,0.0,1010322400.272,0.0,0.0,0.0,20230824,20230824,140809000,3.832,0.0,0.0,3.865,3.864,3.863,3.862,3.861,0.0,0.0,0.0,0.0,0.0,3.866,3.867,3.868,3.869,3.87,0.0,0.0,0.0,0.0,0.0,492900.0,249300.0,1737200.0,1054300.0,1719900.0,0.0,0.0,0.0,0.0,0.0,100000.0,4798800.0,964000.0,1109300.0,332000.0,0.0,0.0,0.0,0.0,0.0
20230824140812108,SZSE,SZSE.ETF.159919,3.865,3.844,3.888,3.84,0.0,4.215,3.449,262009265.0,290000.0,1011443250.272,1120850.0,0.0,0.0,20230824,20230824,140812109,3.832,0.0,0.0,3.865,3.864,3.863,3.862,3.861,0.0,0.0,0.0,0.0,0.0,3.867,3.868,3.869,3.87,3.871,0.0,0.0,0.0,0.0,0.0,212900.0,839400.0,1147200.0,1054300.0,1745900.0,0.0,0.0,0.0,0.0,0.0,3832300.0,1554000.0,1209300.0,282000.0,895100.0,0.0,0.0,0.0,0.0,0.0
20230824140810256,SZSE,SZSE.ETF.159919,3.865,3.844,3.888,3.84,0.0,4.215,3.449,262009265.0,290000.0,1011443250.272,1120850.0,0.0,0.0,20230824,20230824,140810256,3.832,0.0,0.0,3.865,3.864,3.863,3.862,3.861,0.0,0.0,0.0,0.0,0.0,3.867,3.868,3.869,3.87,3.871,0.0,0.0,0.0,0.0,0.0,212900.0,839400.0,1147200.0,1054300.0,1745900.0,0.0,0.0,0.0,0.0,0.0,3832300.0,1554000.0,1209300.0,282000.0,895100.0,0.0,0.0,0.0,0.0,0.0
20230824140812000,SZSE,SZSE.ETF.159919,3.865,3.844,3.888,3.84,0.0,4.215,3.449,262009265.0,290000.0,1011443250.272,1120850.0,0.0,0.0,20230824,20230824,140812000,3.832,0.0,0.0,3.865,3.864,3.863,3.862,3.861,0.0,0.0,0.0,0.0,0.0,3.867,3.868,3.869,3.87,3.871,0.0,0.0,0.0,0.0,0.0,212900.0,839400.0,1147200.0,1054300.0,1745900.0,0.0,0.0,0.0,0.0,0.0,3832300.0,1554000.0,1209300.0,282000.0,895100.0,0.0,0.0,0.0,0.0,0.0
20230824140815108,SZSE,SZSE.ETF.159919,3.864,3.844,3.888,3.84,0.0,4.215,3.449,262028165.0,18900.0,1011516290.772,73040.5,0.0,0.0,20230824,20230824,140815109,3.832,0.0,0.0,3.864,3.863,3.862,3.861,3.86,0.0,0.0,0.0,0.0,0.0,3.865,3.866,3.867,3.868,3.869,0.0,0.0,0.0,0.0,0.0,234500.0,1637200.0,1354300.0,1804600.0,924600.0,0.0,0.0,0.0,0.0,0.0,279700.0,723200.0,4922300.0,964000.0,703000.0,0.0,0.0,0.0,0.0,0.0
20230824140813248,SZSE,SZSE.ETF.159919,3.864,3.844,3.888,3.84,0.0,4.215,3.449,262028165.0,18900.0,1011516290.772,73040.5,0.0,0.0,20230824,20230824,140813250,3.832,0.0,0.0,3.864,3.863,3.862,3.861,3.86,0.0,0.0,0.0,0.0,0.0,3.865,3.866,3.867,3.868,3.869,0.0,0.0,0.0,0.0,0.0,234500.0,1637200.0,1354300.0,1804600.0,924600.0,0.0,0.0,0.0,0.0,0.0,279700.0,723200.0,4922300.0,964000.0,703000.0,0.0,0.0,0.0,0.0,0.0
20230824140815000,SZSE,SZSE.ETF.159919,3.864,3.844,3.888,3.84,0.0,4.215,3.449,262028165.0,18900.0,1011516290.772,73040.5,0.0,0.0,20230824,20230824,140815000,3.832,0.0,0.0,3.864,3.863,3.862,3.861,3.86,0.0,0.0,0.0,0.0,0.0,3.865,3.866,3.867,3.868,3.869,0.0,0.0,0.0,0.0,0.0,234500.0,1637200.0,1354300.0,1804600.0,924600.0,0.0,0.0,0.0,0.0,0.0,279700.0,723200.0,4922300.0,964000.0,703000.0,0.0,0.0,0.0,0.0,0.0
20230824140818064,SZSE,SZSE.ETF.159919,3.865,3.844,3.888,3.84,0.0,4.215,3.449,262029065.0,900.0,1011519769.372,3478.600000023842,0.0,0.0,20230824,20230824,140818063,3.832,0.0,0.0,3.865,3.864,3.863,3.862,3.861,0.0,0.0,0.0,0.0,0.0,3.866,3.867,3.868,3.869,3.87,0.0,0.0,0.0,0.0,0.0,1300.0,230500.0,1717200.0,1484300.0,1694900.0,0.0,0.0,0.0,0.0,0.0,306600.0,2932300.0,954000.0,765000.0,265800.0,0.0,0.0,0.0,0.0,0.0
20230824140816208,SZSE,SZSE.ETF.159919,3.865,3.844,3.888,3.84,0.0,4.215,3.449,262029065.0,900.0,1011519769.372,3478.600000023842,0.0,0.0,20230824,20230824,140816206,3.832,0.0,0.0,3.865,3.864,3.863,3.862,3.861,0.0,0.0,0.0,0.0,0.0,3.866,3.867,3.868,3.869,3.87,0.0,0.0,0.0,0.0,0.0,1300.0,230500.0,1717200.0,1484300.0,1694900.0,0.0,0.0,0.0,0.0,0.0,306600.0,2932300.0,954000.0,765000.0,265800.0,0.0,0.0,0.0,0.0,0.0
20230824140821064,SZSE,SZSE.ETF.159919,3.865,3.844,3.888,3.84,0.0,4.215,3.449,262533865.0,504800.0,1013470821.372,1951052.0,0.0,0.0,20230824,20230824,140821062,3.832,0.0,0.0,3.864,3.863,3.862,3.861,3.86,0.0,0.0,0.0,0.0,0.0,3.865,3.866,3.867,3.868,3.869,0.0,0.0,0.0,0.0,0.0,230500.0,1647200.0,954300.0,1724900.0,1004300.0,0.0,0.0,0.0,0.0,0.0,97500.0,2306600.0,2924600.0,954000.0,703000.0,0.0,0.0,0.0,0.0,0.0
20230824140819200,SZSE,SZSE.ETF.159919,3.865,3.844,3.888,3.84,0.0,4.215,3.449,262533865.0,504800.0,1013470821.372,1951052.0,0.0,0.0,20230824,20230824,140819199,3.832,0.0,0.0,3.864,3.863,3.862,3.861,3.86,0.0,0.0,0.0,0.0,0.0,3.865,3.866,3.867,3.868,3.869,0.0,0.0,0.0,0.0,0.0,230500.0,1647200.0,954300.0,1724900.0,1004300.0,0.0,0.0,0.0,0.0,0.0,97500.0,2306600.0,2924600.0,954000.0,703000.0,0.0,0.0,0.0,0.0,0.0
20230824140821000,SZSE,SZSE.ETF.159919,3.865,3.844,3.888,3.84,0.0,4.215,3.449,262533865.0,504800.0,1013470821.372,1951052.0,0.0,0.0,20230824,20230824,140821000,3.832,0.0,0.0,3.864,3.863,3.862,3.861,3.86,0.0,0.0,0.0,0.0,0.0,3.865,3.866,3.867,3.868,3.869,0.0,0.0,0.0,0.0,0.0,230500.0,1647200.0,954300.0,1724900.0,1004300.0,0.0,0.0,0.0,0.0,0.0,97500.0,2306600.0,2924600.0,954000.0,703000.0,0.0,0.0,0.0,0.0,0.0
20230824140824064,SZSE,SZSE.ETF.159919,3.865,3.844,3.888,3.84,0.0,4.215,3.449,262533865.0,0.0,1013470821.372,0.0,0.0,0.0,20230824,20230824,140824062,3.832,0.0,0.0,3.864,3.863,3.862,3.861,3.86,0.0,0.0,0.0,0.0,0.0,3.866,3.867,3.868,3.869,3.87,0.0,0.0,0.0,0.0,0.0,28000.0,1217200.0,885200.0,1794000.0,1714400.0,0.0,0.0,0.0,0.0,0.0,2836400.0,2745600.0,954000.0,765000.0,139900.0,0.0,0.0,0.0,0.0,0.0
20230824140822208,SZSE,SZSE.ETF.159919,3.865,3.844,3.888,3.84,0.0,4.215,3.449,262533865.0,0.0,1013470821.372,0.0,0.0,0.0,20230824,20230824,140822206,3.832,0.0,0.0,3.864,3.863,3.862,3.861,3.86,0.0,0.0,0.0,0.0,0.0,3.866,3.867,3.868,3.869,3.87,0.0,0.0,0.0,0.0,0.0,28000.0,1217200.0,885200.0,1794000.0,1714400.0,0.0,0.0,0.0,0.0,0.0,2836400.0,2745600.0,954000.0,765000.0,139900.0,0.0,0.0,0.0,0.0,0.0
20230824140824000,SZSE,SZSE.ETF.159919,3.865,3.844,3.888,3.84,0.0,4.215,3.449,262533865.0,0.0,1013470821.372,0.0,0.0,0.0,20230824,20230824,140824000,3.832,0.0,0.0,3.864,3.863,3.862,3.861,3.86,0.0,0.0,0.0,0.0,0.0,3.866,3.867,3.868,3.869,3.87,0.0,0.0,0.0,0.0,0.0,28000.0,1217200.0,885200.0,1794000.0,1714400.0,0.0,0.0,0.0,0.0,0.0,2836400.0,2745600.0,954000.0,765000.0,139900.0,0.0,0.0,0.0,0.0,0.0
20230824140827048,SZSE,SZSE.ETF.159919,3.864,3.844,3.888,3.84,0.0,4.215,3.449,262541065.0,7200.0,1013498642.172,27820.800000071526,0.0,0.0,20230824,20230824,140827047,3.832,0.0,0.0,3.864,3.863,3.862,3.861,3.86,0.0,0.0,0.0,0.0,0.0,3.866,3.867,3.868,3.869,3.87,0.0,0.0,0.0,0.0,0.0,20800.0,1617200.0,786200.0,1294000.0,1842100.0,0.0,0.0,0.0,0.0,0.0,2509900.0,3045600.0,954000.0,403000.0,337800.0,0.0,0.0,0.0,0.0,0.0
20230824140825192,SZSE,SZSE.ETF.159919,3.864,3.844,3.888,3.84,0.0,4.215,3.449,262541065.0,7200.0,1013498642.172,27820.800000071526,0.0,0.0,20230824,20230824,140825191,3.832,0.0,0.0,3.864,3.863,3.862,3.861,3.86,0.0,0.0,0.0,0.0,0.0,3.866,3.867,3.868,3.869,3.87,0.0,0.0,0.0,0.0,0.0,20800.0,1617200.0,786200.0,1294000.0,1842100.0,0.0,0.0,0.0,0.0,0.0,2509900.0,3045600.0,954000.0,403000.0,337800.0,0.0,0.0,0.0,0.0,0.0
20230824140827000,SZSE,SZSE.ETF.159919,3.864,3.844,3.888,3.84,0.0,4.215,3.449,262541065.0,7200.0,1013498642.172,27820.800000071526,0.0,0.0,20230824,20230824,140827000,3.832,0.0,0.0,3.864,3.863,3.862,3.861,3.86,0.0,0.0,0.0,0.0,0.0,3.866,3.867,3.868,3.869,3.87,0.0,0.0,0.0,0.0,0.0,20800.0,1617200.0,786200.0,1294000.0,1842100.0,0.0,0.0,0.0,0.0,0.0,2509900.0,3045600.0,954000.0,403000.0,337800.0,0.0,0.0,0.0,0.0,0.0
20230824140830080,SZSE,SZSE.ETF.159919,3.864,3.844,3.888,3.84,0.0,4.215,3.449,262580565.0,39500.0,1013651270.172,152628.0,0.0,0.0,20230824,20230824,140830078,3.832,0.0,0.0,3.863,3.862,3.861,3.86,3.859,0.0,0.0,0.0,0.0,0.0,3.864,3.866,3.867,3.868,3.869,0.0,0.0,0.0,0.0,0.0,1217200.0,786200.0,1694000.0,1842100.0,401500.0,0.0,0.0,0.0,0.0,0.0,80500.0,2942700.0,2348100.0,1654000.0,500500.0,0.0,0.0,0.0,0.0,0.0
20230824140830000,SZSE,SZSE.ETF.159919,3.864,3.844,3.888,3.84,0.0,4.215,3.449,262580565.0,39500.0,1013651270.172,152628.0,0.0,0.0,20230824,20230824,140830000,3.832,0.0,0.0,3.863,3.862,3.861,3.86,3.859,0.0,0.0,0.0,0.0,0.0,3.864,3.866,3.867,3.868,3.869,0.0,0.0,0.0,0.0,0.0,1217200.0,786200.0,1694000.0,1842100.0,401500.0,0.0,0.0,0.0,0.0,0.0,80500.0,2942700.0,2348100.0,1654000.0,500500.0,0.0,0.0,0.0,0.0,0.0
20230824140833096,SZSE,SZSE.ETF.159919,3.864,3.844,3.888,3.84,0.0,4.215,3.449,262619665.0,39100.0,1013802352.572,151082.39999997616,0.0,0.0,20230824,20230824,140833094,3.832,0.0,0.0,3.863,3.862,3.861,3.86,3.859,0.0,0.0,0.0,0.0,0.0,3.864,3.865,3.866,3.867,3.868,0.0,0.0,0.0,0.0,0.0,706700.0,1366700.0,1521000.0,1811400.0,239300.0,0.0,0.0,0.0,0.0,0.0,41900.0,400900.0,2576200.0,2935600.0,919000.0,0.0,0.0,0.0,0.0,0.0
20230824140831232,SZSE,SZSE.ETF.159919,3.864,3.844,3.888,3.84,0.0,4.215,3.449,262619665.0,39100.0,1013802352.572,151082.39999997616,0.0,0.0,20230824,20230824,140831230,3.832,0.0,0.0,3.863,3.862,3.861,3.86,3.859,0.0,0.0,0.0,0.0,0.0,3.864,3.865,3.866,3.867,3.868,0.0,0.0,0.0,0.0,0.0,706700.0,1366700.0,1521000.0,1811400.0,239300.0,0.0,0.0,0.0,0.0,0.0,41900.0,400900.0,2576200.0,2935600.0,919000.0,0.0,0.0,0.0,0.0,0.0
20230824140833000,SZSE,SZSE.ETF.159919,3.864,3.844,3.888,3.84,0.0,4.215,3.449,262619665.0,39100.0,1013802352.572,151082.39999997616,0.0,0.0,20230824,20230824,140833000,3.832,0.0,0.0,3.863,3.862,3.861,3.86,3.859,0.0,0.0,0.0,0.0,0.0,3.864,3.865,3.866,3.867,3.868,0.0,0.0,0.0,0.0,0.0,706700.0,1366700.0,1521000.0,1811400.0,239300.0,0.0,0.0,0.0,0.0,0.0,41900.0,400900.0,2576200.0,2935600.0,919000.0,0.0,0.0,0.0,0.0,0.0
20230824140836096,SZSE,SZSE.ETF.159919,3.864,3.844,3.888,3.84,0.0,4.215,3.449,262619865.0,200.0,1013803125.372,772.7999999523163,0.0,0.0,20230824,20230824,140836094,3.832,0.0,0.0,3.863,3.862,3.861,3.86,3.859,0.0,0.0,0.0,0.0,0.0,3.864,3.865,3.866,3.867,3.868,0.0,0.0,0.0,0.0,0.0,706700.0,1366700.0,1521000.0,1811400.0,265300.0,0.0,0.0,0.0,0.0,0.0,42700.0,400900.0,4114300.0,1497500.0,919000.0,0.0,0.0,0.0,0.0,0.0
20230824140834244,SZSE,SZSE.ETF.159919,3.864,3.844,3.888,3.84,0.0,4.215,3.449,262619865.0,200.0,1013803125.372,772.7999999523163,0.0,0.0,20230824,20230824,140834243,3.832,0.0,0.0,3.863,3.862,3.861,3.86,3.859,0.0,0.0,0.0,0.0,0.0,3.864,3.865,3.866,3.867,3.868,0.0,0.0,0.0,0.0,0.0,706700.0,1366700.0,1521000.0,1811400.0,265300.0,0.0,0.0,0.0,0.0,0.0,42700.0,400900.0,4114300.0,1497500.0,919000.0,0.0,0.0,0.0,0.0,0.0
20230824140836000,SZSE,SZSE.ETF.159919,3.864,3.844,3.888,3.84,0.0,4.215,3.449,262619865.0,200.0,1013803125.372,772.7999999523163,0.0,0.0,20230824,20230824,140836000,3.832,0.0,0.0,3.863,3.862,3.861,3.86,3.859,0.0,0.0,0.0,0.0,0.0,3.864,3.865,3.866,3.867,3.868,0.0,0.0,0.0,0.0,0.0,706700.0,1366700.0,1521000.0,1811400.0,265300.0,0.0,0.0,0.0,0.0,0.0,42700.0,400900.0,4114300.0,1497500.0,919000.0,0.0,0.0,0.0,0.0,0.0
20230824140839080,SZSE,SZSE.ETF.159919,3.864,3.844,3.888,3.84,0.0,4.215,3.449,262619865.0,0.0,1013803125.372,0.0,0.0,0.0,20230824,20230824,140839078,3.832,0.0,0.0,3.863,3.862,3.861,3.86,3.859,0.0,0.0,0.0,0.0,0.0,3.864,3.865,3.866,3.867,3.868,0.0,0.0,0.0,0.0,0.0,706700.0,1356700.0,1531000.0,1811400.0,265300.0,0.0,0.0,0.0,0.0,0.0,42700.0,414900.0,3528300.0,2073500.0,1019000.0,0.0,0.0,0.0,0.0,0.0
20230824140837220,SZSE,SZSE.ETF.159919,3.864,3.844,3.888,3.84,0.0,4.215,3.449,262619865.0,0.0,1013803125.372,0.0,0.0,0.0,20230824,20230824,140837221,3.832,0.0,0.0,3.863,3.862,3.861,3.86,3.859,0.0,0.0,0.0,0.0,0.0,3.864,3.865,3.866,3.867,3.868,0.0,0.0,0.0,0.0,0.0,706700.0,1356700.0,1531000.0,1811400.0,265300.0,0.0,0.0,0.0,0.0,0.0,42700.0,414900.0,3528300.0,2073500.0,1019000.0,0.0,0.0,0.0,0.0,0.0
20230824140839000,SZSE,SZSE.ETF.159919,3.864,3.844,3.888,3.84,0.0,4.215,3.449,262619865.0,0.0,1013803125.372,0.0,0.0,0.0,20230824,20230824,140839000,3.832,0.0,0.0,3.863,3.862,3.861,3.86,3.859,0.0,0.0,0.0,0.0,0.0,3.864,3.865,3.866,3.867,3.868,0.0,0.0,0.0,0.0,0.0,706700.0,1356700.0,1531000.0,1811400.0,265300.0,0.0,0.0,0.0,0.0,0.0,42700.0,414900.0,3528300.0,2073500.0,1019000.0,0.0,0.0,0.0,0.0,0.0
20230824140842080,SZSE,SZSE.ETF.159919,3.863,3.844,3.888,3.84,0.0,4.215,3.449,262627365.0,7500.0,1013832097.872,28972.5,0.0,0.0,20230824,20230824,140842078,3.832,0.0,0.0,3.863,3.862,3.861,3.86,3.859,0.0,0.0,0.0,0.0,0.0,3.864,3.865,3.866,3.867,3.868,0.0,0.0,0.0,0.0,0.0,699200.0,1356700.0,1531000.0,1811400.0,265300.0,0.0,0.0,0.0,0.0,0.0,42700.0,691400.0,4104300.0,1497500.0,1019000.0,0.0,0.0,0.0,0.0,0.0
20230824140840220,SZSE,SZSE.ETF.159919,3.863,3.844,3.888,3.84,0.0,4.215,3.449,262627365.0,7500.0,1013832097.872,28972.5,0.0,0.0,20230824,20230824,140840219,3.832,0.0,0.0,3.863,3.862,3.861,3.86,3.859,0.0,0.0,0.0,0.0,0.0,3.864,3.865,3.866,3.867,3.868,0.0,0.0,0.0,0.0,0.0,699200.0,1356700.0,1531000.0,1811400.0,265300.0,0.0,0.0,0.0,0.0,0.0,42700.0,691400.0,4104300.0,1497500.0,1019000.0,0.0,0.0,0.0,0.0,0.0
20230824140842000,SZSE,SZSE.ETF.159919,3.863,3.844,3.888,3.84,0.0,4.215,3.449,262627365.0,7500.0,1013832097.872,28972.5,0.0,0.0,20230824,20230824,140842000,3.832,0.0,0.0,3.863,3.862,3.861,3.86,3.859,0.0,0.0,0.0,0.0,0.0,3.864,3.865,3.866,3.867,3.868,0.0,0.0,0.0,0.0,0.0,699200.0,1356700.0,1531000.0,1811400.0,265300.0,0.0,0.0,0.0,0.0,0.0,42700.0,691400.0,4104300.0,1497500.0,1019000.0,0.0,0.0,0.0,0.0,0.0
20230824140845124,SZSE,SZSE.ETF.159919,3.863,3.844,3.888,3.84,0.0,4.215,3.449,262630365.0,3000.0,1013843686.872,11589.0,0.0,0.0,20230824,20230824,140845125,3.832,0.0,0.0,3.863,3.862,3.861,3.86,3.859,0.0,0.0,0.0,0.0,0.0,3.864,3.865,3.866,3.867,3.868,0.0,0.0,0.0,0.0,0.0,696500.0,1366700.0,921900.0,2410500.0,265300.0,0.0,0.0,0.0,0.0,0.0,42700.0,681400.0,4414300.0,1497500.0,716000.0,0.0,0.0,0.0,0.0,0.0
20230824140843260,SZSE,SZSE.ETF.159919,3.863,3.844,3.888,3.84,0.0,4.215,3.449,262630365.0,3000.0,1013843686.872,11589.0,0.0,0.0,20230824,20230824,140843260,3.832,0.0,0.0,3.863,3.862,3.861,3.86,3.859,0.0,0.0,0.0,0.0,0.0,3.864,3.865,3.866,3.867,3.868,0.0,0.0,0.0,0.0,0.0,696500.0,1366700.0,921900.0,2410500.0,265300.0,0.0,0.0,0.0,0.0,0.0,42700.0,681400.0,4414300.0,1497500.0,716000.0,0.0,0.0,0.0,0.0,0.0
20230824140845000,SZSE,SZSE.ETF.159919,3.863,3.844,3.888,3.84,0.0,4.215,3.449,262630365.0,3000.0,1013843686.872,11589.0,0.0,0.0,20230824,20230824,140845000,3.832,0.0,0.0,3.863,3.862,3.861,3.86,3.859,0.0,0.0,0.0,0.0,0.0,3.864,3.865,3.866,3.867,3.868,0.0,0.0,0.0,0.0,0.0,696500.0,1366700.0,921900.0,2410500.0,265300.0,0.0,0.0,0.0,0.0,0.0,42700.0,681400.0,4414300.0,1497500.0,716000.0,0.0,0.0,0.0,0.0,0.0
20230824140848140,SZSE,SZSE.ETF.159919,3.864,3.844,3.888,3.84,0.0,4.215,3.449,262630465.0,100.0,1013844073.272,386.39999997615814,0.0,0.0,20230824,20230824,140848141,3.832,0.0,0.0,3.863,3.862,3.861,3.86,3.859,0.0,0.0,0.0,0.0,0.0,3.864,3.865,3.866,3.867,3.868,0.0,0.0,0.0,0.0,0.0,114500.0,1956700.0,931900.0,2410500.0,265300.0,0.0,0.0,0.0,0.0,0.0,42600.0,691400.0,4398000.0,1497500.0,716000.0,0.0,0.0,0.0,0.0,0.0
20230824140846284,SZSE,SZSE.ETF.159919,3.864,3.844,3.888,3.84,0.0,4.215,3.449,262630465.0,100.0,1013844073.272,386.39999997615814,0.0,0.0,20230824,20230824,140846284,3.832,0.0,0.0,3.863,3.862,3.861,3.86,3.859,0.0,0.0,0.0,0.0,0.0,3.864,3.865,3.866,3.867,3.868,0.0,0.0,0.0,0.0,0.0,114500.0,1956700.0,931900.0,2410500.0,265300.0,0.0,0.0,0.0,0.0,0.0,42600.0,691400.0,4398000.0,1497500.0,716000.0,0.0,0.0,0.0,0.0,0.0
20230824140848000,SZSE,SZSE.ETF.159919,3.864,3.844,3.888,3.84,0.0,4.215,3.449,262630465.0,100.0,1013844073.272,386.39999997615814,0.0,0.0,20230824,20230824,140848000,3.832,0.0,0.0,3.863,3.862,3.861,3.86,3.859,0.0,0.0,0.0,0.0,0.0,3.864,3.865,3.866,3.867,3.868,0.0,0.0,0.0,0.0,0.0,114500.0,1956700.0,931900.0,2410500.0,265300.0,0.0,0.0,0.0,0.0,0.0,42600.0,691400.0,4398000.0,1497500.0,716000.0,0.0,0.0,0.0,0.0,0.0
20230824140851108,SZSE,SZSE.ETF.159919,3.864,3.844,3.888,3.84,0.0,4.215,3.449,262630465.0,0.0,1013844073.272,0.0,0.0,0.0,20230824,20230824,140851109,3.832,0.0,0.0,3.863,3.862,3.861,3.86,3.859,0.0,0.0,0.0,0.0,0.0,3.864,3.865,3.866,3.867,3.868,0.0,0.0,0.0,0.0,0.0,138600.0,966200.0,1422400.0,1207500.0,1368300.0,0.0,0.0,0.0,0.0,0.0,42600.0,3281400.0,2608000.0,800500.0,313000.0,0.0,0.0,0.0,0.0,0.0
20230824140849244,SZSE,SZSE.ETF.159919,3.864,3.844,3.888,3.84,0.0,4.215,3.449,262630465.0,0.0,1013844073.272,0.0,0.0,0.0,20230824,20230824,140849245,3.832,0.0,0.0,3.863,3.862,3.861,3.86,3.859,0.0,0.0,0.0,0.0,0.0,3.864,3.865,3.866,3.867,3.868,0.0,0.0,0.0,0.0,0.0,138600.0,966200.0,1422400.0,1207500.0,1368300.0,0.0,0.0,0.0,0.0,0.0,42600.0,3281400.0,2608000.0,800500.0,313000.0,0.0,0.0,0.0,0.0,0.0
20230824140851000,SZSE,SZSE.ETF.159919,3.864,3.844,3.888,3.84,0.0,4.215,3.449,262630465.0,0.0,1013844073.272,0.0,0.0,0.0,20230824,20230824,140851000,3.832,0.0,0.0,3.863,3.862,3.861,3.86,3.859,0.0,0.0,0.0,0.0,0.0,3.864,3.865,3.866,3.867,3.868,0.0,0.0,0.0,0.0,0.0,138600.0,966200.0,1422400.0,1207500.0,1368300.0,0.0,0.0,0.0,0.0,0.0,42600.0,3281400.0,2608000.0,800500.0,313000.0,0.0,0.0,0.0,0.0,0.0
20230824140854140,SZSE,SZSE.ETF.159919,3.864,3.844,3.888,3.84,0.0,4.215,3.449,262630465.0,0.0,1013844073.272,0.0,0.0,0.0,20230824,20230824,140854141,3.832,0.0,0.0,3.863,3.862,3.861,3.86,3.859,0.0,0.0,0.0,0.0,0.0,3.864,3.865,3.866,3.867,3.868,0.0,0.0,0.0,0.0,0.0,148600.0,1456700.0,931900.0,1510500.0,1065300.0,0.0,0.0,0.0,0.0,0.0,42600.0,2691400.0,3098000.0,897500.0,616000.0,0.0,0.0,0.0,0.0,0.0
20230824140857096,SZSE,SZSE.ETF.159919,3.864,3.844,3.888,3.84,0.0,4.215,3.449,262630465.0,0.0,1013844073.272,0.0,0.0,0.0,20230824,20230824,140857094,3.832,0.0,0.0,3.863,3.862,3.861,3.86,3.859,0.0,0.0,0.0,0.0,0.0,3.864,3.865,3.866,3.867,3.868,0.0,0.0,0.0,0.0,0.0,748600.0,1356700.0,931900.0,1510500.0,265300.0,0.0,0.0,0.0,0.0,0.0,42600.0,414900.0,2398000.0,1597500.0,716000.0,0.0,0.0,0.0,0.0,0.0
20230824140855240,SZSE,SZSE.ETF.159919,3.864,3.844,3.888,3.84,0.0,4.215,3.449,262630465.0,0.0,1013844073.272,0.0,0.0,0.0,20230824,20230824,140855242,3.832,0.0,0.0,3.863,3.862,3.861,3.86,3.859,0.0,0.0,0.0,0.0,0.0,3.864,3.865,3.866,3.867,3.868,0.0,0.0,0.0,0.0,0.0,748600.0,1356700.0,931900.0,1510500.0,265300.0,0.0,0.0,0.0,0.0,0.0,42600.0,414900.0,2398000.0,1597500.0,716000.0,0.0,0.0,0.0,0.0,0.0
20230824140857000,SZSE,SZSE.ETF.159919,3.864,3.844,3.888,3.84,0.0,4.215,3.449,262630465.0,0.0,1013844073.272,0.0,0.0,0.0,20230824,20230824,140857000,3.832,0.0,0.0,3.863,3.862,3.861,3.86,3.859,0.0,0.0,0.0,0.0,0.0,3.864,3.865,3.866,3.867,3.868,0.0,0.0,0.0,0.0,0.0,748600.0,1356700.0,931900.0,1510500.0,265300.0,0.0,0.0,0.0,0.0,0.0,42600.0,414900.0,2398000.0,1597500.0,716000.0,0.0,0.0,0.0,0.0,0.0
20230824140900140,SZSE,SZSE.ETF.159919,3.864,3.844,3.888,3.84,0.0,4.215,3.449,262673065.0,42600.0,1014008679.672,164606.40000009537,0.0,0.0,20230824,20230824,140900141,3.832,0.0,0.0,3.864,3.863,3.862,3.861,3.86,0.0,0.0,0.0,0.0,0.0,3.865,3.866,3.867,3.868,3.869,0.0,0.0,0.0,0.0,0.0,557400.0,1149100.0,1136200.0,1334000.0,708400.0,0.0,0.0,0.0,0.0,0.0,15000.0,1135900.0,1397500.0,1975100.0,576600.0,0.0,0.0,0.0,0.0,0.0
20230824140858280,SZSE,SZSE.ETF.159919,3.864,3.844,3.888,3.84,0.0,4.215,3.449,262673065.0,42600.0,1014008679.672,164606.40000009537,0.0,0.0,20230824,20230824,140858282,3.832,0.0,0.0,3.864,3.863,3.862,3.861,3.86,0.0,0.0,0.0,0.0,0.0,3.865,3.866,3.867,3.868,3.869,0.0,0.0,0.0,0.0,0.0,557400.0,1149100.0,1136200.0,1334000.0,708400.0,0.0,0.0,0.0,0.0,0.0,15000.0,1135900.0,1397500.0,1975100.0,576600.0,0.0,0.0,0.0,0.0,0.0
20230824140903140,SZSE,SZSE.ETF.159919,3.865,3.844,3.888,3.84,0.0,4.215,3.449,262688165.0,15100.0,1014067041.172,58361.5,0.0,0.0,20230824,20230824,140903141,3.832,0.0,0.0,3.865,3.864,3.863,3.862,3.861,0.0,0.0,0.0,0.0,0.0,3.866,3.867,3.868,3.869,3.87,0.0,0.0,0.0,0.0,0.0,9900.0,610000.0,1039100.0,1765300.0,1794900.0,0.0,0.0,0.0,0.0,0.0,409900.0,2035600.0,1551000.0,865000.0,489900.0,0.0,0.0,0.0,0.0,0.0
20230824140903000,SZSE,SZSE.ETF.159919,3.865,3.844,3.888,3.84,0.0,4.215,3.449,262688165.0,15100.0,1014067041.172,58361.5,0.0,0.0,20230824,20230824,140903000,3.832,0.0,0.0,3.865,3.864,3.863,3.862,3.861,0.0,0.0,0.0,0.0,0.0,3.866,3.867,3.868,3.869,3.87,0.0,0.0,0.0,0.0,0.0,9900.0,610000.0,1039100.0,1765300.0,1794900.0,0.0,0.0,0.0,0.0,0.0,409900.0,2035600.0,1551000.0,865000.0,489900.0,0.0,0.0,0.0,0.0,0.0
20230824140906156,SZSE,SZSE.ETF.159919,3.865,3.844,3.888,3.84,0.0,4.215,3.449,262699465.0,11300.0,1014110715.672,43674.5,0.0,0.0,20230824,20230824,140906156,3.832,0.0,0.0,3.865,3.864,3.863,3.862,3.861,0.0,0.0,0.0,0.0,0.0,3.866,3.867,3.868,3.869,3.87,0.0,0.0,0.0,0.0,0.0,608600.0,901600.0,589600.0,1238300.0,1521900.0,0.0,0.0,0.0,0.0,0.0,110000.0,3760000.0,1813100.0,1200000.0,635000.0,0.0,0.0,0.0,0.0,0.0
20230824140909124,SZSE,SZSE.ETF.159919,3.865,3.844,3.888,3.84,0.0,4.215,3.449,262703665.0,4200.0,1014126948.672,16233.0,0.0,0.0,20230824,20230824,140909125,3.832,0.0,0.0,3.865,3.864,3.863,3.862,3.861,0.0,0.0,0.0,0.0,0.0,3.866,3.867,3.868,3.869,3.87,0.0,0.0,0.0,0.0,0.0,605400.0,903600.0,1288700.0,957500.0,1603600.0,0.0,0.0,0.0,0.0,0.0,10000.0,2507500.0,2389100.0,1500000.0,735000.0,0.0,0.0,0.0,0.0,0.0
20230824140909000,SZSE,SZSE.ETF.159919,3.865,3.844,3.888,3.84,0.0,4.215,3.449,262703665.0,4200.0,1014126948.672,16233.0,0.0,0.0,20230824,20230824,140909000,3.832,0.0,0.0,3.865,3.864,3.863,3.862,3.861,0.0,0.0,0.0,0.0,0.0,3.866,3.867,3.868,3.869,3.87,0.0,0.0,0.0,0.0,0.0,605400.0,903600.0,1288700.0,957500.0,1603600.0,0.0,0.0,0.0,0.0,0.0,10000.0,2507500.0,2389100.0,1500000.0,735000.0,0.0,0.0,0.0,0.0,0.0
20230824140912080,SZSE,SZSE.ETF.159919,3.865,3.844,3.888,3.84,0.0,4.215,3.449,262703665.0,0.0,1014126948.672,0.0,0.0,0.0,20230824,20230824,140912078,3.832,0.0,0.0,3.865,3.864,3.863,3.862,3.861,0.0,0.0,0.0,0.0,0.0,3.867,3.868,3.869,3.87,3.871,0.0,0.0,0.0,0.0,0.0,605700.0,913600.0,679600.0,1438300.0,1547900.0,0.0,0.0,0.0,0.0,0.0,3073500.0,1823100.0,1500000.0,735000.0,925100.0,0.0,0.0,0.0,0.0,0.0
20230824140910224,SZSE,SZSE.ETF.159919,3.865,3.844,3.888,3.84,0.0,4.215,3.449,262703665.0,0.0,1014126948.672,0.0,0.0,0.0,20230824,20230824,140910224,3.832,0.0,0.0,3.865,3.864,3.863,3.862,3.861,0.0,0.0,0.0,0.0,0.0,3.867,3.868,3.869,3.87,3.871,0.0,0.0,0.0,0.0,0.0,605700.0,913600.0,679600.0,1438300.0,1547900.0,0.0,0.0,0.0,0.0,0.0,3073500.0,1823100.0,1500000.0,735000.0,925100.0,0.0,0.0,0.0,0.0,0.0
20230824140912000,SZSE,SZSE.ETF.159919,3.865,3.844,3.888,3.84,0.0,4.215,3.449,262703665.0,0.0,1014126948.672,0.0,0.0,0.0,20230824,20230824,140912000,3.832,0.0,0.0,3.865,3.864,3.863,3.862,3.861,0.0,0.0,0.0,0.0,0.0,3.867,3.868,3.869,3.87,3.871,0.0,0.0,0.0,0.0,0.0,605700.0,913600.0,679600.0,1438300.0,1547900.0,0.0,0.0,0.0,0.0,0.0,3073500.0,1823100.0,1500000.0,735000.0,925100.0,0.0,0.0,0.0,0.0,0.0
20230824140915140,SZSE,SZSE.ETF.159919,3.866,3.844,3.888,3.84,0.0,4.215,3.449,262704665.0,1000.0,1014130814.672,3866.0,0.0,0.0,20230824,20230824,140915141,3.832,0.0,0.0,3.865,3.864,3.863,3.862,3.861,0.0,0.0,0.0,0.0,0.0,3.866,3.867,3.868,3.869,3.87,0.0,0.0,0.0,0.0,0.0,605700.0,913600.0,579600.0,1338300.0,1601600.0,0.0,0.0,0.0,0.0,0.0,131000.0,2500000.0,2399100.0,1497500.0,573000.0,0.0,0.0,0.0,0.0,0.0
20230824140918080,SZSE,SZSE.ETF.159919,3.866,3.844,3.888,3.84,0.0,4.215,3.449,262704665.0,0.0,1014130814.672,0.0,0.0,0.0,20230824,20230824,140918078,3.832,0.0,0.0,3.865,3.864,3.863,3.862,3.861,0.0,0.0,0.0,0.0,0.0,3.866,3.867,3.868,3.869,3.87,0.0,0.0,0.0,0.0,0.0,605700.0,913600.0,679600.0,1656600.0,1603600.0,0.0,0.0,0.0,0.0,0.0,41000.0,2676500.0,2399100.0,1597500.0,735000.0,0.0,0.0,0.0,0.0,0.0
20230824140916228,SZSE,SZSE.ETF.159919,3.866,3.844,3.888,3.84,0.0,4.215,3.449,262704665.0,0.0,1014130814.672,0.0,0.0,0.0,20230824,20230824,140916227,3.832,0.0,0.0,3.865,3.864,3.863,3.862,3.861,0.0,0.0,0.0,0.0,0.0,3.866,3.867,3.868,3.869,3.87,0.0,0.0,0.0,0.0,0.0,605700.0,913600.0,679600.0,1656600.0,1603600.0,0.0,0.0,0.0,0.0,0.0,41000.0,2676500.0,2399100.0,1597500.0,735000.0,0.0,0.0,0.0,0.0,0.0
20230824140918000,SZSE,SZSE.ETF.159919,3.866,3.844,3.888,3.84,0.0,4.215,3.449,262704665.0,0.0,1014130814.672,0.0,0.0,0.0,20230824,20230824,140918000,3.832,0.0,0.0,3.865,3.864,3.863,3.862,3.861,0.0,0.0,0.0,0.0,0.0,3.866,3.867,3.868,3.869,3.87,0.0,0.0,0.0,0.0,0.0,605700.0,913600.0,679600.0,1656600.0,1603600.0,0.0,0.0,0.0,0.0,0.0,41000.0,2676500.0,2399100.0,1597500.0,735000.0,0.0,0.0,0.0,0.0,0.0
20230824140921080,SZSE,SZSE.ETF.159919,3.866,3.844,3.888,3.84,0.0,4.215,3.449,262707665.0,3000.0,1014142412.672,11598.0,0.0,0.0,20230824,20230824,140921078,3.832,0.0,0.0,3.865,3.864,3.863,3.862,3.861,0.0,0.0,0.0,0.0,0.0,3.866,3.867,3.868,3.869,3.87,0.0,0.0,0.0,0.0,0.0,605700.0,911600.0,679600.0,1438300.0,1547900.0,0.0,0.0,0.0,0.0,0.0,38000.0,3252500.0,1823100.0,1597500.0,735000.0,0.0,0.0,0.0,0.0,0.0
20230824140919228,SZSE,SZSE.ETF.159919,3.866,3.844,3.888,3.84,0.0,4.215,3.449,262707665.0,3000.0,1014142412.672,11598.0,0.0,0.0,20230824,20230824,140919227,3.832,0.0,0.0,3.865,3.864,3.863,3.862,3.861,0.0,0.0,0.0,0.0,0.0,3.866,3.867,3.868,3.869,3.87,0.0,0.0,0.0,0.0,0.0,605700.0,911600.0,679600.0,1438300.0,1547900.0,0.0,0.0,0.0,0.0,0.0,38000.0,3252500.0,1823100.0,1597500.0,735000.0,0.0,0.0,0.0,0.0,0.0
20230824140921000,SZSE,SZSE.ETF.159919,3.866,3.844,3.888,3.84,0.0,4.215,3.449,262707665.0,3000.0,1014142412.672,11598.0,0.0,0.0,20230824,20230824,140921000,3.832,0.0,0.0,3.865,3.864,3.863,3.862,3.861,0.0,0.0,0.0,0.0,0.0,3.866,3.867,3.868,3.869,3.87,0.0,0.0,0.0,0.0,0.0,605700.0,911600.0,679600.0,1438300.0,1547900.0,0.0,0.0,0.0,0.0,0.0,38000.0,3252500.0,1823100.0,1597500.0,735000.0,0.0,0.0,0.0,0.0,0.0
20230824140924064,SZSE,SZSE.ETF.159919,3.866,3.844,3.888,3.84,0.0,4.215,3.449,262707665.0,0.0,1014142412.672,0.0,0.0,0.0,20230824,20230824,140924063,3.832,0.0,0.0,3.865,3.864,3.863,3.862,3.861,0.0,0.0,0.0,0.0,0.0,3.866,3.867,3.868,3.869,3.87,0.0,0.0,0.0,0.0,0.0,604700.0,901600.0,689600.0,1438300.0,1547900.0,0.0,0.0,0.0,0.0,0.0,38000.0,986000.0,1813100.0,1597500.0,735000.0,0.0,0.0,0.0,0.0,0.0
20230824140922200,SZSE,SZSE.ETF.159919,3.866,3.844,3.888,3.84,0.0,4.215,3.449,262707665.0,0.0,1014142412.672,0.0,0.0,0.0,20230824,20230824,140922201,3.832,0.0,0.0,3.865,3.864,3.863,3.862,3.861,0.0,0.0,0.0,0.0,0.0,3.866,3.867,3.868,3.869,3.87,0.0,0.0,0.0,0.0,0.0,604700.0,901600.0,689600.0,1438300.0,1547900.0,0.0,0.0,0.0,0.0,0.0,38000.0,986000.0,1813100.0,1597500.0,735000.0,0.0,0.0,0.0,0.0,0.0
20230824140924000,SZSE,SZSE.ETF.159919,3.866,3.844,3.888,3.84,0.0,4.215,3.449,262707665.0,0.0,1014142412.672,0.0,0.0,0.0,20230824,20230824,140924000,3.832,0.0,0.0,3.865,3.864,3.863,3.862,3.861,0.0,0.0,0.0,0.0,0.0,3.866,3.867,3.868,3.869,3.87,0.0,0.0,0.0,0.0,0.0,604700.0,901600.0,689600.0,1438300.0,1547900.0,0.0,0.0,0.0,0.0,0.0,38000.0,986000.0,1813100.0,1597500.0,735000.0,0.0,0.0,0.0,0.0,0.0
20230824140927080,SZSE,SZSE.ETF.159919,3.866,3.844,3.888,3.84,0.0,4.215,3.449,262711665.0,4000.0,1014157876.672,15464.0,0.0,0.0,20230824,20230824,140927078,3.832,0.0,0.0,3.865,3.864,3.863,3.862,3.861,0.0,0.0,0.0,0.0,0.0,3.866,3.867,3.868,3.869,3.87,0.0,0.0,0.0,0.0,0.0,1105200.0,801100.0,992600.0,1035300.0,1544900.0,0.0,0.0,0.0,0.0,0.0,34300.0,986000.0,851000.0,1759600.0,432000.0,0.0,0.0,0.0,0.0,0.0
20230824140925216,SZSE,SZSE.ETF.159919,3.866,3.844,3.888,3.84,0.0,4.215,3.449,262711665.0,4000.0,1014157876.672,15464.0,0.0,0.0,20230824,20230824,140925218,3.832,0.0,0.0,3.865,3.864,3.863,3.862,3.861,0.0,0.0,0.0,0.0,0.0,3.866,3.867,3.868,3.869,3.87,0.0,0.0,0.0,0.0,0.0,1105200.0,801100.0,992600.0,1035300.0,1544900.0,0.0,0.0,0.0,0.0,0.0,34300.0,986000.0,851000.0,1759600.0,432000.0,0.0,0.0,0.0,0.0,0.0
20230824140927000,SZSE,SZSE.ETF.159919,3.866,3.844,3.888,3.84,0.0,4.215,3.449,262711665.0,4000.0,1014157876.672,15464.0,0.0,0.0,20230824,20230824,140927000,3.832,0.0,0.0,3.865,3.864,3.863,3.862,3.861,0.0,0.0,0.0,0.0,0.0,3.866,3.867,3.868,3.869,3.87,0.0,0.0,0.0,0.0,0.0,1105200.0,801100.0,992600.0,1035300.0,1544900.0,0.0,0.0,0.0,0.0,0.0,34300.0,986000.0,851000.0,1759600.0,432000.0,0.0,0.0,0.0,0.0,0.0
20230824140930096,SZSE,SZSE.ETF.159919,3.866,3.844,3.888,3.84,0.0,4.215,3.449,262777965.0,66300.0,1014414192.472,256315.79999995232,0.0,0.0,20230824,20230824,140930095,3.832,0.0,0.0,3.866,3.865,3.864,3.863,3.862,0.0,0.0,0.0,0.0,0.0,3.868,3.869,3.87,3.871,3.872,0.0,0.0,0.0,0.0,0.0,1034200.0,704600.0,814100.0,988700.0,1804500.0,0.0,0.0,0.0,0.0,0.0,987000.0,797500.0,2094100.0,320800.0,613800.0,0.0,0.0,0.0,0.0,0.0
20230824140928232,SZSE,SZSE.ETF.159919,3.866,3.844,3.888,3.84,0.0,4.215,3.449,262777965.0,66300.0,1014414192.472,256315.79999995232,0.0,0.0,20230824,20230824,140928230,3.832,0.0,0.0,3.866,3.865,3.864,3.863,3.862,0.0,0.0,0.0,0.0,0.0,3.868,3.869,3.87,3.871,3.872,0.0,0.0,0.0,0.0,0.0,1034200.0,704600.0,814100.0,988700.0,1804500.0,0.0,0.0,0.0,0.0,0.0,987000.0,797500.0,2094100.0,320800.0,613800.0,0.0,0.0,0.0,0.0,0.0
20230824140930000,SZSE,SZSE.ETF.159919,3.866,3.844,3.888,3.84,0.0,4.215,3.449,262777965.0,66300.0,1014414192.472,256315.79999995232,0.0,0.0,20230824,20230824,140930000,3.832,0.0,0.0,3.866,3.865,3.864,3.863,3.862,0.0,0.0,0.0,0.0,0.0,3.868,3.869,3.87,3.871,3.872,0.0,0.0,0.0,0.0,0.0,1034200.0,704600.0,814100.0,988700.0,1804500.0,0.0,0.0,0.0,0.0,0.0,987000.0,797500.0,2094100.0,320800.0,613800.0,0.0,0.0,0.0,0.0,0.0
20230824140933108,SZSE,SZSE.ETF.159919,3.866,3.844,3.888,3.84,0.0,4.215,3.449,262777965.0,0.0,1014414192.472,0.0,0.0,0.0,20230824,20230824,140933109,3.832,0.0,0.0,3.866,3.865,3.864,3.863,3.862,0.0,0.0,0.0,0.0,0.0,3.868,3.869,3.87,3.871,3.872,0.0,0.0,0.0,0.0,0.0,600000.0,1215600.0,948500.0,1063700.0,1722000.0,0.0,0.0,0.0,0.0,0.0,500900.0,1183500.0,2432100.0,803900.0,1172500.0,0.0,0.0,0.0,0.0,0.0
20230824140931256,SZSE,SZSE.ETF.159919,3.866,3.844,3.888,3.84,0.0,4.215,3.449,262777965.0,0.0,1014414192.472,0.0,0.0,0.0,20230824,20230824,140931257,3.832,0.0,0.0,3.866,3.865,3.864,3.863,3.862,0.0,0.0,0.0,0.0,0.0,3.868,3.869,3.87,3.871,3.872,0.0,0.0,0.0,0.0,0.0,600000.0,1215600.0,948500.0,1063700.0,1722000.0,0.0,0.0,0.0,0.0,0.0,500900.0,1183500.0,2432100.0,803900.0,1172500.0,0.0,0.0,0.0,0.0,0.0
20230824140933000,SZSE,SZSE.ETF.159919,3.866,3.844,3.888,3.84,0.0,4.215,3.449,262777965.0,0.0,1014414192.472,0.0,0.0,0.0,20230824,20230824,140933000,3.832,0.0,0.0,3.866,3.865,3.864,3.863,3.862,0.0,0.0,0.0,0.0,0.0,3.868,3.869,3.87,3.871,3.872,0.0,0.0,0.0,0.0,0.0,600000.0,1215600.0,948500.0,1063700.0,1722000.0,0.0,0.0,0.0,0.0,0.0,500900.0,1183500.0,2432100.0,803900.0,1172500.0,0.0,0.0,0.0,0.0,0.0
20230824140936112,SZSE,SZSE.ETF.159919,3.866,3.844,3.888,3.84,0.0,4.215,3.449,262777965.0,0.0,1014414192.472,0.0,0.0,0.0,20230824,20230824,140936110,3.832,0.0,0.0,3.866,3.865,3.864,3.863,3.862,0.0,0.0,0.0,0.0,0.0,3.868,3.869,3.87,3.871,3.872,0.0,0.0,0.0,0.0,0.0,1500500.0,715100.0,1033200.0,679500.0,2022000.0,0.0,0.0,0.0,0.0,0.0,101000.0,3483500.0,2432100.0,600900.0,1475500.0,0.0,0.0,0.0,0.0,0.0
20230824140934248,SZSE,SZSE.ETF.159919,3.866,3.844,3.888,3.84,0.0,4.215,3.449,262777965.0,0.0,1014414192.472,0.0,0.0,0.0,20230824,20230824,140934247,3.832,0.0,0.0,3.866,3.865,3.864,3.863,3.862,0.0,0.0,0.0,0.0,0.0,3.868,3.869,3.87,3.871,3.872,0.0,0.0,0.0,0.0,0.0,1500500.0,715100.0,1033200.0,679500.0,2022000.0,0.0,0.0,0.0,0.0,0.0,101000.0,3483500.0,2432100.0,600900.0,1475500.0,0.0,0.0,0.0,0.0,0.0
20230824140936000,SZSE,SZSE.ETF.159919,3.866,3.844,3.888,3.84,0.0,4.215,3.449,262777965.0,0.0,1014414192.472,0.0,0.0,0.0,20230824,20230824,140936000,3.832,0.0,0.0,3.866,3.865,3.864,3.863,3.862,0.0,0.0,0.0,0.0,0.0,3.868,3.869,3.87,3.871,3.872,0.0,0.0,0.0,0.0,0.0,1500500.0,715100.0,1033200.0,679500.0,2022000.0,0.0,0.0,0.0,0.0,0.0,101000.0,3483500.0,2432100.0,600900.0,1475500.0,0.0,0.0,0.0,0.0,0.0
20230824140937252,SZSE,SZSE.ETF.159919,3.866,3.844,3.888,3.84,0.0,4.215,3.449,262777965.0,0.0,1014414192.472,0.0,0.0,0.0,20230824,20230824,140937251,3.832,0.0,0.0,3.867,3.866,3.865,3.864,3.863,0.0,0.0,0.0,0.0,0.0,3.868,3.869,3.87,3.871,3.872,0.0,0.0,0.0,0.0,0.0,600000.0,900600.0,715100.0,1033200.0,679500.0,0.0,0.0,0.0,0.0,0.0,1000.0,1083500.0,1470000.0,1963000.0,1601700.0,0.0,0.0,0.0,0.0,0.0
20230824140939108,SZSE,SZSE.ETF.159919,3.866,3.844,3.888,3.84,0.0,4.215,3.449,262777965.0,0.0,1014414192.472,0.0,0.0,0.0,20230824,20230824,140939109,3.832,0.0,0.0,3.867,3.866,3.865,3.864,3.863,0.0,0.0,0.0,0.0,0.0,3.868,3.869,3.87,3.871,3.872,0.0,0.0,0.0,0.0,0.0,600000.0,900600.0,715100.0,1033200.0,679500.0,0.0,0.0,0.0,0.0,0.0,1000.0,1083500.0,1470000.0,1963000.0,1601700.0,0.0,0.0,0.0,0.0,0.0
20230824140939000,SZSE,SZSE.ETF.159919,3.866,3.844,3.888,3.84,0.0,4.215,3.449,262777965.0,0.0,1014414192.472,0.0,0.0,0.0,20230824,20230824,140939000,3.832,0.0,0.0,3.867,3.866,3.865,3.864,3.863,0.0,0.0,0.0,0.0,0.0,3.868,3.869,3.87,3.871,3.872,0.0,0.0,0.0,0.0,0.0,600000.0,900600.0,715100.0,1033200.0,679500.0,0.0,0.0,0.0,0.0,0.0,1000.0,1083500.0,1470000.0,1963000.0,1601700.0,0.0,0.0,0.0,0.0,0.0
20230824140942096,SZSE,SZSE.ETF.159919,3.868,3.844,3.888,3.84,0.0,4.215,3.449,262778965.0,1000.0,1014418060.472,3868.0,0.0,0.0,20230824,20230824,140942094,3.832,0.0,0.0,3.868,3.867,3.866,3.865,3.864,0.0,0.0,0.0,0.0,0.0,3.869,3.87,3.871,3.872,3.873,0.0,0.0,0.0,0.0,0.0,1500.0,1500000.0,911600.0,140700.0,1471500.0,0.0,0.0,0.0,0.0,0.0,683500.0,870000.0,2363000.0,2021800.0,162900.0,0.0,0.0,0.0,0.0,0.0
20230824140940232,SZSE,SZSE.ETF.159919,3.868,3.844,3.888,3.84,0.0,4.215,3.449,262778965.0,1000.0,1014418060.472,3868.0,0.0,0.0,20230824,20230824,140940230,3.832,0.0,0.0,3.868,3.867,3.866,3.865,3.864,0.0,0.0,0.0,0.0,0.0,3.869,3.87,3.871,3.872,3.873,0.0,0.0,0.0,0.0,0.0,1500.0,1500000.0,911600.0,140700.0,1471500.0,0.0,0.0,0.0,0.0,0.0,683500.0,870000.0,2363000.0,2021800.0,162900.0,0.0,0.0,0.0,0.0,0.0
20230824140942000,SZSE,SZSE.ETF.159919,3.868,3.844,3.888,3.84,0.0,4.215,3.449,262778965.0,1000.0,1014418060.472,3868.0,0.0,0.0,20230824,20230824,140942000,3.832,0.0,0.0,3.868,3.867,3.866,3.865,3.864,0.0,0.0,0.0,0.0,0.0,3.869,3.87,3.871,3.872,3.873,0.0,0.0,0.0,0.0,0.0,1500.0,1500000.0,911600.0,140700.0,1471500.0,0.0,0.0,0.0,0.0,0.0,683500.0,870000.0,2363000.0,2021800.0,162900.0,0.0,0.0,0.0,0.0,0.0
20230824140945124,SZSE,SZSE.ETF.159919,3.867,3.844,3.888,3.84,0.0,4.215,3.449,262795465.0,16500.0,1014481867.472,63807.0,0.0,0.0,20230824,20230824,140945125,3.832,0.0,0.0,3.867,3.866,3.865,3.864,3.863,0.0,0.0,0.0,0.0,0.0,3.868,3.869,3.87,3.871,3.872,0.0,0.0,0.0,0.0,0.0,1095000.0,941600.0,999800.0,802400.0,1707000.0,0.0,0.0,0.0,0.0,0.0,98500.0,1173400.0,3156500.0,2263000.0,1429800.0,0.0,0.0,0.0,0.0,0.0
20230824140943272,SZSE,SZSE.ETF.159919,3.867,3.844,3.888,3.84,0.0,4.215,3.449,262795465.0,16500.0,1014481867.472,63807.0,0.0,0.0,20230824,20230824,140943270,3.832,0.0,0.0,3.867,3.866,3.865,3.864,3.863,0.0,0.0,0.0,0.0,0.0,3.868,3.869,3.87,3.871,3.872,0.0,0.0,0.0,0.0,0.0,1095000.0,941600.0,999800.0,802400.0,1707000.0,0.0,0.0,0.0,0.0,0.0,98500.0,1173400.0,3156500.0,2263000.0,1429800.0,0.0,0.0,0.0,0.0,0.0
20230824140945000,SZSE,SZSE.ETF.159919,3.867,3.844,3.888,3.84,0.0,4.215,3.449,262795465.0,16500.0,1014481867.472,63807.0,0.0,0.0,20230824,20230824,140945000,3.832,0.0,0.0,3.867,3.866,3.865,3.864,3.863,0.0,0.0,0.0,0.0,0.0,3.868,3.869,3.87,3.871,3.872,0.0,0.0,0.0,0.0,0.0,1095000.0,941600.0,999800.0,802400.0,1707000.0,0.0,0.0,0.0,0.0,0.0,98500.0,1173400.0,3156500.0,2263000.0,1429800.0,0.0,0.0,0.0,0.0,0.0
20230824140946220,SZSE,SZSE.ETF.159919,3.867,3.844,3.888,3.84,0.0,4.215,3.449,262795465.0,0.0,1014481867.472,0.0,0.0,0.0,20230824,20230824,140946220,3.832,0.0,0.0,3.867,3.866,3.865,3.864,3.863,0.0,0.0,0.0,0.0,0.0,3.869,3.87,3.871,3.872,3.873,0.0,0.0,0.0,0.0,0.0,1085000.0,921600.0,1029800.0,622400.0,1691200.0,0.0,0.0,0.0,0.0,0.0,1073400.0,3942100.0,1500900.0,1391800.0,218800.0,0.0,0.0,0.0,0.0,0.0
20230824140948080,SZSE,SZSE.ETF.159919,3.867,3.844,3.888,3.84,0.0,4.215,3.449,262795465.0,0.0,1014481867.472,0.0,0.0,0.0,20230824,20230824,140948079,3.832,0.0,0.0,3.867,3.866,3.865,3.864,3.863,0.0,0.0,0.0,0.0,0.0,3.869,3.87,3.871,3.872,3.873,0.0,0.0,0.0,0.0,0.0,1085000.0,921600.0,1029800.0,622400.0,1691200.0,0.0,0.0,0.0,0.0,0.0,1073400.0,3942100.0,1500900.0,1391800.0,218800.0,0.0,0.0,0.0,0.0,0.0
