time,exchg,code,price,open,high,low,settle_price,upper_limit,lower_limit,total_volume,volume,total_turnover,turnover,open_interest,diff_interest,trading_date,action_date,action_time,pre_close,pre_settle,pre_interest,bid_price_0,bid_price_1,bid_price_2,bid_price_3,bid_price_4,bid_price_5,bid_price_6,bid_price_7,bid_price_8,bid_price_9,ask_price_0,ask_price_1,ask_price_2,ask_price_3,ask_price_4,ask_price_5,ask_price_6,ask_price_7,ask_price_8,ask_price_9,bid_qty_0,bid_qty_1,bid_qty_2,bid_qty_3,bid_qty_4,bid_qty_5,bid_qty_6,bid_qty_7,bid_qty_8,bid_qty_9,ask_qty_0,ask_qty_1,ask_qty_2,ask_qty_3,ask_qty_4,ask_qty_5,ask_qty_6,ask_qty_7,ask_qty_8,ask_qty_9
20230828095455768,SZSE,SZSE.ETF.159922,5.974,6.155,6.155,5.966,0.0,6.383,5.223,32159392.0,17000.0,193051162.871,101558.0,0.0,0.0,20230828,20230828,95455766,5.803,0.0,0.0,5.973,5.972,5.971,5.97,5.969,0.0,0.0,0.0,0.0,0.0,5.974,5.976,5.977,5.978,5.979,0.0,0.0,0.0,0.0,0.0,120000.0,40000.0,250000.0,246200.0,444300.0,0.0,0.0,0.0,0.0,0.0,33000.0,629900.0,208300.0,368400.0,58500.0,0.0,0.0,0.0,0.0,0.0
20230828095458788,SZSE,SZSE.ETF.159922,5.974,6.155,6.155,5.966,0.0,6.383,5.223,32166592.0,7200.0,193094175.671,43012.80000001192,0.0,0.0,20230828,20230828,95458787,5.803,0.0,0.0,5.974,5.973,5.972,5.971,5.97,0.0,0.0,0.0,0.0,0.0,5.975,5.976,5.977,5.978,5.979,0.0,0.0,0.0,0.0,0.0,22800.0,70000.0,40000.0,260000.0,496200.0,0.0,0.0,0.0,0.0,0.0,50000.0,400000.0,418300.0,18400.0,49600.0,0.0,0.0,0.0,0.0,0.0
20230828095501772,SZSE,SZSE.ETF.159922,5.972,6.155,6.155,5.966,0.0,6.383,5.223,32170892.0,4300.0,193119862.971,25687.29999998212,0.0,0.0,20230828,20230828,95501772,5.803,0.0,0.0,5.973,5.972,5.971,5.97,5.969,0.0,0.0,0.0,0.0,0.0,5.975,5.976,5.977,5.978,5.979,0.0,0.0,0.0,0.0,0.0,210000.0,258700.0,410000.0,254700.0,100000.0,0.0,0.0,0.0,0.0,0.0,3400.0,400000.0,498300.0,68400.0,249600.0,0.0,0.0,0.0,0.0,0.0
20230828095504828,SZSE,SZSE.ETF.159922,5.975,6.155,6.155,5.966,0.0,6.383,5.223,32174292.0,3400.0,193140177.971,20315.0,0.0,0.0,20230828,20230828,95504828,5.803,0.0,0.0,5.975,5.974,5.973,5.972,5.971,0.0,0.0,0.0,0.0,0.0,5.976,5.978,5.979,5.98,5.981,0.0,0.0,0.0,0.0,0.0,48700.0,280000.0,40000.0,508700.0,70000.0,0.0,0.0,0.0,0.0,0.0,400000.0,60100.0,439600.0,180000.0,20000.0,0.0,0.0,0.0,0.0,0.0
20230828095507852,SZSE,SZSE.ETF.159922,5.976,6.155,6.155,5.966,0.0,6.383,5.223,32634292.0,460000.0,195889107.971,2748930.0,0.0,0.0,20230828,20230828,95507851,5.803,0.0,0.0,5.976,5.975,5.974,5.973,5.972,0.0,0.0,0.0,0.0,0.0,5.978,5.979,5.98,5.981,5.982,0.0,0.0,0.0,0.0,0.0,113100.0,29700.0,535800.0,70000.0,148700.0,0.0,0.0,0.0,0.0,0.0,40100.0,40000.0,200000.0,238500.0,378300.0,0.0,0.0,0.0,0.0,0.0
20230828095510848,SZSE,SZSE.ETF.159922,5.978,6.155,6.155,5.966,0.0,6.383,5.223,32692292.0,58000.0,196235773.171,346665.2000000179,0.0,0.0,20230828,20230828,95510847,5.803,0.0,0.0,5.976,5.975,5.974,5.973,5.972,0.0,0.0,0.0,0.0,0.0,5.978,5.98,5.981,5.982,5.983,0.0,0.0,0.0,0.0,0.0,10000.0,128400.0,575800.0,90000.0,118500.0,0.0,0.0,0.0,0.0,0.0,40300.0,40000.0,479900.0,196800.0,220500.0,0.0,0.0,0.0,0.0,0.0
20230828095513848,SZSE,SZSE.ETF.159922,5.977,6.155,6.155,5.966,0.0,6.383,5.223,32756792.0,64500.0,196621294.571,385521.40000000596,0.0,0.0,20230828,20230828,95513849,5.803,0.0,0.0,5.975,5.974,5.973,5.972,5.97,0.0,0.0,0.0,0.0,0.0,5.977,5.978,5.98,5.981,5.982,0.0,0.0,0.0,0.0,0.0,98700.0,32400.0,270000.0,364300.0,31800.0,0.0,0.0,0.0,0.0,0.0,38200.0,40200.0,397500.0,50000.0,396800.0,0.0,0.0,0.0,0.0,0.0
20230828095516832,SZSE,SZSE.ETF.159922,5.978,6.155,6.155,5.966,0.0,6.383,5.223,32797092.0,40300.0,196862169.771,240875.19999998808,0.0,0.0,20230828,20230828,95516833,5.803,0.0,0.0,5.975,5.974,5.973,5.972,5.971,0.0,0.0,0.0,0.0,0.0,5.979,5.98,5.981,5.982,5.983,0.0,0.0,0.0,0.0,0.0,40000.0,52400.0,666900.0,210000.0,60000.0,0.0,0.0,0.0,0.0,0.0,197500.0,370000.0,240000.0,216800.0,60500.0,0.0,0.0,0.0,0.0,0.0
20230828095519880,SZSE,SZSE.ETF.159922,5.977,6.155,6.155,5.966,0.0,6.383,5.223,32837392.0,40300.0,197103042.871,240873.09999999404,0.0,0.0,20230828,20230828,95519879,5.803,0.0,0.0,5.973,5.972,5.971,5.97,5.969,0.0,0.0,0.0,0.0,0.0,5.977,5.978,5.979,5.98,5.981,0.0,0.0,0.0,0.0,0.0,321100.0,420000.0,234300.0,201800.0,40000.0,0.0,0.0,0.0,0.0,0.0,149700.0,7500.0,280000.0,400000.0,10000.0,0.0,0.0,0.0,0.0,0.0
20230828095522848,SZSE,SZSE.ETF.159922,5.973,6.155,6.155,5.966,0.0,6.383,5.223,32876392.0,39000.0,197336135.471,233092.59999999404,0.0,0.0,20230828,20230828,95522847,5.803,0.0,0.0,5.974,5.973,5.972,5.971,5.97,0.0,0.0,0.0,0.0,0.0,5.977,5.978,5.979,5.98,5.981,0.0,0.0,0.0,0.0,0.0,242400.0,192900.0,555800.0,70000.0,211800.0,0.0,0.0,0.0,0.0,0.0,20000.0,337500.0,230000.0,360000.0,58500.0,0.0,0.0,0.0,0.0,0.0
20230828095525820,SZSE,SZSE.ETF.159922,5.978,6.155,6.155,5.966,0.0,6.383,5.223,32898092.0,21700.0,197465838.071,129702.60000002384,0.0,0.0,20230828,20230828,95525819,5.803,0.0,0.0,5.977,5.974,5.973,5.972,5.971,0.0,0.0,0.0,0.0,0.0,5.978,5.979,5.98,5.981,5.982,0.0,0.0,0.0,0.0,0.0,20000.0,244100.0,220500.0,575800.0,50000.0,0.0,0.0,0.0,0.0,0.0,195800.0,230000.0,360000.0,18500.0,38300.0,0.0,0.0,0.0,0.0,0.0
20230828095528816,SZSE,SZSE.ETF.159922,5.977,6.155,6.155,5.966,0.0,6.383,5.223,32938092.0,40000.0,197704918.071,239080.0,0.0,0.0,20230828,20230828,95528818,5.803,0.0,0.0,5.977,5.974,5.973,5.972,5.971,0.0,0.0,0.0,0.0,0.0,5.978,5.979,5.98,5.981,5.982,0.0,0.0,0.0,0.0,0.0,4000.0,240000.0,152900.0,230000.0,234300.0,0.0,0.0,0.0,0.0,0.0,615800.0,260000.0,160000.0,30000.0,36800.0,0.0,0.0,0.0,0.0,0.0
20230828095531824,SZSE,SZSE.ETF.159922,5.975,6.155,6.155,5.966,0.0,6.383,5.223,32978592.0,40500.0,197946989.771,242071.69999998808,0.0,0.0,20230828,20230828,95531826,5.803,0.0,0.0,5.975,5.974,5.973,5.972,5.971,0.0,0.0,0.0,0.0,0.0,5.978,5.979,5.98,5.981,5.982,0.0,0.0,0.0,0.0,0.0,47400.0,203900.0,160500.0,535800.0,68500.0,0.0,0.0,0.0,0.0,0.0,217400.0,306000.0,400000.0,50000.0,176800.0,0.0,0.0,0.0,0.0,0.0
20230828095534832,SZSE,SZSE.ETF.159922,5.978,6.155,6.155,5.966,0.0,6.383,5.223,32999592.0,21000.0,198072527.771,125538.0,0.0,0.0,20230828,20230828,95534834,5.803,0.0,0.0,5.974,5.973,5.972,5.971,5.97,0.0,0.0,0.0,0.0,0.0,5.976,5.977,5.978,5.979,5.98,0.0,0.0,0.0,0.0,0.0,10000.0,190500.0,223900.0,18500.0,587600.0,0.0,0.0,0.0,0.0,0.0,406000.0,66000.0,386000.0,40000.0,180000.0,0.0,0.0,0.0,0.0,0.0
20230828095537820,SZSE,SZSE.ETF.159922,5.976,6.155,6.155,5.966,0.0,6.383,5.223,33018692.0,19100.0,198186669.371,114141.59999999404,0.0,0.0,20230828,20230828,95537820,5.803,0.0,0.0,5.974,5.973,5.972,5.971,5.97,0.0,0.0,0.0,0.0,0.0,5.975,5.976,5.977,5.978,5.979,0.0,0.0,0.0,0.0,0.0,10000.0,24400.0,280000.0,3900.0,296400.0,0.0,0.0,0.0,0.0,0.0,16000.0,746900.0,256000.0,200000.0,30000.0,0.0,0.0,0.0,0.0,0.0
20230828095540852,SZSE,SZSE.ETF.159922,5.972,6.155,6.155,5.966,0.0,6.383,5.223,33091292.0,72600.0,198620316.771,433647.40000000596,0.0,0.0,20230828,20230828,95540852,5.803,0.0,0.0,5.971,5.97,5.969,5.968,5.967,0.0,0.0,0.0,0.0,0.0,5.972,5.973,5.974,5.975,5.976,0.0,0.0,0.0,0.0,0.0,20000.0,266400.0,250000.0,230200.0,40900.0,0.0,0.0,0.0,0.0,0.0,17600.0,421100.0,16000.0,219200.0,180000.0,0.0,0.0,0.0,0.0,0.0
20230828095543832,SZSE,SZSE.ETF.159922,5.972,6.155,6.155,5.966,0.0,6.383,5.223,33111892.0,20600.0,198743337.371,123020.59999999404,0.0,0.0,20230828,20230828,95543830,5.803,0.0,0.0,5.971,5.97,5.969,5.968,5.967,0.0,0.0,0.0,0.0,0.0,5.973,5.974,5.975,5.976,5.977,0.0,0.0,0.0,0.0,0.0,40000.0,51800.0,230000.0,286300.0,32400.0,0.0,0.0,0.0,0.0,0.0,437100.0,16000.0,216000.0,208500.0,40000.0,0.0,0.0,0.0,0.0,0.0
20230828095546832,SZSE,SZSE.ETF.159922,5.971,6.155,6.155,5.966,0.0,6.383,5.223,33229492.0,117600.0,199445533.471,702196.099999994,0.0,0.0,20230828,20230828,95546834,5.803,0.0,0.0,5.97,5.969,5.968,5.967,5.966,0.0,0.0,0.0,0.0,0.0,5.971,5.972,5.973,5.974,5.976,0.0,0.0,0.0,0.0,0.0,11800.0,40000.0,190200.0,28500.0,431000.0,0.0,0.0,0.0,0.0,0.0,90800.0,216000.0,296000.0,56000.0,170000.0,0.0,0.0,0.0,0.0,0.0
20230828095549840,SZSE,SZSE.ETF.159922,5.97,6.155,6.155,5.966,0.0,6.383,5.223,33268992.0,39500.0,199681376.171,235842.70000001788,0.0,0.0,20230828,20230828,95549839,5.803,0.0,0.0,5.969,5.968,5.967,5.966,5.965,0.0,0.0,0.0,0.0,0.0,5.97,5.971,5.972,5.973,5.974,0.0,0.0,0.0,0.0,0.0,20000.0,70200.0,190000.0,265600.0,3900.0,0.0,0.0,0.0,0.0,0.0,4200.0,289100.0,216000.0,60000.0,230000.0,0.0,0.0,0.0,0.0,0.0
20230828095552820,SZSE,SZSE.ETF.159922,5.969,6.155,6.155,5.966,0.0,6.383,5.223,33290192.0,21200.0,199807937.571,126561.40000000596,0.0,0.0,20230828,20230828,95552820,5.803,0.0,0.0,5.969,5.968,5.967,5.966,5.965,0.0,0.0,0.0,0.0,0.0,5.97,5.971,5.972,5.973,5.974,0.0,0.0,0.0,0.0,0.0,38700.0,390200.0,20000.0,346700.0,38500.0,0.0,0.0,0.0,0.0,0.0,182700.0,214200.0,216000.0,31100.0,158500.0,0.0,0.0,0.0,0.0,0.0
20230828095555812,SZSE,SZSE.ETF.159922,5.97,6.155,6.155,5.966,0.0,6.383,5.223,33294592.0,4400.0,199834205.571,26268.0,0.0,0.0,20230828,20230828,95555813,5.803,0.0,0.0,5.968,5.967,5.966,5.965,5.964,0.0,0.0,0.0,0.0,0.0,5.969,5.97,5.972,5.973,5.974,0.0,0.0,0.0,0.0,0.0,190200.0,20000.0,206700.0,48500.0,481900.0,0.0,0.0,0.0,0.0,0.0,34300.0,208300.0,204200.0,291100.0,208500.0,0.0,0.0,0.0,0.0,0.0
20230828095558828,SZSE,SZSE.ETF.159922,5.97,6.155,6.155,5.966,0.0,6.383,5.223,33545592.0,251000.0,201332641.271,1498435.699999988,0.0,0.0,20230828,20230828,95558828,5.803,0.0,0.0,5.97,5.968,5.967,5.966,5.965,0.0,0.0,0.0,0.0,0.0,5.972,5.973,5.974,5.975,5.976,0.0,0.0,0.0,0.0,0.0,19100.0,260200.0,245700.0,272800.0,20000.0,0.0,0.0,0.0,0.0,0.0,394200.0,261100.0,178500.0,141000.0,210000.0,0.0,0.0,0.0,0.0,0.0
20230828095601832,SZSE,SZSE.ETF.159922,5.972,6.155,6.155,5.966,0.0,6.383,5.223,33694292.0,148700.0,202220672.471,888031.1999999881,0.0,0.0,20230828,20230828,95601830,5.803,0.0,0.0,5.97,5.969,5.968,5.967,5.966,0.0,0.0,0.0,0.0,0.0,5.972,5.973,5.974,5.975,5.976,0.0,0.0,0.0,0.0,0.0,164200.0,34300.0,95900.0,225700.0,502900.0,0.0,0.0,0.0,0.0,0.0,69700.0,91500.0,244200.0,371000.0,178500.0,0.0,0.0,0.0,0.0,0.0
20230828095604856,SZSE,SZSE.ETF.159922,5.973,6.155,6.155,5.966,0.0,6.383,5.223,33723292.0,29000.0,202393863.671,173191.20000001788,0.0,0.0,20230828,20230828,95604858,5.803,0.0,0.0,5.972,5.971,5.97,5.969,5.968,0.0,0.0,0.0,0.0,0.0,5.973,5.974,5.975,5.976,5.977,0.0,0.0,0.0,0.0,0.0,90600.0,390000.0,144200.0,65700.0,235900.0,0.0,0.0,0.0,0.0,0.0,77200.0,204200.0,591000.0,178500.0,11100.0,0.0,0.0,0.0,0.0,0.0
20230828095607864,SZSE,SZSE.ETF.159922,5.973,6.155,6.155,5.966,0.0,6.383,5.223,33983292.0,260000.0,203946843.671,1552980.0,0.0,0.0,20230828,20230828,95607866,5.803,0.0,0.0,5.972,5.971,5.97,5.969,5.968,0.0,0.0,0.0,0.0,0.0,5.973,5.975,5.976,5.977,5.978,0.0,0.0,0.0,0.0,0.0,66300.0,15700.0,215700.0,255700.0,510600.0,0.0,0.0,0.0,0.0,0.0,223000.0,41000.0,240000.0,359600.0,350000.0,0.0,0.0,0.0,0.0,0.0
20230828095610824,SZSE,SZSE.ETF.159922,5.973,6.155,6.155,5.966,0.0,6.383,5.223,34062292.0,79000.0,204418710.671,471867.0,0.0,0.0,20230828,20230828,95610826,5.803,0.0,0.0,5.972,5.971,5.97,5.969,5.968,0.0,0.0,0.0,0.0,0.0,5.973,5.975,5.976,5.977,5.978,0.0,0.0,0.0,0.0,0.0,215700.0,15700.0,131800.0,385800.0,308700.0,0.0,0.0,0.0,0.0,0.0,174000.0,1000.0,244200.0,272700.0,370000.0,0.0,0.0,0.0,0.0,0.0
20230828095613824,SZSE,SZSE.ETF.159922,5.973,6.155,6.155,5.966,0.0,6.383,5.223,34087592.0,25300.0,204569823.671,151113.0,0.0,0.0,20230828,20230828,95613826,5.803,0.0,0.0,5.972,5.971,5.97,5.968,5.967,0.0,0.0,0.0,0.0,0.0,5.973,5.974,5.975,5.976,5.977,0.0,0.0,0.0,0.0,0.0,30000.0,190000.0,116100.0,258700.0,75700.0,0.0,0.0,0.0,0.0,0.0,396800.0,544200.0,211000.0,140000.0,78500.0,0.0,0.0,0.0,0.0,0.0
20230828095616840,SZSE,SZSE.ETF.159922,5.972,6.155,6.155,5.966,0.0,6.383,5.223,34122192.0,34600.0,204776473.371,206649.69999998808,0.0,0.0,20230828,20230828,95616842,5.803,0.0,0.0,5.972,5.971,5.97,5.969,5.968,0.0,0.0,0.0,0.0,0.0,5.973,5.974,5.975,5.976,5.977,0.0,0.0,0.0,0.0,0.0,5900.0,190000.0,131800.0,215700.0,234500.0,0.0,0.0,0.0,0.0,0.0,154100.0,40000.0,231000.0,350000.0,33800.0,0.0,0.0,0.0,0.0,0.0
20230828095619832,SZSE,SZSE.ETF.159922,5.972,6.155,6.155,5.966,0.0,6.383,5.223,34218892.0,96700.0,205353987.471,577514.099999994,0.0,0.0,20230828,20230828,95619832,5.803,0.0,0.0,5.972,5.971,5.97,5.969,5.968,0.0,0.0,0.0,0.0,0.0,5.973,5.975,5.976,5.977,5.978,0.0,0.0,0.0,0.0,0.0,115000.0,25600.0,131800.0,15700.0,564500.0,0.0,0.0,0.0,0.0,0.0,112400.0,41000.0,384200.0,438500.0,260000.0,0.0,0.0,0.0,0.0,0.0
20230828095622804,SZSE,SZSE.ETF.159922,5.972,6.155,6.155,5.966,0.0,6.383,5.223,34245492.0,26600.0,205512862.571,158875.10000002384,0.0,0.0,20230828,20230828,95622805,5.803,0.0,0.0,5.971,5.97,5.969,5.968,5.967,0.0,0.0,0.0,0.0,0.0,5.972,5.973,5.974,5.975,5.976,0.0,0.0,0.0,0.0,0.0,188600.0,131800.0,55700.0,664500.0,70000.0,0.0,0.0,0.0,0.0,0.0,1300.0,69800.0,40000.0,245200.0,590000.0,0.0,0.0,0.0,0.0,0.0
20230828095625784,SZSE,SZSE.ETF.159922,5.971,6.155,6.155,5.966,0.0,6.383,5.223,34253392.0,7900.0,205560034.771,47172.19999998808,0.0,0.0,20230828,20230828,95625786,5.803,0.0,0.0,5.97,5.969,5.968,5.967,5.966,0.0,0.0,0.0,0.0,0.0,5.971,5.973,5.974,5.975,5.976,0.0,0.0,0.0,0.0,0.0,96100.0,70000.0,335900.0,94200.0,371000.0,0.0,0.0,0.0,0.0,0.0,7900.0,514000.0,220000.0,31000.0,198500.0,0.0,0.0,0.0,0.0,0.0
20230828095628784,SZSE,SZSE.ETF.159922,5.971,6.155,6.155,5.966,0.0,6.383,5.223,34253392.0,0.0,205560034.771,0.0,0.0,0.0,20230828,20230828,95628783,5.803,0.0,0.0,5.971,5.97,5.969,5.968,5.967,0.0,0.0,0.0,0.0,0.0,5.973,5.974,5.975,5.976,5.977,0.0,0.0,0.0,0.0,0.0,7900.0,148200.0,425700.0,245900.0,431500.0,0.0,0.0,0.0,0.0,0.0,69800.0,464200.0,215200.0,178500.0,11100.0,0.0,0.0,0.0,0.0,0.0
20230828095631768,SZSE,SZSE.ETF.159922,5.97,6.155,6.155,5.966,0.0,6.383,5.223,34306092.0,52700.0,205874802.471,314767.6999999881,0.0,0.0,20230828,20230828,95631767,5.803,0.0,0.0,5.97,5.969,5.968,5.967,5.966,0.0,0.0,0.0,0.0,0.0,5.972,5.973,5.974,5.975,5.976,0.0,0.0,0.0,0.0,0.0,95600.0,210000.0,50200.0,114200.0,181000.0,0.0,0.0,0.0,0.0,0.0,198400.0,115500.0,454200.0,21000.0,150000.0,0.0,0.0,0.0,0.0,0.0
20230828095634796,SZSE,SZSE.ETF.159922,5.972,6.155,6.155,5.966,0.0,6.383,5.223,34328092.0,22000.0,206006186.471,131384.0,0.0,0.0,20230828,20230828,95634796,5.803,0.0,0.0,5.97,5.969,5.968,5.967,5.966,0.0,0.0,0.0,0.0,0.0,5.971,5.972,5.973,5.974,5.975,0.0,0.0,0.0,0.0,0.0,2100.0,50000.0,225900.0,205700.0,303000.0,0.0,0.0,0.0,0.0,0.0,40000.0,430600.0,275500.0,40000.0,11000.0,0.0,0.0,0.0,0.0,0.0
20230828095637792,SZSE,SZSE.ETF.159922,5.971,6.155,6.155,5.966,0.0,6.383,5.223,34352192.0,24100.0,206150087.571,143901.10000002384,0.0,0.0,20230828,20230828,95637794,5.803,0.0,0.0,5.969,5.968,5.967,5.966,5.965,0.0,0.0,0.0,0.0,0.0,5.971,5.972,5.973,5.974,5.975,0.0,0.0,0.0,0.0,0.0,52100.0,210200.0,205700.0,153000.0,250000.0,0.0,0.0,0.0,0.0,0.0,8000.0,370600.0,321300.0,90000.0,19500.0,0.0,0.0,0.0,0.0,0.0
20230828095640772,SZSE,SZSE.ETF.159922,5.971,6.155,6.155,5.966,0.0,6.383,5.223,34360192.0,8000.0,206197855.571,47768.0,0.0,0.0,20230828,20230828,95640773,5.803,0.0,0.0,5.971,5.97,5.969,5.968,5.967,0.0,0.0,0.0,0.0,0.0,5.972,5.973,5.974,5.975,5.976,0.0,0.0,0.0,0.0,0.0,100.0,190000.0,2100.0,245900.0,265700.0,0.0,0.0,0.0,0.0,0.0,190000.0,215500.0,280000.0,39500.0,160000.0,0.0,0.0,0.0,0.0,0.0
20230828095643784,SZSE,SZSE.ETF.159922,5.972,6.155,6.155,5.966,0.0,6.383,5.223,34392892.0,32700.0,206393134.871,195279.29999998212,0.0,0.0,20230828,20230828,95643786,5.803,0.0,0.0,5.972,5.971,5.97,5.969,5.968,0.0,0.0,0.0,0.0,0.0,5.973,5.974,5.975,5.976,5.977,0.0,0.0,0.0,0.0,0.0,322400.0,50000.0,147500.0,225700.0,65900.0,0.0,0.0,0.0,0.0,0.0,51300.0,450000.0,265200.0,198500.0,151100.0,0.0,0.0,0.0,0.0,0.0
20230828095646784,SZSE,SZSE.ETF.159922,5.973,6.155,6.155,5.966,0.0,6.383,5.223,34406892.0,14000.0,206476758.571,83623.70000001788,0.0,0.0,20230828,20230828,95646782,5.803,0.0,0.0,5.973,5.972,5.971,5.97,5.969,0.0,0.0,0.0,0.0,0.0,5.975,5.976,5.977,5.978,5.979,0.0,0.0,0.0,0.0,0.0,42200.0,150000.0,40000.0,453200.0,15700.0,0.0,0.0,0.0,0.0,0.0,395200.0,300000.0,158500.0,160000.0,61100.0,0.0,0.0,0.0,0.0,0.0
20230828095649800,SZSE,SZSE.ETF.159922,5.974,6.155,6.155,5.966,0.0,6.383,5.223,34468792.0,61900.0,206846545.971,369787.39999997616,0.0,0.0,20230828,20230828,95649798,5.803,0.0,0.0,5.973,5.972,5.97,5.969,5.968,0.0,0.0,0.0,0.0,0.0,5.974,5.975,5.976,5.977,5.978,0.0,0.0,0.0,0.0,0.0,6100.0,60000.0,456700.0,44200.0,90200.0,0.0,0.0,0.0,0.0,0.0,221300.0,45200.0,290000.0,20000.0,80000.0,0.0,0.0,0.0,0.0,0.0
20230828095652752,SZSE,SZSE.ETF.159922,5.973,6.155,6.155,5.966,0.0,6.383,5.223,34495292.0,26500.0,207004830.471,158284.5,0.0,0.0,20230828,20230828,95652750,5.803,0.0,0.0,5.972,5.971,5.97,5.969,5.968,0.0,0.0,0.0,0.0,0.0,5.974,5.975,5.976,5.977,5.978,0.0,0.0,0.0,0.0,0.0,10000.0,50000.0,283500.0,35700.0,258700.0,0.0,0.0,0.0,0.0,0.0,385500.0,511000.0,100000.0,110000.0,228500.0,0.0,0.0,0.0,0.0,0.0
20230828095655744,SZSE,SZSE.ETF.159922,5.973,6.155,6.155,5.966,0.0,6.383,5.223,34522792.0,27500.0,207169070.771,164240.30000001192,0.0,0.0,20230828,20230828,95655745,5.803,0.0,0.0,5.971,5.969,5.968,5.967,5.966,0.0,0.0,0.0,0.0,0.0,5.973,5.974,5.975,5.976,5.977,0.0,0.0,0.0,0.0,0.0,50000.0,20000.0,347900.0,230000.0,361000.0,0.0,0.0,0.0,0.0,0.0,583900.0,83200.0,511000.0,40000.0,171100.0,0.0,0.0,0.0,0.0,0.0
20230828095658752,SZSE,SZSE.ETF.159922,5.973,6.155,6.155,5.966,0.0,6.383,5.223,34541392.0,18600.0,207280168.571,111097.80000001192,0.0,0.0,20230828,20230828,95658751,5.803,0.0,0.0,5.972,5.971,5.97,5.969,5.968,0.0,0.0,0.0,0.0,0.0,5.973,5.974,5.975,5.976,5.977,0.0,0.0,0.0,0.0,0.0,50000.0,160000.0,140000.0,209900.0,225900.0,0.0,0.0,0.0,0.0,0.0,191400.0,471500.0,127100.0,100000.0,179600.0,0.0,0.0,0.0,0.0,0.0
20230828095701792,SZSE,SZSE.ETF.159922,5.972,6.155,6.155,5.966,0.0,6.383,5.223,34573192.0,31800.0,207470099.371,189930.79999998212,0.0,0.0,20230828,20230828,95701790,5.803,0.0,0.0,5.972,5.97,5.969,5.968,5.967,0.0,0.0,0.0,0.0,0.0,5.973,5.974,5.975,5.976,5.977,0.0,0.0,0.0,0.0,0.0,49400.0,140000.0,209900.0,317900.0,90000.0,0.0,0.0,0.0,0.0,0.0,180200.0,691500.0,127100.0,80000.0,179600.0,0.0,0.0,0.0,0.0,0.0
20230828095704784,SZSE,SZSE.ETF.159922,5.972,6.155,6.155,5.966,0.0,6.383,5.223,34605392.0,32200.0,207662417.371,192318.0,0.0,0.0,20230828,20230828,95704785,5.803,0.0,0.0,5.971,5.969,5.968,5.967,5.966,0.0,0.0,0.0,0.0,0.0,5.972,5.973,5.974,5.975,5.976,0.0,0.0,0.0,0.0,0.0,50000.0,190000.0,322200.0,90000.0,81000.0,0.0,0.0,0.0,0.0,0.0,34300.0,560600.0,491500.0,177100.0,80000.0,0.0,0.0,0.0,0.0,0.0
20230828095707848,SZSE,SZSE.ETF.159922,5.971,6.155,6.155,5.966,0.0,6.383,5.223,34674092.0,68700.0,208072625.171,410207.8000000119,0.0,0.0,20230828,20230828,95707846,5.803,0.0,0.0,5.969,5.968,5.967,5.966,5.965,0.0,0.0,0.0,0.0,0.0,5.971,5.972,5.973,5.974,5.975,0.0,0.0,0.0,0.0,0.0,50000.0,230200.0,280000.0,293000.0,20000.0,0.0,0.0,0.0,0.0,0.0,322100.0,268700.0,110000.0,491500.0,78200.0,0.0,0.0,0.0,0.0,0.0
20230828095710804,SZSE,SZSE.ETF.159922,5.971,6.155,6.155,5.966,0.0,6.383,5.223,34735192.0,61100.0,208437369.471,364744.2999999821,0.0,0.0,20230828,20230828,95710804,5.803,0.0,0.0,5.969,5.968,5.967,5.966,5.965,0.0,0.0,0.0,0.0,0.0,5.971,5.972,5.973,5.974,5.975,0.0,0.0,0.0,0.0,0.0,210000.0,190200.0,249900.0,274500.0,248500.0,0.0,0.0,0.0,0.0,0.0,122900.0,606800.0,310000.0,101500.0,96700.0,0.0,0.0,0.0,0.0,0.0
20230828095713800,SZSE,SZSE.ETF.159922,5.971,6.155,6.155,5.966,0.0,6.383,5.223,34760992.0,25800.0,208591416.071,154046.60000002384,0.0,0.0,20230828,20230828,95713800,5.803,0.0,0.0,5.97,5.969,5.968,5.967,5.966,0.0,0.0,0.0,0.0,0.0,5.971,5.972,5.973,5.974,5.975,0.0,0.0,0.0,0.0,0.0,50000.0,220000.0,440100.0,39900.0,454500.0,0.0,0.0,0.0,0.0,0.0,28500.0,479100.0,501100.0,131500.0,105600.0,0.0,0.0,0.0,0.0,0.0
20230828095716812,SZSE,SZSE.ETF.159922,5.971,6.155,6.155,5.966,0.0,6.383,5.223,34795192.0,34200.0,208795624.271,204208.19999998808,0.0,0.0,20230828,20230828,95716813,5.803,0.0,0.0,5.971,5.97,5.969,5.968,5.967,0.0,0.0,0.0,0.0,0.0,5.972,5.973,5.974,5.975,5.976,0.0,0.0,0.0,0.0,0.0,50900.0,439900.0,40000.0,430100.0,195800.0,0.0,0.0,0.0,0.0,0.0,472300.0,100000.0,111500.0,486700.0,400000.0,0.0,0.0,0.0,0.0,0.0
20230828095719792,SZSE,SZSE.ETF.159922,5.972,6.155,6.155,5.966,0.0,6.383,5.223,35150692.0,355500.0,210918659.971,2123035.699999988,0.0,0.0,20230828,20230828,95719792,5.803,0.0,0.0,5.97,5.969,5.968,5.967,5.966,0.0,0.0,0.0,0.0,0.0,5.972,5.974,5.975,5.976,5.977,0.0,0.0,0.0,0.0,0.0,423500.0,32600.0,250200.0,224300.0,51000.0,0.0,0.0,0.0,0.0,0.0,357100.0,51500.0,504400.0,548500.0,40000.0,0.0,0.0,0.0,0.0,0.0
20230828095722804,SZSE,SZSE.ETF.159922,5.972,6.155,6.155,5.966,0.0,6.383,5.223,35179092.0,28400.0,211088259.571,169599.60000002384,0.0,0.0,20230828,20230828,95722804,5.803,0.0,0.0,5.971,5.97,5.969,5.968,5.967,0.0,0.0,0.0,0.0,0.0,5.972,5.974,5.975,5.976,5.977,0.0,0.0,0.0,0.0,0.0,12600.0,353500.0,260000.0,266000.0,50000.0,0.0,0.0,0.0,0.0,0.0,276500.0,51500.0,313400.0,520000.0,58500.0,0.0,0.0,0.0,0.0,0.0
20230828095725772,SZSE,SZSE.ETF.159922,5.971,6.155,6.155,5.966,0.0,6.383,5.223,35480292.0,301200.0,212886983.471,1798723.8999999762,0.0,0.0,20230828,20230828,95725772,5.803,0.0,0.0,5.972,5.971,5.97,5.969,5.968,0.0,0.0,0.0,0.0,0.0,5.973,5.974,5.975,5.976,5.977,0.0,0.0,0.0,0.0,0.0,181200.0,200000.0,259300.0,70000.0,240200.0,0.0,0.0,0.0,0.0,0.0,200000.0,52500.0,136000.0,179900.0,38400.0,0.0,0.0,0.0,0.0,0.0
20230828095728760,SZSE,SZSE.ETF.159922,5.973,6.155,6.155,5.966,0.0,6.383,5.223,35538192.0,57900.0,213232820.171,345836.7000000179,0.0,0.0,20230828,20230828,95728760,5.803,0.0,0.0,5.973,5.972,5.971,5.97,5.969,0.0,0.0,0.0,0.0,0.0,5.974,5.975,5.976,5.977,5.978,0.0,0.0,0.0,0.0,0.0,24300.0,691700.0,40000.0,110000.0,90000.0,0.0,0.0,0.0,0.0,0.0,32500.0,106100.0,60000.0,48400.0,370000.0,0.0,0.0,0.0,0.0,0.0
20230828095731776,SZSE,SZSE.ETF.159922,5.975,6.155,6.155,5.966,0.0,6.383,5.223,35647892.0,109700.0,213888240.671,655420.5,0.0,0.0,20230828,20230828,95731778,5.803,0.0,0.0,5.975,5.974,5.973,5.972,5.971,0.0,0.0,0.0,0.0,0.0,5.976,5.977,5.978,5.979,5.98,0.0,0.0,0.0,0.0,0.0,84300.0,124800.0,258400.0,369600.0,90000.0,0.0,0.0,0.0,0.0,0.0,40000.0,50000.0,198500.0,210000.0,160000.0,0.0,0.0,0.0,0.0,0.0
20230828095734792,SZSE,SZSE.ETF.159922,5.977,6.155,6.155,5.966,0.0,6.383,5.223,35653592.0,5700.0,213922308.071,34067.40000000596,0.0,0.0,20230828,20230828,95734794,5.803,0.0,0.0,5.976,5.975,5.974,5.973,5.972,0.0,0.0,0.0,0.0,0.0,5.978,5.979,5.98,5.981,5.982,0.0,0.0,0.0,0.0,0.0,301700.0,12000.0,471600.0,174700.0,309600.0,0.0,0.0,0.0,0.0,0.0,20000.0,10000.0,178500.0,270000.0,195300.0,0.0,0.0,0.0,0.0,0.0
20230828095737812,SZSE,SZSE.ETF.159922,5.978,6.155,6.155,5.966,0.0,6.383,5.223,35904692.0,251100.0,215422994.271,1500686.199999988,0.0,0.0,20230828,20230828,95737813,5.803,0.0,0.0,5.977,5.976,5.975,5.974,5.973,0.0,0.0,0.0,0.0,0.0,5.978,5.979,5.98,5.981,5.982,0.0,0.0,0.0,0.0,0.0,20000.0,116400.0,105500.0,415800.0,110000.0,0.0,0.0,0.0,0.0,0.0,103700.0,20000.0,20000.0,240000.0,196800.0,0.0,0.0,0.0,0.0,0.0
20230828095740796,SZSE,SZSE.ETF.159922,5.978,6.155,6.155,5.966,0.0,6.383,5.223,36114192.0,209500.0,216675332.671,1252338.400000006,0.0,0.0,20230828,20230828,95740797,5.803,0.0,0.0,5.976,5.975,5.974,5.973,5.972,0.0,0.0,0.0,0.0,0.0,5.979,5.98,5.981,5.982,5.983,0.0,0.0,0.0,0.0,0.0,11500.0,115500.0,365800.0,108500.0,100000.0,0.0,0.0,0.0,0.0,0.0,19900.0,210000.0,70000.0,596800.0,20500.0,0.0,0.0,0.0,0.0,0.0
20230828095743784,SZSE,SZSE.ETF.159922,5.98,6.155,6.155,5.966,0.0,6.383,5.223,36140892.0,26700.0,216834968.371,159635.69999998808,0.0,0.0,20230828,20230828,95743782,5.803,0.0,0.0,5.979,5.977,5.976,5.975,5.974,0.0,0.0,0.0,0.0,0.0,5.98,5.981,5.982,5.983,5.985,0.0,0.0,0.0,0.0,0.0,20000.0,6100.0,28900.0,115500.0,455800.0,0.0,0.0,0.0,0.0,0.0,230000.0,75800.0,148300.0,459000.0,14700.0,0.0,0.0,0.0,0.0,0.0
20230828095746800,SZSE,SZSE.ETF.159922,5.98,6.155,6.155,5.966,0.0,6.383,5.223,36329492.0,188600.0,217962356.371,1127388.0,0.0,0.0,20230828,20230828,95746799,5.803,0.0,0.0,5.979,5.978,5.976,5.975,5.974,0.0,0.0,0.0,0.0,0.0,5.98,5.981,5.982,5.983,5.984,0.0,0.0,0.0,0.0,0.0,4000.0,196900.0,20000.0,491300.0,98400.0,0.0,0.0,0.0,0.0,0.0,397400.0,20000.0,384100.0,90500.0,220000.0,0.0,0.0,0.0,0.0,0.0
20230828095749752,SZSE,SZSE.ETF.159922,5.979,6.155,6.155,5.966,0.0,6.383,5.223,36511992.0,182500.0,219053215.671,1090859.300000012,0.0,0.0,20230828,20230828,95749753,5.803,0.0,0.0,5.975,5.974,5.973,5.972,5.971,0.0,0.0,0.0,0.0,0.0,5.979,5.98,5.981,5.982,5.983,0.0,0.0,0.0,0.0,0.0,242400.0,208400.0,70000.0,410000.0,73800.0,0.0,0.0,0.0,0.0,0.0,41600.0,603200.0,469900.0,494100.0,20500.0,0.0,0.0,0.0,0.0,0.0
20230828095752816,SZSE,SZSE.ETF.159922,5.976,6.155,6.155,5.966,0.0,6.383,5.223,36857192.0,345200.0,221115798.271,2062582.599999994,0.0,0.0,20230828,20230828,95752817,5.803,0.0,0.0,5.974,5.973,5.972,5.971,5.97,0.0,0.0,0.0,0.0,0.0,5.976,5.978,5.979,5.98,5.981,0.0,0.0,0.0,0.0,0.0,50000.0,240000.0,250000.0,291300.0,240000.0,0.0,0.0,0.0,0.0,0.0,127400.0,209900.0,19900.0,813200.0,260000.0,0.0,0.0,0.0,0.0,0.0
20230828095755792,SZSE,SZSE.ETF.159922,5.974,6.155,6.155,5.966,0.0,6.383,5.223,36913192.0,56000.0,221450342.271,334544.0,0.0,0.0,20230828,20230828,95755791,5.803,0.0,0.0,5.971,5.97,5.969,5.968,5.967,0.0,0.0,0.0,0.0,0.0,5.974,5.975,5.976,5.977,5.978,0.0,0.0,0.0,0.0,0.0,210000.0,388500.0,90000.0,300200.0,127000.0,0.0,0.0,0.0,0.0,0.0,319900.0,40000.0,187300.0,20000.0,410000.0,0.0,0.0,0.0,0.0,0.0
20230828095758816,SZSE,SZSE.ETF.159922,5.973,6.155,6.155,5.966,0.0,6.383,5.223,36942692.0,29500.0,221626573.171,176230.90000000596,0.0,0.0,20230828,20230828,95758816,5.803,0.0,0.0,5.971,5.97,5.969,5.968,5.967,0.0,0.0,0.0,0.0,0.0,5.974,5.975,5.976,5.977,5.978,0.0,0.0,0.0,0.0,0.0,230000.0,385800.0,90000.0,150200.0,125500.0,0.0,0.0,0.0,0.0,0.0,152500.0,40000.0,207300.0,30000.0,628500.0,0.0,0.0,0.0,0.0,0.0
20230828095801776,SZSE,SZSE.ETF.159922,5.972,6.155,6.155,5.966,0.0,6.383,5.223,36962792.0,20100.0,221746645.371,120072.19999998808,0.0,0.0,20230828,20230828,95801777,5.803,0.0,0.0,5.972,5.971,5.97,5.969,5.968,0.0,0.0,0.0,0.0,0.0,5.974,5.976,5.977,5.978,5.979,0.0,0.0,0.0,0.0,0.0,97400.0,450000.0,130000.0,90000.0,120200.0,0.0,0.0,0.0,0.0,0.0,20000.0,157400.0,60000.0,444500.0,431100.0,0.0,0.0,0.0,0.0,0.0
20230828095804788,SZSE,SZSE.ETF.159922,5.974,6.155,6.155,5.966,0.0,6.383,5.223,37006092.0,43300.0,222005319.571,258674.20000001788,0.0,0.0,20230828,20230828,95804787,5.803,0.0,0.0,5.974,5.973,5.972,5.971,5.97,0.0,0.0,0.0,0.0,0.0,5.977,5.978,5.979,5.98,5.981,0.0,0.0,0.0,0.0,0.0,164900.0,200000.0,353200.0,130000.0,50000.0,0.0,0.0,0.0,0.0,0.0,30000.0,176000.0,49600.0,630300.0,496800.0,0.0,0.0,0.0,0.0,0.0
20230828095807812,SZSE,SZSE.ETF.159922,5.977,6.155,6.155,5.966,0.0,6.383,5.223,37025992.0,19900.0,222124261.571,118942.0,0.0,0.0,20230828,20230828,95807813,5.803,0.0,0.0,5.975,5.974,5.973,5.972,5.971,0.0,0.0,0.0,0.0,0.0,5.979,5.98,5.981,5.982,5.983,0.0,0.0,0.0,0.0,0.0,390000.0,20000.0,70000.0,347400.0,40000.0,0.0,0.0,0.0,0.0,0.0,30000.0,753300.0,115500.0,318300.0,411600.0,0.0,0.0,0.0,0.0,0.0
20230828095810788,SZSE,SZSE.ETF.159922,5.977,6.155,6.155,5.966,0.0,6.383,5.223,37025992.0,0.0,222124261.571,0.0,0.0,0.0,20230828,20230828,95810787,5.803,0.0,0.0,5.976,5.975,5.974,5.973,5.972,0.0,0.0,0.0,0.0,0.0,5.979,5.98,5.981,5.982,5.983,0.0,0.0,0.0,0.0,0.0,190000.0,117400.0,415800.0,130000.0,240000.0,0.0,0.0,0.0,0.0,0.0,6000.0,423300.0,240000.0,478300.0,287100.0,0.0,0.0,0.0,0.0,0.0
20230828095813768,SZSE,SZSE.ETF.159922,5.979,6.155,6.155,5.966,0.0,6.383,5.223,37054592.0,28600.0,222295253.171,170991.59999999404,0.0,0.0,20230828,20230828,95813766,5.803,0.0,0.0,5.976,5.975,5.974,5.973,5.972,0.0,0.0,0.0,0.0,0.0,5.98,5.981,5.982,5.983,5.984,0.0,0.0,0.0,0.0,0.0,227300.0,117400.0,477800.0,90000.0,218500.0,0.0,0.0,0.0,0.0,0.0,403300.0,200000.0,298300.0,506100.0,60000.0,0.0,0.0,0.0,0.0,0.0
20230828095816796,SZSE,SZSE.ETF.159922,5.979,6.155,6.155,5.966,0.0,6.383,5.223,37060592.0,6000.0,222331127.171,35874.0,0.0,0.0,20230828,20230828,95816795,5.803,0.0,0.0,5.977,5.976,5.975,5.974,5.973,0.0,0.0,0.0,0.0,0.0,5.98,5.981,5.982,5.983,5.984,0.0,0.0,0.0,0.0,0.0,209900.0,399900.0,167400.0,212000.0,60000.0,0.0,0.0,0.0,0.0,0.0,463300.0,40000.0,168300.0,31600.0,788500.0,0.0,0.0,0.0,0.0,0.0
20230828095819796,SZSE,SZSE.ETF.159922,5.98,6.155,6.155,5.966,0.0,6.383,5.223,37125992.0,65400.0,222722219.171,391092.0,0.0,0.0,20230828,20230828,95819796,5.803,0.0,0.0,5.978,5.977,5.976,5.975,5.974,0.0,0.0,0.0,0.0,0.0,5.98,5.981,5.982,5.983,5.984,0.0,0.0,0.0,0.0,0.0,19900.0,327300.0,415800.0,70000.0,242000.0,0.0,0.0,0.0,0.0,0.0,357900.0,40000.0,178300.0,50500.0,624400.0,0.0,0.0,0.0,0.0,0.0
20230828095822816,SZSE,SZSE.ETF.159922,5.98,6.155,6.155,5.966,0.0,6.383,5.223,37151092.0,25100.0,222872314.571,150095.40000000596,0.0,0.0,20230828,20230828,95822816,5.803,0.0,0.0,5.978,5.977,5.976,5.975,5.974,0.0,0.0,0.0,0.0,0.0,5.98,5.981,5.982,5.983,5.984,0.0,0.0,0.0,0.0,0.0,207300.0,117300.0,435800.0,50000.0,218400.0,0.0,0.0,0.0,0.0,0.0,375400.0,40000.0,180900.0,33100.0,724400.0,0.0,0.0,0.0,0.0,0.0
20230828095825768,SZSE,SZSE.ETF.159922,5.98,6.155,6.155,5.966,0.0,6.383,5.223,37171992.0,20900.0,222997296.571,124982.0,0.0,0.0,20230828,20230828,95825770,5.803,0.0,0.0,5.978,5.977,5.976,5.975,5.974,0.0,0.0,0.0,0.0,0.0,5.979,5.98,5.981,5.982,5.983,0.0,0.0,0.0,0.0,0.0,210000.0,116700.0,240000.0,265800.0,254400.0,0.0,0.0,0.0,0.0,0.0,50000.0,354500.0,40000.0,18300.0,13100.0,0.0,0.0,0.0,0.0,0.0
20230828095828760,SZSE,SZSE.ETF.159922,5.979,6.155,6.155,5.966,0.0,6.383,5.223,37223092.0,51100.0,223302823.271,305526.6999999881,0.0,0.0,20230828,20230828,95828762,5.803,0.0,0.0,5.978,5.977,5.976,5.975,5.974,0.0,0.0,0.0,0.0,0.0,5.979,5.98,5.982,5.983,5.984,0.0,0.0,0.0,0.0,0.0,257100.0,460500.0,110000.0,140000.0,274400.0,0.0,0.0,0.0,0.0,0.0,32700.0,284500.0,18300.0,51500.0,470000.0,0.0,0.0,0.0,0.0,0.0
20230828095831776,SZSE,SZSE.ETF.159922,5.978,6.155,6.155,5.966,0.0,6.383,5.223,37246492.0,23400.0,223442731.371,139908.09999999404,0.0,0.0,20230828,20230828,95831774,5.803,0.0,0.0,5.978,5.977,5.976,5.975,5.974,0.0,0.0,0.0,0.0,0.0,5.979,5.98,5.982,5.983,5.984,0.0,0.0,0.0,0.0,0.0,241300.0,137400.0,475800.0,120000.0,274400.0,0.0,0.0,0.0,0.0,0.0,50000.0,424500.0,38200.0,104900.0,510000.0,0.0,0.0,0.0,0.0,0.0
20230828095834772,SZSE,SZSE.ETF.159922,5.979,6.155,6.155,5.966,0.0,6.383,5.223,37266692.0,20200.0,223563507.171,120775.80000001192,0.0,0.0,20230828,20230828,95834772,5.803,0.0,0.0,5.978,5.977,5.976,5.974,5.973,0.0,0.0,0.0,0.0,0.0,5.979,5.98,5.981,5.982,5.983,0.0,0.0,0.0,0.0,0.0,648100.0,257400.0,70000.0,224400.0,20000.0,0.0,0.0,0.0,0.0,0.0,10000.0,284500.0,50000.0,158300.0,104900.0,0.0,0.0,0.0,0.0,0.0
20230828095837808,SZSE,SZSE.ETF.159922,5.98,6.155,6.155,5.966,0.0,6.383,5.223,37561192.0,294500.0,225324607.171,1761100.0,0.0,0.0,20230828,20230828,95837809,5.803,0.0,0.0,5.981,5.979,5.978,5.977,5.976,0.0,0.0,0.0,0.0,0.0,5.982,5.983,5.984,5.985,5.986,0.0,0.0,0.0,0.0,0.0,105500.0,367400.0,141000.0,40000.0,20000.0,0.0,0.0,0.0,0.0,0.0,18300.0,84900.0,100000.0,43500.0,249900.0,0.0,0.0,0.0,0.0,0.0
20230828095840788,SZSE,SZSE.ETF.159922,5.981,6.155,6.155,5.966,0.0,6.383,5.223,37591592.0,30400.0,225506436.071,181828.90000000596,0.0,0.0,20230828,20230828,95840788,5.803,0.0,0.0,5.981,5.98,5.979,5.978,5.977,0.0,0.0,0.0,0.0,0.0,5.982,5.983,5.985,5.986,5.987,0.0,0.0,0.0,0.0,0.0,111600.0,40000.0,312000.0,91000.0,20000.0,0.0,0.0,0.0,0.0,0.0,11800.0,500.0,43500.0,228300.0,257000.0,0.0,0.0,0.0,0.0,0.0
20230828095843808,SZSE,SZSE.ETF.159922,5.981,6.155,6.155,5.966,0.0,6.383,5.223,37784792.0,193200.0,226661934.871,1155498.7999999821,0.0,0.0,20230828,20230828,95843809,5.803,0.0,0.0,5.98,5.979,5.978,5.977,5.976,0.0,0.0,0.0,0.0,0.0,5.981,5.983,5.985,5.986,5.987,0.0,0.0,0.0,0.0,0.0,154800.0,150200.0,51000.0,66000.0,175800.0,0.0,0.0,0.0,0.0,0.0,11100.0,500.0,43500.0,124300.0,490000.0,0.0,0.0,0.0,0.0,0.0
20230828095846792,SZSE,SZSE.ETF.159922,5.984,6.155,6.155,5.966,0.0,6.383,5.223,37802592.0,17800.0,226768415.671,106480.80000001192,0.0,0.0,20230828,20230828,95846794,5.803,0.0,0.0,5.981,5.98,5.979,5.978,5.977,0.0,0.0,0.0,0.0,0.0,5.984,5.985,5.986,5.987,5.988,0.0,0.0,0.0,0.0,0.0,86300.0,217900.0,243000.0,291000.0,50000.0,0.0,0.0,0.0,0.0,0.0,10000.0,209700.0,260000.0,278400.0,140000.0,0.0,0.0,0.0,0.0,0.0
20230828095849760,SZSE,SZSE.ETF.159922,5.982,6.155,6.155,5.966,0.0,6.383,5.223,37802892.0,300.0,226770210.271,1794.5999999940395,0.0,0.0,20230828,20230828,95849762,5.803,0.0,0.0,5.981,5.98,5.979,5.978,5.977,0.0,0.0,0.0,0.0,0.0,5.982,5.983,5.984,5.985,5.986,0.0,0.0,0.0,0.0,0.0,86300.0,199700.0,78400.0,281000.0,108400.0,0.0,0.0,0.0,0.0,0.0,139700.0,100.0,159700.0,209700.0,260000.0,0.0,0.0,0.0,0.0,0.0
20230828095852780,SZSE,SZSE.ETF.159922,5.981,6.155,6.155,5.966,0.0,6.383,5.223,37855492.0,52600.0,227084820.871,314610.59999999404,0.0,0.0,20230828,20230828,95852779,5.803,0.0,0.0,5.981,5.98,5.979,5.978,5.977,0.0,0.0,0.0,0.0,0.0,5.982,5.983,5.984,5.985,5.986,0.0,0.0,0.0,0.0,0.0,53600.0,192200.0,283000.0,71000.0,174400.0,0.0,0.0,0.0,0.0,0.0,159700.0,100.0,180000.0,249700.0,48400.0,0.0,0.0,0.0,0.0,0.0
20230828095855764,SZSE,SZSE.ETF.159922,5.982,6.155,6.155,5.966,0.0,6.383,5.223,37954492.0,99000.0,227677038.871,592218.0,0.0,0.0,20230828,20230828,95855764,5.803,0.0,0.0,5.981,5.98,5.979,5.978,5.977,0.0,0.0,0.0,0.0,0.0,5.982,5.983,5.984,5.985,5.986,0.0,0.0,0.0,0.0,0.0,53800.0,262000.0,348200.0,91000.0,114400.0,0.0,0.0,0.0,0.0,0.0,60700.0,100.0,140000.0,259700.0,114100.0,0.0,0.0,0.0,0.0,0.0
20230828095858784,SZSE,SZSE.ETF.159922,5.982,6.155,6.155,5.966,0.0,6.383,5.223,37989692.0,35200.0,227887605.271,210566.40000000596,0.0,0.0,20230828,20230828,95858786,5.803,0.0,0.0,5.981,5.98,5.979,5.978,5.977,0.0,0.0,0.0,0.0,0.0,5.982,5.983,5.984,5.985,5.986,0.0,0.0,0.0,0.0,0.0,53700.0,190000.0,118400.0,361000.0,104400.0,0.0,0.0,0.0,0.0,0.0,47800.0,100.0,199700.0,249700.0,284100.0,0.0,0.0,0.0,0.0,0.0
20230828095901784,SZSE,SZSE.ETF.159922,5.98,6.155,6.155,5.966,0.0,6.383,5.223,38172392.0,182700.0,228980247.171,1092641.900000006,0.0,0.0,20230828,20230828,95901782,5.803,0.0,0.0,5.98,5.979,5.978,5.977,5.976,0.0,0.0,0.0,0.0,0.0,5.981,5.982,5.983,5.984,5.985,0.0,0.0,0.0,0.0,0.0,83100.0,218400.0,295800.0,324400.0,220000.0,0.0,0.0,0.0,0.0,0.0,10100.0,37200.0,100.0,199700.0,459700.0,0.0,0.0,0.0,0.0,0.0
20230828095904804,SZSE,SZSE.ETF.159922,5.983,6.155,6.155,5.966,0.0,6.383,5.223,38192992.0,20600.0,229103466.771,123219.59999999404,0.0,0.0,20230828,20230828,95904804,5.803,0.0,0.0,5.981,5.98,5.979,5.978,5.977,0.0,0.0,0.0,0.0,0.0,5.983,5.984,5.985,5.986,5.988,0.0,0.0,0.0,0.0,0.0,2000.0,10200.0,225000.0,521000.0,170000.0,0.0,0.0,0.0,0.0,0.0,237700.0,140000.0,68100.0,220000.0,291100.0,0.0,0.0,0.0,0.0,0.0
20230828095907832,SZSE,SZSE.ETF.159922,5.983,6.155,6.155,5.966,0.0,6.383,5.223,38192992.0,0.0,229103466.771,0.0,0.0,0.0,20230828,20230828,95907833,5.803,0.0,0.0,5.981,5.98,5.979,5.978,5.977,0.0,0.0,0.0,0.0,0.0,5.982,5.983,5.984,5.985,5.986,0.0,0.0,0.0,0.0,0.0,12100.0,10000.0,20200.0,311000.0,418400.0,0.0,0.0,0.0,0.0,0.0,50000.0,247700.0,59700.0,239700.0,261100.0,0.0,0.0,0.0,0.0,0.0
20230828095910816,SZSE,SZSE.ETF.159922,5.978,6.155,6.155,5.966,0.0,6.383,5.223,38308492.0,115500.0,229794241.371,690774.599999994,0.0,0.0,20230828,20230828,95910818,5.803,0.0,0.0,5.977,5.976,5.975,5.974,5.973,0.0,0.0,0.0,0.0,0.0,5.978,5.979,5.98,5.981,5.982,0.0,0.0,0.0,0.0,0.0,174400.0,10000.0,40000.0,227000.0,66800.0,0.0,0.0,0.0,0.0,0.0,18700.0,208800.0,249700.0,249100.0,10000.0,0.0,0.0,0.0,0.0,0.0
20230828095913864,SZSE,SZSE.ETF.159922,5.977,6.155,6.155,5.966,0.0,6.383,5.223,38443892.0,135400.0,230603554.471,809313.099999994,0.0,0.0,20230828,20230828,95913863,5.803,0.0,0.0,5.975,5.974,5.973,5.972,5.971,0.0,0.0,0.0,0.0,0.0,5.977,5.978,5.979,5.98,5.981,0.0,0.0,0.0,0.0,0.0,20000.0,17000.0,30000.0,60000.0,398200.0,0.0,0.0,0.0,0.0,0.0,91500.0,23700.0,425800.0,39700.0,6700.0,0.0,0.0,0.0,0.0,0.0
20230828095916864,SZSE,SZSE.ETF.159922,5.975,6.155,6.155,5.966,0.0,6.383,5.223,38465092.0,21200.0,230730261.871,126707.40000000596,0.0,0.0,20230828,20230828,95916865,5.803,0.0,0.0,5.973,5.972,5.971,5.97,5.969,0.0,0.0,0.0,0.0,0.0,5.975,5.977,5.978,5.979,5.98,0.0,0.0,0.0,0.0,0.0,100000.0,20000.0,48200.0,190000.0,401800.0,0.0,0.0,0.0,0.0,0.0,214400.0,274200.0,283700.0,20000.0,10000.0,0.0,0.0,0.0,0.0,0.0
20230828095919816,SZSE,SZSE.ETF.159922,5.975,6.155,6.155,5.966,0.0,6.383,5.223,38486092.0,21000.0,230855736.871,125475.0,0.0,0.0,20230828,20230828,95919817,5.803,0.0,0.0,5.971,5.97,5.969,5.968,5.966,0.0,0.0,0.0,0.0,0.0,5.973,5.975,5.976,5.977,5.978,0.0,0.0,0.0,0.0,0.0,78200.0,210000.0,170000.0,340200.0,38000.0,0.0,0.0,0.0,0.0,0.0,23300.0,193400.0,260000.0,88400.0,53700.0,0.0,0.0,0.0,0.0,0.0
20230828095922840,SZSE,SZSE.ETF.159922,5.973,6.155,6.155,5.966,0.0,6.383,5.223,38516392.0,30300.0,231036713.571,180976.70000001788,0.0,0.0,20230828,20230828,95922838,5.803,0.0,0.0,5.971,5.969,5.968,5.967,5.966,0.0,0.0,0.0,0.0,0.0,5.973,5.974,5.975,5.976,5.977,0.0,0.0,0.0,0.0,0.0,15600.0,160000.0,110100.0,240000.0,88000.0,0.0,0.0,0.0,0.0,0.0,189900.0,420000.0,20000.0,70000.0,81100.0,0.0,0.0,0.0,0.0,0.0
20230828095925808,SZSE,SZSE.ETF.159922,5.971,6.155,6.155,5.966,0.0,6.383,5.223,38554092.0,37700.0,231261826.871,225113.29999998212,0.0,0.0,20230828,20230828,95925810,5.803,0.0,0.0,5.968,5.967,5.966,5.965,5.964,0.0,0.0,0.0,0.0,0.0,5.971,5.972,5.973,5.975,5.976,0.0,0.0,0.0,0.0,0.0,281000.0,30000.0,59500.0,310000.0,191800.0,0.0,0.0,0.0,0.0,0.0,155600.0,460000.0,80000.0,31100.0,80000.0,0.0,0.0,0.0,0.0,0.0
20230828095928804,SZSE,SZSE.ETF.159922,5.968,6.155,6.155,5.966,0.0,6.383,5.223,38768392.0,214300.0,232540817.871,1278991.0,0.0,0.0,20230828,20230828,95928804,5.803,0.0,0.0,5.968,5.967,5.966,5.965,5.964,0.0,0.0,0.0,0.0,0.0,5.969,5.97,5.971,5.973,5.974,0.0,0.0,0.0,0.0,0.0,91000.0,20000.0,81000.0,150000.0,35500.0,0.0,0.0,0.0,0.0,0.0,220000.0,220000.0,20000.0,51100.0,100000.0,0.0,0.0,0.0,0.0,0.0
20230828095931876,SZSE,SZSE.ETF.159922,5.967,6.155,6.155,5.966,0.0,6.383,5.223,38868892.0,100500.0,233140628.571,599810.7000000179,0.0,0.0,20230828,20230828,95931877,5.803,0.0,0.0,5.966,5.964,5.962,5.961,5.96,0.0,0.0,0.0,0.0,0.0,5.968,5.969,5.97,5.971,5.972,0.0,0.0,0.0,0.0,0.0,41000.0,28500.0,367000.0,80000.0,387300.0,0.0,0.0,0.0,0.0,0.0,21400.0,290000.0,40000.0,12300.0,50000.0,0.0,0.0,0.0,0.0,0.0
20230828095934816,SZSE,SZSE.ETF.159922,5.966,6.155,6.155,5.966,0.0,6.383,5.223,38912092.0,43200.0,233398359.771,257731.19999998808,0.0,0.0,20230828,20230828,95934817,5.803,0.0,0.0,5.964,5.963,5.962,5.961,5.96,0.0,0.0,0.0,0.0,0.0,5.965,5.966,5.967,5.968,5.969,0.0,0.0,0.0,0.0,0.0,60000.0,40000.0,130000.0,40000.0,261200.0,0.0,0.0,0.0,0.0,0.0,190000.0,29500.0,20000.0,401400.0,21100.0,0.0,0.0,0.0,0.0,0.0
20230828095937840,SZSE,SZSE.ETF.159922,5.965,6.155,6.155,5.965,0.0,6.383,5.223,38943192.0,31100.0,233583871.271,185511.5,0.0,0.0,20230828,20230828,95937839,5.803,0.0,0.0,5.964,5.961,5.96,5.959,5.958,0.0,0.0,0.0,0.0,0.0,5.965,5.966,5.967,5.968,5.969,0.0,0.0,0.0,0.0,0.0,20000.0,40000.0,394200.0,40000.0,335300.0,0.0,0.0,0.0,0.0,0.0,188900.0,29500.0,471100.0,81400.0,28500.0,0.0,0.0,0.0,0.0,0.0
20230828095940772,SZSE,SZSE.ETF.159922,5.965,6.155,6.155,5.964,0.0,6.383,5.223,38985092.0,41900.0,233833775.271,249904.0,0.0,0.0,20230828,20230828,95940771,5.803,0.0,0.0,5.961,5.96,5.959,5.958,5.957,0.0,0.0,0.0,0.0,0.0,5.963,5.964,5.965,5.966,5.967,0.0,0.0,0.0,0.0,0.0,20000.0,174200.0,10000.0,20500.0,387600.0,0.0,0.0,0.0,0.0,0.0,190000.0,220000.0,70000.0,204458.0,51100.0,0.0,0.0,0.0,0.0,0.0
20230828095943784,SZSE,SZSE.ETF.159922,5.963,6.155,6.155,5.963,0.0,6.383,5.223,39009692.0,24600.0,233980469.871,146694.59999999404,0.0,0.0,20230828,20230828,95943784,5.803,0.0,0.0,5.961,5.96,5.959,5.958,5.957,0.0,0.0,0.0,0.0,0.0,5.963,5.965,5.966,5.967,5.968,0.0,0.0,0.0,0.0,0.0,39900.0,55600.0,270000.0,390500.0,179100.0,0.0,0.0,0.0,0.0,0.0,2300.0,221100.0,214458.0,258500.0,61400.0,0.0,0.0,0.0,0.0,0.0
20230828095946796,SZSE,SZSE.ETF.159922,5.963,6.155,6.155,5.963,0.0,6.383,5.223,39011992.0,2300.0,233994184.771,13714.90000000596,0.0,0.0,20230828,20230828,95946796,5.803,0.0,0.0,5.964,5.963,5.962,5.961,5.96,0.0,0.0,0.0,0.0,0.0,5.965,5.966,5.967,5.968,5.969,0.0,0.0,0.0,0.0,0.0,37700.0,80400.0,19900.0,209900.0,420500.0,0.0,0.0,0.0,0.0,0.0,20000.0,214458.0,219600.0,41400.0,220000.0,0.0,0.0,0.0,0.0,0.0
20230828095949756,SZSE,SZSE.ETF.159922,5.965,6.155,6.155,5.963,0.0,6.383,5.223,39035992.0,24000.0,234137344.771,143160.0,0.0,0.0,20230828,20230828,95949755,5.803,0.0,0.0,5.965,5.963,5.962,5.961,5.96,0.0,0.0,0.0,0.0,0.0,5.966,5.967,5.968,5.969,5.97,0.0,0.0,0.0,0.0,0.0,39900.0,62500.0,59900.0,229900.0,404200.0,0.0,0.0,0.0,0.0,0.0,204458.0,190000.0,91400.0,438500.0,57000.0,0.0,0.0,0.0,0.0,0.0
20230828095952788,SZSE,SZSE.ETF.159922,5.966,6.155,6.155,5.963,0.0,6.383,5.223,39093092.0,57100.0,234478003.371,340658.59999999404,0.0,0.0,20230828,20230828,95952787,5.803,0.0,0.0,5.965,5.963,5.962,5.961,5.96,0.0,0.0,0.0,0.0,0.0,5.966,5.967,5.968,5.969,5.97,0.0,0.0,0.0,0.0,0.0,24200.0,22500.0,19900.0,229900.0,479000.0,0.0,0.0,0.0,0.0,0.0,157358.0,190000.0,301400.0,70000.0,18500.0,0.0,0.0,0.0,0.0,0.0
20230828095955744,SZSE,SZSE.ETF.159922,5.966,6.155,6.155,5.963,0.0,6.383,5.223,39152392.0,59300.0,234831787.171,353783.8000000119,0.0,0.0,20230828,20230828,95955746,5.803,0.0,0.0,5.965,5.964,5.963,5.962,5.961,0.0,0.0,0.0,0.0,0.0,5.966,5.967,5.968,5.969,5.97,0.0,0.0,0.0,0.0,0.0,4300.0,219900.0,2600.0,260000.0,220000.0,0.0,0.0,0.0,0.0,0.0,98058.0,190000.0,21400.0,51100.0,28500.0,0.0,0.0,0.0,0.0,0.0
20230828095958792,SZSE,SZSE.ETF.159922,5.966,6.155,6.155,5.963,0.0,6.383,5.223,39250450.0,98058.0,235416801.199,585014.0279999971,0.0,0.0,20230828,20230828,95958794,5.803,0.0,0.0,5.967,5.966,5.964,5.963,5.962,0.0,0.0,0.0,0.0,0.0,5.968,5.969,5.97,5.972,5.973,0.0,0.0,0.0,0.0,0.0,220000.0,191342.0,86400.0,162600.0,40000.0,0.0,0.0,0.0,0.0,0.0,21400.0,20000.0,48500.0,40000.0,261100.0,0.0,0.0,0.0,0.0,0.0
20230828100001808,SZSE,SZSE.ETF.159922,5.97,6.155,6.155,5.963,0.0,6.383,5.223,39340350.0,89900.0,235953441.399,536640.1999999881,0.0,0.0,20230828,20230828,100001808,5.803,0.0,0.0,5.97,5.968,5.967,5.966,5.965,0.0,0.0,0.0,0.0,0.0,5.971,5.974,5.975,5.976,5.978,0.0,0.0,0.0,0.0,0.0,134500.0,80000.0,320000.0,240100.0,150000.0,0.0,0.0,0.0,0.0,0.0,20000.0,36900.0,251100.0,426800.0,60000.0,0.0,0.0,0.0,0.0,0.0
20230828100004840,SZSE,SZSE.ETF.159922,5.972,6.155,6.155,5.963,0.0,6.383,5.223,39364950.0,24600.0,236100333.399,146892.0,0.0,0.0,20230828,20230828,100004842,5.803,0.0,0.0,5.971,5.97,5.968,5.967,5.966,0.0,0.0,0.0,0.0,0.0,5.972,5.973,5.974,5.975,5.976,0.0,0.0,0.0,0.0,0.0,101000.0,63000.0,228500.0,60000.0,283900.0,0.0,0.0,0.0,0.0,0.0,17900.0,209900.0,639900.0,20000.0,77000.0,0.0,0.0,0.0,0.0,0.0
20230828100007884,SZSE,SZSE.ETF.159922,5.971,6.155,6.155,5.963,0.0,6.383,5.223,39367550.0,2600.0,236115857.999,15524.600000023842,0.0,0.0,20230828,20230828,100007884,5.803,0.0,0.0,5.971,5.97,5.968,5.967,5.966,0.0,0.0,0.0,0.0,0.0,5.973,5.974,5.975,5.976,5.977,0.0,0.0,0.0,0.0,0.0,197800.0,33000.0,290500.0,396800.0,90000.0,0.0,0.0,0.0,0.0,0.0,207900.0,59900.0,211100.0,220000.0,40000.0,0.0,0.0,0.0,0.0,0.0
20230828100010832,SZSE,SZSE.ETF.159922,5.971,6.155,6.155,5.963,0.0,6.383,5.223,39367550.0,0.0,236115857.999,0.0,0.0,0.0,20230828,20230828,100010831,5.803,0.0,0.0,5.973,5.972,5.971,5.97,5.969,0.0,0.0,0.0,0.0,0.0,5.974,5.975,5.976,5.977,5.978,0.0,0.0,0.0,0.0,0.0,69100.0,288400.0,60300.0,325000.0,108000.0,0.0,0.0,0.0,0.0,0.0,20000.0,71100.0,77900.0,17900.0,230000.0,0.0,0.0,0.0,0.0,0.0
20230828100013840,SZSE,SZSE.ETF.159922,5.974,6.155,6.155,5.963,0.0,6.383,5.223,39387550.0,20000.0,236235337.999,119480.0,0.0,0.0,20230828,20230828,100013838,5.803,0.0,0.0,5.974,5.973,5.972,5.971,5.97,0.0,0.0,0.0,0.0,0.0,5.975,5.976,5.977,5.978,5.979,0.0,0.0,0.0,0.0,0.0,78400.0,117600.0,190000.0,100300.0,75000.0,0.0,0.0,0.0,0.0,0.0,17900.0,57900.0,57900.0,450000.0,11100.0,0.0,0.0,0.0,0.0,0.0
20230828100016840,SZSE,SZSE.ETF.159922,5.975,6.155,6.155,5.963,0.0,6.383,5.223,39405450.0,17900.0,236342290.499,106952.5,0.0,0.0,20230828,20230828,100016839,5.803,0.0,0.0,5.975,5.974,5.973,5.972,5.971,0.0,0.0,0.0,0.0,0.0,5.978,5.979,5.98,5.981,5.982,0.0,0.0,0.0,0.0,0.0,51200.0,88400.0,38500.0,209900.0,300.0,0.0,0.0,0.0,0.0,0.0,440000.0,261100.0,40000.0,50000.0,107000.0,0.0,0.0,0.0,0.0,0.0
20230828100019832,SZSE,SZSE.ETF.159922,5.977,6.155,6.155,5.963,0.0,6.383,5.223,39472250.0,66800.0,236741492.599,399202.09999999404,0.0,0.0,20230828,20230828,100019834,5.803,0.0,0.0,5.975,5.974,5.973,5.972,5.971,0.0,0.0,0.0,0.0,0.0,5.976,5.977,5.978,5.979,5.98,0.0,0.0,0.0,0.0,0.0,29700.0,61500.0,20000.0,209900.0,30300.0,0.0,0.0,0.0,0.0,0.0,40000.0,623200.0,60000.0,20000.0,30000.0,0.0,0.0,0.0,0.0,0.0
20230828100022840,SZSE,SZSE.ETF.159922,5.975,6.155,6.155,5.963,0.0,6.383,5.223,39518250.0,46000.0,237016382.699,274890.09999999404,0.0,0.0,20230828,20230828,100022838,5.803,0.0,0.0,5.974,5.973,5.971,5.97,5.969,0.0,0.0,0.0,0.0,0.0,5.975,5.976,5.977,5.978,5.979,0.0,0.0,0.0,0.0,0.0,51500.0,20000.0,88800.0,293000.0,20000.0,0.0,0.0,0.0,0.0,0.0,200000.0,450000.0,60000.0,40000.0,70000.0,0.0,0.0,0.0,0.0,0.0
20230828100025856,SZSE,SZSE.ETF.159922,5.973,6.155,6.155,5.963,0.0,6.383,5.223,39594150.0,75900.0,237469784.899,453402.1999999881,0.0,0.0,20230828,20230828,100025855,5.803,0.0,0.0,5.971,5.97,5.969,5.968,5.967,0.0,0.0,0.0,0.0,0.0,5.973,5.974,5.975,5.976,5.977,0.0,0.0,0.0,0.0,0.0,20300.0,53000.0,18500.0,250000.0,237000.0,0.0,0.0,0.0,0.0,0.0,175600.0,400000.0,366900.0,40000.0,681100.0,0.0,0.0,0.0,0.0,0.0
20230828100028824,SZSE,SZSE.ETF.159922,5.971,6.155,6.155,5.963,0.0,6.383,5.223,39616750.0,22600.0,237604734.099,134949.20000001788,0.0,0.0,20230828,20230828,100028825,5.803,0.0,0.0,5.97,5.969,5.968,5.967,5.966,0.0,0.0,0.0,0.0,0.0,5.971,5.972,5.973,5.974,5.975,0.0,0.0,0.0,0.0,0.0,43000.0,19900.0,229900.0,88500.0,237000.0,0.0,0.0,0.0,0.0,0.0,16700.0,20000.0,173300.0,660000.0,162700.0,0.0,0.0,0.0,0.0,0.0
20230828100031804,SZSE,SZSE.ETF.159922,5.971,6.155,6.155,5.963,0.0,6.383,5.223,39616750.0,0.0,237604734.099,0.0,0.0,0.0,20230828,20230828,100031804,5.803,0.0,0.0,5.97,5.969,5.968,5.967,5.966,0.0,0.0,0.0,0.0,0.0,5.971,5.972,5.973,5.974,5.975,0.0,0.0,0.0,0.0,0.0,93000.0,59900.0,229900.0,60000.0,373300.0,0.0,0.0,0.0,0.0,0.0,59900.0,20000.0,183300.0,200000.0,71300.0,0.0,0.0,0.0,0.0,0.0
20230828100034792,SZSE,SZSE.ETF.159922,5.97,6.155,6.155,5.963,0.0,6.383,5.223,39673350.0,56600.0,237942636.099,337902.0,0.0,0.0,20230828,20230828,100034791,5.803,0.0,0.0,5.97,5.969,5.968,5.967,5.966,0.0,0.0,0.0,0.0,0.0,5.971,5.972,5.973,5.974,5.975,0.0,0.0,0.0,0.0,0.0,16400.0,40000.0,210000.0,60000.0,18500.0,0.0,0.0,0.0,0.0,0.0,10000.0,20000.0,383300.0,210000.0,171300.0,0.0,0.0,0.0,0.0,0.0
20230828100037808,SZSE,SZSE.ETF.159922,5.972,6.155,6.155,5.963,0.0,6.383,5.223,39680150.0,6800.0,237983243.899,40607.79999998212,0.0,0.0,20230828,20230828,100037809,5.803,0.0,0.0,5.968,5.967,5.966,5.965,5.964,0.0,0.0,0.0,0.0,0.0,5.972,5.973,5.974,5.975,5.976,0.0,0.0,0.0,0.0,0.0,210000.0,100000.0,58500.0,150000.0,200000.0,0.0,0.0,0.0,0.0,0.0,615000.0,203300.0,70000.0,91300.0,40000.0,0.0,0.0,0.0,0.0,0.0
20230828100040776,SZSE,SZSE.ETF.159922,5.972,6.155,6.155,5.963,0.0,6.383,5.223,39680150.0,0.0,237983243.899,0.0,0.0,0.0,20230828,20230828,100040778,5.803,0.0,0.0,5.968,5.967,5.966,5.965,5.964,0.0,0.0,0.0,0.0,0.0,5.971,5.972,5.973,5.974,5.975,0.0,0.0,0.0,0.0,0.0,20000.0,40000.0,210000.0,150000.0,78500.0,0.0,0.0,0.0,0.0,0.0,190000.0,475000.0,71100.0,30000.0,71700.0,0.0,0.0,0.0,0.0,0.0
20230828100043768,SZSE,SZSE.ETF.159922,5.972,6.155,6.155,5.963,0.0,6.383,5.223,39680150.0,0.0,237983243.899,0.0,0.0,0.0,20230828,20230828,100043770,5.803,0.0,0.0,5.968,5.967,5.965,5.964,5.963,0.0,0.0,0.0,0.0,0.0,5.97,5.971,5.972,5.973,5.974,0.0,0.0,0.0,0.0,0.0,20000.0,20000.0,80000.0,268500.0,20600.0,0.0,0.0,0.0,0.0,0.0,830000.0,110000.0,35000.0,31100.0,521900.0,0.0,0.0,0.0,0.0,0.0
20230828100046792,SZSE,SZSE.ETF.159922,5.968,6.155,6.155,5.963,0.0,6.383,5.223,39702150.0,22000.0,238114541.899,131298.0,0.0,0.0,20230828,20230828,100046792,5.803,0.0,0.0,5.967,5.964,5.963,5.962,5.961,0.0,0.0,0.0,0.0,0.0,5.968,5.969,5.97,5.971,5.972,0.0,0.0,0.0,0.0,0.0,20000.0,50000.0,39100.0,210000.0,57000.0,0.0,0.0,0.0,0.0,0.0,580000.0,210000.0,60000.0,51100.0,635000.0,0.0,0.0,0.0,0.0,0.0
20230828100049800,SZSE,SZSE.ETF.159922,5.968,6.155,6.155,5.963,0.0,6.383,5.223,39702150.0,0.0,238114541.899,0.0,0.0,0.0,20230828,20230828,100049802,5.803,0.0,0.0,5.967,5.964,5.963,5.962,5.961,0.0,0.0,0.0,0.0,0.0,5.968,5.969,5.97,5.971,5.972,0.0,0.0,0.0,0.0,0.0,20000.0,39900.0,70600.0,210000.0,353300.0,0.0,0.0,0.0,0.0,0.0,10000.0,801100.0,80000.0,60000.0,93500.0,0.0,0.0,0.0,0.0,0.0
20230828100052784,SZSE,SZSE.ETF.159922,5.967,6.155,6.155,5.963,0.0,6.383,5.223,39722150.0,20000.0,238233881.899,119340.0,0.0,0.0,20230828,20230828,100052786,5.803,0.0,0.0,5.966,5.965,5.964,5.963,5.962,0.0,0.0,0.0,0.0,0.0,5.968,5.969,5.97,5.971,5.972,0.0,0.0,0.0,0.0,0.0,300.0,40000.0,79900.0,60600.0,320000.0,0.0,0.0,0.0,0.0,0.0,10000.0,881100.0,40000.0,30000.0,123500.0,0.0,0.0,0.0,0.0,0.0
20230828100055776,SZSE,SZSE.ETF.159922,5.967,6.155,6.155,5.963,0.0,6.383,5.223,39722150.0,0.0,238233881.899,0.0,0.0,0.0,20230828,20230828,100055774,5.803,0.0,0.0,5.966,5.965,5.964,5.963,5.962,0.0,0.0,0.0,0.0,0.0,5.968,5.969,5.97,5.971,5.972,0.0,0.0,0.0,0.0,0.0,300.0,19900.0,229900.0,20600.0,128500.0,0.0,0.0,0.0,0.0,0.0,10000.0,291100.0,210000.0,50000.0,73500.0,0.0,0.0,0.0,0.0,0.0
20230828100058800,SZSE,SZSE.ETF.159922,5.967,6.155,6.155,5.963,0.0,6.383,5.223,39722150.0,0.0,238233881.899,0.0,0.0,0.0,20230828,20230828,100058802,5.803,0.0,0.0,5.966,5.965,5.964,5.963,5.962,0.0,0.0,0.0,0.0,0.0,5.968,5.97,5.971,5.972,5.973,0.0,0.0,0.0,0.0,0.0,300.0,19900.0,229900.0,355400.0,198500.0,0.0,0.0,0.0,0.0,0.0,10000.0,190000.0,381100.0,293500.0,120000.0,0.0,0.0,0.0,0.0,0.0
20230828100101816,SZSE,SZSE.ETF.159922,5.968,6.155,6.155,5.963,0.0,6.383,5.223,39733350.0,11200.0,238300723.499,66841.60000002384,0.0,0.0,20230828,20230828,100101814,5.803,0.0,0.0,5.968,5.967,5.966,5.965,5.964,0.0,0.0,0.0,0.0,0.0,5.971,5.972,5.973,5.974,5.975,0.0,0.0,0.0,0.0,0.0,10500.0,19900.0,410200.0,184800.0,70000.0,0.0,0.0,0.0,0.0,0.0,240000.0,73500.0,251100.0,203600.0,106700.0,0.0,0.0,0.0,0.0,0.0
20230828100104868,SZSE,SZSE.ETF.159922,5.971,6.155,6.155,5.963,0.0,6.383,5.223,39748850.0,15500.0,238393268.299,92544.79999998212,0.0,0.0,20230828,20230828,100104868,5.803,0.0,0.0,5.97,5.968,5.967,5.966,5.965,0.0,0.0,0.0,0.0,0.0,5.972,5.973,5.974,5.975,5.976,0.0,0.0,0.0,0.0,0.0,196800.0,321800.0,184800.0,110300.0,90000.0,0.0,0.0,0.0,0.0,0.0,15000.0,140000.0,3600.0,277000.0,259900.0,0.0,0.0,0.0,0.0,0.0
20230828100107888,SZSE,SZSE.ETF.159922,5.972,6.155,6.155,5.963,0.0,6.383,5.223,39763850.0,15000.0,238482848.299,89580.0,0.0,0.0,20230828,20230828,100107887,5.803,0.0,0.0,5.972,5.971,5.97,5.969,5.968,0.0,0.0,0.0,0.0,0.0,5.973,5.974,5.975,5.976,5.977,0.0,0.0,0.0,0.0,0.0,40000.0,40000.0,316800.0,354800.0,51800.0,0.0,0.0,0.0,0.0,0.0,20000.0,3600.0,221700.0,38400.0,220000.0,0.0,0.0,0.0,0.0,0.0
20230828100110840,SZSE,SZSE.ETF.159922,5.973,6.155,6.155,5.963,0.0,6.383,5.223,39765550.0,1700.0,238493002.399,10154.09999999404,0.0,0.0,20230828,20230828,100110838,5.803,0.0,0.0,5.972,5.971,5.97,5.969,5.968,0.0,0.0,0.0,0.0,0.0,5.973,5.974,5.975,5.976,5.977,0.0,0.0,0.0,0.0,0.0,199700.0,40000.0,166800.0,374800.0,78500.0,0.0,0.0,0.0,0.0,0.0,2200.0,3600.0,41700.0,39900.0,729600.0,0.0,0.0,0.0,0.0,0.0
20230828100113824,SZSE,SZSE.ETF.159922,5.973,6.155,6.155,5.963,0.0,6.383,5.223,39765550.0,0.0,238493002.399,0.0,0.0,0.0,20230828,20230828,100113822,5.803,0.0,0.0,5.972,5.971,5.97,5.969,5.968,0.0,0.0,0.0,0.0,0.0,5.974,5.975,5.977,5.978,5.979,0.0,0.0,0.0,0.0,0.0,241700.0,60000.0,481600.0,50000.0,78500.0,0.0,0.0,0.0,0.0,0.0,3600.0,48200.0,238500.0,560000.0,91100.0,0.0,0.0,0.0,0.0,0.0
20230828100116828,SZSE,SZSE.ETF.159922,5.973,6.155,6.155,5.963,0.0,6.383,5.223,39765550.0,0.0,238493002.399,0.0,0.0,0.0,20230828,20230828,100116829,5.803,0.0,0.0,5.973,5.972,5.971,5.97,5.969,0.0,0.0,0.0,0.0,0.0,5.974,5.975,5.977,5.978,5.979,0.0,0.0,0.0,0.0,0.0,190000.0,71700.0,394900.0,176800.0,50000.0,0.0,0.0,0.0,0.0,0.0,3600.0,49900.0,30000.0,350000.0,438500.0,0.0,0.0,0.0,0.0,0.0
20230828100119784,SZSE,SZSE.ETF.159922,5.973,6.155,6.155,5.963,0.0,6.383,5.223,39765550.0,0.0,238493002.399,0.0,0.0,0.0,20230828,20230828,100119786,5.803,0.0,0.0,5.973,5.972,5.971,5.97,5.969,0.0,0.0,0.0,0.0,0.0,5.974,5.975,5.977,5.978,5.979,0.0,0.0,0.0,0.0,0.0,240000.0,161700.0,404900.0,76800.0,68500.0,0.0,0.0,0.0,0.0,0.0,3600.0,51500.0,30000.0,349900.0,438500.0,0.0,0.0,0.0,0.0,0.0
20230828100122812,SZSE,SZSE.ETF.159922,5.974,6.155,6.155,5.963,0.0,6.383,5.223,39765850.0,300.0,238494794.599,1792.2000000178814,0.0,0.0,20230828,20230828,100122812,5.803,0.0,0.0,5.973,5.972,5.971,5.97,5.969,0.0,0.0,0.0,0.0,0.0,5.974,5.975,5.976,5.977,5.978,0.0,0.0,0.0,0.0,0.0,10000.0,101700.0,40100.0,256800.0,238500.0,0.0,0.0,0.0,0.0,0.0,3300.0,31600.0,209900.0,269900.0,39900.0,0.0,0.0,0.0,0.0,0.0
20230828100125816,SZSE,SZSE.ETF.159922,5.974,6.155,6.155,5.963,0.0,6.383,5.223,39765850.0,0.0,238494794.599,0.0,0.0,0.0,20230828,20230828,100125818,5.803,0.0,0.0,5.973,5.972,5.971,5.97,5.969,0.0,0.0,0.0,0.0,0.0,5.974,5.975,5.976,5.977,5.978,0.0,0.0,0.0,0.0,0.0,2000.0,1700.0,100.0,296800.0,98500.0,0.0,0.0,0.0,0.0,0.0,3300.0,251500.0,469900.0,89900.0,20000.0,0.0,0.0,0.0,0.0,0.0
20230828100128792,SZSE,SZSE.ETF.159922,5.974,6.155,6.155,5.963,0.0,6.383,5.223,39765850.0,0.0,238494794.599,0.0,0.0,0.0,20230828,20230828,100128793,5.803,0.0,0.0,5.972,5.971,5.97,5.969,5.968,0.0,0.0,0.0,0.0,0.0,5.974,5.975,5.976,5.977,5.978,0.0,0.0,0.0,0.0,0.0,1700.0,100.0,326800.0,58500.0,406800.0,0.0,0.0,0.0,0.0,0.0,3300.0,261600.0,79900.0,541100.0,20000.0,0.0,0.0,0.0,0.0,0.0
20230828100131784,SZSE,SZSE.ETF.159922,5.974,6.155,6.155,5.963,0.0,6.383,5.223,39765850.0,0.0,238494794.599,0.0,0.0,0.0,20230828,20230828,100131785,5.803,0.0,0.0,5.973,5.972,5.971,5.97,5.969,0.0,0.0,0.0,0.0,0.0,5.974,5.975,5.976,5.977,5.978,0.0,0.0,0.0,0.0,0.0,400.0,1700.0,190100.0,136800.0,444800.0,0.0,0.0,0.0,0.0,0.0,3300.0,71600.0,269900.0,541100.0,58500.0,0.0,0.0,0.0,0.0,0.0
20230828100134780,SZSE,SZSE.ETF.159922,5.974,6.155,6.155,5.963,0.0,6.383,5.223,39765850.0,0.0,238494794.599,0.0,0.0,0.0,20230828,20230828,100134779,5.803,0.0,0.0,5.973,5.972,5.971,5.97,5.969,0.0,0.0,0.0,0.0,0.0,5.974,5.975,5.976,5.977,5.978,0.0,0.0,0.0,0.0,0.0,400.0,1700.0,200100.0,326800.0,68500.0,0.0,0.0,0.0,0.0,0.0,3300.0,31600.0,250000.0,131100.0,268500.0,0.0,0.0,0.0,0.0,0.0
20230828100137784,SZSE,SZSE.ETF.159922,5.974,6.155,6.155,5.963,0.0,6.383,5.223,39765850.0,0.0,238494794.599,0.0,0.0,0.0,20230828,20230828,100137786,5.803,0.0,0.0,5.973,5.972,5.971,5.97,5.969,0.0,0.0,0.0,0.0,0.0,5.974,5.975,5.976,5.977,5.978,0.0,0.0,0.0,0.0,0.0,190400.0,101700.0,230100.0,76800.0,108500.0,0.0,0.0,0.0,0.0,0.0,3300.0,31600.0,20000.0,70000.0,488500.0,0.0,0.0,0.0,0.0,0.0
20230828100140808,SZSE,SZSE.ETF.159922,5.975,6.155,6.155,5.963,0.0,6.383,5.223,39800750.0,34900.0,238703318.799,208524.19999998808,0.0,0.0,20230828,20230828,100140807,5.803,0.0,0.0,5.975,5.973,5.972,5.971,5.97,0.0,0.0,0.0,0.0,0.0,5.976,5.977,5.978,5.979,5.98,0.0,0.0,0.0,0.0,0.0,163400.0,270400.0,346500.0,50100.0,76800.0,0.0,0.0,0.0,0.0,0.0,20000.0,20000.0,48500.0,20000.0,410000.0,0.0,0.0,0.0,0.0,0.0
20230828100143796,SZSE,SZSE.ETF.159922,5.975,6.155,6.155,5.963,0.0,6.383,5.223,39800750.0,0.0,238703318.799,0.0,0.0,0.0,20230828,20230828,100143797,5.803,0.0,0.0,5.975,5.974,5.973,5.972,5.971,0.0,0.0,0.0,0.0,0.0,5.977,5.978,5.979,5.98,5.981,0.0,0.0,0.0,0.0,0.0,165100.0,40000.0,60400.0,486500.0,70100.0,0.0,0.0,0.0,0.0,0.0,20000.0,40000.0,49900.0,428500.0,128100.0,0.0,0.0,0.0,0.0,0.0
20230828100146804,SZSE,SZSE.ETF.159922,5.975,6.155,6.155,5.963,0.0,6.383,5.223,39800750.0,0.0,238703318.799,0.0,0.0,0.0,20230828,20230828,100146804,5.803,0.0,0.0,5.975,5.973,5.972,5.971,5.97,0.0,0.0,0.0,0.0,0.0,5.977,5.978,5.979,5.98,5.981,0.0,0.0,0.0,0.0,0.0,10000.0,400.0,331700.0,68600.0,226800.0,0.0,0.0,0.0,0.0,0.0,20000.0,429900.0,259900.0,30000.0,109600.0,0.0,0.0,0.0,0.0,0.0
20230828100149800,SZSE,SZSE.ETF.159922,5.975,6.155,6.155,5.963,0.0,6.383,5.223,39800750.0,0.0,238703318.799,0.0,0.0,0.0,20230828,20230828,100149799,5.803,0.0,0.0,5.975,5.973,5.972,5.971,5.97,0.0,0.0,0.0,0.0,0.0,5.977,5.978,5.979,5.98,5.981,0.0,0.0,0.0,0.0,0.0,10000.0,400.0,191700.0,308600.0,351600.0,0.0,0.0,0.0,0.0,0.0,40000.0,250000.0,311100.0,10000.0,218500.0,0.0,0.0,0.0,0.0,0.0
20230828100152792,SZSE,SZSE.ETF.159922,5.975,6.155,6.155,5.963,0.0,6.383,5.223,39800750.0,0.0,238703318.799,0.0,0.0,0.0,20230828,20230828,100152790,5.803,0.0,0.0,5.975,5.974,5.973,5.972,5.971,0.0,0.0,0.0,0.0,0.0,5.978,5.979,5.98,5.981,5.982,0.0,0.0,0.0,0.0,0.0,10000.0,190000.0,20400.0,356500.0,138600.0,0.0,0.0,0.0,0.0,0.0,60000.0,250000.0,429900.0,129600.0,120000.0,0.0,0.0,0.0,0.0,0.0
20230828100155812,SZSE,SZSE.ETF.159922,5.976,6.155,6.155,5.963,0.0,6.383,5.223,39800950.0,200.0,238704513.999,1195.2000000178814,0.0,0.0,20230828,20230828,100155812,5.803,0.0,0.0,5.976,5.975,5.974,5.973,5.972,0.0,0.0,0.0,0.0,0.0,5.978,5.979,5.98,5.981,5.982,0.0,0.0,0.0,0.0,0.0,300.0,10000.0,190000.0,320400.0,206500.0,0.0,0.0,0.0,0.0,0.0,20000.0,40000.0,260000.0,420000.0,158500.0,0.0,0.0,0.0,0.0,0.0
20230828100158804,SZSE,SZSE.ETF.159922,5.975,6.155,6.155,5.963,0.0,6.383,5.223,39812250.0,11300.0,238772031.799,67517.79999998212,0.0,0.0,20230828,20230828,100158803,5.803,0.0,0.0,5.977,5.976,5.975,5.974,5.973,0.0,0.0,0.0,0.0,0.0,5.978,5.979,5.98,5.981,5.982,0.0,0.0,0.0,0.0,0.0,190000.0,69000.0,19000.0,404800.0,150400.0,0.0,0.0,0.0,0.0,0.0,20000.0,40000.0,60000.0,30900.0,779400.0,0.0,0.0,0.0,0.0,0.0
20230828100201788,SZSE,SZSE.ETF.159922,5.975,6.155,6.155,5.963,0.0,6.383,5.223,39812250.0,0.0,238772031.799,0.0,0.0,0.0,20230828,20230828,100201787,5.803,0.0,0.0,5.977,5.976,5.975,5.974,5.973,0.0,0.0,0.0,0.0,0.0,5.978,5.98,5.981,5.982,5.983,0.0,0.0,0.0,0.0,0.0,219000.0,109000.0,493800.0,50000.0,88900.0,0.0,0.0,0.0,0.0,0.0,24000.0,20000.0,30000.0,279400.0,511300.0,0.0,0.0,0.0,0.0,0.0
20230828100204812,SZSE,SZSE.ETF.159922,5.978,6.155,6.155,5.963,0.0,6.383,5.223,39837050.0,24800.0,238920286.199,148254.40000000596,0.0,0.0,20230828,20230828,100204812,5.803,0.0,0.0,5.978,5.977,5.976,5.975,5.973,0.0,0.0,0.0,0.0,0.0,5.981,5.982,5.983,5.984,5.985,0.0,0.0,0.0,0.0,0.0,193000.0,119000.0,443800.0,150000.0,48900.0,0.0,0.0,0.0,0.0,0.0,40000.0,28500.0,112200.0,520000.0,267000.0,0.0,0.0,0.0,0.0,0.0
20230828100207848,SZSE,SZSE.ETF.159922,5.978,6.155,6.155,5.963,0.0,6.383,5.223,39837050.0,0.0,238920286.199,0.0,0.0,0.0,20230828,20230828,100207850,5.803,0.0,0.0,5.98,5.979,5.978,5.977,5.976,0.0,0.0,0.0,0.0,0.0,5.981,5.983,5.985,5.986,5.987,0.0,0.0,0.0,0.0,0.0,209000.0,59000.0,267800.0,194800.0,70000.0,0.0,0.0,0.0,0.0,0.0,20000.0,50200.0,127400.0,220000.0,410000.0,0.0,0.0,0.0,0.0,0.0
20230828100210876,SZSE,SZSE.ETF.159922,5.98,6.155,6.155,5.963,0.0,6.383,5.223,39873050.0,36000.0,239135566.199,215280.0,0.0,0.0,20230828,20230828,100210875,5.803,0.0,0.0,5.98,5.979,5.978,5.977,5.976,0.0,0.0,0.0,0.0,0.0,5.983,5.984,5.985,5.986,5.987,0.0,0.0,0.0,0.0,0.0,183000.0,59000.0,393800.0,170000.0,98400.0,0.0,0.0,0.0,0.0,0.0,20200.0,20900.0,30900.0,420000.0,208400.0,0.0,0.0,0.0,0.0,0.0
20230828100213832,SZSE,SZSE.ETF.159922,5.983,6.155,6.155,5.963,0.0,6.383,5.223,39875150.0,2100.0,239148130.499,12564.300000011921,0.0,0.0,20230828,20230828,100213830,5.803,0.0,0.0,5.982,5.98,5.979,5.978,5.977,0.0,0.0,0.0,0.0,0.0,5.984,5.985,5.986,5.987,5.988,0.0,0.0,0.0,0.0,0.0,1900.0,164000.0,119000.0,59000.0,434800.0,0.0,0.0,0.0,0.0,0.0,20900.0,220900.0,230000.0,248400.0,40000.0,0.0,0.0,0.0,0.0,0.0
20230828100216824,SZSE,SZSE.ETF.159922,5.981,6.155,6.155,5.963,0.0,6.383,5.223,39877950.0,2800.0,239164879.199,16748.69999998808,0.0,0.0,20230828,20230828,100216825,5.803,0.0,0.0,5.981,5.98,5.979,5.978,5.977,0.0,0.0,0.0,0.0,0.0,5.982,5.983,5.986,5.987,5.988,0.0,0.0,0.0,0.0,0.0,2100.0,10000.0,100000.0,10000.0,228400.0,0.0,0.0,0.0,0.0,0.0,439000.0,430900.0,20000.0,151100.0,577300.0,0.0,0.0,0.0,0.0,0.0
20230828100219800,SZSE,SZSE.ETF.159922,5.981,6.155,6.155,5.963,0.0,6.383,5.223,39880050.0,2100.0,239177439.299,12560.09999999404,0.0,0.0,20230828,20230828,100219802,5.803,0.0,0.0,5.98,5.978,5.977,5.976,5.975,0.0,0.0,0.0,0.0,0.0,5.982,5.983,5.985,5.986,5.987,0.0,0.0,0.0,0.0,0.0,2000.0,20000.0,148400.0,209000.0,40000.0,0.0,0.0,0.0,0.0,0.0,653300.0,260000.0,91100.0,80000.0,670000.0,0.0,0.0,0.0,0.0,0.0
20230828100222788,SZSE,SZSE.ETF.159922,5.981,6.155,6.155,5.963,0.0,6.383,5.223,39880050.0,0.0,239177439.299,0.0,0.0,0.0,20230828,20230828,100222787,5.803,0.0,0.0,5.98,5.977,5.976,5.975,5.974,0.0,0.0,0.0,0.0,0.0,5.981,5.982,5.983,5.985,5.986,0.0,0.0,0.0,0.0,0.0,2000.0,20000.0,49000.0,328400.0,424800.0,0.0,0.0,0.0,0.0,0.0,230000.0,43300.0,420000.0,141100.0,50000.0,0.0,0.0,0.0,0.0,0.0
20230828100225792,SZSE,SZSE.ETF.159922,5.981,6.155,6.155,5.963,0.0,6.383,5.223,39880250.0,200.0,239178635.499,1196.2000000178814,0.0,0.0,20230828,20230828,100225790,5.803,0.0,0.0,5.978,5.977,5.976,5.975,5.974,0.0,0.0,0.0,0.0,0.0,5.981,5.982,5.983,5.984,5.985,0.0,0.0,0.0,0.0,0.0,19900.0,43900.0,594800.0,160000.0,88400.0,0.0,0.0,0.0,0.0,0.0,5100.0,228100.0,60000.0,430000.0,131100.0,0.0,0.0,0.0,0.0,0.0
20230828100228792,SZSE,SZSE.ETF.159922,5.981,6.155,6.155,5.963,0.0,6.383,5.223,39880650.0,400.0,239181027.899,2392.399999976158,0.0,0.0,20230828,20230828,100228790,5.803,0.0,0.0,5.978,5.977,5.976,5.975,5.974,0.0,0.0,0.0,0.0,0.0,5.981,5.983,5.984,5.985,5.986,0.0,0.0,0.0,0.0,0.0,230000.0,144000.0,60000.0,280000.0,203200.0,0.0,0.0,0.0,0.0,0.0,4700.0,410000.0,230000.0,78400.0,40000.0,0.0,0.0,0.0,0.0,0.0
20230828100231784,SZSE,SZSE.ETF.159922,5.983,6.155,6.155,5.963,0.0,6.383,5.223,39880850.0,200.0,239182224.299,1196.4000000059605,0.0,0.0,20230828,20230828,100231786,5.803,0.0,0.0,5.981,5.978,5.977,5.976,5.975,0.0,0.0,0.0,0.0,0.0,5.982,5.983,5.984,5.985,5.986,0.0,0.0,0.0,0.0,0.0,5400.0,40000.0,353900.0,60000.0,364800.0,0.0,0.0,0.0,0.0,0.0,190000.0,420000.0,30000.0,129500.0,70000.0,0.0,0.0,0.0,0.0,0.0
20230828100234736,SZSE,SZSE.ETF.159922,5.981,6.155,6.155,5.963,0.0,6.383,5.223,39886250.0,5400.0,239214521.699,32297.40000000596,0.0,0.0,20230828,20230828,100234738,5.803,0.0,0.0,5.978,5.977,5.976,5.975,5.974,0.0,0.0,0.0,0.0,0.0,5.981,5.982,5.983,5.984,5.985,0.0,0.0,0.0,0.0,0.0,8000.0,119900.0,50000.0,428400.0,241800.0,0.0,0.0,0.0,0.0,0.0,184600.0,50000.0,460000.0,40000.0,101100.0,0.0,0.0,0.0,0.0,0.0
20230828100237760,SZSE,SZSE.ETF.159922,5.981,6.155,6.155,5.963,0.0,6.383,5.223,39886850.0,600.0,239218110.299,3588.5999999940395,0.0,0.0,20230828,20230828,100237760,5.803,0.0,0.0,5.979,5.978,5.977,5.976,5.975,0.0,0.0,0.0,0.0,0.0,5.982,5.983,5.984,5.985,5.986,0.0,0.0,0.0,0.0,0.0,50000.0,198000.0,139900.0,40000.0,344800.0,0.0,0.0,0.0,0.0,0.0,10000.0,500000.0,270000.0,149500.0,120000.0,0.0,0.0,0.0,0.0,0.0
20230828100240772,SZSE,SZSE.ETF.159922,5.982,6.155,6.155,5.963,0.0,6.383,5.223,39887650.0,800.0,239222895.899,4785.5999999940395,0.0,0.0,20230828,20230828,100240772,5.803,0.0,0.0,5.979,5.978,5.977,5.976,5.975,0.0,0.0,0.0,0.0,0.0,5.982,5.983,5.984,5.985,5.986,0.0,0.0,0.0,0.0,0.0,50000.0,8000.0,350000.0,80000.0,78400.0,0.0,0.0,0.0,0.0,0.0,399200.0,470000.0,50000.0,111100.0,38400.0,0.0,0.0,0.0,0.0,0.0
20230828100243752,SZSE,SZSE.ETF.159922,5.982,6.155,6.155,5.963,0.0,6.383,5.223,39888850.0,1200.0,239230074.299,7178.4000000059605,0.0,0.0,20230828,20230828,100243754,5.803,0.0,0.0,5.979,5.978,5.977,5.976,5.975,0.0,0.0,0.0,0.0,0.0,5.982,5.983,5.984,5.985,5.986,0.0,0.0,0.0,0.0,0.0,50000.0,8000.0,210000.0,40000.0,148400.0,0.0,0.0,0.0,0.0,0.0,429000.0,510000.0,50000.0,111100.0,68400.0,0.0,0.0,0.0,0.0,0.0
20230828100246736,SZSE,SZSE.ETF.159922,5.981,6.155,6.155,5.963,0.0,6.383,5.223,39929250.0,40400.0,239471706.899,241632.59999999404,0.0,0.0,20230828,20230828,100246736,5.803,0.0,0.0,5.979,5.978,5.977,5.976,5.975,0.0,0.0,0.0,0.0,0.0,5.981,5.982,5.983,5.984,5.985,0.0,0.0,0.0,0.0,0.0,50000.0,8000.0,20000.0,40000.0,538400.0,0.0,0.0,0.0,0.0,0.0,149800.0,240000.0,601100.0,50000.0,20000.0,0.0,0.0,0.0,0.0,0.0
20230828100249728,SZSE,SZSE.ETF.159922,5.981,6.155,6.155,5.963,0.0,6.383,5.223,39929850.0,600.0,239475295.499,3588.600000023842,0.0,0.0,20230828,20230828,100249727,5.803,0.0,0.0,5.979,5.978,5.976,5.975,5.974,0.0,0.0,0.0,0.0,0.0,5.981,5.982,5.983,5.984,5.985,0.0,0.0,0.0,0.0,0.0,50000.0,8000.0,20000.0,358400.0,130000.0,0.0,0.0,0.0,0.0,0.0,349200.0,460000.0,221100.0,10000.0,18400.0,0.0,0.0,0.0,0.0,0.0
20230828100252748,SZSE,SZSE.ETF.159922,5.981,6.155,6.155,5.963,0.0,6.383,5.223,39930550.0,700.0,239479481.799,4186.299999982119,0.0,0.0,20230828,20230828,100252747,5.803,0.0,0.0,5.978,5.977,5.976,5.975,5.974,0.0,0.0,0.0,0.0,0.0,5.98,5.981,5.982,5.983,5.984,0.0,0.0,0.0,0.0,0.0,8000.0,50000.0,20000.0,238300.0,40000.0,0.0,0.0,0.0,0.0,0.0,390000.0,511000.0,60000.0,111100.0,10000.0,0.0,0.0,0.0,0.0,0.0
20230828100255760,SZSE,SZSE.ETF.159922,5.979,6.155,6.155,5.963,0.0,6.383,5.223,39931050.0,500.0,239482471.299,2989.5,0.0,0.0,20230828,20230828,100255759,5.803,0.0,0.0,5.978,5.976,5.975,5.974,5.973,0.0,0.0,0.0,0.0,0.0,5.979,5.98,5.981,5.982,5.983,0.0,0.0,0.0,0.0,0.0,8000.0,20000.0,340000.0,48400.0,20400.0,0.0,0.0,0.0,0.0,0.0,619500.0,250000.0,91000.0,20000.0,101100.0,0.0,0.0,0.0,0.0,0.0
20230828100258768,SZSE,SZSE.ETF.159922,5.978,6.155,6.155,5.963,0.0,6.383,5.223,39943150.0,12100.0,239554805.099,72333.80000001192,0.0,0.0,20230828,20230828,100258769,5.803,0.0,0.0,5.974,5.973,5.972,5.971,5.97,0.0,0.0,0.0,0.0,0.0,5.978,5.979,5.98,5.981,5.982,0.0,0.0,0.0,0.0,0.0,50000.0,158700.0,211700.0,394900.0,91100.0,0.0,0.0,0.0,0.0,0.0,189900.0,470000.0,40000.0,92100.0,50000.0,0.0,0.0,0.0,0.0,0.0
20230828100301776,SZSE,SZSE.ETF.159922,5.978,6.155,6.155,5.963,0.0,6.383,5.223,39944650.0,1500.0,239563772.099,8967.0,0.0,0.0,20230828,20230828,100301775,5.803,0.0,0.0,5.974,5.973,5.972,5.971,5.97,0.0,0.0,0.0,0.0,0.0,5.978,5.979,5.98,5.981,5.982,0.0,0.0,0.0,0.0,0.0,39900.0,180300.0,471700.0,144900.0,75800.0,0.0,0.0,0.0,0.0,0.0,188400.0,12000.0,270000.0,261000.0,18500.0,0.0,0.0,0.0,0.0,0.0
20230828100304772,SZSE,SZSE.ETF.159922,5.979,6.155,6.155,5.963,0.0,6.383,5.223,39948250.0,3600.0,239585296.499,21524.40000000596,0.0,0.0,20230828,20230828,100304771,5.803,0.0,0.0,5.975,5.974,5.973,5.972,5.971,0.0,0.0,0.0,0.0,0.0,5.979,5.98,5.981,5.982,5.983,0.0,0.0,0.0,0.0,0.0,209900.0,39900.0,525100.0,71700.0,100100.0,0.0,0.0,0.0,0.0,0.0,2000.0,10000.0,451000.0,278500.0,111100.0,0.0,0.0,0.0,0.0,0.0
20230828100307800,SZSE,SZSE.ETF.159922,5.979,6.155,6.155,5.963,0.0,6.383,5.223,39949050.0,800.0,239590079.699,4783.199999988079,0.0,0.0,20230828,20230828,100307801,5.803,0.0,0.0,5.976,5.975,5.974,5.973,5.972,0.0,0.0,0.0,0.0,0.0,5.979,5.98,5.981,5.982,5.983,0.0,0.0,0.0,0.0,0.0,40000.0,230000.0,39900.0,210300.0,416500.0,0.0,0.0,0.0,0.0,0.0,1200.0,200000.0,441000.0,20000.0,129600.0,0.0,0.0,0.0,0.0,0.0
20230828100310804,SZSE,SZSE.ETF.159922,5.979,6.155,6.155,5.963,0.0,6.383,5.223,39950250.0,1200.0,239597254.499,7174.800000011921,0.0,0.0,20230828,20230828,100310804,5.803,0.0,0.0,5.976,5.975,5.974,5.973,5.972,0.0,0.0,0.0,0.0,0.0,5.981,5.982,5.983,5.984,5.985,0.0,0.0,0.0,0.0,0.0,40000.0,249900.0,39900.0,455100.0,100200.0,0.0,0.0,0.0,0.0,0.0,241000.0,240000.0,109600.0,20000.0,67000.0,0.0,0.0,0.0,0.0,0.0
20230828100313824,SZSE,SZSE.ETF.159922,5.982,6.155,6.155,5.963,0.0,6.383,5.223,39951450.0,1200.0,239604431.899,7177.399999976158,0.0,0.0,20230828,20230828,100313823,5.803,0.0,0.0,5.981,5.978,5.977,5.976,5.975,0.0,0.0,0.0,0.0,0.0,5.982,5.983,5.984,5.985,5.986,0.0,0.0,0.0,0.0,0.0,200.0,19900.0,259900.0,219900.0,184800.0,0.0,0.0,0.0,0.0,0.0,200000.0,161100.0,480000.0,78400.0,100000.0,0.0,0.0,0.0,0.0,0.0
20230828100316824,SZSE,SZSE.ETF.159922,5.982,6.155,6.155,5.963,0.0,6.383,5.223,39954850.0,3400.0,239624770.699,20338.80000001192,0.0,0.0,20230828,20230828,100316826,5.803,0.0,0.0,5.981,5.978,5.977,5.976,5.975,0.0,0.0,0.0,0.0,0.0,5.983,5.984,5.985,5.986,5.987,0.0,0.0,0.0,0.0,0.0,200.0,209900.0,89900.0,414800.0,208400.0,0.0,0.0,0.0,0.0,0.0,50000.0,470000.0,161100.0,118400.0,17000.0,0.0,0.0,0.0,0.0,0.0
20230828100319816,SZSE,SZSE.ETF.159922,5.984,6.155,6.155,5.963,0.0,6.383,5.223,39955650.0,800.0,239629557.099,4786.4000000059605,0.0,0.0,20230828,20230828,100319818,5.803,0.0,0.0,5.978,5.977,5.976,5.975,5.974,0.0,0.0,0.0,0.0,0.0,5.984,5.985,5.986,5.987,5.988,0.0,0.0,0.0,0.0,0.0,209900.0,169900.0,290000.0,203200.0,147000.0,0.0,0.0,0.0,0.0,0.0,649600.0,100000.0,110000.0,129500.0,53000.0,0.0,0.0,0.0,0.0,0.0
20230828100322792,SZSE,SZSE.ETF.159922,5.984,6.155,6.155,5.963,0.0,6.383,5.223,39956450.0,800.0,239634344.199,4787.0999999940395,0.0,0.0,20230828,20230828,100322792,5.803,0.0,0.0,5.98,5.979,5.978,5.977,5.976,0.0,0.0,0.0,0.0,0.0,5.984,5.985,5.986,5.987,5.988,0.0,0.0,0.0,0.0,0.0,190000.0,19900.0,59900.0,364700.0,300000.0,0.0,0.0,0.0,0.0,0.0,200000.0,480000.0,180000.0,111100.0,21400.0,0.0,0.0,0.0,0.0,0.0
20230828100325796,SZSE,SZSE.ETF.159922,5.983,6.155,6.155,5.963,0.0,6.383,5.223,39956650.0,200.0,239635540.799,1196.5999999940395,0.0,0.0,20230828,20230828,100325796,5.803,0.0,0.0,5.98,5.979,5.978,5.977,5.976,0.0,0.0,0.0,0.0,0.0,5.984,5.985,5.986,5.987,5.988,0.0,0.0,0.0,0.0,0.0,190000.0,40000.0,79900.0,149900.0,308400.0,0.0,0.0,0.0,0.0,0.0,460000.0,470000.0,130000.0,20000.0,71400.0,0.0,0.0,0.0,0.0,0.0
20230828100328764,SZSE,SZSE.ETF.159922,5.981,6.155,6.155,5.963,0.0,6.383,5.223,39957050.0,400.0,239637933.599,2392.800000011921,0.0,0.0,20230828,20230828,100328764,5.803,0.0,0.0,5.978,5.977,5.976,5.975,5.974,0.0,0.0,0.0,0.0,0.0,5.981,5.983,5.984,5.985,5.986,0.0,0.0,0.0,0.0,0.0,229900.0,169900.0,433200.0,50000.0,67000.0,0.0,0.0,0.0,0.0,0.0,1800.0,189800.0,460000.0,260000.0,130000.0,0.0,0.0,0.0,0.0,0.0
20230828100331760,SZSE,SZSE.ETF.159922,5.981,6.155,6.155,5.963,0.0,6.383,5.223,39958050.0,1000.0,239643914.599,5981.0,0.0,0.0,20230828,20230828,100331761,5.803,0.0,0.0,5.98,5.979,5.978,5.977,5.976,0.0,0.0,0.0,0.0,0.0,5.981,5.982,5.984,5.985,5.986,0.0,0.0,0.0,0.0,0.0,230000.0,59900.0,19900.0,504700.0,90000.0,0.0,0.0,0.0,0.0,0.0,800.0,1700.0,10000.0,430000.0,338400.0,0.0,0.0,0.0,0.0,0.0
20230828100334776,SZSE,SZSE.ETF.159922,5.982,6.155,6.155,5.963,0.0,6.383,5.223,39960550.0,2500.0,239658868.799,14954.199999988079,0.0,0.0,20230828,20230828,100334774,5.803,0.0,0.0,5.983,5.982,5.981,5.98,5.979,0.0,0.0,0.0,0.0,0.0,5.984,5.985,5.986,5.987,5.988,0.0,0.0,0.0,0.0,0.0,40000.0,39100.0,69900.0,217200.0,19900.0,0.0,0.0,0.0,0.0,0.0,12000.0,240000.0,558400.0,60000.0,43000.0,0.0,0.0,0.0,0.0,0.0
20230828100337760,SZSE,SZSE.ETF.159922,5.982,6.155,6.155,5.963,0.0,6.383,5.223,39968795.0,8245.0,239708196.089,49327.289999991655,0.0,0.0,20230828,20230828,100337762,5.803,0.0,0.0,5.982,5.981,5.98,5.979,5.978,0.0,0.0,0.0,0.0,0.0,5.986,5.987,5.988,5.989,5.99,0.0,0.0,0.0,0.0,0.0,246055.0,59900.0,464700.0,208400.0,100000.0,0.0,0.0,0.0,0.0,0.0,40000.0,70000.0,771400.0,191100.0,80900.0,0.0,0.0,0.0,0.0,0.0
20230828100340792,SZSE,SZSE.ETF.159922,5.987,6.155,6.155,5.963,0.0,6.383,5.223,39969195.0,400.0,239710590.689,2394.600000023842,0.0,0.0,20230828,20230828,100340792,5.803,0.0,0.0,5.986,5.985,5.984,5.983,5.982,0.0,0.0,0.0,0.0,0.0,5.988,5.989,5.99,5.991,5.992,0.0,0.0,0.0,0.0,0.0,200.0,40200.0,40000.0,99900.0,289900.0,0.0,0.0,0.0,0.0,0.0,563000.0,280000.0,79300.0,151100.0,113700.0,0.0,0.0,0.0,0.0,0.0
20230828100343760,SZSE,SZSE.ETF.159922,5.983,6.155,6.155,5.963,0.0,6.383,5.223,39972295.0,3100.0,239729143.389,18552.69999998808,0.0,0.0,20230828,20230828,100343760,5.803,0.0,0.0,5.983,5.982,5.981,5.98,5.979,0.0,0.0,0.0,0.0,0.0,5.985,5.986,5.987,5.988,5.989,0.0,0.0,0.0,0.0,0.0,98300.0,278300.0,109900.0,264800.0,146900.0,0.0,0.0,0.0,0.0,0.0,18000.0,40000.0,80000.0,372200.0,480000.0,0.0,0.0,0.0,0.0,0.0
20230828100346784,SZSE,SZSE.ETF.159922,5.985,6.155,6.155,5.963,0.0,6.383,5.223,39990295.0,18000.0,239836873.389,107730.0,0.0,0.0,20230828,20230828,100346786,5.803,0.0,0.0,5.985,5.984,5.983,5.982,5.981,0.0,0.0,0.0,0.0,0.0,5.988,5.989,5.99,5.992,5.993,0.0,0.0,0.0,0.0,0.0,22000.0,59900.0,308200.0,269900.0,224800.0,0.0,0.0,0.0,0.0,0.0,52200.0,268400.0,420900.0,173700.0,147900.0,0.0,0.0,0.0,0.0,0.0
20230828100349776,SZSE,SZSE.ETF.159922,5.985,6.155,6.155,5.963,0.0,6.383,5.223,39991395.0,1100.0,239843456.889,6583.5,0.0,0.0,20230828,20230828,100349776,5.803,0.0,0.0,5.986,5.985,5.984,5.983,5.982,0.0,0.0,0.0,0.0,0.0,5.988,5.989,5.99,5.991,5.992,0.0,0.0,0.0,0.0,0.0,19900.0,408800.0,184800.0,148300.0,90000.0,0.0,0.0,0.0,0.0,0.0,42200.0,100000.0,70900.0,230000.0,160000.0,0.0,0.0,0.0,0.0,0.0
20230828100352816,SZSE,SZSE.ETF.159922,5.988,6.155,6.155,5.963,0.0,6.383,5.223,39996595.0,5200.0,239874594.489,31137.59999999404,0.0,0.0,20230828,20230828,100352814,5.803,0.0,0.0,5.988,5.987,5.986,5.985,5.984,0.0,0.0,0.0,0.0,0.0,5.99,5.991,5.992,5.993,5.994,0.0,0.0,0.0,0.0,0.0,184800.0,59900.0,290000.0,244700.0,100000.0,0.0,0.0,0.0,0.0,0.0,900.0,110000.0,98400.0,321100.0,460000.0,0.0,0.0,0.0,0.0,0.0
20230828100355840,SZSE,SZSE.ETF.159922,5.988,6.155,6.155,5.963,0.0,6.383,5.223,39996595.0,0.0,239874594.489,0.0,0.0,0.0,20230828,20230828,100355840,5.803,0.0,0.0,5.988,5.987,5.986,5.985,5.984,0.0,0.0,0.0,0.0,0.0,5.99,5.991,5.992,5.993,5.994,0.0,0.0,0.0,0.0,0.0,184800.0,59900.0,100000.0,504800.0,118400.0,0.0,0.0,0.0,0.0,0.0,900.0,20000.0,20000.0,771100.0,78400.0,0.0,0.0,0.0,0.0,0.0
20230828100358808,SZSE,SZSE.ETF.159922,5.988,6.155,6.155,5.963,0.0,6.383,5.223,39996595.0,0.0,239874594.489,0.0,0.0,0.0,20230828,20230828,100358807,5.803,0.0,0.0,5.988,5.987,5.986,5.985,5.984,0.0,0.0,0.0,0.0,0.0,5.99,5.991,5.992,5.993,5.994,0.0,0.0,0.0,0.0,0.0,184800.0,118200.0,20000.0,150000.0,358400.0,0.0,0.0,0.0,0.0,0.0,900.0,20000.0,40000.0,460000.0,58400.0,0.0,0.0,0.0,0.0,0.0
20230828100401808,SZSE,SZSE.ETF.159922,5.988,6.155,6.155,5.963,0.0,6.383,5.223,39996595.0,0.0,239874594.489,0.0,0.0,0.0,20230828,20230828,100401807,5.803,0.0,0.0,5.987,5.986,5.985,5.984,5.983,0.0,0.0,0.0,0.0,0.0,5.99,5.991,5.992,5.993,5.994,0.0,0.0,0.0,0.0,0.0,98300.0,209900.0,60000.0,533200.0,130000.0,0.0,0.0,0.0,0.0,0.0,6900.0,40000.0,430000.0,70000.0,189500.0,0.0,0.0,0.0,0.0,0.0
20230828100404808,SZSE,SZSE.ETF.159922,5.99,6.155,6.155,5.963,0.0,6.383,5.223,39997395.0,800.0,239879386.489,4792.0,0.0,0.0,20230828,20230828,100404810,5.803,0.0,0.0,5.987,5.984,5.983,5.982,5.981,0.0,0.0,0.0,0.0,0.0,5.99,5.991,5.992,5.993,5.994,0.0,0.0,0.0,0.0,0.0,98300.0,230000.0,138400.0,330000.0,281700.0,0.0,0.0,0.0,0.0,0.0,226100.0,430000.0,70000.0,100000.0,149500.0,0.0,0.0,0.0,0.0,0.0
20230828100407836,SZSE,SZSE.ETF.159922,5.988,6.155,6.155,5.963,0.0,6.383,5.223,40006795.0,9400.0,239935692.089,56305.59999999404,0.0,0.0,20230828,20230828,100407835,5.803,0.0,0.0,5.983,5.982,5.981,5.98,5.979,0.0,0.0,0.0,0.0,0.0,5.986,5.987,5.988,5.989,5.99,0.0,0.0,0.0,0.0,0.0,356700.0,43000.0,76900.0,451600.0,150000.0,0.0,0.0,0.0,0.0,0.0,40000.0,147700.0,650000.0,256900.0,40000.0,0.0,0.0,0.0,0.0,0.0
20230828100410856,SZSE,SZSE.ETF.159922,5.983,6.155,6.155,5.963,0.0,6.383,5.223,40058295.0,51500.0,240243818.389,308126.3000000119,0.0,0.0,20230828,20230828,100410856,5.803,0.0,0.0,5.983,5.982,5.981,5.98,5.979,0.0,0.0,0.0,0.0,0.0,5.986,5.987,5.988,5.989,5.99,0.0,0.0,0.0,0.0,0.0,159100.0,20000.0,60000.0,143000.0,406700.0,0.0,0.0,0.0,0.0,0.0,16500.0,79000.0,470000.0,50000.0,58400.0,0.0,0.0,0.0,0.0,0.0
20230828100413824,SZSE,SZSE.ETF.159922,5.984,6.155,6.155,5.963,0.0,6.383,5.223,40081195.0,22900.0,240380838.689,137020.30000001192,0.0,0.0,20230828,20230828,100413822,5.803,0.0,0.0,5.982,5.981,5.98,5.979,5.978,0.0,0.0,0.0,0.0,0.0,5.984,5.985,5.986,5.987,5.988,0.0,0.0,0.0,0.0,0.0,23600.0,80000.0,674800.0,236700.0,90000.0,0.0,0.0,0.0,0.0,0.0,19400.0,40000.0,40000.0,246300.0,490000.0,0.0,0.0,0.0,0.0,0.0
20230828100416816,SZSE,SZSE.ETF.159922,5.984,6.155,6.155,5.963,0.0,6.383,5.223,40081595.0,400.0,240383232.289,2393.5999999940395,0.0,0.0,20230828,20230828,100416818,5.803,0.0,0.0,5.983,5.982,5.981,5.98,5.979,0.0,0.0,0.0,0.0,0.0,5.984,5.985,5.986,5.987,5.988,0.0,0.0,0.0,0.0,0.0,98300.0,63600.0,43600.0,310000.0,434800.0,0.0,0.0,0.0,0.0,0.0,19000.0,40000.0,246300.0,486300.0,78400.0,0.0,0.0,0.0,0.0,0.0
20230828100419800,SZSE,SZSE.ETF.159922,5.984,6.155,6.155,5.963,0.0,6.383,5.223,40081795.0,200.0,240384429.089,1196.7999999821186,0.0,0.0,20230828,20230828,100419801,5.803,0.0,0.0,5.983,5.982,5.98,5.979,5.978,0.0,0.0,0.0,0.0,0.0,5.984,5.985,5.986,5.987,5.988,0.0,0.0,0.0,0.0,0.0,108300.0,20000.0,250000.0,118400.0,103600.0,0.0,0.0,0.0,0.0,0.0,38900.0,216300.0,406300.0,50000.0,58400.0,0.0,0.0,0.0,0.0,0.0
20230828100422820,SZSE,SZSE.ETF.159922,5.984,6.155,6.155,5.963,0.0,6.383,5.223,40098495.0,16700.0,240484345.589,99916.5,0.0,0.0,20230828,20230828,100422819,5.803,0.0,0.0,5.983,5.981,5.98,5.979,5.978,0.0,0.0,0.0,0.0,0.0,5.984,5.985,5.986,5.987,5.988,0.0,0.0,0.0,0.0,0.0,10000.0,103900.0,249900.0,118400.0,70000.0,0.0,0.0,0.0,0.0,0.0,22200.0,670000.0,120000.0,50000.0,149500.0,0.0,0.0,0.0,0.0,0.0
20230828100425812,SZSE,SZSE.ETF.159922,5.983,6.155,6.155,5.963,0.0,6.383,5.223,40101895.0,3400.0,240504688.789,20343.20000001788,0.0,0.0,20230828,20230828,100425812,5.803,0.0,0.0,5.981,5.98,5.979,5.978,5.977,0.0,0.0,0.0,0.0,0.0,5.983,5.984,5.985,5.986,5.987,0.0,0.0,0.0,0.0,0.0,2000.0,249900.0,118400.0,70000.0,372000.0,0.0,0.0,0.0,0.0,0.0,39600.0,101800.0,630000.0,80000.0,90000.0,0.0,0.0,0.0,0.0,0.0
20230828100428788,SZSE,SZSE.ETF.159922,5.984,6.155,6.155,5.963,0.0,6.383,5.223,40107095.0,5200.0,240535803.589,31114.79999998212,0.0,0.0,20230828,20230828,100428787,5.803,0.0,0.0,5.981,5.98,5.979,5.978,5.977,0.0,0.0,0.0,0.0,0.0,5.983,5.984,5.985,5.986,5.987,0.0,0.0,0.0,0.0,0.0,52000.0,19900.0,40000.0,290000.0,400400.0,0.0,0.0,0.0,0.0,0.0,40000.0,98600.0,700000.0,70000.0,98400.0,0.0,0.0,0.0,0.0,0.0
20230828100431792,SZSE,SZSE.ETF.159922,5.983,6.155,6.155,5.963,0.0,6.383,5.223,40107695.0,600.0,240539393.389,3589.800000011921,0.0,0.0,20230828,20230828,100431793,5.803,0.0,0.0,5.981,5.98,5.979,5.978,5.977,0.0,0.0,0.0,0.0,0.0,5.983,5.984,5.985,5.986,5.987,0.0,0.0,0.0,0.0,0.0,52000.0,2000.0,40000.0,330000.0,190400.0,0.0,0.0,0.0,0.0,0.0,39400.0,98600.0,700000.0,70000.0,78400.0,0.0,0.0,0.0,0.0,0.0
20230828100434784,SZSE,SZSE.ETF.159922,5.982,6.155,6.155,5.963,0.0,6.383,5.223,40108795.0,1100.0,240545973.589,6580.199999988079,0.0,0.0,20230828,20230828,100434786,5.803,0.0,0.0,5.981,5.98,5.979,5.978,5.977,0.0,0.0,0.0,0.0,0.0,5.982,5.983,5.984,5.985,5.986,0.0,0.0,0.0,0.0,0.0,2000.0,52000.0,20000.0,310000.0,210400.0,0.0,0.0,0.0,0.0,0.0,38900.0,269400.0,599700.0,80000.0,70000.0,0.0,0.0,0.0,0.0,0.0
20230828100437768,SZSE,SZSE.ETF.159922,5.982,6.155,6.155,5.963,0.0,6.383,5.223,40109495.0,700.0,240550160.989,4187.4000000059605,0.0,0.0,20230828,20230828,100437768,5.803,0.0,0.0,5.981,5.98,5.979,5.978,5.977,0.0,0.0,0.0,0.0,0.0,5.982,5.983,5.984,5.985,5.986,0.0,0.0,0.0,0.0,0.0,2000.0,62000.0,20000.0,250000.0,210400.0,0.0,0.0,0.0,0.0,0.0,47100.0,269400.0,635300.0,60600.0,88400.0,0.0,0.0,0.0,0.0,0.0
20230828100440792,SZSE,SZSE.ETF.159922,5.982,6.155,6.155,5.963,0.0,6.383,5.223,40109895.0,400.0,240552553.789,2392.800000011921,0.0,0.0,20230828,20230828,100440794,5.803,0.0,0.0,5.981,5.98,5.979,5.978,5.977,0.0,0.0,0.0,0.0,0.0,5.982,5.983,5.984,5.985,5.986,0.0,0.0,0.0,0.0,0.0,2000.0,12000.0,50000.0,60000.0,308400.0,0.0,0.0,0.0,0.0,0.0,238400.0,529400.0,185300.0,70600.0,78400.0,0.0,0.0,0.0,0.0,0.0
20230828100443764,SZSE,SZSE.ETF.159922,5.982,6.155,6.155,5.963,0.0,6.383,5.223,40112695.0,2800.0,240569301.189,16747.40000000596,0.0,0.0,20230828,20230828,100443764,5.803,0.0,0.0,5.98,5.979,5.978,5.977,5.976,0.0,0.0,0.0,0.0,0.0,5.981,5.982,5.983,5.984,5.985,0.0,0.0,0.0,0.0,0.0,4400.0,50000.0,40000.0,308400.0,90000.0,0.0,0.0,0.0,0.0,0.0,40000.0,678400.0,310000.0,185300.0,50600.0,0.0,0.0,0.0,0.0,0.0
20230828100446768,SZSE,SZSE.ETF.159922,5.981,6.155,6.155,5.963,0.0,6.383,5.223,40118495.0,5800.0,240603990.989,34689.79999998212,0.0,0.0,20230828,20230828,100446769,5.803,0.0,0.0,5.98,5.979,5.978,5.977,5.976,0.0,0.0,0.0,0.0,0.0,5.981,5.982,5.983,5.984,5.985,0.0,0.0,0.0,0.0,0.0,2000.0,10000.0,50000.0,60000.0,128400.0,0.0,0.0,0.0,0.0,0.0,438000.0,148400.0,80000.0,145300.0,68400.0,0.0,0.0,0.0,0.0,0.0
20230828100449788,SZSE,SZSE.ETF.159922,5.98,6.155,6.155,5.963,0.0,6.383,5.223,40120495.0,2000.0,240615950.989,11960.0,0.0,0.0,20230828,20230828,100449787,5.803,0.0,0.0,5.979,5.977,5.976,5.975,5.974,0.0,0.0,0.0,0.0,0.0,5.98,5.981,5.982,5.983,5.984,0.0,0.0,0.0,0.0,0.0,52000.0,40000.0,98300.0,260000.0,200000.0,0.0,0.0,0.0,0.0,0.0,190000.0,90000.0,278400.0,130000.0,155300.0,0.0,0.0,0.0,0.0,0.0
20230828100452768,SZSE,SZSE.ETF.159922,5.98,6.155,6.155,5.963,0.0,6.383,5.223,40130495.0,10000.0,240675750.989,59800.0,0.0,0.0,20230828,20230828,100452767,5.803,0.0,0.0,5.98,5.979,5.978,5.977,5.976,0.0,0.0,0.0,0.0,0.0,5.982,5.983,5.984,5.985,5.986,0.0,0.0,0.0,0.0,0.0,79900.0,29900.0,19900.0,390000.0,214800.0,0.0,0.0,0.0,0.0,0.0,38400.0,290000.0,243700.0,340000.0,280000.0,0.0,0.0,0.0,0.0,0.0
20230828100455816,SZSE,SZSE.ETF.159922,5.981,6.155,6.155,5.963,0.0,6.383,5.223,40150495.0,20000.0,240795370.989,119620.0,0.0,0.0,20230828,20230828,100455817,5.803,0.0,0.0,5.981,5.98,5.979,5.978,5.977,0.0,0.0,0.0,0.0,0.0,5.982,5.983,5.984,5.985,5.986,0.0,0.0,0.0,0.0,0.0,19900.0,69900.0,269900.0,324800.0,60000.0,0.0,0.0,0.0,0.0,0.0,400.0,40000.0,284200.0,150000.0,169500.0,0.0,0.0,0.0,0.0,0.0
20230828100458832,SZSE,SZSE.ETF.159922,5.984,6.155,6.155,5.963,0.0,6.383,5.223,40155195.0,4700.0,240823487.189,28116.20000001788,0.0,0.0,20230828,20230828,100458834,5.803,0.0,0.0,5.983,5.982,5.981,5.98,5.979,0.0,0.0,0.0,0.0,0.0,5.984,5.985,5.986,5.987,5.988,0.0,0.0,0.0,0.0,0.0,16900.0,206900.0,21200.0,40000.0,456800.0,0.0,0.0,0.0,0.0,0.0,52500.0,40000.0,88400.0,733000.0,151100.0,0.0,0.0,0.0,0.0,0.0
20230828100501808,SZSE,SZSE.ETF.159922,5.984,6.155,6.155,5.963,0.0,6.383,5.223,40155195.0,0.0,240823487.189,0.0,0.0,0.0,20230828,20230828,100501808,5.803,0.0,0.0,5.983,5.982,5.981,5.98,5.979,0.0,0.0,0.0,0.0,0.0,5.984,5.985,5.986,5.987,5.988,0.0,0.0,0.0,0.0,0.0,3300.0,190000.0,16900.0,40000.0,160400.0,0.0,0.0,0.0,0.0,0.0,72500.0,40000.0,240000.0,443000.0,149500.0,0.0,0.0,0.0,0.0,0.0
20230828100504796,SZSE,SZSE.ETF.159922,5.984,6.155,6.155,5.963,0.0,6.383,5.223,40155195.0,0.0,240823487.189,0.0,0.0,0.0,20230828,20230828,100504797,5.803,0.0,0.0,5.982,5.981,5.98,5.979,5.978,0.0,0.0,0.0,0.0,0.0,5.984,5.985,5.986,5.987,5.988,0.0,0.0,0.0,0.0,0.0,216900.0,16900.0,60000.0,575200.0,110000.0,0.0,0.0,0.0,0.0,0.0,12500.0,40000.0,60000.0,453000.0,379500.0,0.0,0.0,0.0,0.0,0.0
20230828100507824,SZSE,SZSE.ETF.159922,5.984,6.155,6.155,5.963,0.0,6.383,5.223,40155395.0,200.0,240824683.989,1196.7999999821186,0.0,0.0,20230828,20230828,100507823,5.803,0.0,0.0,5.983,5.982,5.981,5.98,5.979,0.0,0.0,0.0,0.0,0.0,5.984,5.986,5.987,5.988,5.989,0.0,0.0,0.0,0.0,0.0,100.0,216900.0,98900.0,60000.0,504800.0,0.0,0.0,0.0,0.0,0.0,12300.0,20000.0,463000.0,369500.0,20000.0,0.0,0.0,0.0,0.0,0.0
20230828100510836,SZSE,SZSE.ETF.159922,5.984,6.155,6.155,5.963,0.0,6.383,5.223,40155995.0,600.0,240828274.389,3590.4000000059605,0.0,0.0,20230828,20230828,100510835,5.803,0.0,0.0,5.983,5.982,5.981,5.98,5.979,0.0,0.0,0.0,0.0,0.0,5.984,5.985,5.986,5.987,5.988,0.0,0.0,0.0,0.0,0.0,17000.0,216900.0,16900.0,174800.0,440400.0,0.0,0.0,0.0,0.0,0.0,11700.0,40000.0,40000.0,473000.0,361100.0,0.0,0.0,0.0,0.0,0.0
20230828100513816,SZSE,SZSE.ETF.159922,5.984,6.155,6.155,5.963,0.0,6.383,5.223,40155995.0,0.0,240828274.389,0.0,0.0,0.0,20230828,20230828,100513815,5.803,0.0,0.0,5.983,5.982,5.981,5.98,5.979,0.0,0.0,0.0,0.0,0.0,5.984,5.985,5.986,5.987,5.988,0.0,0.0,0.0,0.0,0.0,3500.0,190000.0,82000.0,56900.0,148400.0,0.0,0.0,0.0,0.0,0.0,51700.0,243000.0,240000.0,270000.0,141100.0,0.0,0.0,0.0,0.0,0.0
20230828100516816,SZSE,SZSE.ETF.159922,5.983,6.155,6.155,5.963,0.0,6.383,5.223,40156095.0,100.0,240828872.689,598.3000000119209,0.0,0.0,20230828,20230828,100516817,5.803,0.0,0.0,5.982,5.981,5.98,5.979,5.978,0.0,0.0,0.0,0.0,0.0,5.984,5.985,5.986,5.987,5.988,0.0,0.0,0.0,0.0,0.0,10000.0,50000.0,56900.0,268400.0,404800.0,0.0,0.0,0.0,0.0,0.0,270300.0,195800.0,460000.0,70000.0,131100.0,0.0,0.0,0.0,0.0,0.0
20230828100519800,SZSE,SZSE.ETF.159922,5.983,6.155,6.155,5.963,0.0,6.383,5.223,40156095.0,0.0,240828872.689,0.0,0.0,0.0,20230828,20230828,100519801,5.803,0.0,0.0,5.982,5.981,5.98,5.979,5.978,0.0,0.0,0.0,0.0,0.0,5.984,5.985,5.986,5.987,5.988,0.0,0.0,0.0,0.0,0.0,76900.0,16900.0,206900.0,476800.0,158400.0,0.0,0.0,0.0,0.0,0.0,40300.0,145800.0,340000.0,273000.0,369500.0,0.0,0.0,0.0,0.0,0.0
20230828100522784,SZSE,SZSE.ETF.159922,5.983,6.155,6.155,5.963,0.0,6.383,5.223,40156095.0,0.0,240828872.689,0.0,0.0,0.0,20230828,20230828,100522784,5.803,0.0,0.0,5.983,5.982,5.981,5.98,5.979,0.0,0.0,0.0,0.0,0.0,5.984,5.985,5.986,5.987,5.988,0.0,0.0,0.0,0.0,0.0,50000.0,26900.0,16900.0,250000.0,566800.0,0.0,0.0,0.0,0.0,0.0,40300.0,105800.0,250000.0,363000.0,409500.0,0.0,0.0,0.0,0.0,0.0
20230828100525776,SZSE,SZSE.ETF.159922,5.983,6.155,6.155,5.963,0.0,6.383,5.223,40156095.0,0.0,240828872.689,0.0,0.0,0.0,20230828,20230828,100525775,5.803,0.0,0.0,5.983,5.982,5.981,5.98,5.979,0.0,0.0,0.0,0.0,0.0,5.984,5.985,5.986,5.987,5.988,0.0,0.0,0.0,0.0,0.0,60000.0,16900.0,138900.0,290000.0,463200.0,0.0,0.0,0.0,0.0,0.0,40300.0,105800.0,250000.0,323000.0,369500.0,0.0,0.0,0.0,0.0,0.0
20230828100528760,SZSE,SZSE.ETF.159922,5.984,6.155,6.155,5.963,0.0,6.383,5.223,40157695.0,1600.0,240838447.089,9574.399999976158,0.0,0.0,20230828,20230828,100528759,5.803,0.0,0.0,5.983,5.981,5.98,5.979,5.978,0.0,0.0,0.0,0.0,0.0,5.984,5.985,5.986,5.987,5.988,0.0,0.0,0.0,0.0,0.0,10000.0,82000.0,336900.0,128400.0,90000.0,0.0,0.0,0.0,0.0,0.0,128700.0,308800.0,413000.0,60000.0,159500.0,0.0,0.0,0.0,0.0,0.0
20230828100531760,SZSE,SZSE.ETF.159922,5.984,6.155,6.155,5.963,0.0,6.383,5.223,40157695.0,0.0,240838447.089,0.0,0.0,0.0,20230828,20230828,100531759,5.803,0.0,0.0,5.983,5.981,5.98,5.979,5.978,0.0,0.0,0.0,0.0,0.0,5.984,5.985,5.986,5.987,5.988,0.0,0.0,0.0,0.0,0.0,10000.0,66900.0,246900.0,148400.0,414800.0,0.0,0.0,0.0,0.0,0.0,78700.0,195800.0,653000.0,90000.0,169500.0,0.0,0.0,0.0,0.0,0.0
20230828100534740,SZSE,SZSE.ETF.159922,5.983,6.155,6.155,5.963,0.0,6.383,5.223,40167695.0,10000.0,240898277.089,59830.0,0.0,0.0,20230828,20230828,100534740,5.803,0.0,0.0,5.98,5.979,5.978,5.977,5.976,0.0,0.0,0.0,0.0,0.0,5.983,5.984,5.985,5.986,5.987,0.0,0.0,0.0,0.0,0.0,16900.0,430400.0,100000.0,240000.0,264800.0,0.0,0.0,0.0,0.0,0.0,80200.0,318900.0,698800.0,80000.0,60000.0,0.0,0.0,0.0,0.0,0.0
20230828100537764,SZSE,SZSE.ETF.159922,5.983,6.155,6.155,5.963,0.0,6.383,5.223,40167695.0,0.0,240898277.089,0.0,0.0,0.0,20230828,20230828,100537763,5.803,0.0,0.0,5.981,5.98,5.979,5.978,5.977,0.0,0.0,0.0,0.0,0.0,5.982,5.983,5.984,5.985,5.986,0.0,0.0,0.0,0.0,0.0,41900.0,40000.0,60000.0,80000.0,148900.0,0.0,0.0,0.0,0.0,0.0,433000.0,283000.0,298900.0,125800.0,141100.0,0.0,0.0,0.0,0.0,0.0
20230828100540768,SZSE,SZSE.ETF.159922,5.982,6.155,6.155,5.963,0.0,6.383,5.223,40168095.0,400.0,240900669.889,2392.800000011921,0.0,0.0,20230828,20230828,100540769,5.803,0.0,0.0,5.981,5.979,5.978,5.977,5.976,0.0,0.0,0.0,0.0,0.0,5.982,5.983,5.984,5.985,5.986,0.0,0.0,0.0,0.0,0.0,50200.0,20000.0,76900.0,95300.0,400000.0,0.0,0.0,0.0,0.0,0.0,199600.0,283000.0,449800.0,115800.0,58400.0,0.0,0.0,0.0,0.0,0.0
20230828100543784,SZSE,SZSE.ETF.159922,5.982,6.155,6.155,5.963,0.0,6.383,5.223,40168595.0,500.0,240903660.889,2991.0,0.0,0.0,20230828,20230828,100543786,5.803,0.0,0.0,5.981,5.98,5.979,5.978,5.977,0.0,0.0,0.0,0.0,0.0,5.982,5.983,5.984,5.985,5.986,0.0,0.0,0.0,0.0,0.0,51900.0,16900.0,20000.0,246900.0,213200.0,0.0,0.0,0.0,0.0,0.0,9700.0,80000.0,424200.0,318800.0,78400.0,0.0,0.0,0.0,0.0,0.0
20230828100546764,SZSE,SZSE.ETF.159922,5.982,6.155,6.155,5.963,0.0,6.383,5.223,40168595.0,0.0,240903660.889,0.0,0.0,0.0,20230828,20230828,100546763,5.803,0.0,0.0,5.981,5.979,5.978,5.977,5.976,0.0,0.0,0.0,0.0,0.0,5.982,5.983,5.984,5.985,5.986,0.0,0.0,0.0,0.0,0.0,51900.0,16900.0,96900.0,430400.0,80000.0,0.0,0.0,0.0,0.0,0.0,1600.0,230000.0,306100.0,155800.0,169500.0,0.0,0.0,0.0,0.0,0.0
20230828100549768,SZSE,SZSE.ETF.159922,5.982,6.155,6.155,5.963,0.0,6.383,5.223,40168595.0,0.0,240903660.889,0.0,0.0,0.0,20230828,20230828,100549768,5.803,0.0,0.0,5.981,5.978,5.977,5.976,5.975,0.0,0.0,0.0,0.0,0.0,5.982,5.983,5.984,5.985,5.986,0.0,0.0,0.0,0.0,0.0,51900.0,40000.0,377300.0,100000.0,43000.0,0.0,0.0,0.0,0.0,0.0,203000.0,459700.0,123100.0,165800.0,249500.0,0.0,0.0,0.0,0.0,0.0
20230828100552780,SZSE,SZSE.ETF.159922,5.981,6.155,6.155,5.963,0.0,6.383,5.223,40220795.0,52200.0,241215869.089,312208.1999999881,0.0,0.0,20230828,20230828,100552780,5.803,0.0,0.0,5.977,5.976,5.975,5.974,5.973,0.0,0.0,0.0,0.0,0.0,5.98,5.981,5.982,5.983,5.984,0.0,0.0,0.0,0.0,0.0,38400.0,90000.0,355000.0,80000.0,499000.0,0.0,0.0,0.0,0.0,0.0,40000.0,630800.0,70000.0,60000.0,194200.0,0.0,0.0,0.0,0.0,0.0
20230828100555784,SZSE,SZSE.ETF.159922,5.981,6.155,6.155,5.963,0.0,6.383,5.223,40220795.0,0.0,241215869.089,0.0,0.0,0.0,20230828,20230828,100555783,5.803,0.0,0.0,5.976,5.975,5.974,5.973,5.972,0.0,0.0,0.0,0.0,0.0,5.98,5.981,5.982,5.983,5.984,0.0,0.0,0.0,0.0,0.0,20000.0,252900.0,129900.0,210800.0,426500.0,0.0,0.0,0.0,0.0,0.0,440000.0,450800.0,90000.0,59300.0,701500.0,0.0,0.0,0.0,0.0,0.0
20230828100558828,SZSE,SZSE.ETF.159922,5.981,6.155,6.155,5.963,0.0,6.383,5.223,40220795.0,0.0,241215869.089,0.0,0.0,0.0,20230828,20230828,100558827,5.803,0.0,0.0,5.977,5.976,5.975,5.974,5.973,0.0,0.0,0.0,0.0,0.0,5.981,5.982,5.983,5.984,5.985,0.0,0.0,0.0,0.0,0.0,19900.0,209900.0,222900.0,154800.0,202400.0,0.0,0.0,0.0,0.0,0.0,50000.0,510000.0,289300.0,212700.0,225800.0,0.0,0.0,0.0,0.0,0.0
20230828100601784,SZSE,SZSE.ETF.159922,5.981,6.155,6.155,5.963,0.0,6.383,5.223,40220795.0,0.0,241215869.089,0.0,0.0,0.0,20230828,20230828,100601784,5.803,0.0,0.0,5.978,5.977,5.976,5.975,5.974,0.0,0.0,0.0,0.0,0.0,5.981,5.982,5.983,5.984,5.985,0.0,0.0,0.0,0.0,0.0,209900.0,19900.0,20000.0,285000.0,254800.0,0.0,0.0,0.0,0.0,0.0,50000.0,290000.0,509300.0,194200.0,244200.0,0.0,0.0,0.0,0.0,0.0
20230828100604764,SZSE,SZSE.ETF.159922,5.981,6.155,6.155,5.963,0.0,6.383,5.223,40220795.0,0.0,241215869.089,0.0,0.0,0.0,20230828,20230828,100604765,5.803,0.0,0.0,5.978,5.977,5.976,5.975,5.974,0.0,0.0,0.0,0.0,0.0,5.981,5.982,5.983,5.984,5.985,0.0,0.0,0.0,0.0,0.0,19900.0,209900.0,60000.0,365000.0,273200.0,0.0,0.0,0.0,0.0,0.0,10000.0,440000.0,319300.0,174200.0,284200.0,0.0,0.0,0.0,0.0,0.0
20230828100607808,SZSE,SZSE.ETF.159922,5.981,6.155,6.155,5.963,0.0,6.383,5.223,40220795.0,0.0,241215869.089,0.0,0.0,0.0,20230828,20230828,100607807,5.803,0.0,0.0,5.979,5.978,5.977,5.976,5.975,0.0,0.0,0.0,0.0,0.0,5.981,5.982,5.983,5.984,5.985,0.0,0.0,0.0,0.0,0.0,19900.0,19900.0,430000.0,90000.0,339800.0,0.0,0.0,0.0,0.0,0.0,10000.0,50000.0,69300.0,614200.0,504200.0,0.0,0.0,0.0,0.0,0.0
20230828100610812,SZSE,SZSE.ETF.159922,5.981,6.155,6.155,5.963,0.0,6.383,5.223,40220895.0,100.0,241216467.189,598.1000000238419,0.0,0.0,20230828,20230828,100610813,5.803,0.0,0.0,5.98,5.979,5.978,5.977,5.976,0.0,0.0,0.0,0.0,0.0,5.981,5.982,5.983,5.984,5.985,0.0,0.0,0.0,0.0,0.0,19900.0,209900.0,59900.0,322000.0,244800.0,0.0,0.0,0.0,0.0,0.0,9900.0,10000.0,29300.0,313100.0,574200.0,0.0,0.0,0.0,0.0,0.0
20230828100613832,SZSE,SZSE.ETF.159922,5.981,6.155,6.155,5.963,0.0,6.383,5.223,40221395.0,500.0,241219457.689,2990.5,0.0,0.0,20230828,20230828,100613830,5.803,0.0,0.0,5.979,5.978,5.977,5.976,5.975,0.0,0.0,0.0,0.0,0.0,5.981,5.983,5.984,5.985,5.986,0.0,0.0,0.0,0.0,0.0,19900.0,209900.0,182000.0,328400.0,227800.0,0.0,0.0,0.0,0.0,0.0,9400.0,419300.0,334900.0,128400.0,111100.0,0.0,0.0,0.0,0.0,0.0
20230828100616816,SZSE,SZSE.ETF.159922,5.981,6.155,6.155,5.963,0.0,6.383,5.223,40221595.0,200.0,241220653.889,1196.199999988079,0.0,0.0,20230828,20230828,100616814,5.803,0.0,0.0,5.979,5.978,5.977,5.976,5.975,0.0,0.0,0.0,0.0,0.0,5.981,5.983,5.984,5.985,5.986,0.0,0.0,0.0,0.0,0.0,19900.0,249900.0,40000.0,394800.0,203400.0,0.0,0.0,0.0,0.0,0.0,9200.0,199300.0,616000.0,100000.0,78400.0,0.0,0.0,0.0,0.0,0.0
20230828100619800,SZSE,SZSE.ETF.159922,5.98,6.155,6.155,5.963,0.0,6.383,5.223,40221706.0,111.0,241221317.669,663.7800000011921,0.0,0.0,20230828,20230828,100619800,5.803,0.0,0.0,5.98,5.979,5.978,5.977,5.976,0.0,0.0,0.0,0.0,0.0,5.981,5.983,5.984,5.985,5.986,0.0,0.0,0.0,0.0,0.0,19789.0,209900.0,59900.0,456800.0,110000.0,0.0,0.0,0.0,0.0,0.0,9200.0,9300.0,386000.0,480100.0,98400.0,0.0,0.0,0.0,0.0,0.0
20230828100622800,SZSE,SZSE.ETF.159922,5.981,6.155,6.155,5.963,0.0,6.383,5.223,40223406.0,1700.0,241231485.369,10167.699999988079,0.0,0.0,20230828,20230828,100622801,5.803,0.0,0.0,5.981,5.98,5.979,5.978,5.977,0.0,0.0,0.0,0.0,0.0,5.983,5.984,5.985,5.986,5.987,0.0,0.0,0.0,0.0,0.0,19800.0,69789.0,209900.0,374800.0,212000.0,0.0,0.0,0.0,0.0,0.0,9300.0,436000.0,80100.0,538400.0,160000.0,0.0,0.0,0.0,0.0,0.0
20230828100625784,SZSE,SZSE.ETF.159922,5.981,6.155,6.155,5.963,0.0,6.383,5.223,40223406.0,0.0,241231485.369,0.0,0.0,0.0,20230828,20230828,100625785,5.803,0.0,0.0,5.98,5.979,5.978,5.977,5.976,0.0,0.0,0.0,0.0,0.0,5.983,5.984,5.985,5.986,5.987,0.0,0.0,0.0,0.0,0.0,209789.0,69900.0,100000.0,525200.0,130000.0,0.0,0.0,0.0,0.0,0.0,59300.0,75000.0,520000.0,300000.0,158400.0,0.0,0.0,0.0,0.0,0.0
20230828100628796,SZSE,SZSE.ETF.159922,5.981,6.155,6.155,5.963,0.0,6.383,5.223,40223406.0,0.0,241231485.369,0.0,0.0,0.0,20230828,20230828,100628796,5.803,0.0,0.0,5.978,5.977,5.976,5.975,5.974,0.0,0.0,0.0,0.0,0.0,5.981,5.982,5.983,5.984,5.985,0.0,0.0,0.0,0.0,0.0,50000.0,341800.0,158400.0,103000.0,441800.0,0.0,0.0,0.0,0.0,0.0,100.0,490100.0,481400.0,114900.0,60000.0,0.0,0.0,0.0,0.0,0.0
20230828100631800,SZSE,SZSE.ETF.159922,5.981,6.155,6.155,5.963,0.0,6.383,5.223,40223906.0,500.0,241234475.869,2990.5,0.0,0.0,20230828,20230828,100631798,5.803,0.0,0.0,5.977,5.976,5.975,5.974,5.973,0.0,0.0,0.0,0.0,0.0,5.981,5.982,5.983,5.984,5.985,0.0,0.0,0.0,0.0,0.0,19900.0,329800.0,215000.0,393200.0,90400.0,0.0,0.0,0.0,0.0,0.0,190000.0,660000.0,182400.0,84900.0,148400.0,0.0,0.0,0.0,0.0,0.0
20230828100634748,SZSE,SZSE.ETF.159922,5.981,6.155,6.155,5.963,0.0,6.383,5.223,40223906.0,0.0,241234475.869,0.0,0.0,0.0,20230828,20230828,100634748,5.803,0.0,0.0,5.976,5.975,5.974,5.973,5.972,0.0,0.0,0.0,0.0,0.0,5.98,5.981,5.982,5.983,5.984,0.0,0.0,0.0,0.0,0.0,269800.0,83000.0,70000.0,340800.0,226500.0,0.0,0.0,0.0,0.0,0.0,440000.0,290000.0,60000.0,172400.0,54900.0,0.0,0.0,0.0,0.0,0.0
20230828100637764,SZSE,SZSE.ETF.159922,5.981,6.155,6.155,5.963,0.0,6.383,5.223,40223906.0,0.0,241234475.869,0.0,0.0,0.0,20230828,20230828,100637763,5.803,0.0,0.0,5.976,5.975,5.974,5.973,5.972,0.0,0.0,0.0,0.0,0.0,5.979,5.98,5.981,5.982,5.983,0.0,0.0,0.0,0.0,0.0,20000.0,213000.0,40000.0,70400.0,300200.0,0.0,0.0,0.0,0.0,0.0,40000.0,670000.0,260000.0,90000.0,142400.0,0.0,0.0,0.0,0.0,0.0
20230828100640748,SZSE,SZSE.ETF.159922,5.981,6.155,6.155,5.963,0.0,6.383,5.223,40223906.0,0.0,241234475.869,0.0,0.0,0.0,20230828,20230828,100640749,5.803,0.0,0.0,5.975,5.974,5.973,5.972,5.971,0.0,0.0,0.0,0.0,0.0,5.979,5.98,5.981,5.982,5.983,0.0,0.0,0.0,0.0,0.0,213000.0,40000.0,90400.0,260200.0,366900.0,0.0,0.0,0.0,0.0,0.0,240000.0,690000.0,148700.0,50000.0,210900.0,0.0,0.0,0.0,0.0,0.0
20230828100643760,SZSE,SZSE.ETF.159922,5.981,6.155,6.155,5.963,0.0,6.383,5.223,40223906.0,0.0,241234475.869,0.0,0.0,0.0,20230828,20230828,100643758,5.803,0.0,0.0,5.976,5.975,5.974,5.973,5.972,0.0,0.0,0.0,0.0,0.0,5.979,5.98,5.981,5.982,5.983,0.0,0.0,0.0,0.0,0.0,19900.0,213000.0,60000.0,80400.0,386500.0,0.0,0.0,0.0,0.0,0.0,40000.0,670000.0,249800.0,60000.0,69800.0,0.0,0.0,0.0,0.0,0.0
20230828100646748,SZSE,SZSE.ETF.159922,5.981,6.155,6.155,5.963,0.0,6.383,5.223,40223906.0,0.0,241234475.869,0.0,0.0,0.0,20230828,20230828,100646747,5.803,0.0,0.0,5.976,5.975,5.974,5.973,5.972,0.0,0.0,0.0,0.0,0.0,5.979,5.98,5.981,5.982,5.983,0.0,0.0,0.0,0.0,0.0,19900.0,213000.0,20000.0,465200.0,160200.0,0.0,0.0,0.0,0.0,0.0,40000.0,80000.0,819800.0,60000.0,89800.0,0.0,0.0,0.0,0.0,0.0
20230828100649720,SZSE,SZSE.ETF.159922,5.981,6.155,6.155,5.963,0.0,6.383,5.223,40223906.0,0.0,241234475.869,0.0,0.0,0.0,20230828,20230828,100649720,5.803,0.0,0.0,5.976,5.975,5.974,5.973,5.972,0.0,0.0,0.0,0.0,0.0,5.979,5.98,5.981,5.982,5.983,0.0,0.0,0.0,0.0,0.0,19900.0,213000.0,20000.0,467200.0,150200.0,0.0,0.0,0.0,0.0,0.0,40000.0,80000.0,829800.0,70000.0,69800.0,0.0,0.0,0.0,0.0,0.0
20230828100652712,SZSE,SZSE.ETF.159922,5.975,6.155,6.155,5.963,0.0,6.383,5.223,40302506.0,78600.0,241704163.269,469687.40000000596,0.0,0.0,20230828,20230828,100652711,5.803,0.0,0.0,5.975,5.973,5.972,5.971,5.97,0.0,0.0,0.0,0.0,0.0,5.979,5.98,5.981,5.982,5.983,0.0,0.0,0.0,0.0,0.0,216800.0,342400.0,315000.0,130100.0,10700.0,0.0,0.0,0.0,0.0,0.0,109900.0,80000.0,839800.0,60000.0,69800.0,0.0,0.0,0.0,0.0,0.0
20230828100655700,SZSE,SZSE.ETF.159922,5.975,6.155,6.155,5.963,0.0,6.383,5.223,40381106.0,78600.0,242173798.269,469635.0,0.0,0.0,20230828,20230828,100655701,5.803,0.0,0.0,5.975,5.974,5.973,5.972,5.971,0.0,0.0,0.0,0.0,0.0,5.979,5.98,5.981,5.982,5.983,0.0,0.0,0.0,0.0,0.0,178200.0,100000.0,457200.0,141700.0,110100.0,0.0,0.0,0.0,0.0,0.0,69900.0,250000.0,649800.0,100000.0,109800.0,0.0,0.0,0.0,0.0,0.0
20230828100658748,SZSE,SZSE.ETF.159922,5.978,6.155,6.155,5.963,0.0,6.383,5.223,40397206.0,16100.0,242270004.769,96206.5,0.0,0.0,20230828,20230828,100658749,5.803,0.0,0.0,5.975,5.974,5.973,5.972,5.971,0.0,0.0,0.0,0.0,0.0,5.978,5.979,5.98,5.981,5.982,0.0,0.0,0.0,0.0,0.0,115200.0,150000.0,392400.0,256500.0,110100.0,0.0,0.0,0.0,0.0,0.0,47000.0,59900.0,250000.0,649800.0,100000.0,0.0,0.0,0.0,0.0,0.0
20230828100701720,SZSE,SZSE.ETF.159922,5.976,6.155,6.155,5.963,0.0,6.383,5.223,40410306.0,13100.0,242348290.369,78285.59999999404,0.0,0.0,20230828,20230828,100701721,5.803,0.0,0.0,5.976,5.975,5.974,5.973,5.972,0.0,0.0,0.0,0.0,0.0,5.978,5.979,5.98,5.981,5.982,0.0,0.0,0.0,0.0,0.0,36900.0,165200.0,200000.0,455200.0,71700.0,0.0,0.0,0.0,0.0,0.0,97000.0,69900.0,280000.0,669800.0,118500.0,0.0,0.0,0.0,0.0,0.0
20230828100704744,SZSE,SZSE.ETF.159922,5.975,6.155,6.155,5.963,0.0,6.383,5.223,40436506.0,26200.0,242504835.369,156545.0,0.0,0.0,20230828,20230828,100704744,5.803,0.0,0.0,5.976,5.975,5.974,5.973,5.972,0.0,0.0,0.0,0.0,0.0,5.977,5.978,5.979,5.98,5.981,0.0,0.0,0.0,0.0,0.0,190000.0,50100.0,120000.0,330400.0,265000.0,0.0,0.0,0.0,0.0,0.0,50000.0,97000.0,109900.0,280000.0,639800.0,0.0,0.0,0.0,0.0,0.0
20230828100707792,SZSE,SZSE.ETF.159922,5.975,6.155,6.155,5.963,0.0,6.383,5.223,40436506.0,0.0,242504835.369,0.0,0.0,0.0,20230828,20230828,100707794,5.803,0.0,0.0,5.976,5.975,5.974,5.973,5.972,0.0,0.0,0.0,0.0,0.0,5.977,5.978,5.979,5.98,5.981,0.0,0.0,0.0,0.0,0.0,192500.0,50100.0,120000.0,150400.0,475000.0,0.0,0.0,0.0,0.0,0.0,60000.0,116900.0,89900.0,510000.0,468300.0,0.0,0.0,0.0,0.0,0.0
20230828100710792,SZSE,SZSE.ETF.159922,5.976,6.155,6.155,5.963,0.0,6.383,5.223,40629006.0,192500.0,243655215.369,1150380.0,0.0,0.0,20230828,20230828,100710791,5.803,0.0,0.0,5.975,5.974,5.973,5.972,5.971,0.0,0.0,0.0,0.0,0.0,5.976,5.977,5.978,5.979,5.98,0.0,0.0,0.0,0.0,0.0,100.0,50000.0,140400.0,380200.0,232100.0,0.0,0.0,0.0,0.0,0.0,29900.0,129900.0,659900.0,60000.0,90000.0,0.0,0.0,0.0,0.0,0.0
20230828100713824,SZSE,SZSE.ETF.159922,5.975,6.155,6.155,5.963,0.0,6.383,5.223,40633506.0,4500.0,243682102.869,26887.5,0.0,0.0,20230828,20230828,100713825,5.803,0.0,0.0,5.974,5.973,5.972,5.971,5.97,0.0,0.0,0.0,0.0,0.0,5.976,5.977,5.978,5.979,5.98,0.0,0.0,0.0,0.0,0.0,50000.0,50400.0,116200.0,338600.0,300700.0,0.0,0.0,0.0,0.0,0.0,331600.0,399900.0,530000.0,50000.0,58500.0,0.0,0.0,0.0,0.0,0.0
20230828100716780,SZSE,SZSE.ETF.159922,5.975,6.155,6.155,5.963,0.0,6.383,5.223,40633506.0,0.0,243682102.869,0.0,0.0,0.0,20230828,20230828,100716780,5.803,0.0,0.0,5.973,5.972,5.971,5.97,5.969,0.0,0.0,0.0,0.0,0.0,5.974,5.975,5.976,5.977,5.978,0.0,0.0,0.0,0.0,0.0,50400.0,56200.0,354600.0,119200.0,456800.0,0.0,0.0,0.0,0.0,0.0,26200.0,145400.0,345400.0,559900.0,60000.0,0.0,0.0,0.0,0.0,0.0
20230828100719768,SZSE,SZSE.ETF.159922,5.974,6.155,6.155,5.963,0.0,6.383,5.223,40633606.0,100.0,243682700.269,597.4000000059605,0.0,0.0,20230828,20230828,100719767,5.803,0.0,0.0,5.973,5.972,5.971,5.97,5.969,0.0,0.0,0.0,0.0,0.0,5.974,5.975,5.976,5.977,5.978,0.0,0.0,0.0,0.0,0.0,50400.0,51700.0,314600.0,130700.0,230500.0,0.0,0.0,0.0,0.0,0.0,31300.0,105400.0,715400.0,199900.0,108500.0,0.0,0.0,0.0,0.0,0.0
