TradeDate,OrigTime,BidPx1,BidPx2,BidPx3,BidPx4,BidPx5,BidSize1,BidSize2,BidSize3,BidSize4,BidSize5,DownLimitPx,HighPx,LastPx,LowPx,OFI1,OFI2,OFI3,OFI4,OFI5,OfferPx1,OfferPx2,OfferPx3,OfferPx4,OfferPx5,OfferSize1,OfferSize2,OfferSize3,OfferSize4,OfferSize5,OpenPx,PreClosePx,PxChange1,PxChange2,TotalValueTrade,TotalVolumeTrade,UpLimitPx,aOF1,aOF2,aOF3,aOF4,aOF5,abs_diff,abs_diff_v,amount,ask_spread,bOF1,bOF2,bOF3,bOF4,bOF5,bid_ask_spread,bid_spread,close,df_max,df_min,energy,energy_v,f_max,f_min,high,iqr_p,iqr_p_v,log_return,low,mid,minute,open,price_spread,price_spread2,tendency,ticker,total_ask_qty,total_bid_qty,total_qty_diff,total_volume,volatility,volatility_QMLE,volume,volume_imbalance,vwap,wap1,weighted_ask_prc,weighted_bid_prc
0.0,0.0,0.0,0.0,0.0,0.0,0.0,0.0,0.0,0.0,0.0,0.0,0.0,0.0,0.0,0.0,0.0,0.0,0.0,0.0,0.0,0.0,0.0,0.0,0.0,0.0,0.0,0.0,0.0,0.0,0.0,0.0,0.0,0.0,0.0,0.0,0.0,0.0,0.0,0.0,0.0,0.0,0.0,0.0,0.0,0.0,0.0,0.0,0.0,0.0,0.0,0.0,0.0,0.0,0.0,0.0,0.0,0.0,0.0,0.0,0.0,0.0,0.0,0.0,0.0,0.0,0.0,0.0,0.0,0.0,0.0,0.0,0.0,0.0,0.0,0.0,0.0,0.0,0.0,0.0,0.0,0.0,0.0,0.0,0.0
0.0,0.0,0.0,0.0,0.0,0.0,0.0,0.0,0.0,0.0,0.0,0.0,0.0,0.0,0.0,0.0,0.0,0.0,0.0,0.0,0.0,0.0,0.0,0.0,0.0,0.0,0.0,0.0,0.0,0.0,0.0,0.0,0.0,0.0,0.0,0.0,0.0,0.0,0.0,0.0,0.0,0.0,0.0,0.0,0.0,0.0,0.0,0.0,0.0,0.0,0.0,0.0,0.0,0.0,0.0,0.0,0.0,0.0,0.0,0.0,0.0,0.0,0.0,0.0,0.0,0.0,0.0,0.0,0.0,0.0,0.0,0.0,0.0,0.0,0.0,0.0,0.0,0.0,0.0,0.0,0.0,0.0,0.0,0.0,0.0
0.0,0.0,0.0,0.0,0.0,0.0,0.0,0.0,0.0,0.0,0.0,0.0,0.0,0.0,0.0,0.0,0.0,0.0,0.0,0.0,0.0,0.0,0.0,0.0,0.0,0.0,0.0,0.0,0.0,0.0,0.0,0.0,0.0,0.0,0.0,0.0,0.0,0.0,0.0,0.0,0.0,0.0,0.0,0.0,0.0,0.0,0.0,0.0,0.0,0.0,0.0,0.0,0.0,0.0,0.0,0.0,0.0,0.0,0.0,0.0,0.0,0.0,0.0,0.0,0.0,0.0,0.0,0.0,0.0,0.0,0.0,0.0,0.0,0.0,0.0,0.0,0.0,0.0,0.0,0.0,0.0,0.0,0.0,0.0,0.0
0.0,0.0,0.0,0.0,0.0,0.0,0.0,0.0,0.0,0.0,0.0,0.0,0.0,0.0,0.0,0.0,0.0,0.0,0.0,0.0,0.0,0.0,0.0,0.0,0.0,0.0,0.0,0.0,0.0,0.0,0.0,0.0,0.0,0.0,0.0,0.0,0.0,0.0,0.0,0.0,0.0,0.0,0.0,0.0,0.0,0.0,0.0,0.0,0.0,0.0,0.0,0.0,0.0,0.0,0.0,0.0,0.0,0.0,0.0,0.0,0.0,0.0,0.0,0.0,0.0,0.0,0.0,0.0,0.0,0.0,0.0,0.0,0.0,0.0,0.0,0.0,0.0,0.0,0.0,0.0,0.0,0.0,0.0,0.0,0.0
0.0,0.0,0.0,0.0,0.0,0.0,0.0,0.0,0.0,0.0,0.0,0.0,0.0,0.0,0.0,0.0,0.0,0.0,0.0,0.0,0.0,0.0,0.0,0.0,0.0,0.0,0.0,0.0,0.0,0.0,0.0,0.0,0.0,0.0,0.0,0.0,0.0,0.0,0.0,0.0,0.0,0.0,0.0,0.0,0.0,0.0,0.0,0.0,0.0,0.0,0.0,0.0,0.0,0.0,0.0,0.0,0.0,0.0,0.0,0.0,0.0,0.0,0.0,0.0,0.0,0.0,0.0,0.0,0.0,0.0,0.0,0.0,0.0,0.0,0.0,0.0,0.0,0.0,0.0,0.0,0.0,0.0,0.0,0.0,0.0
0.0,0.0,0.0,0.0,0.0,0.0,0.0,0.0,0.0,0.0,0.0,0.0,0.0,0.0,0.0,0.0,0.0,0.0,0.0,0.0,0.0,0.0,0.0,0.0,0.0,0.0,0.0,0.0,0.0,0.0,0.0,0.0,0.0,0.0,0.0,0.0,0.0,0.0,0.0,0.0,0.0,0.0,0.0,0.0,0.0,0.0,0.0,0.0,0.0,0.0,0.0,0.0,0.0,0.0,0.0,0.0,0.0,0.0,0.0,0.0,0.0,0.0,0.0,0.0,0.0,0.0,0.0,0.0,0.0,0.0,0.0,0.0,0.0,0.0,0.0,0.0,0.0,0.0,0.0,0.0,0.0,0.0,0.0,0.0,0.0
0.0,0.0,0.0,0.0,0.0,0.0,0.0,0.0,0.0,0.0,0.0,0.0,0.0,0.0,0.0,0.0,0.0,0.0,0.0,0.0,0.0,0.0,0.0,0.0,0.0,0.0,0.0,0.0,0.0,0.0,0.0,0.0,0.0,0.0,0.0,0.0,0.0,0.0,0.0,0.0,0.0,0.0,0.0,0.0,0.0,0.0,0.0,0.0,0.0,0.0,0.0,0.0,0.0,0.0,0.0,0.0,0.0,0.0,0.0,0.0,0.0,0.0,0.0,0.0,0.0,0.0,0.0,0.0,0.0,0.0,0.0,0.0,0.0,0.0,0.0,0.0,0.0,0.0,0.0,0.0,0.0,0.0,0.0,0.0,0.0
0.0,0.0,0.0,0.0,0.0,0.0,0.0,0.0,0.0,0.0,0.0,0.0,0.0,0.0,0.0,0.0,0.0,0.0,0.0,0.0,0.0,0.0,0.0,0.0,0.0,0.0,0.0,0.0,0.0,0.0,0.0,0.0,0.0,0.0,0.0,0.0,0.0,0.0,0.0,0.0,0.0,0.0,0.0,0.0,0.0,0.0,0.0,0.0,0.0,0.0,0.0,0.0,0.0,0.0,0.0,0.0,0.0,0.0,0.0,0.0,0.0,0.0,0.0,0.0,0.0,0.0,0.0,0.0,0.0,0.0,0.0,0.0,0.0,0.0,0.0,0.0,0.0,0.0,0.0,0.0,0.0,0.0,0.0,0.0,0.0
0.0,0.0,0.0,0.0,0.0,0.0,0.0,0.0,0.0,0.0,0.0,0.0,0.0,0.0,0.0,0.0,0.0,0.0,0.0,0.0,0.0,0.0,0.0,0.0,0.0,0.0,0.0,0.0,0.0,0.0,0.0,0.0,0.0,0.0,0.0,0.0,0.0,0.0,0.0,0.0,0.0,0.0,0.0,0.0,0.0,0.0,0.0,0.0,0.0,0.0,0.0,0.0,0.0,0.0,0.0,0.0,0.0,0.0,0.0,0.0,0.0,0.0,0.0,0.0,0.0,0.0,0.0,0.0,0.0,0.0,0.0,0.0,0.0,0.0,0.0,0.0,0.0,0.0,0.0,0.0,0.0,0.0,0.0,0.0,0.0
0.0,0.0,0.0,0.0,0.0,0.0,0.0,0.0,0.0,0.0,0.0,0.0,0.0,0.0,0.0,0.0,0.0,0.0,0.0,0.0,0.0,0.0,0.0,0.0,0.0,0.0,0.0,0.0,0.0,0.0,0.0,0.0,0.0,0.0,0.0,0.0,0.0,0.0,0.0,0.0,0.0,0.0,0.0,0.0,0.0,0.0,0.0,0.0,0.0,0.0,0.0,0.0,0.0,0.0,0.0,0.0,0.0,0.0,0.0,0.0,0.0,0.0,0.0,0.0,0.0,0.0,0.0,0.0,0.0,0.0,0.0,0.0,0.0,0.0,0.0,0.0,0.0,0.0,0.0,0.0,0.0,0.0,0.0,0.0,0.0
0.0,0.0,0.0,0.0,0.0,0.0,0.0,0.0,0.0,0.0,0.0,0.0,0.0,0.0,0.0,0.0,0.0,0.0,0.0,0.0,0.0,0.0,0.0,0.0,0.0,0.0,0.0,0.0,0.0,0.0,0.0,0.0,0.0,0.0,0.0,0.0,0.0,0.0,0.0,0.0,0.0,0.0,0.0,0.0,0.0,0.0,0.0,0.0,0.0,0.0,0.0,0.0,0.0,0.0,0.0,0.0,0.0,0.0,0.0,0.0,0.0,0.0,0.0,0.0,0.0,0.0,0.0,0.0,0.0,0.0,0.0,0.0,0.0,0.0,0.0,0.0,0.0,0.0,0.0,0.0,0.0,0.0,0.0,0.0,0.0
0.0,0.0,0.0,0.0,0.0,0.0,0.0,0.0,0.0,0.0,0.0,0.0,0.0,0.0,0.0,0.0,0.0,0.0,0.0,0.0,0.0,0.0,0.0,0.0,0.0,0.0,0.0,0.0,0.0,0.0,0.0,0.0,0.0,0.0,0.0,0.0,0.0,0.0,0.0,0.0,0.0,0.0,0.0,0.0,0.0,0.0,0.0,0.0,0.0,0.0,0.0,0.0,0.0,0.0,0.0,0.0,0.0,0.0,0.0,0.0,0.0,0.0,0.0,0.0,0.0,0.0,0.0,0.0,0.0,0.0,0.0,0.0,0.0,0.0,0.0,0.0,0.0,0.0,0.0,0.0,0.0,0.0,0.0,0.0,0.0
0.0,0.0,0.0,0.0,0.0,0.0,0.0,0.0,0.0,0.0,0.0,0.0,0.0,0.0,0.0,0.0,0.0,0.0,0.0,0.0,0.0,0.0,0.0,0.0,0.0,0.0,0.0,0.0,0.0,0.0,0.0,0.0,0.0,0.0,0.0,0.0,0.0,0.0,0.0,0.0,0.0,0.0,0.0,0.0,0.0,0.0,0.0,0.0,0.0,0.0,0.0,0.0,0.0,0.0,0.0,0.0,0.0,0.0,0.0,0.0,0.0,0.0,0.0,0.0,0.0,0.0,0.0,0.0,0.0,0.0,0.0,0.0,0.0,0.0,0.0,0.0,0.0,0.0,0.0,0.0,0.0,0.0,0.0,0.0,0.0
0.0,0.0,0.0,0.0,0.0,0.0,0.0,0.0,0.0,0.0,0.0,0.0,0.0,0.0,0.0,0.0,0.0,0.0,0.0,0.0,0.0,0.0,0.0,0.0,0.0,0.0,0.0,0.0,0.0,0.0,0.0,0.0,0.0,0.0,0.0,0.0,0.0,0.0,0.0,0.0,0.0,0.0,0.0,0.0,0.0,0.0,0.0,0.0,0.0,0.0,0.0,0.0,0.0,0.0,0.0,0.0,0.0,0.0,0.0,0.0,0.0,0.0,0.0,0.0,0.0,0.0,0.0,0.0,0.0,0.0,0.0,0.0,0.0,0.0,0.0,0.0,0.0,0.0,0.0,0.0,0.0,0.0,0.0,0.0,0.0
0.0,0.0,0.0,0.0,0.0,0.0,0.0,0.0,0.0,0.0,0.0,0.0,0.0,0.0,0.0,0.0,0.0,0.0,0.0,0.0,0.0,0.0,0.0,0.0,0.0,0.0,0.0,0.0,0.0,0.0,0.0,0.0,0.0,0.0,0.0,0.0,0.0,0.0,0.0,0.0,0.0,0.0,0.0,0.0,0.0,0.0,0.0,0.0,0.0,0.0,0.0,0.0,0.0,0.0,0.0,0.0,0.0,0.0,0.0,0.0,0.0,0.0,0.0,0.0,0.0,0.0,0.0,0.0,0.0,0.0,0.0,0.0,0.0,0.0,0.0,0.0,0.0,0.0,0.0,0.0,0.0,0.0,0.0,0.0,0.0
0.0,0.0,0.0,0.0,0.0,0.0,0.0,0.0,0.0,0.0,0.0,0.0,0.0,0.0,0.0,0.0,0.0,0.0,0.0,0.0,0.0,0.0,0.0,0.0,0.0,0.0,0.0,0.0,0.0,0.0,0.0,0.0,0.0,0.0,0.0,0.0,0.0,0.0,0.0,0.0,0.0,0.0,0.0,0.0,0.0,0.0,0.0,0.0,0.0,0.0,0.0,0.0,0.0,0.0,0.0,0.0,0.0,0.0,0.0,0.0,0.0,0.0,0.0,0.0,0.0,0.0,0.0,0.0,0.0,0.0,0.0,0.0,0.0,0.0,0.0,0.0,0.0,0.0,0.0,0.0,0.0,0.0,0.0,0.0,0.0
0.0,0.0,0.0,0.0,0.0,0.0,0.0,0.0,0.0,0.0,0.0,0.0,0.0,0.0,0.0,0.0,0.0,0.0,0.0,0.0,0.0,0.0,0.0,0.0,0.0,0.0,0.0,0.0,0.0,0.0,0.0,0.0,0.0,0.0,0.0,0.0,0.0,0.0,0.0,0.0,0.0,0.0,0.0,0.0,0.0,0.0,0.0,0.0,0.0,0.0,0.0,0.0,0.0,0.0,0.0,0.0,0.0,0.0,0.0,0.0,0.0,0.0,0.0,0.0,0.0,0.0,0.0,0.0,0.0,0.0,0.0,0.0,0.0,0.0,0.0,0.0,0.0,0.0,0.0,0.0,0.0,0.0,0.0,0.0,0.0
0.0,0.0,0.0,0.0,0.0,0.0,0.0,0.0,0.0,0.0,0.0,0.0,0.0,0.0,0.0,0.0,0.0,0.0,0.0,0.0,0.0,0.0,0.0,0.0,0.0,0.0,0.0,0.0,0.0,0.0,0.0,0.0,0.0,0.0,0.0,0.0,0.0,0.0,0.0,0.0,0.0,0.0,0.0,0.0,0.0,0.0,0.0,0.0,0.0,0.0,0.0,0.0,0.0,0.0,0.0,0.0,0.0,0.0,0.0,0.0,0.0,0.0,0.0,0.0,0.0,0.0,0.0,0.0,0.0,0.0,0.0,0.0,0.0,0.0,0.0,0.0,0.0,0.0,0.0,0.0,0.0,0.0,0.0,0.0,0.0
0.0,0.0,0.0,0.0,0.0,0.0,0.0,0.0,0.0,0.0,0.0,0.0,0.0,0.0,0.0,0.0,0.0,0.0,0.0,0.0,0.0,0.0,0.0,0.0,0.0,0.0,0.0,0.0,0.0,0.0,0.0,0.0,0.0,0.0,0.0,0.0,0.0,0.0,0.0,0.0,0.0,0.0,0.0,0.0,0.0,0.0,0.0,0.0,0.0,0.0,0.0,0.0,0.0,0.0,0.0,0.0,0.0,0.0,0.0,0.0,0.0,0.0,0.0,0.0,0.0,0.0,0.0,0.0,0.0,0.0,0.0,0.0,0.0,0.0,0.0,0.0,0.0,0.0,0.0,0.0,0.0,0.0,0.0,0.0,0.0
0.0,0.0,0.0,0.0,0.0,0.0,0.0,0.0,0.0,0.0,0.0,0.0,0.0,0.0,0.0,0.0,0.0,0.0,0.0,0.0,0.0,0.0,0.0,0.0,0.0,0.0,0.0,0.0,0.0,0.0,0.0,0.0,0.0,0.0,0.0,0.0,0.0,0.0,0.0,0.0,0.0,0.0,0.0,0.0,0.0,0.0,0.0,0.0,0.0,0.0,0.0,0.0,0.0,0.0,0.0,0.0,0.0,0.0,0.0,0.0,0.0,0.0,0.0,0.0,0.0,0.0,0.0,0.0,0.0,0.0,0.0,0.0,0.0,0.0,0.0,0.0,0.0,0.0,0.0,0.0,0.0,0.0,0.0,0.0,0.0
0.0,0.0,0.0,0.0,0.0,0.0,0.0,0.0,0.0,0.0,0.0,0.0,0.0,0.0,0.0,0.0,0.0,0.0,0.0,0.0,0.0,0.0,0.0,0.0,0.0,0.0,0.0,0.0,0.0,0.0,0.0,0.0,0.0,0.0,0.0,0.0,0.0,0.0,0.0,0.0,0.0,0.0,0.0,0.0,0.0,0.0,0.0,0.0,0.0,0.0,0.0,0.0,0.0,0.0,0.0,0.0,0.0,0.0,0.0,0.0,0.0,0.0,0.0,0.0,0.0,0.0,0.0,0.0,0.0,0.0,0.0,0.0,0.0,0.0,0.0,0.0,0.0,0.0,0.0,0.0,0.0,0.0,0.0,0.0,0.0
0.0,0.0,0.0,0.0,0.0,0.0,0.0,0.0,0.0,0.0,0.0,0.0,0.0,0.0,0.0,0.0,0.0,0.0,0.0,0.0,0.0,0.0,0.0,0.0,0.0,0.0,0.0,0.0,0.0,0.0,0.0,0.0,0.0,0.0,0.0,0.0,0.0,0.0,0.0,0.0,0.0,0.0,0.0,0.0,0.0,0.0,0.0,0.0,0.0,0.0,0.0,0.0,0.0,0.0,0.0,0.0,0.0,0.0,0.0,0.0,0.0,0.0,0.0,0.0,0.0,0.0,0.0,0.0,0.0,0.0,0.0,0.0,0.0,0.0,0.0,0.0,0.0,0.0,0.0,0.0,0.0,0.0,0.0,0.0,0.0
0.0,0.0,0.0,0.0,0.0,0.0,0.0,0.0,0.0,0.0,0.0,0.0,0.0,0.0,0.0,0.0,0.0,0.0,0.0,0.0,0.0,0.0,0.0,0.0,0.0,0.0,0.0,0.0,0.0,0.0,0.0,0.0,0.0,0.0,0.0,0.0,0.0,0.0,0.0,0.0,0.0,0.0,0.0,0.0,0.0,0.0,0.0,0.0,0.0,0.0,0.0,0.0,0.0,0.0,0.0,0.0,0.0,0.0,0.0,0.0,0.0,0.0,0.0,0.0,0.0,0.0,0.0,0.0,0.0,0.0,0.0,0.0,0.0,0.0,0.0,0.0,0.0,0.0,0.0,0.0,0.0,0.0,0.0,0.0,0.0
0.0,0.0,0.0,0.0,0.0,0.0,0.0,0.0,0.0,0.0,0.0,0.0,0.0,0.0,0.0,0.0,0.0,0.0,0.0,0.0,0.0,0.0,0.0,0.0,0.0,0.0,0.0,0.0,0.0,0.0,0.0,0.0,0.0,0.0,0.0,0.0,0.0,0.0,0.0,0.0,0.0,0.0,0.0,0.0,0.0,0.0,0.0,0.0,0.0,0.0,0.0,0.0,0.0,0.0,0.0,0.0,0.0,0.0,0.0,0.0,0.0,0.0,0.0,0.0,0.0,0.0,0.0,0.0,0.0,0.0,0.0,0.0,0.0,0.0,0.0,0.0,0.0,0.0,0.0,0.0,0.0,0.0,0.0,0.0,0.0
20230828.0,2.0230828095458776e+16,2.762,2.761,2.76,2.759,2.758,148600.0,394900.0,547100.0,180500.0,192900.0,2.42,2.849,2.762,2.762,-260900.0,-762700.0,-807900.0,-475600.0,-534900.0,2.763,2.764,2.765,2.766,2.767,112300.0,367800.0,260800.0,295100.0,342000.0,2.842,2.689,0.07299999999999995,0.0,70387510.6,25140700.0,2.958,112300.0,367800.0,260800.0,295100.0,342000.0,0.0,0.0,70387510.6,-0.0009999999999998899,-148600.0,-394900.0,-547100.0,-180500.0,-192900.0,0.0019999999999997797,0.0009999999999998899,2.762,0.0,0.0,7.628644,1264109592980000.0,0.0,0.0,2.762,0.0,0.0,-1.8626698434776046e-06,2.762,2.7625,955.0,2.762,0.00036199095022620444,0.0010859728506786134,0.0,159901,1378000.0,1464000.0,-86000.0,2842000.0,0.0014428178566543077,0.0014428178566543073,25140700.0,86000.0,2.799743467763427,2.762569566883863,2.765280624092888,2.7600859289617485
20230828.0,2.0230828095558824e+16,2.76,2.759,2.758,2.757,2.756,48700.0,113800.0,388500.0,147400.0,458300.0,2.42,2.849,2.761,2.76,-187800.0,-153800.0,-1305600.0,-533600.0,-547100.0,2.761,2.762,2.763,2.764,2.765,139100.0,40000.0,917100.0,386200.0,88800.0,2.842,2.689,0.07200000000000006,-0.0009999999999998899,71989734.6,25720900.0,2.958,139100.0,40000.0,917100.0,386200.0,88800.0,0.0009500000000000064,121650.0,1602224.0,-0.0009999999999998899,-48700.0,-113800.0,-388500.0,-147400.0,-458300.0,0.0019999999999997797,0.0009999999999998899,2.761,2.0,4.0,7.62892085,1.280950590776e+16,7.0,13.0,2.763,0.0019999999999997797,151000.0,-0.0008366178430423421,2.761,2.7605,956.0,2.763,0.0003622532149974041,0.0010867596449918905,-1830423.9758419413,159901,1571200.0,1156700.0,414500.0,2727900.0,0.11141286543851889,0.13723973447236282,580200.0,414500.0,2.76150293002413,2.760259318423855,2.7631563136456205,2.7572627301806865
20230828.0,2.0230828095658736e+16,2.761,2.76,2.759,2.758,2.757,342200.0,437700.0,203800.0,575100.0,394600.0,2.42,2.849,2.762,2.76,555600.0,773700.0,1116600.0,852600.0,644400.0,2.762,2.763,2.764,2.765,2.766,213400.0,336000.0,912800.0,277500.0,249800.0,2.842,2.689,0.07299999999999995,0.0009999999999998899,72827089.6,26024200.0,2.958,-213400.0,-336000.0,-912800.0,-277500.0,-249800.0,0.000600000000000378,58450.0,837355.0,-0.0009999999999998899,342200.0,437700.0,203800.0,575100.0,394600.0,0.002000000000000224,0.001000000000000334,2.762,3.0,2.0,7.6253304,1.348149019433e+16,10.0,10.0,2.762,0.0009999999999998899,107500.0,0.0004913520404874472,2.76,2.7615,957.0,2.76,0.00036212203512579755,0.0010863661053775535,1875322.6783816563,159901,1989500.0,1953400.0,36100.0,3942900.0,0.0918188901983183,0.10647269849434543,303300.0,36100.0,2.7608143752060665,2.761615910727142,2.764007187735612,2.758876011057643
20230828.0,2.02308280957588e+16,2.762,2.761,2.76,2.759,2.758,300200.0,756200.0,340800.0,553700.0,448100.0,2.42,2.849,2.763,2.76,398300.0,1119000.0,441600.0,962200.0,626600.0,2.763,2.764,2.765,2.766,2.767,98100.0,362800.0,100800.0,408500.0,178500.0,2.842,2.689,0.07399999999999984,0.0009999999999998899,74160740.6,26507000.0,2.958,-98100.0,-362800.0,-100800.0,-408500.0,-178500.0,0.0004999999999999449,64300.0,1333651.0,-0.0009999999999998899,300200.0,756200.0,340800.0,553700.0,448100.0,0.0019999999999997797,0.0009999999999998899,2.763,3.0,2.0,7.630854099999999,1.386703990714e+16,9.0,11.0,2.763,0.0009999999999998899,147400.0,0.00041191759683667506,2.761,2.7625,958.0,2.762,0.00036199095022620444,0.0010859728506786134,960217.0680493554,159901,1148700.0,2399000.0,-1250300.0,3547700.0,0.08121936119833989,0.09531011684735545,482800.0,1250300.0,2.7623260149130076,2.762753703238765,2.7651797684338817,2.7599611087953315
20230828.0,2.023082809585877e+16,2.765,2.764,2.763,2.762,2.761,57800.0,584200.0,571800.0,385300.0,263700.0,2.42,2.849,2.765,2.76,163000.0,744800.0,933100.0,710500.0,290700.0,2.766,2.767,2.768,2.769,2.77,105200.0,160600.0,361300.0,325200.0,27000.0,2.842,2.689,0.07600000000000007,0.002000000000000224,75206052.6,26885200.0,2.958,-105200.0,-160600.0,-361300.0,-325200.0,-27000.0,0.0004999999999999449,83280.0,1045312.0,-0.0009999999999998899,57800.0,584200.0,571800.0,385300.0,263700.0,0.002000000000000224,0.001000000000000334,2.765,4.0,2.0,7.637485299999999,1.4193497056e+16,11.0,9.0,2.765,0.0009999999999998899,118450.0,0.0009409722230069306,2.763,2.7655000000000003,959.0,2.763,0.0003615982643282914,0.0010847947929850349,1934082.2014235035,159901,979300.0,1862800.0,-883500.0,2842100.0,0.08474407015040954,0.10691785951771947,378200.0,883500.0,2.763913273400317,2.765354601226994,2.7680083733278873,2.762885709684346
20230828.0,2.023082809595878e+16,2.763,2.762,2.761,2.76,2.759,12000.0,175600.0,34300.0,243900.0,260200.0,2.42,2.849,2.763,2.76,-612400.0,-673200.0,-164200.0,-499600.0,-322200.0,2.764,2.765,2.766,2.767,2.768,600400.0,497600.0,129900.0,255700.0,62000.0,2.842,2.689,0.07399999999999984,-0.002000000000000224,78515504.7,28082100.0,2.958,600400.0,497600.0,129900.0,255700.0,62000.0,0.0015000000000000568,353125.0,3309452.100000009,-0.001000000000000334,-12000.0,-175600.0,-34300.0,-243900.0,-260200.0,0.002000000000000224,0.0009999999999998899,2.763,3.0,5.0,7.64052755,1.524544033763e+16,9.0,11.0,2.766,0.0030000000000001137,709950.0,-0.00084473526828166,2.762,2.7634999999999996,1000.0,2.765,0.0003618599601953646,0.0010855798805862542,-2023755.9749357682,159901,1545600.0,726000.0,819600.0,2271600.0,0.13710618327290416,0.1487546449901333,1196900.0,819600.0,2.7650197176038174,2.763019595035924,2.7651468038302274,2.7602221763085395
20230828.0,2.0230828100058784e+16,2.762,2.761,2.76,2.759,2.758,269400.0,22300.0,92800.0,120200.0,409200.0,2.42,2.849,2.762,2.76,-902300.0,-82300.0,-197800.0,-330200.0,-511600.0,2.763,2.764,2.765,2.766,2.767,632900.0,60000.0,105000.0,210000.0,102400.0,2.842,2.689,0.07299999999999995,-0.0009999999999998899,79690356.3,28507300.0,2.958,632900.0,60000.0,105000.0,210000.0,102400.0,0.0007500000000004725,157260.0,1174851.599999994,-0.0009999999999998899,-269400.0,-22300.0,-92800.0,-120200.0,-409200.0,0.0019999999999997797,0.0009999999999998899,2.762,2.0,2.0,7.635551250000001,1.596530038168e+16,8.0,12.0,2.765,0.0009999999999998899,229225.0,-0.0002609893939664598,2.762,2.7625,1001.0,2.763,0.00036199095022620444,0.0010859728506786134,-1038062.1919499502,159901,1110300.0,913900.0,196400.0,2024200.0,0.15755670777866307,0.18413041576998165,425200.0,196400.0,2.7630564440263266,2.7622985703202927,2.764179501035756,2.759586935113251
20230828.0,2.0230828100158788e+16,2.763,2.762,2.761,2.76,2.759,20360.0,12200.0,63600.0,495400.0,320200.0,2.42,2.849,2.763,2.76,144360.0,707200.0,356900.0,546400.0,560200.0,2.764,2.765,2.766,2.767,2.768,124000.0,695000.0,293300.0,51000.0,240000.0,2.842,2.689,0.07399999999999984,0.0009999999999998899,82074792.92,29370540.0,2.958,-124000.0,-695000.0,-293300.0,-51000.0,-240000.0,0.0007500000000000284,130778.0,2384436.620000005,-0.001000000000000334,20360.0,12200.0,63600.0,495400.0,320200.0,0.002000000000000224,0.0009999999999998899,2.763,5.0,4.0,7.632788349999997,1.67013004258216e+16,11.0,9.0,2.764,0.0012499999999997513,327600.0,0.0003049407990523001,2.761,2.7634999999999996,1002.0,2.762,0.0003618599601953646,0.0010855798805862542,1032995.6561190845,159901,1403300.0,911760.0,491540.0,2315060.0,0.18666912084023418,0.20788928755616587,863240.0,491540.0,2.7621943144432657,2.7631410362981432,2.7657064063279413,2.759812319031324
20230828.0,2.023082810025875e+16,2.763,2.761,2.76,2.759,2.758,147200.0,350100.0,517500.0,388300.0,111000.0,2.42,2.849,2.764,2.76,240740.0,241300.0,-324800.0,-544600.0,-90900.0,2.764,2.765,2.766,2.767,2.768,10100.0,103600.0,100600.0,207300.0,219900.0,2.842,2.689,0.07499999999999973,0.0009999999999998899,84563993.42,30271340.0,2.958,-113900.0,-591400.0,-192700.0,156300.0,-20100.0,0.0008999999999996788,327545.0,2489200.5,-0.001000000000000334,126840.0,-350100.0,-517500.0,-388300.0,-111000.0,0.0030000000000001137,0.0019999999999997797,2.764,5.0,3.0,7.639143899999999,1.7679400126974e+16,14.0,6.0,2.765,0.0012499999999997513,574200.0,0.00028758608332934976,2.762,2.7634999999999996,1003.0,2.763,0.0003618599601953646,0.0014477017734346738,1054153.2464518459,159901,641500.0,1514100.0,-872600.0,2155600.0,0.20358853231773574,0.21408063003858674,900800.0,872600.0,2.7633220470692716,2.763935791481246,2.766815744349181,2.7601198071461597
20230828.0,2.023082810035879e+16,2.767,2.766,2.765,2.764,2.763,103600.0,124000.0,577700.0,318400.0,38000.0,2.42,2.849,2.767,2.76,157200.0,150000.0,666700.0,520400.0,196200.0,2.768,2.769,2.77,2.771,2.772,53600.0,26000.0,89000.0,202000.0,158200.0,2.842,2.689,0.07799999999999985,0.0030000000000001137,85228194.52,30511640.0,2.958,-53600.0,-26000.0,-89000.0,-202000.0,-158200.0,0.0011500000000004285,71135.0,664201.099999994,-0.001000000000000334,103600.0,124000.0,577700.0,318400.0,38000.0,0.002000000000000224,0.0009999999999998899,2.767,3.0,1.0,7.644397449999997,1.8524951280286e+16,10.0,10.0,2.767,0.002000000000000224,140200.0,0.0013461731301682711,2.763,2.7675,1004.0,2.764,0.00036133694670276053,0.001084010840108442,3313029.1950380495,159901,528800.0,1161700.0,-632900.0,1690500.0,0.20290753995610084,0.1997286721125536,240300.0,632900.0,2.7640495214315193,2.7676590330788806,2.7707284417549167,2.7649455969699575
20230828.0,2.0230828100458828e+16,2.763,2.762,2.761,2.76,2.759,3600.0,411200.0,400500.0,289600.0,290500.0,2.42,2.849,2.765,2.76,-46100.0,-732800.0,-711300.0,-449500.0,-316500.0,2.765,2.766,2.767,2.768,2.769,42500.0,321600.0,310800.0,159900.0,26000.0,2.842,2.689,0.07600000000000007,-0.0019999999999997797,86794573.42,31078340.0,2.958,42500.0,321600.0,310800.0,159900.0,26000.0,0.0011499999999999844,90645.0,1566378.900000006,-0.0009999999999998899,-3600.0,-411200.0,-400500.0,-289600.0,-290500.0,0.0019999999999997797,0.0009999999999998899,2.765,3.0,5.0,7.646056849999999,1.8853824852454e+16,9.0,11.0,2.767,0.0022500000000000853,143575.0,-0.0016282778165188638,2.762,2.7640000000000002,1005.0,2.767,0.0007235890014472589,0.0014471780028943572,-2187519.11499431,159901,860800.0,1395400.0,-534600.0,2256200.0,0.21346609947715434,0.19676429953397453,566700.0,534600.0,2.7640354685018633,2.7631561822125814,2.766773815055762,2.760675935215709
20230828.0,2.0230828100558796e+16,2.761,2.76,2.759,2.758,2.757,250000.0,520400.0,268500.0,401100.0,12900.0,2.42,2.849,2.76,2.76,-300000.0,-700500.0,-378500.0,-1368100.0,-133700.0,2.762,2.764,2.765,2.766,2.767,50000.0,180100.0,110000.0,967000.0,120800.0,2.842,2.689,0.07099999999999973,-0.0050000000000003375,88451821.62,31678240.0,2.958,50000.0,180100.0,110000.0,967000.0,120800.0,0.000900000000000567,137950.0,1657248.200000003,-0.0019999999999997797,-250000.0,-520400.0,-268500.0,-401100.0,-12900.0,0.0030000000000001137,0.001000000000000334,2.76,3.0,3.0,7.6402501,1.9531531756434e+16,8.0,12.0,2.765,0.001000000000000334,295000.0,-0.00047886024065912913,2.76,2.7615,1006.0,2.763,0.00036212203512579755,0.0014482259232440275,-3480745.784658818,159901,1427900.0,1452900.0,-25000.0,2880800.0,0.22906173935773338,0.19136338271442277,599900.0,25000.0,2.762540756792804,2.761833333333333,2.7656152391624063,2.7594084933581113
20230828.0,2.023082810065874e+16,2.762,2.761,2.76,2.759,2.758,900.0,45800.0,311100.0,370200.0,329300.0,2.42,2.849,2.762,2.76,4500.0,125900.0,356100.0,833500.0,308100.0,2.763,2.764,2.765,2.766,2.767,3600.0,100000.0,65000.0,503700.0,142000.0,2.842,2.689,0.07299999999999995,0.002000000000000224,90675448.52,32483440.0,2.958,-3600.0,-80100.0,-45000.0,-463300.0,21200.0,0.00010000000000021103,291525.0,2223626.899999991,-0.0009999999999998899,900.0,45800.0,311100.0,370200.0,329300.0,0.0019999999999997797,0.0009999999999998899,2.762,2.0,2.0,7.6291970000000005,2.0728058258562e+16,2.0,18.0,2.764,0.0,593125.0,0.0001327532420896116,2.76,2.7625,1007.0,2.762,0.00036199095022620444,0.0010859728506786134,155.77694872766733,159901,814300.0,1057300.0,-243000.0,1871600.0,0.242779014268879,0.18953693724343568,805200.0,243000.0,2.761583333333322,2.7622000000000004,2.765835687093209,2.759071975787383
20230828.0,2.0230828100758748e+16,2.76,2.759,2.758,2.757,2.756,21400.0,553900.0,548000.0,201200.0,182300.0,2.42,2.849,2.76,2.759,-249300.0,-554100.0,-708300.0,-374700.0,-401900.0,2.761,2.762,2.763,2.764,2.765,227900.0,200.0,160300.0,173500.0,219600.0,2.842,2.689,0.07099999999999973,-0.002000000000000224,92029973.52,32974140.0,2.958,227900.0,200.0,160300.0,173500.0,219600.0,0.001100000000000101,152570.0,1354525.0,-0.0009999999999998899,-21400.0,-553900.0,-548000.0,-201200.0,-182300.0,0.0019999999999997797,0.0009999999999998899,2.76,1.0,4.0,7.623674999999999,2.1359612197164e+16,4.0,16.0,2.764,0.001000000000000334,432100.0,-0.0007656828391069403,2.76,2.7605,1008.0,2.764,0.0003622532149974041,0.0010867596449918905,-4714178.133341057,159901,781500.0,1506800.0,-725300.0,2288300.0,0.25603866253153823,0.20772210430203578,490700.0,725300.0,2.7603933156714895,2.7600858403529887,2.763200511836213,2.7580205070347756
20230828.0,2.023082810085876e+16,2.759,2.758,2.757,2.756,2.755,14300.0,111200.0,109200.0,100700.0,267200.0,2.42,2.849,2.759,2.759,-834900.0,-439900.0,-253300.0,-230900.0,-388700.0,2.76,2.761,2.762,2.763,2.764,820600.0,328700.0,144100.0,130200.0,121500.0,2.842,2.689,0.06999999999999984,-0.0009999999999998899,93423412.62,33479140.0,2.958,820600.0,328700.0,144100.0,130200.0,121500.0,0.0001500000000000945,54100.0,1393439.100000009,-0.001000000000000334,-14300.0,-111200.0,-109200.0,-100700.0,-267200.0,0.002000000000000224,0.0009999999999998899,2.759,2.0,2.0,7.616772449999999,2.1965231415392e+16,14.0,6.0,2.761,0.0009999999999998899,74900.0,-0.0003872776328968097,2.759,2.7595,1009.0,2.76,0.0003623844899437905,0.0010871534698315324,-1204222.5873129421,159901,1545100.0,602600.0,942500.0,2147700.0,0.23113226175561594,0.18928491886255214,505000.0,942500.0,2.7592853465346714,2.759017127799736,2.7609666041032943,2.7561780617324927
20230828.0,2.0230828100958744e+16,2.753,2.752,2.751,2.75,2.749,10500.0,63800.0,234900.0,100800.0,309700.0,2.42,2.849,2.753,2.753,-194100.0,-174900.0,-1210800.0,-465900.0,-351700.0,2.754,2.755,2.756,2.757,2.758,183600.0,111100.0,975900.0,365100.0,42000.0,2.842,2.689,0.06400000000000006,-0.005999999999999783,94209645.72,33764340.0,2.958,183600.0,111100.0,975900.0,365100.0,42000.0,0.0010999999999996568,44700.0,786233.099999994,-0.0009999999999998899,-10500.0,-63800.0,-234900.0,-100800.0,-309700.0,0.002000000000000224,0.001000000000000334,2.753,1.0,7.0,7.5949879,2.2687697423422e+16,12.0,8.0,2.759,0.0022500000000000853,85425.0,-0.0021636274486087625,2.753,2.7535,1010.0,2.759,0.00036317414200104955,0.00108952242600331,-7335310.319685331,159901,1677700.0,719700.0,958000.0,2397400.0,0.2029121397958236,0.1810897449893501,285200.0,958000.0,2.7567780504908628,2.7530540958268936,2.755982595219646,2.7501171321383913
20230828.0,2.0230828101058776e+16,2.751,2.75,2.749,2.748,2.747,11300.0,1800.0,400500.0,322300.0,380000.0,2.42,2.849,2.751,2.75,-33600.0,-32500.0,-477700.0,-516200.0,-538400.0,2.752,2.753,2.754,2.755,2.756,22300.0,30700.0,77200.0,193900.0,158400.0,2.842,2.689,0.06199999999999983,-0.002000000000000224,95697364.72,34305140.0,2.958,22300.0,30700.0,77200.0,193900.0,158400.0,0.0004999999999999449,135270.0,1487719.0,-0.001000000000000334,-11300.0,-1800.0,-400500.0,-322300.0,-380000.0,0.002000000000000224,0.0009999999999998899,2.751,3.0,5.0,7.570477849999999,2.3004647233004e+16,8.0,12.0,2.753,0.0009999999999998899,271500.0,-0.0006241513527747156,2.75,2.7515,1011.0,2.753,0.0003634381246592367,0.0010903143739778717,-2455322.93274009,159901,482500.0,1115900.0,-633400.0,1598400.0,0.18727741910971152,0.19435891061788,540800.0,633400.0,2.7509596893491124,2.7513363095238095,2.754902383419689,2.7480519759835107
20230828.0,2.0230828101158704e+16,2.756,2.755,2.754,2.753,2.752,11400.0,4600.0,191000.0,300200.0,456000.0,2.42,2.849,2.757,2.75,75000.0,168600.0,191300.0,692300.0,759500.0,2.757,2.758,2.759,2.76,2.761,63600.0,164000.0,300.0,392100.0,303500.0,2.842,2.689,0.06800000000000006,0.006000000000000227,96974827.42,34769140.0,2.958,-63600.0,-164000.0,-300.0,-392100.0,-303500.0,0.0022500000000005294,212260.0,1277462.700000003,-0.0009999999999998899,11400.0,4600.0,191000.0,300200.0,456000.0,0.0019999999999997797,0.0009999999999998899,2.757,5.0,3.0,7.580390949999999,2.3860143788488e+16,8.0,12.0,2.757,0.004999999999999893,435050.0,0.001748779637045672,2.75,2.7565,1012.0,2.751,0.0003627788862689403,0.0010883366588064988,7545126.321230983,159901,923500.0,963200.0,-39700.0,1886700.0,0.16570707495866335,0.1952790099439803,464000.0,39700.0,2.7531523706896617,2.7561519999999997,2.7597665403356793,2.7527699335548172
20230828.0,2.023082810125871e+16,2.753,2.752,2.751,2.75,2.749,204500.0,254100.0,400500.0,452300.0,178400.0,2.42,2.849,2.753,2.75,-312100.0,-303000.0,-572500.0,-580300.0,-446800.0,2.754,2.755,2.756,2.757,2.758,107600.0,48900.0,172000.0,128000.0,268400.0,2.842,2.689,0.06400000000000006,-0.0040000000000000036,97205716.12,34852940.0,2.958,107600.0,48900.0,172000.0,128000.0,268400.0,0.0009999999999998899,26860.0,230888.70000000298,-0.0009999999999998899,-204500.0,-254100.0,-400500.0,-452300.0,-178400.0,0.002000000000000224,0.001000000000000334,2.753,0.0,4.0,7.587547149999999,2.4256720620616e+16,8.0,12.0,2.757,0.0019999999999997797,42100.0,-0.0009062972104778577,2.753,2.7535,1013.0,2.757,0.00036317414200104955,0.00108952242600331,-5056675.705119996,159901,724900.0,1489800.0,-764900.0,2214700.0,0.16196692857579226,0.18382921309125239,83800.0,764900.0,2.755235083532255,2.753655238705543,2.756552765898745,2.7509020002684923
20230828.0,2.0230828101358664e+16,2.752,2.751,2.75,2.749,2.748,67700.0,90400.0,41700.0,409000.0,261800.0,2.42,2.849,2.753,2.75,-108200.0,-234000.0,-165800.0,-1109000.0,-510200.0,2.753,2.754,2.755,2.756,2.757,40500.0,143600.0,124100.0,700000.0,248400.0,2.842,2.689,0.06400000000000006,0.0,98056930.22,35162040.0,2.958,40500.0,143600.0,124100.0,700000.0,248400.0,0.0006842105263151765,137484.21052631736,851214.099999994,-0.0009999999999998899,-67700.0,-90400.0,-41700.0,-409000.0,-261800.0,0.0019999999999997797,0.0009999999999998899,2.753,1.0,2.0,7.5827771578947365,2.32729749661604e+16,11.0,8.0,2.755,0.0009999999999998899,263900.0,-0.00037395315257859885,2.753,2.7525,1014.0,2.754,0.0003633060853770514,0.0010899182561308314,-1277588.1630316367,159901,1256600.0,870600.0,386000.0,2127200.0,0.17386952476738007,0.19600066137577074,309100.0,386000.0,2.7538469750889485,2.7526256931608133,2.755773674996021,2.7491881461061336
20230828.0,2.023082810145861e+16,2.752,2.751,2.75,2.749,2.748,418400.0,406500.0,188600.0,351000.0,49700.0,2.42,2.849,2.753,2.75,294700.0,458700.0,106900.0,505000.0,-320100.0,2.753,2.754,2.755,2.756,2.757,96500.0,1000.0,164100.0,137000.0,356400.0,2.842,2.689,0.06400000000000006,0.0,98955903.22,35488840.0,2.958,56000.0,-142600.0,40000.0,-563000.0,108000.0,0.0006500000000002615,98700.0,898973.0,-0.0009999999999998899,350700.0,316100.0,146900.0,-58000.0,-212100.0,0.0019999999999997797,0.0009999999999998899,2.753,3.0,3.0,7.575431350000002,2.4867114484012e+16,11.0,9.0,2.753,0.001000000000000334,319600.0,6.789352555491845e-05,2.75,2.7525,1015.0,2.753,0.0003633060853770514,0.0010899182561308314,-4103.817066564225,159901,755000.0,1414200.0,-659200.0,2169200.0,0.15537757569668237,0.16305558409825002,326800.0,659200.0,2.7508353733170137,2.752812584967955,2.7558686092715234,2.750560670343657
20230828.0,2.0230828101558692e+16,2.757,2.756,2.755,2.754,2.753,8600.0,573800.0,773900.0,323800.0,91900.0,2.42,2.849,2.758,2.75,12500.0,697400.0,1152600.0,513500.0,206800.0,2.759,2.76,2.761,2.762,2.763,3900.0,123600.0,378700.0,189700.0,114900.0,2.842,2.689,0.06899999999999995,0.004999999999999893,100139039.42,35918240.0,2.958,-3900.0,-123600.0,-378700.0,-189700.0,-114900.0,0.0009500000000004505,77700.0,1183136.200000003,-0.0009999999999998899,8600.0,573800.0,773900.0,323800.0,91900.0,0.002000000000000224,0.001000000000000334,2.758,5.0,1.0,7.595262649999998,2.5563163283332e+16,12.0,8.0,2.758,0.0022500000000000853,190300.0,0.0020189535654817625,2.753,2.758,1016.0,2.753,0.0007251631617113052,0.0014503263234227715,6478410.135136802,159901,810800.0,1772000.0,-961200.0,2582800.0,0.16353199974157795,0.1777580029001182,429400.0,961200.0,2.755324173265028,2.7583759999999997,2.7613553280710414,2.7550470654627537
20230828.0,2.023082810165862e+16,2.755,2.754,2.753,2.752,2.751,600.0,35300.0,144600.0,448600.0,510300.0,2.42,2.849,2.755,2.75,-288900.0,-551000.0,-385200.0,-592600.0,-723200.0,2.756,2.757,2.758,2.759,2.76,288300.0,515700.0,240600.0,144000.0,212900.0,2.842,2.689,0.06599999999999984,-0.0030000000000001137,100820768.52,36165540.0,2.958,288300.0,515700.0,240600.0,144000.0,212900.0,0.000500000000000167,95435.0,681729.099999994,-0.001000000000000334,-600.0,-35300.0,-144600.0,-448600.0,-510300.0,0.002000000000000224,0.0009999999999998899,2.755,0.0,4.0,7.597742499999998,2.6014702970966e+16,6.0,14.0,2.76,0.001000000000000334,138575.0,-0.0012239043036552655,2.755,2.7554999999999996,1017.0,2.76,0.0003629105425512212,0.0010887316276538246,-6530637.386903407,159901,1401500.0,1139400.0,262100.0,2540900.0,0.16833284050531114,0.16691600006913368,247300.0,262100.0,2.7566886372826285,2.755002076843198,2.7576271851587584,2.7517425838160436
20230828.0,2.0230828101758612e+16,2.755,2.754,2.753,2.752,2.751,203200.0,333200.0,295700.0,375300.0,187500.0,2.42,2.849,2.755,2.75,301200.0,237900.0,347900.0,-206600.0,-326300.0,2.756,2.757,2.758,2.759,2.76,189700.0,575700.0,43800.0,277300.0,216400.0,2.842,2.689,0.06599999999999984,0.0,101451092.52,36394340.0,2.958,-98600.0,60000.0,-196800.0,133300.0,3500.0,0.0001500000000000945,36330.0,630324.0,-0.001000000000000334,202600.0,297900.0,151100.0,-73300.0,-322800.0,0.002000000000000224,0.0009999999999998899,2.755,1.0,1.0,7.589198649999998,2.6377734205084e+16,17.0,3.0,2.755,0.0,103000.0,0.000186952654842365,2.754,2.7554999999999996,1018.0,2.755,0.0003629105425512212,0.0010887316276538246,820.3274695642758,159901,1302900.0,1394900.0,-92000.0,2697800.0,0.16423301060571924,0.16005592011542774,228800.0,92000.0,2.7549125874125875,2.755517179944006,2.75781195793998,2.7529923291992255
20230828.0,2.0230828101858696e+16,2.751,2.75,2.749,2.748,2.747,49400.0,161200.0,340500.0,241800.0,122700.0,2.42,2.849,2.752,2.75,-169500.0,-258300.0,-540500.0,-475700.0,-359500.0,2.752,2.753,2.754,2.755,2.756,120100.0,97100.0,200000.0,233900.0,236800.0,2.842,2.689,0.06299999999999972,-0.0030000000000001137,102873579.72,36910740.0,2.958,120100.0,97100.0,200000.0,233900.0,236800.0,0.0014999999999998348,130340.0,1422487.200000003,-0.001000000000000334,-49400.0,-161200.0,-340500.0,-241800.0,-122700.0,0.002000000000000224,0.0009999999999998899,2.752,2.0,4.0,7.5861708,2.6898509295988e+16,11.0,9.0,2.756,0.0029999999999996696,218800.0,-0.0015347311421898269,2.752,2.7515,1019.0,2.755,0.0003634381246592367,0.0010903143739778717,-4023146.5737340352,159901,887900.0,915600.0,-27700.0,1803500.0,0.17980081174195903,0.1767314449000688,516400.0,27700.0,2.7546227730441575,2.751291445427728,2.7544169388444644,2.748751856705985
20230828.0,2.0230828101958724e+16,2.749,2.748,2.747,2.746,2.745,4000.0,12100.0,132200.0,91200.0,299900.0,2.42,2.849,2.75,2.75,-175900.0,-252300.0,-1079700.0,82400.0,176100.0,2.75,2.752,2.753,2.755,2.757,171900.0,240200.0,947500.0,60300.0,476000.0,2.842,2.689,0.06099999999999994,-0.0019999999999997797,102968225.42,36945140.0,2.958,171900.0,240200.0,947500.0,-173600.0,-476000.0,0.00021052631578966086,8663.157894738019,94645.70000000298,-0.0019999999999997797,-4000.0,-12100.0,-132200.0,-91200.0,-299900.0,0.0029999999999996696,0.0009999999999998899,2.75,1.0,3.0,7.572345894736842,2.59046439794604e+16,15.0,4.0,2.753,0.0,14100.0,-0.0008249366441741568,2.75,2.7495000000000003,1020.0,2.752,0.00036370249136202576,0.0014545454545452944,-2686514.751533825,159901,1895900.0,539400.0,1356500.0,2435300.0,0.2013813324018732,0.19831265445540205,34400.0,1356500.0,2.7513284883721796,2.7490227401932916,2.75366918086397,2.745756210604375
20230828.0,2.023082810205871e+16,2.749,2.748,2.747,2.746,2.745,7000.0,3600.0,142600.0,331500.0,350000.0,2.42,2.849,2.749,2.748,59300.0,-48500.0,-149800.0,66400.0,-26800.0,2.75,2.751,2.752,2.753,2.754,115600.0,40000.0,160200.0,173900.0,76900.0,2.842,2.689,0.06000000000000005,-0.0009999999999998899,103434220.42,37114640.0,2.958,-56300.0,40000.0,160200.0,173900.0,76900.0,0.0006499999999993733,46650.0,465995.0,-0.0009999999999998899,3000.0,-8500.0,10400.0,240300.0,50100.0,0.0019999999999997797,0.0009999999999998899,2.749,4.0,3.0,7.558925850000003,2.7433003064944e+16,9.0,11.0,2.75,0.0009999999999998899,93300.0,1.2497473915296098e-05,2.748,2.7495000000000003,1021.0,2.749,0.00036370249136202576,0.0010911074740860773,-4417.249257480027,159901,566600.0,834700.0,-268100.0,1401300.0,0.21046873790913828,0.1799476147453718,169500.0,268100.0,2.7492330383480827,2.7490570962479612,2.7520997176138366,2.7457853120881754
20230828.0,2.023082810215861e+16,2.745,2.744,2.743,2.742,2.741,73900.0,270600.0,494300.0,293100.0,100000.0,2.42,2.849,2.745,2.745,-76500.0,-807500.0,-585800.0,-488900.0,-270700.0,2.746,2.747,2.748,2.749,2.75,2600.0,536900.0,91500.0,195800.0,170700.0,2.842,2.689,0.05600000000000005,-0.0040000000000000036,103639125.52,37189240.0,2.958,2600.0,536900.0,91500.0,195800.0,170700.0,0.0013000000000000789,23030.0,204905.09999999404,-0.0009999999999998899,-73900.0,-270600.0,-494300.0,-293100.0,-100000.0,0.0019999999999997797,0.0009999999999998899,2.745,1.0,5.0,7.547659199999998,2.7596828824704e+16,9.0,11.0,2.749,0.0030000000000001137,40150.0,-0.0011250484085734147,2.745,2.7455,1022.0,2.749,0.0003642323802585649,0.0010926971407756946,-5411416.574075232,159901,997500.0,1231900.0,-234400.0,2229400.0,0.19220346875424593,0.17214614623234076,74600.0,234400.0,2.746717158176864,2.7459660130718953,2.747995087719299,2.7429393619611977
20230828.0,2.023082810225864e+16,2.745,2.744,2.743,2.742,2.741,291400.0,72000.0,105200.0,167100.0,308000.0,2.42,2.849,2.745,2.745,70300.0,-175000.0,-486000.0,-26000.0,243300.0,2.746,2.747,2.748,2.749,2.75,149800.0,513300.0,188400.0,95800.0,135400.0,2.842,2.689,0.05600000000000005,0.0,103701987.42,37212140.0,2.958,147200.0,-23600.0,96900.0,-100000.0,-35300.0,0.00024999999999986144,6430.0,62861.90000000596,-0.0009999999999998899,217500.0,-198600.0,-389100.0,-126000.0,208000.0,0.0019999999999997797,0.0009999999999998899,2.745,0.0,1.0,7.536397750000001,2.7685298811864e+16,5.0,15.0,2.746,0.00024999999999986144,7250.0,-0.00011127545966549413,2.745,2.7455,1023.0,2.746,0.0003642323802585649,0.0010926971407756946,-1355542.4408013078,159901,1082700.0,943700.0,139000.0,2026400.0,0.19041296232676486,0.1715419283094342,22900.0,139000.0,2.745061135371439,2.7456604714415227,2.747587789784797,2.7428640457772597
20230828.0,2.023082810235861e+16,2.745,2.744,2.743,2.742,2.741,101800.0,75600.0,95200.0,163300.0,101900.0,2.42,2.849,2.746,2.745,-817600.0,23600.0,-10000.0,-87500.0,-162400.0,2.746,2.747,2.748,2.749,2.75,777800.0,493300.0,188400.0,179500.0,91700.0,2.842,2.689,0.05699999999999994,0.0009999999999998899,104248526.42,37411240.0,2.958,628000.0,-20000.0,0.0,83700.0,-43700.0,5.2631578947526236e-05,53426.31578947604,546539.0,-0.0009999999999998899,-189600.0,3600.0,-10000.0,-3800.0,-206100.0,0.0019999999999997797,0.0009999999999998899,2.746,1.0,0.0,7.535314000000002,2.64665832897304e+16,1.0,18.0,2.746,0.0,119150.0,-0.00019841894775818325,2.745,2.7455,1024.0,2.745,0.0003642323802585649,0.0010926971407756946,1362390.3860158732,159901,1730700.0,537800.0,1192900.0,2268500.0,0.15722877872325267,0.1345081840709413,199100.0,1192900.0,2.745047714716223,2.745115734424738,2.7470258276997743,2.742836556340647
20230828.0,2.023082810245859e+16,2.746,2.745,2.744,2.743,2.742,100600.0,12900.0,382600.0,382700.0,325900.0,2.42,2.849,2.747,2.744,354700.0,58700.0,690000.0,460700.0,463000.0,2.747,2.749,2.75,2.751,2.752,254100.0,45800.0,307400.0,78000.0,137100.0,2.842,2.689,0.05799999999999983,0.0009999999999998899,105598105.32,37902740.0,2.958,-254100.0,-45800.0,-307400.0,-78000.0,-137100.0,0.0009500000000000064,115470.0,1349578.899999991,-0.002000000000000224,100600.0,12900.0,382600.0,382700.0,325900.0,0.0030000000000001137,0.0009999999999998899,2.747,5.0,3.0,7.5407917499999995,2.844584083454e+16,10.0,10.0,2.747,0.0019999999999997797,239450.0,0.00042535079968919476,2.744,2.7465,1025.0,2.745,0.0003640997633351137,0.0014561339643247193,2746126.99849403,159901,822400.0,1204700.0,-382300.0,2027100.0,0.14405507251136682,0.11879626328626997,491500.0,382300.0,2.7458370295015078,2.74628361996053,2.749445646887159,2.7433190005810575
20230828.0,2.0230828102558612e+16,2.749,2.748,2.747,2.746,2.745,79700.0,446000.0,116000.0,457900.0,229400.0,2.42,2.849,2.749,2.744,84900.0,462000.0,246200.0,716700.0,289400.0,2.75,2.751,2.752,2.753,2.754,5200.0,16000.0,130200.0,258800.0,60000.0,2.842,2.689,0.06000000000000005,0.002000000000000224,106865828.12,38364240.0,2.958,-5200.0,-16000.0,-130200.0,-258800.0,-60000.0,0.000700000000000145,129295.0,1267722.800000012,-0.0009999999999998899,79700.0,446000.0,116000.0,457900.0,229400.0,0.0019999999999997797,0.0009999999999998899,2.749,3.0,1.0,7.549856200000001,2.923176494253e+16,9.0,11.0,2.749,0.002000000000000224,270300.0,0.001330052462807041,2.746,2.7495000000000003,1026.0,2.747,0.00036370249136202576,0.0010911074740860773,2793476.8586734184,159901,470200.0,1329000.0,-858800.0,1799200.0,0.14694811179026587,0.1418547903807627,461500.0,858800.0,2.746961646803926,2.74993875147232,2.752749468311357,2.7467657637321294
20230828.0,2.0230828102658684e+16,2.748,2.747,2.746,2.745,2.744,55900.0,215900.0,150800.0,364700.0,361000.0,2.42,2.849,2.75,2.744,-201200.0,-1339600.0,-816100.0,-438900.0,-339000.0,2.75,2.751,2.752,2.753,2.754,150500.0,1139700.0,795500.0,333000.0,38000.0,2.842,2.689,0.06099999999999994,0.0009999999999998899,107121374.12,38457140.0,2.958,145300.0,1123700.0,665300.0,74200.0,-22000.0,0.0001499999999996504,21295.0,255546.0,-0.0009999999999998899,-55900.0,-215900.0,-150800.0,-364700.0,-361000.0,0.002000000000000224,0.001000000000000334,2.75,3.0,2.0,7.56717615,2.9507705298014e+16,16.0,4.0,2.752,0.0,40250.0,-0.0005081712507732927,2.749,2.749,1027.0,2.75,0.000727537286285842,0.0014550745725718458,-5082.806316007627,159901,2456700.0,1148300.0,1308400.0,3605000.0,0.15511321464298386,0.1739368529877288,92900.0,1308400.0,2.7507642626480084,2.7485416666666667,2.751580046403712,2.7453390229034222
20230828.0,2.023082810275857e+16,2.75,2.749,2.748,2.747,2.746,260500.0,240000.0,520100.0,710800.0,66400.0,2.42,2.849,2.75,2.744,1000600.0,431900.0,529400.0,1001200.0,385700.0,2.751,2.752,2.753,2.754,2.755,740100.0,191900.0,9300.0,290400.0,319300.0,2.842,2.689,0.06099999999999994,0.0,107868908.02,38729140.0,2.958,-740100.0,-191900.0,-9300.0,-290400.0,-319300.0,0.0007999999999999119,70390.0,747533.8999999911,-0.0009999999999998899,260500.0,240000.0,520100.0,710800.0,66400.0,0.0019999999999997797,0.0009999999999998899,2.75,2.0,0.0,7.558101500000001,2.9882283171448e+16,11.0,9.0,2.75,0.0019999999999997797,181325.0,0.0006251096801646039,2.748,2.7504999999999997,1028.0,2.748,0.0003635702599526959,0.0010907107798580876,2814608.900558571,159901,1551000.0,1797800.0,-246800.0,3348800.0,0.17928488601570233,0.20151875208911588,272000.0,246800.0,2.7482863970587905,2.7502603437937236,2.7525208897485496,2.7479540549560575
20230828.0,2.0230828102858548e+16,2.748,2.747,2.746,2.745,2.744,123000.0,215900.0,412800.0,309500.0,150100.0,2.42,2.849,2.748,2.744,-124500.0,-320500.0,-549800.0,-641400.0,-468200.0,2.749,2.75,2.751,2.752,2.753,1500.0,104600.0,137000.0,331900.0,318100.0,2.842,2.689,0.05900000000000016,-0.0019999999999997797,109888000.22,39463140.0,2.958,1500.0,104600.0,137000.0,331900.0,318100.0,0.0007222222222229568,47055.555555552244,2019092.200000003,-0.0009999999999998899,-123000.0,-215900.0,-412800.0,-309500.0,-150100.0,0.002000000000000224,0.001000000000000334,2.748,0.0,3.0,7.564028611111111,2.79559828828488e+16,9.0,9.0,2.751,0.0009999999999998899,82000.0,-0.00046275124919104016,2.748,2.7485,1029.0,2.751,0.0003638348189921375,0.001091504456976574,-4306170.710953641,159901,893100.0,1211300.0,-318200.0,2104400.0,0.1937368943513729,0.223853866484377,734000.0,318200.0,2.7508068119891047,2.748987951807229,2.7519634979285637,2.7458779823330306
20230828.0,2.023082810295855e+16,2.75,2.749,2.748,2.747,2.746,102300.0,140000.0,540100.0,270800.0,166400.0,2.42,2.849,2.75,2.744,241200.0,431900.0,554500.0,584400.0,522500.0,2.751,2.752,2.753,2.754,2.755,138900.0,291900.0,14400.0,313600.0,356100.0,2.842,2.689,0.06099999999999994,0.0019999999999997797,109917420.62,39473840.0,2.958,-138900.0,-291900.0,-14400.0,-313600.0,-356100.0,0.00019999999999997797,2900.0,29420.40000000596,-0.0009999999999998899,102300.0,140000.0,540100.0,270800.0,166400.0,0.0019999999999997797,0.0009999999999998899,2.75,2.0,0.0,7.5614003,3.1158944438452e+16,17.0,3.0,2.75,0.0,5600.0,0.0005223022233864505,2.748,2.7504999999999997,1030.0,2.748,0.0003635702599526959,0.0010907107798580876,2870844.959952063,159901,1114900.0,1219600.0,-104700.0,2334500.0,0.15614660464134253,0.1830829921971468,10700.0,104700.0,2.749570093458501,2.750424129353234,2.753409094986097,2.747787635290259
20230828.0,2.02308281030587e+16,2.754,2.753,2.752,2.751,2.75,28200.0,100000.0,90000.0,519900.0,328100.0,2.42,2.849,2.754,2.744,173200.0,220000.0,190300.0,607900.0,553300.0,2.755,2.756,2.757,2.758,2.759,145000.0,120000.0,100300.0,88000.0,225200.0,2.842,2.689,0.06499999999999995,0.0040000000000000036,111846391.62,40174840.0,2.958,-145000.0,-120000.0,-100300.0,-88000.0,-225200.0,0.0005999999999999339,242460.0,1928971.0,-0.0009999999999998899,28200.0,100000.0,90000.0,519900.0,328100.0,0.0019999999999997797,0.0009999999999998899,2.754,4.0,2.0,7.571303699999999,3.1893237823016e+16,11.0,9.0,2.754,0.0009999999999998899,490450.0,0.001358390306006152,2.75,2.7545,1031.0,2.75,0.0003630422944272608,0.0010891268832817823,5809854.115454841,159901,678500.0,1066200.0,-387700.0,1744700.0,0.19958183325466422,0.22948703831154937,701000.0,387700.0,2.75174179743224,2.754162817551963,2.7571892409727337,2.751043612830613
20230828.0,2.023082810315856e+16,2.75,2.749,2.748,2.747,2.746,47500.0,3800.0,233000.0,79200.0,351300.0,2.42,2.849,2.751,2.744,-295100.0,-332900.0,-1089800.0,-302800.0,-489800.0,2.751,2.752,2.753,2.754,2.755,247600.0,329100.0,856800.0,223600.0,138500.0,2.842,2.689,0.06199999999999983,-0.0030000000000001137,112612244.72,40452940.0,2.958,247600.0,329100.0,856800.0,223600.0,138500.0,0.001000000000000112,69415.0,765853.099999994,-0.0009999999999998899,-47500.0,-3800.0,-233000.0,-79200.0,-351300.0,0.0019999999999997797,0.0009999999999998899,2.751,2.0,4.0,7.578460500000001,3.2604644246038e+16,11.0,9.0,2.755,0.0022500000000000853,64000.0,-0.0014540772060047669,2.751,2.7504999999999997,1032.0,2.754,0.0003635702599526959,0.0010907107798580876,-4404193.172337746,159901,1795600.0,714800.0,1080800.0,2510400.0,0.19849527574346257,0.2171241203327428,278100.0,1080800.0,2.7538766630708165,2.750160962385632,2.752819725996881,2.7470444879686626
20230828.0,2.023082810325855e+16,2.751,2.75,2.749,2.748,2.747,600.0,190100.0,90200.0,178400.0,511800.0,2.42,2.849,2.752,2.744,3300.0,277500.0,285100.0,492500.0,636700.0,2.752,2.753,2.754,2.755,2.756,2700.0,87400.0,194900.0,314100.0,124900.0,2.842,2.689,0.06299999999999972,0.0009999999999998899,113478053.02,40767640.0,2.958,-2700.0,-87400.0,-194900.0,-314100.0,-124900.0,0.00024999999999941735,31105.0,865808.299999997,-0.001000000000000334,600.0,190100.0,90200.0,178400.0,511800.0,0.002000000000000224,0.0009999999999998899,2.752,2.0,0.0,7.572128349999997,3.3187774000174e+16,16.0,4.0,2.752,0.0,57700.0,0.00037112968546892944,2.75,2.7515,1033.0,2.75,0.0003634381246592367,0.0010903143739778717,2958770.9017542163,159901,724000.0,971100.0,-247100.0,1695100.0,0.211638016372588,0.22229484102788782,314700.0,247100.0,2.751217985382895,2.751181818181818,2.754650690607735,2.74795922150139
20230828.0,2.0230828103358596e+16,2.75,2.749,2.748,2.747,2.746,50000.0,140200.0,96400.0,259200.0,302900.0,2.42,2.849,2.75,2.744,-393200.0,-381100.0,-704100.0,-624500.0,-341400.0,2.751,2.752,2.753,2.754,2.755,343200.0,240900.0,607700.0,365300.0,38500.0,2.842,2.689,0.06099999999999994,-0.0019999999999997797,113606291.02,40814240.0,2.958,343200.0,240900.0,607700.0,365300.0,38500.0,0.0003103448275862952,15389.655172415078,128238.0,-0.0009999999999998899,-50000.0,-140200.0,-96400.0,-259200.0,-302900.0,0.0019999999999997797,0.0009999999999998899,2.75,0.0,2.0,7.571796379310343,4.82344225447924e+16,23.0,6.0,2.752,0.0,41500.0,-0.00038342018193882055,2.75,2.7504999999999997,1034.0,2.752,0.0003635702599526959,0.0010907107798580876,-2967750.692177724,159901,1595600.0,848700.0,746900.0,2444300.0,0.20192825547761448,0.21272085450571027,46600.0,746900.0,2.751888412017167,2.7501271617497456,2.7526960391075455,2.747263815246848
20230828.0,2.023082810345852e+16,2.752,2.751,2.75,2.749,2.748,3600.0,100000.0,108000.0,408300.0,503000.0,2.42,2.849,2.75,2.744,94900.0,184900.0,148600.0,752000.0,618200.0,2.753,2.754,2.755,2.756,2.757,91300.0,84900.0,40600.0,343700.0,115200.0,2.842,2.689,0.06099999999999994,0.0,114444261.22,41118840.0,2.958,-91300.0,-84900.0,-40600.0,-343700.0,-115200.0,0.00047826086956526126,34230.43478260934,837970.200000003,-0.0009999999999998899,3600.0,100000.0,108000.0,408300.0,503000.0,0.0019999999999997797,0.0009999999999998899,2.75,3.0,2.0,7.565130999999999,3.84605335582248e+16,10.0,13.0,2.752,0.0009999999999998899,22950.0,0.0006945531301427721,2.75,2.7525,1035.0,2.75,0.0003633060853770514,0.0010899182561308314,-20992.722840548027,159901,675700.0,1122900.0,-447200.0,1798600.0,0.20197021678218774,0.213833450967699,304600.0,447200.0,2.7510512147078234,2.7520379346680715,2.75545375166494,2.748835960459525
20230828.0,2.0230828103558628e+16,2.752,2.751,2.75,2.749,2.748,202100.0,180000.0,513100.0,590800.0,152400.0,2.42,2.849,2.752,2.744,286800.0,156400.0,445100.0,346100.0,-574200.0,2.753,2.754,2.755,2.756,2.757,3000.0,8500.0,600.0,180100.0,338800.0,2.842,2.689,0.06299999999999972,0.0019999999999997797,114506202.22,41141340.0,2.958,-88300.0,-76400.0,-40000.0,-163600.0,223600.0,0.0010357142857153612,5428.571428574622,61941.0,-0.0009999999999998899,198500.0,80000.0,405100.0,182500.0,-350600.0,0.0019999999999997797,0.0009999999999998899,2.752,1.0,1.0,7.573308892857143,4.73782686894768e+16,21.0,7.0,2.753,0.0015000000000000568,5750.0,0.0003442086534861666,2.75,2.7525,1036.0,2.75,0.0003633060853770514,0.0010899182561308314,2988166.7543965643,159901,531000.0,1638400.0,-1107400.0,2169400.0,0.15890632496381163,0.15505977539772836,22500.0,1107400.0,2.7529333333333335,2.7529853729887863,2.7565879472693036,2.7498099365234374
20230828.0,2.0230828103658612e+16,2.753,2.752,2.751,2.75,2.749,3600.0,108500.0,186000.0,193700.0,290300.0,2.42,2.849,2.754,2.744,255900.0,358600.0,263200.0,561800.0,380900.0,2.755,2.756,2.757,2.758,2.759,252300.0,250100.0,77200.0,368100.0,90600.0,2.842,2.689,0.06499999999999995,0.002000000000000224,115751836.12,41593640.0,2.958,-252300.0,-250100.0,-77200.0,-368100.0,-90600.0,0.0006764705882358335,45441.17647058517,1245633.900000006,-0.0009999999999998899,3600.0,108500.0,186000.0,193700.0,290300.0,0.002000000000000224,0.001000000000000334,2.754,3.0,1.0,7.580791029411766,5.76856798307064e+16,15.0,19.0,2.755,0.0009999999999998899,5200.0,1.5533199025474786e-05,2.752,2.754,1037.0,2.752,0.0007262164124908423,0.001452432824981846,2986713.4304010775,159901,1038300.0,782100.0,256200.0,1820400.0,0.14609621829560884,0.1520408478999037,452300.0,256200.0,2.753999336723427,2.7530281359906215,2.756802176634884,2.7501579081958827
20230828.0,2.023082810375852e+16,2.755,2.754,2.753,2.752,2.751,103600.0,100000.0,332800.0,707100.0,146000.0,2.42,2.849,2.755,2.744,103700.0,104000.0,394300.0,877700.0,690700.0,2.756,2.757,2.758,2.759,2.76,100.0,4000.0,61500.0,170600.0,544700.0,2.842,2.689,0.06599999999999984,0.0009999999999998899,116362680.62,41815440.0,2.958,-100.0,-4000.0,-61500.0,-170600.0,-544700.0,0.0007812500000001776,99078.125,610844.5,-0.001000000000000334,103600.0,100000.0,332800.0,707100.0,146000.0,0.002000000000000224,0.0009999999999998899,2.755,2.0,1.0,7.58331165625,5.56288300255252e+16,20.0,12.0,2.755,0.0009999999999998899,211600.0,0.0010785570245512854,2.753,2.7554999999999996,1038.0,2.754,0.0003629105425512212,0.0010887316276538246,1520205.2794063387,159901,780900.0,1389500.0,-608600.0,2170400.0,0.11275478609985982,0.11128465641801467,221800.0,608600.0,2.7540329125338143,2.7559990356798454,2.759608144448713,2.752502051097517
20230828.0,2.0230828103858536e+16,2.758,2.757,2.756,2.755,2.754,57900.0,141000.0,300700.0,691600.0,426700.0,2.42,2.849,2.758,2.744,68500.0,304400.0,308500.0,957700.0,765500.0,2.759,2.76,2.761,2.762,2.763,10600.0,163400.0,7800.0,266100.0,338800.0,2.842,2.689,0.06899999999999995,0.0030000000000001137,116538915.02,41879340.0,2.958,-10600.0,-163400.0,-7800.0,-266100.0,-338800.0,0.0012916666666660248,9145.833333335817,176234.39999999106,-0.0009999999999998899,57900.0,141000.0,300700.0,691600.0,426700.0,0.0019999999999997797,0.0009999999999998899,2.758,3.0,0.0,7.597145125000001,4.19837162402324e+16,11.0,13.0,2.758,0.002000000000000224,1200.0,0.0010322032307890083,2.755,2.7584999999999997,1039.0,2.755,0.00036251586006883814,0.0010875475802065145,4550628.45903052,159901,786700.0,1617900.0,-831200.0,2404600.0,0.12025237473672164,0.11690901561725574,63900.0,831200.0,2.7579718309857757,2.7588452554744523,2.7619649167408165,2.7552037826812534
20230828.0,2.0230828103958532e+16,2.759,2.758,2.757,2.756,2.755,24800.0,203200.0,100000.0,285400.0,628300.0,2.42,2.849,2.759,2.744,185100.0,251000.0,426100.0,524200.0,888400.0,2.76,2.761,2.762,2.763,2.764,160300.0,47800.0,326100.0,238800.0,260100.0,2.842,2.689,0.06999999999999984,0.0009999999999998899,116580572.82,41894440.0,2.958,-160300.0,-47800.0,-326100.0,-238800.0,-260100.0,0.00023076923076859046,4442.307692304254,41657.79999999702,-0.001000000000000334,24800.0,203200.0,100000.0,285400.0,628300.0,0.002000000000000224,0.0009999999999998899,2.759,2.0,1.0,7.610807846153846,4.56127101416156e+16,20.0,6.0,2.759,0.0,7625.0,0.00010464923659747605,2.758,2.7595,1040.0,2.758,0.0003623844899437905,0.0010871534698315324,1517421.2364779317,159901,1033100.0,1241700.0,-208600.0,2274800.0,0.11354507651900923,0.11326211021436183,15100.0,208600.0,2.7587947019865577,2.7591339816315505,2.7623780853741167,2.755961745993396
20230828.0,2.023082810405547e+16,2.76,2.759,2.758,2.757,2.756,198400.0,118700.0,358300.0,428300.0,440100.0,2.42,2.849,2.761,2.744,204100.0,128400.0,399000.0,748400.0,685900.0,2.761,2.762,2.763,2.764,2.765,5700.0,9700.0,40700.0,320100.0,245800.0,2.842,2.689,0.07200000000000006,0.002000000000000224,117100810.22,42082940.0,2.958,-5700.0,-9700.0,-40700.0,-320100.0,-245800.0,0.0002400000000011282,57680.0,520237.40000000596,-0.0009999999999998899,198400.0,118700.0,358300.0,428300.0,440100.0,0.0019999999999997797,0.0009999999999998899,2.761,2.0,0.0,7.616275679999998,4.405167578114e+16,16.0,9.0,2.761,0.0009999999999998899,160900.0,0.00066596218689563,2.759,2.7605,1041.0,2.759,0.0003622532149974041,0.0010867596449918905,3043059.3507396774,159901,622000.0,1543800.0,-921800.0,2165800.0,0.11230174882765682,0.11460348597920551,188500.0,921800.0,2.7598801061008276,2.760972072513474,2.7642710610932477,2.7574863324264802
20230828.0,2.023082810415852e+16,2.761,2.76,2.759,2.758,2.757,1600.0,482100.0,198700.0,615100.0,554700.0,2.42,2.849,2.761,2.744,11400.0,492300.0,378800.0,982000.0,701200.0,2.762,2.763,2.764,2.765,2.766,9800.0,10200.0,180100.0,366900.0,146500.0,2.842,2.689,0.07200000000000006,0.0,117161820.72,42105040.0,2.958,-9800.0,-10200.0,-180100.0,-366900.0,-146500.0,0.00022222222222234578,4655.555555552244,61010.5,-0.0009999999999998899,1600.0,482100.0,198700.0,615100.0,554700.0,0.002000000000000224,0.001000000000000334,2.761,1.0,1.0,7.62189411111111,4.78511710896312e+16,21.0,6.0,2.761,0.0,8700.0,6.094709809167931e-05,2.76,2.7615,1042.0,2.761,0.00036212203512579755,0.0010863661053775535,-476.333664026577,159901,713500.0,1852200.0,-1138700.0,2565700.0,0.09350286659198247,0.0976700024058413,22100.0,1138700.0,2.760656108597285,2.7611403508771932,2.7648831114225647,2.758330957779937
20230828.0,2.023082810425849e+16,2.758,2.757,2.756,2.755,2.754,91900.0,103100.0,210000.0,368100.0,420300.0,2.42,2.849,2.76,2.744,-95500.0,-404500.0,-530300.0,-1247500.0,-634000.0,2.759,2.76,2.761,2.762,2.763,3600.0,301400.0,320300.0,879400.0,213700.0,2.842,2.689,0.07099999999999973,-0.001000000000000334,117837518.42,42349840.0,2.958,3600.0,301400.0,320300.0,879400.0,213700.0,0.0007692307692304112,83615.38461538404,675697.700000003,-0.0009999999999998899,-91900.0,-103100.0,-210000.0,-368100.0,-420300.0,0.0019999999999997797,0.0009999999999998899,2.76,2.0,3.0,7.621847615384614,4.63047726390356e+16,17.0,9.0,2.762,0.001000000000000334,222800.0,-0.000789132906254153,2.759,2.7584999999999997,1043.0,2.761,0.00036251586006883814,0.0010875475802065145,-1535845.031202051,159901,1718400.0,1193400.0,525000.0,2911800.0,0.11199811295268434,0.1023175828382575,244800.0,525000.0,2.760203022875829,2.758962303664921,2.761580889199255,2.7552275850511148
20230828.0,2.0230828104358428e+16,2.761,2.76,2.759,2.758,2.757,7200.0,2000.0,270000.0,379800.0,249900.0,2.42,2.849,2.761,2.744,8200.0,65800.0,507100.0,696700.0,574400.0,2.762,2.763,2.764,2.765,2.766,1000.0,63800.0,237100.0,316900.0,324500.0,2.842,2.689,0.07200000000000006,0.001000000000000334,119161551.42,42829640.0,2.958,-1000.0,-63800.0,-237100.0,-316900.0,-324500.0,0.0006206896551730345,115437.93103448302,1324033.0,-0.0009999999999998899,7200.0,2000.0,270000.0,379800.0,249900.0,0.002000000000000224,0.001000000000000334,2.761,4.0,3.0,7.619695,5.28991683276524e+16,11.0,18.0,2.762,0.001000000000000334,266500.0,0.0010562686839397095,2.759,2.7615,1044.0,2.76,0.00036212203512579755,0.0010863661053775535,1558365.9081986633,159901,943300.0,908900.0,34400.0,1852200.0,0.11114417792021171,0.10184455057127914,479800.0,34400.0,2.7595518966235932,2.761878048780488,2.7649542033287395,2.7580502805589178
20230828.0,2.0230828104458416e+16,2.76,2.759,2.758,2.757,2.756,12000.0,133600.0,248300.0,311000.0,560400.0,2.42,2.849,2.761,2.744,-54300.0,-250500.0,-418500.0,-631600.0,-772900.0,2.761,2.762,2.763,2.764,2.765,42300.0,116900.0,170200.0,320600.0,212500.0,2.842,2.689,0.07200000000000006,0.0,119200757.62,42843840.0,2.958,42300.0,116900.0,170200.0,320600.0,212500.0,4.440892098500626e-16,4670.588235296309,39206.20000000298,-0.0009999999999998899,-12000.0,-133600.0,-248300.0,-311000.0,-560400.0,0.0019999999999997797,0.0009999999999998899,2.761,0.0,0.0,7.623120999999999,6.23853714822304e+16,34.0,0.0,2.761,0.0,13200.0,-0.0006001537973538973,2.761,2.7605,1045.0,2.761,0.0003622532149974041,0.0010867596449918905,0.0,159901,862500.0,1265300.0,-402800.0,2127800.0,0.11323992511896816,0.10543379264081414,14200.0,402800.0,2.7610000000002097,2.760220994475138,2.7636308405797103,2.756992966094997
20230828.0,2.0230828104558532e+16,2.763,2.762,2.761,2.76,2.759,197700.0,40000.0,265700.0,488000.0,230300.0,2.42,2.849,2.763,2.744,208400.0,207900.0,482200.0,788300.0,508100.0,2.764,2.765,2.766,2.767,2.768,10700.0,167900.0,216500.0,300300.0,277800.0,2.842,2.689,0.07399999999999984,0.0019999999999997797,119949668.82,43115040.0,2.958,-10700.0,-167900.0,-216500.0,-300300.0,-277800.0,0.0008461538461541629,84600.0,748911.1999999881,-0.001000000000000334,197700.0,40000.0,265700.0,488000.0,230300.0,0.002000000000000224,0.0009999999999998899,2.763,4.0,3.0,7.627795153846154,4.81153892076636e+16,13.0,13.0,2.763,0.0019999999999997797,169200.0,0.001349582925999293,2.76,2.7634999999999996,1046.0,2.761,0.0003618599601953646,0.0010855798805862542,3112698.9883343168,159901,973200.0,1221700.0,-248500.0,2194900.0,0.14501567982509736,0.1392091123109227,271200.0,248500.0,2.761471976401136,2.763948656429942,2.766684956843403,2.7605799296062865
20230828.0,2.023082810465858e+16,2.759,2.758,2.757,2.756,2.755,83600.0,328300.0,318100.0,590300.0,404000.0,2.42,2.849,2.761,2.744,-117200.0,-459600.0,-389100.0,-1029300.0,-621900.0,2.761,2.762,2.763,2.764,2.765,33600.0,131300.0,71000.0,439000.0,217900.0,2.842,2.689,0.07200000000000006,-0.0019999999999997797,120687261.22,43382040.0,2.958,33600.0,131300.0,71000.0,439000.0,217900.0,0.0006896551724135946,76282.75862068683,737592.400000006,-0.0009999999999998899,-83600.0,-328300.0,-318100.0,-590300.0,-404000.0,0.0019999999999997797,0.0009999999999998899,2.761,0.0,2.0,7.630359068965517,5.43000941981624e+16,15.0,14.0,2.763,0.0009999999999998899,118000.0,-0.0012750892434885142,2.761,2.76,1047.0,2.763,0.0007246376811595014,0.001449275362318842,-3139420.4358259626,159901,892800.0,1724300.0,-831500.0,2617100.0,0.15365767016525064,0.1479018516620546,267000.0,831500.0,2.7625183520599474,2.7604266211604096,2.763757504480287,2.7564764252160296
20230828.0,2.023082810475844e+16,2.762,2.761,2.76,2.759,2.758,113300.0,180000.0,232000.0,191400.0,525100.0,2.42,2.849,2.763,2.744,113600.0,214600.0,301000.0,1017900.0,819400.0,2.763,2.764,2.765,2.766,2.767,300.0,34600.0,69000.0,826500.0,294300.0,2.842,2.689,0.07399999999999984,0.0019999999999997797,121297726.32,43603040.0,2.958,-300.0,-34600.0,-69000.0,-826500.0,-294300.0,4.000000000070614e-05,3216.0,610465.099999994,-0.0009999999999998899,113300.0,180000.0,232000.0,191400.0,525100.0,0.0019999999999997797,0.0009999999999998899,2.763,2.0,3.0,7.633948319999997,4.7523616663528e+16,20.0,5.0,2.764,0.0,5600.0,0.0009308494836919312,2.762,2.7625,1048.0,2.762,0.00036199095022620444,0.0010859728506786134,1574964.190990546,159901,1224700.0,1241800.0,-17100.0,2466500.0,0.17235191831750712,0.16426623516847932,221000.0,17100.0,2.762285520361964,2.7629973591549293,2.7661267249122234,2.759327588983733
20230828.0,2.0230828104858468e+16,2.761,2.76,2.759,2.758,2.757,33600.0,112000.0,240000.0,236200.0,230400.0,2.42,2.849,2.762,2.744,-67600.0,-223200.0,-1137700.0,-394200.0,-468200.0,2.762,2.763,2.764,2.765,2.766,34000.0,111200.0,897700.0,158000.0,237800.0,2.842,2.689,0.07299999999999995,-0.0009999999999998899,121491342.52,43673140.0,2.958,34000.0,111200.0,897700.0,158000.0,237800.0,0.0003437500000007532,32496.875,193616.20000000298,-0.0009999999999998899,-33600.0,-112000.0,-240000.0,-236200.0,-230400.0,0.002000000000000224,0.001000000000000334,2.762,0.0,1.0,7.630543218750001,6.09442127279252e+16,11.0,21.0,2.763,0.0009999999999998899,70100.0,-0.0005431511602360661,2.762,2.7615,1049.0,2.763,0.00036212203512579755,0.0010863661053775535,-1579997.827660941,159901,1438700.0,852200.0,586500.0,2290900.0,0.18875743674131468,0.17548424208710559,70100.0,586500.0,2.7620000000000426,2.7614970414201183,2.764315840689511,2.7583923961511383
20230828.0,2.0230828104958504e+16,2.762,2.761,2.76,2.759,2.758,151800.0,159000.0,120000.0,361600.0,365000.0,2.42,2.849,2.762,2.744,153000.0,192600.0,188000.0,628000.0,549400.0,2.763,2.764,2.765,2.766,2.767,1200.0,33600.0,68000.0,266400.0,184400.0,2.842,2.689,0.07299999999999995,0.0,121955778.52,43841340.0,2.958,-1200.0,-33600.0,-68000.0,-266400.0,-184400.0,0.0007647058823532227,74108.82352941483,464436.0,-0.0009999999999998899,151800.0,159000.0,120000.0,361600.0,365000.0,0.0019999999999997797,0.0009999999999998899,2.762,2.0,2.0,7.624421176470588,6.50944052122084e+16,19.0,15.0,2.762,0.002000000000000224,143950.0,0.0005412683147587583,2.76,2.7625,1050.0,2.762,0.00036199095022620444,0.0010859728506786134,2317.1786836578976,159901,553600.0,1157400.0,-603800.0,1711000.0,0.18123741118934591,0.17067326260949614,168200.0,603800.0,2.7612128418549347,2.762992156862745,2.7660823699421964,2.7594565405218594
20230828.0,2.023082810505853e+16,2.764,2.763,2.762,2.761,2.76,3600.0,400000.0,360000.0,272300.0,264700.0,2.42,2.849,2.763,2.744,41600.0,450100.0,446300.0,442100.0,654300.0,2.765,2.766,2.767,2.768,2.769,38000.0,50100.0,86300.0,169800.0,389600.0,2.842,2.689,0.07399999999999984,0.0009999999999998899,122006329.52,43859640.0,2.958,-38000.0,-50100.0,-86300.0,-169800.0,-389600.0,0.0004999999999999449,5450.0,50551.0,-0.0009999999999998899,3600.0,400000.0,360000.0,272300.0,264700.0,0.0019999999999997797,0.0009999999999998899,2.763,1.0,0.0,7.631406499999998,4.23101804430692e+16,11.0,11.0,2.763,0.0009999999999998899,6400.0,0.0003960072484658905,2.762,2.7645,1051.0,2.762,0.00036172906493048794,0.0010851871947911427,1587163.9522256665,159901,733800.0,1300600.0,-566800.0,2034400.0,0.16634572414679405,0.14261531231389196,18300.0,566800.0,2.7623497267759562,2.7640865384615383,2.7681214227309896,2.761696678456097
20230828.0,2.023082810515849e+16,2.768,2.767,2.766,2.765,2.764,11200.0,76000.0,425100.0,279100.0,440200.0,2.42,2.849,2.768,2.744,41800.0,280300.0,542100.0,678500.0,562700.0,2.769,2.77,2.771,2.772,2.773,30600.0,204300.0,117000.0,399400.0,122500.0,2.842,2.689,0.07899999999999974,0.004999999999999893,122410751.02,44005840.0,2.958,-30600.0,-204300.0,-117000.0,-399400.0,-122500.0,0.0013999999999994017,44372.0,404421.5,-0.0009999999999998899,11200.0,76000.0,425100.0,279100.0,440200.0,0.0019999999999997797,0.0009999999999998899,2.768,7.0,3.0,7.6540778,4.8291142136026e+16,13.0,12.0,2.769,0.0029999999999996696,88100.0,0.0015116185821879569,2.763,2.7685,1052.0,2.763,0.00036120642947456527,0.001083619288423375,7935250.626501441,159901,873800.0,1231600.0,-357800.0,2105400.0,0.15453785472954878,0.12018333138725817,146200.0,357800.0,2.766220930232558,2.7682679425837318,2.771433623254749,2.765138437804482
20230828.0,2.0230828105258428e+16,2.77,2.769,2.768,2.767,2.766,7200.0,862400.0,194100.0,204200.0,498100.0,2.42,2.849,2.77,2.744,19400.0,902300.0,322400.0,473500.0,793800.0,2.771,2.772,2.773,2.774,2.775,12200.0,39900.0,128300.0,269300.0,295700.0,2.842,2.689,0.08099999999999996,0.002000000000000224,123149196.02,44272440.0,2.958,-12200.0,-39900.0,-128300.0,-269300.0,-295700.0,0.0002258064516129643,79561.29032257944,738445.0,-0.0009999999999998899,7200.0,862400.0,194100.0,204200.0,498100.0,0.0019999999999997797,0.0009999999999998899,2.77,2.0,1.0,7.671649258064516,6.03350152291796e+16,24.0,7.0,2.77,0.0,137500.0,0.0007594614882420192,2.769,2.7705,1053.0,2.769,0.00036094567767547004,0.00108283703302641,1589791.8616762243,159901,745400.0,1766000.0,-1020600.0,2511400.0,0.15308651178116256,0.1341346255629263,266600.0,1020600.0,2.769861215303826,2.7703711340206185,2.7740684196404617,2.7678167610419027
20230828.0,2.02308281053585e+16,2.769,2.768,2.767,2.766,2.765,651500.0,37600.0,201000.0,274400.0,44600.0,2.42,2.849,2.769,2.744,-1440300.0,-169000.0,-344800.0,-452600.0,-265000.0,2.77,2.771,2.772,2.773,2.774,788800.0,131400.0,143800.0,178200.0,220400.0,2.842,2.689,0.08000000000000007,-0.0009999999999998899,123542318.72,44414340.0,2.958,788800.0,131400.0,143800.0,178200.0,220400.0,0.0003333333333332966,43.33333333581686,393122.700000003,-0.0009999999999998899,-651500.0,-37600.0,-201000.0,-274400.0,-44600.0,0.002000000000000224,0.001000000000000334,2.769,1.0,3.0,7.676594133333333,5.9062758854582e+16,22.0,8.0,2.771,0.0007500000000000284,0.0,-0.0003317064939485359,2.769,2.7695,1054.0,2.771,0.00036107600649932836,0.0010832280194981454,-3207649.8721241206,159901,1462600.0,1209100.0,253500.0,2671700.0,0.17273150654035005,0.12302069696287331,141900.0,253500.0,2.7704207188160885,2.769452336318823,2.7712547518118416,2.7678080390373005
20230828.0,2.0230828105458384e+16,2.767,2.766,2.765,2.764,2.763,1000.0,43600.0,161200.0,188000.0,207300.0,2.42,2.849,2.768,2.744,-827000.0,-213600.0,-670700.0,-447700.0,-349100.0,2.768,2.769,2.77,2.771,2.772,826000.0,170000.0,509500.0,259700.0,141800.0,2.842,2.689,0.07899999999999974,-0.001000000000000334,124588439.32,44792140.0,2.958,826000.0,170000.0,509500.0,259700.0,141800.0,0.0001290322580644876,87203.22580645233,1046120.599999994,-0.001000000000000334,-1000.0,-43600.0,-161200.0,-188000.0,-207300.0,0.002000000000000224,0.0009999999999998899,2.768,0.0,1.0,7.666646548387097,6.18738967504996e+16,27.0,4.0,2.769,0.0,124900.0,-0.0008854503226576327,2.768,2.7675,1055.0,2.769,0.00036133694670276053,0.001084010840108442,-1618213.1502895576,159901,1907000.0,601100.0,1305900.0,2508100.0,0.16437184965144772,0.11499707455048318,377800.0,1305900.0,2.7689798835362467,2.767001209189843,2.7693294703723126,2.7640733654965897
20230828.0,2.023082810555839e+16,2.765,2.764,2.763,2.762,2.761,7200.0,37500.0,174900.0,108000.0,199900.0,2.42,2.849,2.765,2.744,-70200.0,-748300.0,-434900.0,-397800.0,-310800.0,2.766,2.767,2.768,2.769,2.77,63000.0,710800.0,260000.0,289800.0,110900.0,2.842,2.689,0.07600000000000007,-0.0029999999999996696,125340029.02,45063940.0,2.958,63000.0,710800.0,260000.0,289800.0,110900.0,0.0009999999999998899,81396.55172413588,751589.700000003,-0.0009999999999998899,-7200.0,-37500.0,-174900.0,-108000.0,-199900.0,0.002000000000000224,0.001000000000000334,2.765,3.0,5.0,7.64522624137931,5.86784783103844e+16,18.0,11.0,2.768,0.001000000000000334,213600.0,-0.0006864098142884689,2.764,2.7655000000000003,1056.0,2.768,0.0003615982643282914,0.0010847947929850349,-4862582.328137899,159901,1434500.0,527500.0,907000.0,1962000.0,0.16280295138663048,0.12885699008299722,271800.0,907000.0,2.765230684326722,2.7651025641025644,2.767773300801673,2.7621357345971567
20230828.0,2.023082810565844e+16,2.763,2.762,2.761,2.76,2.759,18500.0,150000.0,200100.0,278100.0,170300.0,2.42,2.849,2.764,2.744,-85300.0,-184300.0,-314800.0,-602200.0,-485000.0,2.764,2.765,2.766,2.767,2.768,66800.0,34300.0,114700.0,324100.0,314700.0,2.842,2.689,0.07499999999999973,-0.001000000000000334,125485976.82,45116740.0,2.958,66800.0,34300.0,114700.0,324100.0,314700.0,0.0003928571428568617,12200.0,145947.79999999702,-0.001000000000000334,-18500.0,-150000.0,-200100.0,-278100.0,-170300.0,0.002000000000000224,0.0009999999999998899,2.764,0.0,1.0,7.6418681071428525,5.69119888984848e+16,11.0,17.0,2.765,0.001000000000000334,14900.0,-0.0006821901664129104,2.764,2.7634999999999996,1057.0,2.765,0.0003618599601953646,0.0010855798805862542,-1630851.6642552481,159901,854600.0,817000.0,37600.0,1671600.0,0.1549485245453156,0.12144471876549531,52800.0,37600.0,2.7641628787878223,2.763216881594373,2.7669192604727355,2.7604716034271726
20230828.0,2.0230828105758376e+16,2.763,2.762,2.761,2.76,2.759,3600.0,220000.0,110100.0,190100.0,311600.0,2.42,2.849,2.763,2.744,16400.0,74000.0,-740000.0,48700.0,134600.0,2.764,2.765,2.766,2.767,2.768,35500.0,30300.0,764700.0,187400.0,321400.0,2.842,2.689,0.07399999999999984,-0.0009999999999998899,125631294.12,45169340.0,2.958,-31300.0,-4000.0,650000.0,-136700.0,6700.0,0.0001875000000000071,12250.0,145317.30000001192,-0.001000000000000334,-14900.0,70000.0,-90000.0,-88000.0,141300.0,0.002000000000000224,0.0009999999999998899,2.763,1.0,3.0,7.6352055624999995,6.51991833932672e+16,10.0,22.0,2.764,0.0009999999999998899,23200.0,-4.516938310827889e-05,2.762,2.7634999999999996,1058.0,2.764,0.0003618599601953646,0.0010855798805862542,-1635705.9703133937,159901,1339300.0,835400.0,503900.0,2174700.0,0.14077657957494616,0.10949093801670676,52600.0,503900.0,2.762686311787299,2.7630920716112533,2.7665442395281117,2.760298419918602
0.0,0.0,0.0,0.0,0.0,0.0,0.0,0.0,0.0,0.0,0.0,0.0,0.0,0.0,0.0,0.0,0.0,0.0,0.0,0.0,0.0,0.0,0.0,0.0,0.0,0.0,0.0,0.0,0.0,0.0,0.0,0.0,0.0,0.0,0.0,0.0,0.0,0.0,0.0,0.0,0.0,0.0,0.0,0.0,0.0,0.0,0.0,0.0,0.0,0.0,0.0,0.0,0.0,0.0,0.0,0.0,0.0,0.0,0.0,0.0,0.0,0.0,0.0,0.0,0.0,0.0,0.0,0.0,0.0,0.0,0.0,0.0,0.0,0.0,0.0,0.0,0.0,0.0,0.0,0.0,0.0,0.0,0.0,0.0,0.0
20230828.0,2.0230828105958304e+16,2.764,2.763,2.762,2.761,2.76,33400.0,110000.0,240000.0,191400.0,256800.0,2.42,2.849,2.764,2.744,-19900.0,72500.0,-400000.0,-90000.0,-100000.0,2.765,2.766,2.767,2.768,2.769,1100.0,75800.0,670800.0,346600.0,201200.0,2.842,2.689,0.07499999999999973,0.0,125759262.32,45215640.0,2.958,700.0,7500.0,460000.0,10000.0,80000.0,0.0003548387096774519,19.354838706552982,1935.2999999970198,-0.0009999999999998899,-19200.0,80000.0,60000.0,-80000.0,-20000.0,0.0019999999999997797,0.0009999999999998899,2.764,1.0,1.0,7.643263096774194,6.33774621889536e+16,20.0,11.0,2.765,0.001000000000000334,0.0,-8.801830630567054e-06,2.764,2.7645,1100.0,2.764,0.00036172906493048794,0.0010851871947911427,-598.8705207491294,159901,1295500.0,831600.0,463900.0,2127100.0,0.10638074593879539,0.10863947745616474,700.0,463900.0,2.764714285710028,2.764968115942029,2.7675179467387108,2.761364838864839
20230828.0,2.0230828110058544e+16,2.761,2.76,2.759,2.758,2.757,183600.0,150000.0,80000.0,306300.0,170300.0,2.42,2.849,2.762,2.744,-208800.0,-181000.0,-240000.0,-584500.0,-467800.0,2.762,2.763,2.764,2.765,2.766,25200.0,31000.0,160000.0,278200.0,297500.0,2.842,2.689,0.07299999999999995,-0.0019999999999997797,126404185.42,45449240.0,2.958,25200.0,31000.0,160000.0,278200.0,297500.0,0.00040909090909124757,11190.909090906382,644923.1000000089,-0.0009999999999998899,-183600.0,-150000.0,-80000.0,-306300.0,-170300.0,0.002000000000000224,0.001000000000000334,2.762,1.0,2.0,7.6374355000000005,4.50620478984272e+16,18.0,4.0,2.764,0.0,0.0,-0.001117746042380574,2.761,2.7615,1101.0,2.764,0.00036212203512579755,0.0010863661053775535,-3276818.8823269554,159901,791900.0,890200.0,-98300.0,1682100.0,0.10597894788096966,0.10597894788096966,233600.0,98300.0,2.76080094178086,2.7618793103448276,2.7649998737214294,2.7588543024039542
20230828.0,2.0230828110158416e+16,2.759,2.758,2.757,2.756,2.755,3700.0,228400.0,200100.0,320200.0,312400.0,2.42,2.849,2.76,2.744,-7300.0,-292700.0,-363100.0,-1223100.0,-540600.0,2.76,2.761,2.762,2.763,2.764,3600.0,64300.0,163000.0,902900.0,228200.0,2.842,2.689,0.07099999999999973,-0.002000000000000224,126416607.42,45453740.0,2.958,3600.0,64300.0,163000.0,902900.0,228200.0,0.000178571428569807,446.4285714253783,12422.0,-0.001000000000000334,-3700.0,-228400.0,-200100.0,-320200.0,-312400.0,0.002000000000000224,0.0009999999999998899,2.76,0.0,1.0,7.622135107142858,5.78439624033028e+16,23.0,5.0,2.761,0.0,0.0,-0.0008593715806735069,2.76,2.7595,1102.0,2.761,0.0003623844899437905,0.0010871534698315324,-1646874.6376817096,159901,1362000.0,1064800.0,297200.0,2426800.0,0.10069877878222501,0.1148109271085071,4500.0,297200.0,2.7604444444444445,2.7595068493150685,2.7629455212922167,2.756333959429001
20230828.0,2.023082811025831e+16,2.759,2.758,2.757,2.756,2.755,62900.0,288400.0,180100.0,393700.0,428900.0,2.42,2.849,2.759,2.744,61300.0,56400.0,60000.0,793400.0,56600.0,2.76,2.761,2.762,2.763,2.764,1500.0,67900.0,83000.0,183000.0,288100.0,2.842,2.689,0.06999999999999984,-0.0009999999999998899,126493583.52,45481640.0,2.958,-2100.0,3600.0,-80000.0,-719900.0,59900.0,3.1250000000149214e-05,9318.75,76976.09999999404,-0.001000000000000334,59200.0,60000.0,-20000.0,73500.0,116500.0,0.002000000000000224,0.0009999999999998899,2.759,0.0,1.0,7.612253468750001,6.61614251751112e+16,1.0,31.0,2.76,0.0,20700.0,0.00017025461013342458,2.759,2.7595,1103.0,2.76,0.0003623844899437905,0.0010871534698315324,-1647732.511779449,159901,623500.0,1354000.0,-730500.0,1977500.0,0.09925596414447375,0.09925596414447375,27900.0,730500.0,2.7589999999997863,2.759976708074534,2.7631039294306334,2.7563816100443135
20230828.0,2.0230828110358456e+16,2.759,2.758,2.757,2.756,2.755,173600.0,248400.0,170000.0,353800.0,228900.0,2.42,2.849,2.76,2.744,148600.0,-7000.0,122900.0,243600.0,-33800.0,2.761,2.762,2.763,2.764,2.765,37900.0,33000.0,133000.0,283500.0,166200.0,2.842,2.689,0.07099999999999973,0.0009999999999998899,126500483.32,45484140.0,2.958,-37900.0,-33000.0,-133000.0,-283500.0,-166200.0,0.0004838709677419395,1164.5161290317774,6899.79999999702,-0.0009999999999998899,110700.0,-40000.0,-10100.0,-39900.0,-200000.0,0.0019999999999997797,0.0009999999999998899,2.76,1.0,0.0,7.614929516129031,6.41297328698496e+16,16.0,15.0,2.76,0.0009999999999998899,2400.0,0.00024087863194943715,2.759,2.76,1104.0,2.759,0.0007246376811595014,0.001449275362318842,1647976.0869563404,159901,653600.0,1174700.0,-521100.0,1828300.0,0.09698982452197279,0.09698982452197279,2500.0,521100.0,2.7599199999988078,2.760641607565012,2.7637758567931456,2.756816123265514
20230828.0,2.023082811045835e+16,2.761,2.76,2.759,2.758,2.757,47500.0,48600.0,125600.0,226400.0,210300.0,2.42,2.849,2.761,2.744,892300.0,221600.0,352300.0,471300.0,354400.0,2.762,2.763,2.764,2.765,2.766,844800.0,173000.0,226700.0,244900.0,144100.0,2.842,2.689,0.07200000000000006,0.001000000000000334,126783543.32,45586640.0,2.958,-844800.0,-173000.0,-226700.0,-244900.0,-144100.0,0.0005428571428574003,8991.428571425378,283060.0,-0.0009999999999998899,47500.0,48600.0,125600.0,226400.0,210300.0,0.002000000000000224,0.001000000000000334,2.761,2.0,1.0,7.6256458571428585,7.270628967841e+16,17.0,18.0,2.762,0.0009999999999998899,2500.0,0.000149093952182211,2.76,2.7615,1105.0,2.76,0.00036212203512579755,0.0010863661053775535,1646231.64428773,159901,1633500.0,658400.0,975100.0,2291900.0,0.12001117268030334,0.12810961045341268,102500.0,975100.0,2.761560975609756,2.761053233217528,2.7631861034588305,2.7582354191980554
20230828.0,2.0230828110555412e+16,2.761,2.76,2.759,2.758,2.757,47500.0,48600.0,127600.0,186400.0,170300.0,2.42,2.849,2.763,2.744,-28800.0,-107100.0,2000.0,-5400.0,-78600.0,2.762,2.763,2.764,2.765,2.766,873600.0,280100.0,226700.0,210300.0,182700.0,2.842,2.689,0.07399999999999984,0.0019999999999997797,127142505.62,45716540.0,2.958,28800.0,107100.0,0.0,-34600.0,38600.0,0.0005357142857138619,56432.14285714179,358962.3000000119,-0.0009999999999998899,0.0,0.0,2000.0,-40000.0,-40000.0,0.002000000000000224,0.001000000000000334,2.763,3.0,1.0,7.631209892857142,5.83757670558868e+16,19.0,9.0,2.764,0.0019999999999997797,129900.0,-6.028284955661434e-07,2.761,2.7615,1106.0,2.761,0.00036212203512579755,0.0010863661053775535,3300570.403649373,159901,1773400.0,580400.0,1193000.0,2353800.0,0.11448438250281871,0.11000219298216402,129900.0,1193000.0,2.7633741339492834,2.761051568776463,2.7631814593436337,2.758339421088904
20230828.0,2.0230828110658332e+16,2.761,2.76,2.759,2.758,2.757,50500.0,30000.0,207600.0,350000.0,146700.0,2.42,2.849,2.761,2.744,676600.0,61400.0,423600.0,419700.0,17200.0,2.763,2.764,2.765,2.766,2.767,673600.0,80000.0,343600.0,256100.0,40800.0,2.842,2.689,0.07200000000000006,-0.0019999999999997797,127392742.22,45807140.0,2.958,-673600.0,-80000.0,-343600.0,-256100.0,-40800.0,0.0002333333333330856,2840.0,250236.59999999404,-0.0009999999999998899,3000.0,-18600.0,80000.0,163600.0,-23600.0,0.002000000000000224,0.001000000000000334,2.761,0.0,2.0,7.627355366666666,6.2939375871612e+16,22.0,8.0,2.763,0.0007500000000000284,450.0,3.18405210781858e-05,2.761,2.762,1107.0,2.763,0.0007241129616219333,0.0014482259232440275,-3317533.3373893294,159901,1394100.0,784800.0,609300.0,2178900.0,0.1448922341673929,0.09106837230442971,90600.0,609300.0,2.761993377483378,2.7611394834967546,2.764218492217201,2.758347094801223
20230828.0,2.0230828110758296e+16,2.761,2.76,2.759,2.758,2.757,6500.0,38600.0,177600.0,186400.0,170300.0,2.42,2.849,2.761,2.744,-547000.0,-136400.0,-110000.0,-413900.0,-155800.0,2.762,2.763,2.764,2.765,2.766,503000.0,145000.0,80000.0,250300.0,179400.0,2.842,2.689,0.07200000000000006,0.0,128198377.22,46098840.0,2.958,503000.0,145000.0,80000.0,250300.0,179400.0,0.00021621621621603637,32386.48648648709,805635.0,-0.0009999999999998899,-44000.0,8600.0,-30000.0,-163600.0,23600.0,0.002000000000000224,0.001000000000000334,2.761,1.0,1.0,7.624315162162163,7.85186006697932e+16,8.0,29.0,2.762,0.0,40400.0,-4.589728270709692e-05,2.761,2.7615,1108.0,2.761,0.00036212203512579755,0.0010863661053775535,-2067.213208911475,159901,1157700.0,579400.0,578300.0,1737100.0,0.14377925700730537,0.0821249776166791,291700.0,578300.0,2.761861501542681,2.7610127576054957,2.7635319167314503,2.758179496030376
20230828.0,2.0230828110858456e+16,2.76,2.759,2.758,2.757,2.756,5000.0,41200.0,198400.0,158100.0,262300.0,2.42,2.849,2.761,2.744,-832000.0,-192600.0,-320100.0,-471500.0,-347300.0,2.761,2.762,2.763,2.764,2.765,827000.0,151400.0,121700.0,313400.0,85000.0,2.842,2.689,0.07200000000000006,0.0,128219084.72,46106340.0,2.958,827000.0,151400.0,121700.0,313400.0,85000.0,0.0,1548.3870967775583,20707.5,-0.0009999999999998899,-5000.0,-41200.0,-198400.0,-158100.0,-262300.0,0.0019999999999997797,0.0009999999999998899,2.761,0.0,0.0,7.6231209999999985,6.58843353089616e+16,0.0,0.0,2.761,0.0,2950.0,-0.00036469646046000115,2.761,2.7605,1109.0,2.761,0.0003622532149974041,0.0010867596449918905,0.0,159901,1498500.0,665000.0,833500.0,2163500.0,0.14141338031839734,0.0839805710787918,7500.0,833500.0,2.761,2.7600060096153847,2.7621177844511178,2.7570503759398495
20230828.0,2.023082811095841e+16,2.758,2.757,2.756,2.755,2.754,157000.0,160100.0,122100.0,170100.0,320400.0,2.42,2.849,2.759,2.744,-191600.0,-279400.0,-153400.0,-544900.0,-460100.0,2.759,2.76,2.761,2.762,2.763,34600.0,119300.0,31300.0,374800.0,139700.0,2.842,2.689,0.06999999999999984,-0.002000000000000224,128461324.92,46194140.0,2.958,34600.0,119300.0,31300.0,374800.0,139700.0,0.0007692307692304112,25796.153846152127,242240.20000000298,-0.0009999999999998899,-157000.0,-160100.0,-122100.0,-170100.0,-320400.0,0.0019999999999997797,0.0009999999999998899,2.759,1.0,3.0,7.613355230769226,5.53421394861716e+16,12.0,14.0,2.761,0.0017499999999999183,39100.0,-0.0004300169305695434,2.758,2.7584999999999997,1110.0,2.761,0.00036251586006883814,0.0010875475802065145,-3342312.660094005,159901,699700.0,929700.0,-230000.0,1629400.0,0.13827540476763958,0.08975321320414514,87800.0,230000.0,2.759000000000034,2.758819415448852,2.761665570958982,2.755637732601915
20230828.0,2.02308281110553e+16,2.758,2.757,2.756,2.755,2.754,77000.0,40100.0,242100.0,233700.0,136700.0,2.42,2.849,2.76,2.744,-46600.0,-734400.0,-20000.0,80400.0,-310500.0,2.759,2.76,2.761,2.762,2.763,1200.0,733700.0,171300.0,358000.0,266500.0,2.842,2.689,0.07099999999999973,0.0009999999999998899,128579970.32,46237140.0,2.958,-33400.0,614400.0,140000.0,-16800.0,126800.0,9.09090909093635e-05,996.9696969687939,118645.39999999106,-0.0009999999999998899,-80000.0,-120000.0,120000.0,63600.0,-183700.0,0.0019999999999997797,0.0009999999999998899,2.76,1.0,0.0,7.617098272727271,7.05467706746848e+16,30.0,3.0,2.76,0.0,0.0,5.9893131598487415e-05,2.759,2.7584999999999997,1111.0,2.759,0.00036251586006883814,0.0010875475802065145,1674979.710144743,159901,1530700.0,729600.0,801100.0,2260300.0,0.12310137270324052,0.0645767280368214,43000.0,801100.0,2.7591953488370016,2.758984654731458,2.761101195531456,2.7555709978070175
20230828.0,2.0230828111158396e+16,2.758,2.757,2.756,2.755,2.754,77000.0,40100.0,242100.0,233700.0,76700.0,2.42,2.849,2.76,2.744,-1100.0,-1500.0,-60000.0,16700.0,-16700.0,2.759,2.76,2.761,2.762,2.763,2300.0,735200.0,231300.0,341300.0,223200.0,2.842,2.689,0.07099999999999973,0.0,128579970.32,46237140.0,2.958,1100.0,1500.0,60000.0,-16700.0,-43300.0,0.0,0.0,0.0,-0.0009999999999998899,0.0,0.0,0.0,0.0,-60000.0,0.0019999999999997797,0.0009999999999998899,2.76,0.0,0.0,7.617599999999998,7.4825559038286e+16,0.0,0.0,2.76,0.0,0.0,-4.950570618555972e-06,2.76,2.7584999999999997,1112.0,2.76,0.00036251586006883814,0.0010875475802065145,0.0,159901,1533300.0,669600.0,863700.0,2202900.0,0.06769487884526224,0.0673790139965802,0.0,863700.0,0.0,2.7589709962168976,2.7610312398095607,2.7557117682198324
20230828.0,2.023082811125839e+16,2.755,2.754,2.753,2.752,2.751,100.0,73700.0,189800.0,108100.0,289500.0,2.42,2.849,2.756,2.744,-199600.0,-284200.0,-912400.0,-454700.0,-513700.0,2.756,2.757,2.758,2.759,2.76,199500.0,210500.0,722600.0,346600.0,224200.0,2.842,2.689,0.06699999999999973,-0.0040000000000000036,128877516.22,46345040.0,2.958,199500.0,210500.0,722600.0,346600.0,224200.0,0.0014137931034481355,24572.413793101907,297545.90000000596,-0.001000000000000334,-100.0,-73700.0,-189800.0,-108100.0,-289500.0,0.002000000000000224,0.0009999999999998899,2.756,1.0,4.0,7.603333206896552,6.21973234690144e+16,8.0,21.0,2.76,0.002000000000000224,21700.0,-0.0014401582972087823,2.756,2.7554999999999996,1113.0,2.76,0.0003629105425512212,0.0010887316276538246,-6720710.877268431,159901,1703400.0,661200.0,1042200.0,2364600.0,0.08667467308283122,0.09709591270981649,107900.0,1042200.0,2.7576079703429652,2.7550005010020038,2.758108899847364,2.752072595281307
20230828.0,2.0230828111358364e+16,2.754,2.753,2.752,2.751,2.75,43600.0,198800.0,208100.0,519500.0,580600.0,2.42,2.849,2.758,2.744,152300.0,-98300.0,484500.0,-929500.0,-588800.0,2.756,2.757,2.758,2.759,2.76,3600.0,110000.0,30000.0,756600.0,232400.0,2.842,2.689,0.06899999999999995,0.002000000000000224,129159283.52,46447240.0,2.958,-195900.0,-100500.0,-692600.0,410000.0,8200.0,0.0018999999999995687,38660.0,281767.299999997,-0.001000000000000334,-43600.0,-198800.0,-208100.0,-519500.0,-580600.0,0.002000000000000224,0.0009999999999998899,2.758,4.0,2.0,7.5949875,6.4544319889932e+16,15.0,15.0,2.758,0.0040000000000000036,100000.0,0.0003073779709188429,2.754,2.755,1114.0,2.756,0.0007259528130670707,0.0014519056261343027,3367359.485390829,159901,1132600.0,1550600.0,-418000.0,2683200.0,0.11736965300713248,0.1290293355472325,102200.0,418000.0,2.757018590998014,2.755847457627118,2.7589749249514393,2.7511005417257834
20230828.0,2.02308281114583e+16,2.759,2.758,2.757,2.756,2.755,33600.0,30000.0,160000.0,211600.0,91200.0,2.42,2.849,2.76,2.744,39200.0,64900.0,981400.0,426500.0,459400.0,2.76,2.761,2.762,2.763,2.764,5600.0,34900.0,821400.0,214900.0,368200.0,2.842,2.689,0.07099999999999973,0.0019999999999997797,129443009.52,46550140.0,2.958,-5600.0,-34900.0,-821400.0,-214900.0,-368200.0,0.0009189189189187097,21608.108108110726,283726.0,-0.001000000000000334,33600.0,30000.0,160000.0,211600.0,91200.0,0.002000000000000224,0.0009999999999998899,2.76,2.0,1.0,7.611634270270271,8.00915367764612e+16,27.0,10.0,2.76,0.0009999999999998899,12800.0,0.0014539161274165213,2.757,2.7595,1115.0,2.758,0.0003623844899437905,0.0010871534698315324,3372945.15062782,159901,1445000.0,526400.0,918600.0,1971400.0,0.12103354539994908,0.1253123533991473,102900.0,918600.0,2.757298347910593,2.759857142857143,2.7626264359861588,2.756436170212766
20230828.0,2.023082811155831e+16,2.758,2.757,2.756,2.755,2.754,5000.0,73600.0,120000.0,232600.0,170200.0,2.42,2.849,2.759,2.744,-48600.0,-709200.0,-251300.0,-614100.0,-413200.0,2.759,2.76,2.761,2.762,2.763,43600.0,635600.0,131300.0,381500.0,243000.0,2.842,2.689,0.06999999999999984,-0.0009999999999998899,129525779.52,46580140.0,2.958,43600.0,635600.0,131300.0,381500.0,243000.0,0.00040740740740785597,8900.0,82770.0,-0.0009999999999998899,-5000.0,-73600.0,-120000.0,-232600.0,-170200.0,0.0019999999999997797,0.0009999999999998899,2.759,0.0,1.0,7.615351518518513,5.85290986158432e+16,16.0,11.0,2.76,0.0009999999999998899,30000.0,-0.0006358372479442487,2.759,2.7584999999999997,1116.0,2.76,0.00036251586006883814,0.0010875475802065145,-1687214.208046208,159901,1435000.0,601400.0,833600.0,2036400.0,0.12763462410060977,0.13226382529442957,30000.0,833600.0,2.759,2.758102880658436,2.761100836236934,2.7551862321250415
20230828.0,2.023082811165824e+16,2.76,2.759,2.758,2.757,2.756,21300.0,17600.0,125000.0,148000.0,120200.0,2.42,2.849,2.76,2.744,751300.0,199000.0,160000.0,478100.0,165400.0,2.761,2.762,2.763,2.764,2.765,730000.0,181400.0,35000.0,330100.0,45200.0,2.842,2.689,0.07099999999999973,0.0009999999999998899,129873774.12,46706240.0,2.958,-730000.0,-181400.0,-35000.0,-330100.0,-45200.0,0.0009090909090905264,28050.0,347994.60000000894,-0.0009999999999998899,21300.0,17600.0,125000.0,148000.0,120200.0,0.0019999999999997797,0.0009999999999998899,2.76,3.0,1.0,7.61709890909091,4.79130250921972e+16,13.0,9.0,2.761,0.002000000000000224,54700.0,0.000697870419327451,2.759,2.7605,1117.0,2.759,0.0003622532149974041,0.0010867596449918905,1688006.6298690815,159901,1321700.0,432100.0,889600.0,1753800.0,0.1496260928611469,0.15439720848569455,126100.0,889600.0,2.7596716891356774,2.7600283508585117,2.762076265415752,2.757240453598704
20230828.0,2.0230828111758224e+16,2.756,2.755,2.754,2.753,2.752,90400.0,148200.0,120000.0,166700.0,340700.0,2.42,2.849,2.758,2.744,-720400.0,-348200.0,-410300.0,-348100.0,-425700.0,2.759,2.76,2.761,2.762,2.763,630000.0,200000.0,290300.0,181400.0,85000.0,2.842,2.689,0.06899999999999995,-0.0019999999999997797,129956284.52,46736140.0,2.958,630000.0,200000.0,290300.0,181400.0,85000.0,0.0007272727272722435,7918.181818179786,82510.39999999106,-0.0009999999999998899,-90400.0,-148200.0,-120000.0,-166700.0,-340700.0,0.0019999999999997797,0.0009999999999998899,2.758,0.0,2.0,7.610576909090909,4.80375903979552e+16,10.0,12.0,2.76,0.0017499999999999183,20525.0,-0.0013240122852653524,2.758,2.7575,1118.0,2.76,0.0010879419764279652,0.0018132366273798345,-3388337.2839258425,159901,1386700.0,866000.0,520700.0,2252700.0,0.14246505798939677,0.14380135614890455,29900.0,520700.0,2.7595451505013733,2.7563764575235976,2.7602005480637484,2.7534005773672052
20230828.0,2.0230828111858296e+16,2.758,2.757,2.756,2.755,2.754,18100.0,84500.0,160400.0,173800.0,170200.0,2.42,2.849,2.76,2.744,742800.0,304600.0,411600.0,388800.0,348300.0,2.76,2.761,2.762,2.763,2.764,724700.0,220100.0,251200.0,215000.0,178100.0,2.842,2.689,0.07099999999999973,0.0019999999999997797,129961528.52,46738040.0,2.958,-724700.0,-220100.0,-251200.0,-215000.0,-178100.0,0.0006666666666670373,633.3333333358169,5244.0,-0.001000000000000334,18100.0,84500.0,160400.0,173800.0,170200.0,0.002000000000000224,0.0009999999999998899,2.76,1.0,0.0,7.613921333333333,5.89783999336452e+16,18.0,9.0,2.76,0.0019999999999997797,1900.0,0.0006065100123648914,2.758,2.759,1119.0,2.758,0.000724900326205067,0.0014498006524102946,3386814.4927532505,159901,1589100.0,607000.0,982100.0,2196100.0,0.1616041369308594,0.14704074214306687,1900.0,982100.0,2.76,2.75804873451804,2.76130885406834,2.755351729818781
20230828.0,2.0230828111958292e+16,2.754,2.753,2.752,2.751,2.75,49500.0,88800.0,120200.0,127000.0,166700.0,2.42,2.849,2.754,2.744,-295900.0,-778800.0,-487100.0,-427800.0,-388300.0,2.755,2.756,2.757,2.758,2.759,246400.0,690000.0,366900.0,300800.0,221600.0,2.842,2.689,0.06499999999999995,-0.005999999999999783,130355370.42,46880940.0,2.958,246400.0,690000.0,366900.0,300800.0,221600.0,0.0019629629629625,52551.85185185075,393841.90000000596,-0.0009999999999998899,-49500.0,-88800.0,-120200.0,-127000.0,-166700.0,0.0019999999999997797,0.0009999999999998899,2.754,0.0,4.0,7.600849407407406,5.91585375378912e+16,15.0,12.0,2.76,0.0040000000000000036,110650.0,-0.0014083079834255052,2.754,2.7545,1120.0,2.76,0.0003630422944272608,0.0010891268832817823,-10192271.880598605,159901,1825700.0,552200.0,1273500.0,2377900.0,0.16189882954327642,0.15363477798636951,142900.0,1273500.0,2.756066480056025,2.754167286245353,2.756759653831407,2.7515063382832303
20230828.0,2.0230828112058292e+16,2.756,2.755,2.754,2.753,2.752,3600.0,32500.0,163000.0,222900.0,76900.0,2.42,2.849,2.756,2.744,3700.0,762600.0,429900.0,519500.0,198500.0,2.757,2.758,2.759,2.76,2.761,100.0,730100.0,266900.0,296600.0,121600.0,2.842,2.689,0.06699999999999973,0.0019999999999997797,130934566.82,47091140.0,2.958,-100.0,-730100.0,-266900.0,-296600.0,-121600.0,0.0007407407407407085,5962.962962962687,579196.3999999911,-0.0009999999999998899,3600.0,32500.0,163000.0,222900.0,76900.0,0.0019999999999997797,0.0009999999999998899,2.756,4.0,2.0,7.58859725925926,5.96139560522932e+16,13.0,14.0,2.756,0.0014999999999996128,24350.0,0.001018187466855558,2.754,2.7565,1121.0,2.754,0.0003627788862689403,0.0010883366588064988,3410595.1366426703,159901,1415300.0,498900.0,916400.0,1914200.0,0.179853783304118,0.1522816235920886,210200.0,916400.0,2.7554538534728406,2.756972972972973,2.7588653995619303,2.7533245139306475
20230828.0,2.0230828112158336e+16,2.758,2.757,2.756,2.755,2.754,30000.0,33600.0,120400.0,174500.0,273200.0,2.42,2.849,2.759,2.744,660300.0,250200.0,150500.0,606200.0,316200.0,2.759,2.76,2.761,2.762,2.763,630300.0,216600.0,30100.0,431700.0,43000.0,2.842,2.689,0.06999999999999984,0.0030000000000001137,131295412.52,47221940.0,2.958,-630300.0,-216600.0,-30100.0,-431700.0,-43000.0,0.0007352941176463901,50129.41176470369,360845.700000003,-0.0009999999999998899,30000.0,33600.0,120400.0,174500.0,273200.0,0.0019999999999997797,0.0009999999999998899,2.759,3.0,0.0,7.608025088235293,7.56562349873704e+16,20.0,14.0,2.759,0.0019999999999997797,130400.0,0.0003889237914036503,2.756,2.7584999999999997,1122.0,2.756,0.00036251586006883814,0.0010875475802065145,5128186.552513497,159901,1351700.0,631700.0,720000.0,1983400.0,0.17584806309006448,0.15779677234246356,130800.0,720000.0,2.7587591743119493,2.7580454338936846,2.76029015314049,2.7550069653316447
20230828.0,2.0230828112258256e+16,2.756,2.755,2.754,2.753,2.752,105500.0,96500.0,173000.0,330400.0,76800.0,2.42,2.849,2.758,2.744,-115500.0,-126900.0,-814500.0,-667800.0,-320400.0,2.757,2.758,2.759,2.76,2.761,10000.0,30400.0,641500.0,337400.0,243600.0,2.842,2.689,0.06899999999999995,-0.0009999999999998899,131460616.72,47281840.0,2.958,10000.0,30400.0,641500.0,337400.0,243600.0,0.0003846153846156497,23038.46153846383,165204.20000000298,-0.0009999999999998899,-105500.0,-96500.0,-173000.0,-330400.0,-76800.0,0.0019999999999997797,0.0009999999999998899,2.758,0.0,1.0,7.609959076923076,5.80343098156736e+16,16.0,10.0,2.759,0.0009999999999998899,59900.0,-0.00041052491094517585,2.758,2.7565,1123.0,2.759,0.0003627788862689403,0.0010883366588064988,-1714352.429296403,159901,1262900.0,782200.0,480700.0,2045100.0,0.16554523294400952,0.14854564132118742,59900.0,480700.0,2.7580000000000497,2.75691341991342,2.7596130334943383,2.7537743543850675
20230828.0,2.023082811235517e+16,2.756,2.755,2.754,2.753,2.752,35500.0,56500.0,213000.0,270400.0,76900.0,2.42,2.849,2.758,2.744,-61100.0,-639600.0,500000.0,-10100.0,22100.0,2.757,2.758,2.759,2.76,2.761,1100.0,630000.0,181500.0,287500.0,221600.0,2.842,2.689,0.06899999999999995,0.0,131500597.22,47296340.0,2.958,-8900.0,599600.0,-460000.0,-49900.0,-22000.0,8.881784197001252e-16,1740.0,39980.5,-0.0009999999999998899,-70000.0,-40000.0,40000.0,-60000.0,100.0,0.0019999999999997797,0.0009999999999998899,2.758,0.0,0.0,7.606564,5.591948028406e+16,0.0,25.0,2.758,0.0,0.0,2.0502951560086302e-05,2.758,2.7565,1124.0,2.758,0.0003627788862689403,0.0010883366588064988,0.0,159901,1321700.0,652300.0,669400.0,1974000.0,0.14838515651537235,0.13736085737925713,14500.0,669400.0,2.7572758620689655,2.7569699453551912,2.7590745252326547,2.7535451479380653
20230828.0,2.0230828112458184e+16,2.754,2.753,2.752,2.751,2.75,159100.0,88800.0,170100.0,270600.0,183000.0,2.42,2.849,2.755,2.744,-176100.0,-119300.0,-801700.0,-667400.0,-366000.0,2.755,2.756,2.757,2.758,2.759,17000.0,30500.0,631600.0,396800.0,183000.0,2.842,2.689,0.06599999999999984,-0.0030000000000001137,131787197.22,47400340.0,2.958,17000.0,30500.0,631600.0,396800.0,183000.0,0.0009259259259253305,35807.40740741044,286600.0,-0.0009999999999998899,-159100.0,-88800.0,-170100.0,-270600.0,-183000.0,0.0019999999999997797,0.0009999999999998899,2.755,0.0,2.0,7.595128888888887,6.05718160423772e+16,15.0,12.0,2.758,0.0009999999999998899,72100.0,-0.0007498290899008442,2.755,2.7545,1125.0,2.758,0.0003630422944272608,0.0010891268832817823,-5155080.740387774,159901,1258900.0,871600.0,387300.0,2130500.0,0.1374986641892869,0.12431029075159414,104000.0,387300.0,2.7557692307692307,2.7549034639409427,2.7575546906029076,2.751736576411198
20230828.0,2.0230828112558228e+16,2.754,2.753,2.752,2.751,2.75,156600.0,48800.0,120100.0,270600.0,183000.0,2.42,2.849,2.755,2.744,9300.0,-640000.0,550000.0,90000.0,-40000.0,2.755,2.756,2.757,2.758,2.759,5200.0,630500.0,31600.0,306800.0,223000.0,2.842,2.689,0.06599999999999984,0.0,131823838.72,47413640.0,2.958,-11800.0,600000.0,-600000.0,-90000.0,40000.0,4.440892098500626e-16,2015.625,36641.5,-0.0009999999999998899,-2500.0,-40000.0,-50000.0,0.0,0.0,0.0019999999999997797,0.0009999999999998899,2.755,0.0,0.0,7.590024999999999,7.19315885574772e+16,32.0,0.0,2.755,0.0,2000.0,2.3375361323019206e-05,2.755,2.7545,1126.0,2.755,0.0003630422944272608,0.0010891268832817823,0.0,159901,1197100.0,779100.0,418000.0,1976200.0,0.11230265518137034,0.1188591751983653,13300.0,418000.0,2.755,2.7549678615574784,2.7570934759000916,2.7516475420356823
20230828.0,2.0230828112658184e+16,2.754,2.753,2.752,2.751,2.75,155600.0,88800.0,120100.0,270600.0,183000.0,2.42,2.849,2.755,2.744,-900.0,40000.0,0.0,-90000.0,0.0,2.755,2.756,2.757,2.758,2.759,5100.0,630500.0,31600.0,396800.0,223000.0,2.842,2.689,0.06599999999999984,0.0,131829072.22,47415540.0,2.958,-100.0,0.0,0.0,90000.0,0.0,7.142857142872217e-05,596.4285714253783,5233.5,-0.0009999999999998899,-1000.0,40000.0,0.0,0.0,0.0,0.0019999999999997797,0.0009999999999998899,2.755,1.0,1.0,7.589631499999998,6.29489524868988e+16,26.0,2.0,2.755,0.0,1150.0,1.4602281694919839e-07,2.754,2.7545,1127.0,2.755,0.0003630422944272608,0.0010891268832817823,-621.2938250512816,159901,1287000.0,818100.0,468900.0,2105100.0,0.08454890567248692,0.08484517777305091,1900.0,468900.0,2.7544736842105264,2.7549682638456754,2.7571570318570315,2.7517107933015525
20230828.0,2.0230828112758136e+16,2.755,2.754,2.753,2.752,2.751,90400.0,185600.0,48800.0,160100.0,196900.0,2.42,2.849,2.756,2.744,703700.0,307200.0,278800.0,451900.0,302000.0,2.756,2.757,2.758,2.759,2.76,613300.0,121600.0,230000.0,291800.0,105100.0,2.842,2.689,0.06699999999999973,0.0009999999999998899,131975685.42,47468740.0,2.958,-613300.0,-121600.0,-230000.0,-291800.0,-105100.0,0.00047058823529377847,25670.58823529631,146613.20000000298,-0.001000000000000334,90400.0,185600.0,48800.0,160100.0,196900.0,0.002000000000000224,0.0009999999999998899,2.756,1.0,0.0,7.592618411764704,3.82613752031492e+16,8.0,9.0,2.756,0.0009999999999998899,53000.0,5.8147795331864316e-05,2.755,2.7554999999999996,1128.0,2.755,0.0003629105425512212,0.0010887316276538246,1722370.827285732,159901,1361800.0,681800.0,680000.0,2043600.0,0.07311800245592943,0.07359765617214938,53200.0,680000.0,2.755887218045169,2.75512846383402,2.7573786165369363,2.752724992666471
20230828.0,2.023082811285821e+16,2.755,2.754,2.753,2.752,2.751,30000.0,181400.0,88800.0,120100.0,196900.0,2.42,2.849,2.756,2.744,571200.0,352600.0,211500.0,95100.0,190200.0,2.757,2.758,2.759,2.76,2.761,631600.0,356800.0,171500.0,135100.0,190200.0,2.842,2.689,0.06699999999999973,0.0,132323936.42,47595140.0,2.958,-631600.0,-356800.0,-171500.0,-135100.0,-190200.0,0.0003750000000000142,22262.5,348251.0,-0.0009999999999998899,-60400.0,-4200.0,40000.0,-40000.0,0.0,0.0019999999999997797,0.0009999999999998899,2.756,2.0,2.0,7.592091625,7.22487001353952e+16,12.0,20.0,2.756,0.0009999999999998899,50800.0,-1.3710741718409025e-05,2.755,2.7560000000000002,1129.0,2.756,0.0007256894049347692,0.001451378809869377,577.0445080716163,159901,1485200.0,617200.0,868000.0,2102400.0,0.07127641781957744,0.07216699292197157,126400.0,868000.0,2.7551503164556963,2.7550906892382105,2.7582563291139244,2.752558489954634
20230828.0,2.02308281129591e+16,2.755,2.754,2.753,2.752,2.751,40000.0,82000.0,101700.0,30100.0,18900.0,2.42,2.849,2.756,2.744,-93000.0,-267300.0,-17100.0,-221500.0,-195100.0,2.756,2.757,2.758,2.759,2.76,103000.0,167900.0,30000.0,131500.0,17100.0,2.842,2.689,0.06699999999999973,0.0,132436109.32,47635840.0,2.958,103000.0,167900.0,30000.0,131500.0,17100.0,0.0003939393939393909,8603.030303031206,112172.89999999106,-0.001000000000000334,10000.0,-99400.0,12900.0,-90000.0,-178000.0,0.002000000000000224,0.0009999999999998899,2.756,1.0,1.0,7.597707787878787,7.47818471963288e+16,13.0,20.0,2.757,0.001000000000000334,3700.0,6.860919594697812e-05,2.756,2.7554999999999996,1130.0,2.756,0.0003629105425512212,0.0010887316276538246,-2045.1364596160129,159901,449500.0,272700.0,176800.0,722200.0,0.08202606808074449,0.09290720742552457,40700.0,176800.0,2.7560909090906893,2.75527972027972,2.7575368186874307,2.7533450678401175
0.0,0.0,0.0,0.0,0.0,0.0,0.0,0.0,0.0,0.0,0.0,0.0,0.0,0.0,0.0,0.0,0.0,0.0,0.0,0.0,0.0,0.0,0.0,0.0,0.0,0.0,0.0,0.0,0.0,0.0,0.0,0.0,0.0,0.0,0.0,0.0,0.0,0.0,0.0,0.0,0.0,0.0,0.0,0.0,0.0,0.0,0.0,0.0,0.0,0.0,0.0,0.0,0.0,0.0,0.0,0.0,0.0,0.0,0.0,0.0,0.0,0.0,0.0,0.0,0.0,0.0,0.0,0.0,0.0,0.0,0.0,0.0,0.0,0.0,0.0,0.0,0.0,0.0,0.0,0.0,0.0,0.0,0.0,0.0,0.0
20230828.0,2.023082813015807e+16,2.747,2.746,2.745,2.744,2.743,28200.0,33400.0,141800.0,198900.0,301800.0,2.42,2.849,2.747,2.744,-153700.0,-703400.0,-221800.0,-318900.0,-626700.0,2.748,2.749,2.75,2.751,2.752,125500.0,670000.0,80000.0,120000.0,324900.0,2.842,2.689,0.05799999999999983,-0.008999999999999897,134309222.52,48316740.0,2.958,125500.0,670000.0,80000.0,120000.0,324900.0,0.0018260869565223103,54478.260869562626,1873113.2000000179,-0.0009999999999998899,-28200.0,-33400.0,-141800.0,-198900.0,-301800.0,0.0019999999999997797,0.0009999999999998899,2.747,0.0,3.0,7.556047260869565,5.35727230096948e+16,10.0,13.0,2.751,0.0029999999999996696,126200.0,-0.002942773639937446,2.747,2.7475,1302.0,2.751,0.0003639672429482562,0.0010919017288444455,-7028694.366799302,159901,1320400.0,704100.0,616300.0,2024500.0,0.3267022538700694,0.32850749665579376,680900.0,616300.0,2.7509372888823878,2.7471834743005856,2.749885489245683,2.743987785825877
20230828.0,2.0230828130258052e+16,2.746,2.745,2.744,2.743,2.742,7300.0,55800.0,210900.0,296800.0,264100.0,2.42,2.849,2.749,2.744,-517900.0,544000.0,-260900.0,-427500.0,-167200.0,2.748,2.749,2.75,2.751,2.752,636100.0,70200.0,130000.0,250700.0,228000.0,2.842,2.689,0.06000000000000005,0.002000000000000224,134906644.22,48534140.0,2.958,510600.0,-599800.0,50000.0,130700.0,-96900.0,0.0005789473684201241,50073.68421052396,597421.6999999881,-0.0009999999999998899,-7300.0,-55800.0,-210900.0,-296800.0,-264100.0,0.0019999999999997797,0.0009999999999998899,2.749,2.0,1.0,7.5538189473684225,4.46634696661204e+16,11.0,8.0,2.749,0.0009999999999998899,80100.0,-0.00042262472359921865,2.746,2.747,1303.0,2.747,0.0007280669821624404,0.0014561339643247193,3527671.423428447,159901,1315000.0,834900.0,480100.0,2149900.0,0.37738681446231126,0.3883569908400003,217400.0,480100.0,2.748029898803993,2.7460226919490207,2.749516577946768,2.743096179183136
20230828.0,2.023082813035802e+16,2.745,2.744,2.743,2.742,2.741,35800.0,84500.0,124900.0,165000.0,250100.0,2.42,2.849,2.746,2.744,-816800.0,-155100.0,-209900.0,-505900.0,-488100.0,2.746,2.747,2.748,2.749,2.75,781000.0,70600.0,85000.0,340900.0,238000.0,2.842,2.689,0.05699999999999994,-0.0030000000000001137,135099982.62,48604540.0,2.958,781000.0,70600.0,85000.0,340900.0,238000.0,0.0009500000000008946,8320.0,193338.40000000596,-0.0009999999999998899,-35800.0,-84500.0,-124900.0,-165000.0,-250100.0,0.0019999999999997797,0.0009999999999998899,2.746,0.0,2.0,7.545735549999999,4.716190672148e+16,11.0,9.0,2.749,0.0009999999999998899,14400.0,-0.00035652905558780645,2.746,2.7455,1304.0,2.749,0.0003642323802585649,0.0010926971407756946,-5303768.001960095,159901,1515500.0,660300.0,855200.0,2175800.0,0.19525146290628836,0.22174783595086597,70400.0,855200.0,2.7462840909091755,2.745043829578844,2.747461761794787,2.7422289868241707
