TradeDate,OrigTime,BidPx1,BidPx2,BidPx3,BidPx4,BidPx5,BidSize1,BidSize2,BidSize3,BidSize4,BidSize5,DownLimitPx,HighPx,LastPx,LowPx,OFI1,OFI2,OFI3,OFI4,OFI5,OfferPx1,OfferPx2,OfferPx3,OfferPx4,OfferPx5,OfferSize1,OfferSize2,OfferSize3,OfferSize4,OfferSize5,OpenPx,PreClosePx,PxChange1,PxChange2,TotalValueTrade,TotalVolumeTrade,UpLimitPx,aOF1,aOF2,aOF3,aOF4,aOF5,abs_diff,abs_diff_v,amount,ask_spread,bOF1,bOF2,bOF3,bOF4,bOF5,bid_ask_spread,bid_spread,close,df_max,df_min,energy,energy_v,f_max,f_min,high,iqr_p,iqr_p_v,log_return,low,mid,minute,open,price_spread,price_spread2,tendency,ticker,total_ask_qty,total_bid_qty,total_qty_diff,total_volume,volatility,volatility_QMLE,volume,volume_imbalance,vwap,wap1,weighted_ask_prc,weighted_bid_prc
0.0,0.0,0.0,0.0,0.0,0.0,0.0,0.0,0.0,0.0,0.0,0.0,0.0,0.0,0.0,0.0,0.0,0.0,0.0,0.0,0.0,0.0,0.0,0.0,0.0,0.0,0.0,0.0,0.0,0.0,0.0,0.0,0.0,0.0,0.0,0.0,0.0,0.0,0.0,0.0,0.0,0.0,0.0,0.0,0.0,0.0,0.0,0.0,0.0,0.0,0.0,0.0,0.0,0.0,0.0,0.0,0.0,0.0,0.0,0.0,0.0,0.0,0.0,0.0,0.0,0.0,0.0,0.0,0.0,0.0,0.0,0.0,0.0,0.0,0.0,0.0,0.0,0.0,0.0,0.0,0.0,0.0,0.0,0.0,0.0
0.0,0.0,0.0,0.0,0.0,0.0,0.0,0.0,0.0,0.0,0.0,0.0,0.0,0.0,0.0,0.0,0.0,0.0,0.0,0.0,0.0,0.0,0.0,0.0,0.0,0.0,0.0,0.0,0.0,0.0,0.0,0.0,0.0,0.0,0.0,0.0,0.0,0.0,0.0,0.0,0.0,0.0,0.0,0.0,0.0,0.0,0.0,0.0,0.0,0.0,0.0,0.0,0.0,0.0,0.0,0.0,0.0,0.0,0.0,0.0,0.0,0.0,0.0,0.0,0.0,0.0,0.0,0.0,0.0,0.0,0.0,0.0,0.0,0.0,0.0,0.0,0.0,0.0,0.0,0.0,0.0,0.0,0.0,0.0,0.0
0.0,0.0,0.0,0.0,0.0,0.0,0.0,0.0,0.0,0.0,0.0,0.0,0.0,0.0,0.0,0.0,0.0,0.0,0.0,0.0,0.0,0.0,0.0,0.0,0.0,0.0,0.0,0.0,0.0,0.0,0.0,0.0,0.0,0.0,0.0,0.0,0.0,0.0,0.0,0.0,0.0,0.0,0.0,0.0,0.0,0.0,0.0,0.0,0.0,0.0,0.0,0.0,0.0,0.0,0.0,0.0,0.0,0.0,0.0,0.0,0.0,0.0,0.0,0.0,0.0,0.0,0.0,0.0,0.0,0.0,0.0,0.0,0.0,0.0,0.0,0.0,0.0,0.0,0.0,0.0,0.0,0.0,0.0,0.0,0.0
0.0,0.0,0.0,0.0,0.0,0.0,0.0,0.0,0.0,0.0,0.0,0.0,0.0,0.0,0.0,0.0,0.0,0.0,0.0,0.0,0.0,0.0,0.0,0.0,0.0,0.0,0.0,0.0,0.0,0.0,0.0,0.0,0.0,0.0,0.0,0.0,0.0,0.0,0.0,0.0,0.0,0.0,0.0,0.0,0.0,0.0,0.0,0.0,0.0,0.0,0.0,0.0,0.0,0.0,0.0,0.0,0.0,0.0,0.0,0.0,0.0,0.0,0.0,0.0,0.0,0.0,0.0,0.0,0.0,0.0,0.0,0.0,0.0,0.0,0.0,0.0,0.0,0.0,0.0,0.0,0.0,0.0,0.0,0.0,0.0
0.0,0.0,0.0,0.0,0.0,0.0,0.0,0.0,0.0,0.0,0.0,0.0,0.0,0.0,0.0,0.0,0.0,0.0,0.0,0.0,0.0,0.0,0.0,0.0,0.0,0.0,0.0,0.0,0.0,0.0,0.0,0.0,0.0,0.0,0.0,0.0,0.0,0.0,0.0,0.0,0.0,0.0,0.0,0.0,0.0,0.0,0.0,0.0,0.0,0.0,0.0,0.0,0.0,0.0,0.0,0.0,0.0,0.0,0.0,0.0,0.0,0.0,0.0,0.0,0.0,0.0,0.0,0.0,0.0,0.0,0.0,0.0,0.0,0.0,0.0,0.0,0.0,0.0,0.0,0.0,0.0,0.0,0.0,0.0,0.0
0.0,0.0,0.0,0.0,0.0,0.0,0.0,0.0,0.0,0.0,0.0,0.0,0.0,0.0,0.0,0.0,0.0,0.0,0.0,0.0,0.0,0.0,0.0,0.0,0.0,0.0,0.0,0.0,0.0,0.0,0.0,0.0,0.0,0.0,0.0,0.0,0.0,0.0,0.0,0.0,0.0,0.0,0.0,0.0,0.0,0.0,0.0,0.0,0.0,0.0,0.0,0.0,0.0,0.0,0.0,0.0,0.0,0.0,0.0,0.0,0.0,0.0,0.0,0.0,0.0,0.0,0.0,0.0,0.0,0.0,0.0,0.0,0.0,0.0,0.0,0.0,0.0,0.0,0.0,0.0,0.0,0.0,0.0,0.0,0.0
0.0,0.0,0.0,0.0,0.0,0.0,0.0,0.0,0.0,0.0,0.0,0.0,0.0,0.0,0.0,0.0,0.0,0.0,0.0,0.0,0.0,0.0,0.0,0.0,0.0,0.0,0.0,0.0,0.0,0.0,0.0,0.0,0.0,0.0,0.0,0.0,0.0,0.0,0.0,0.0,0.0,0.0,0.0,0.0,0.0,0.0,0.0,0.0,0.0,0.0,0.0,0.0,0.0,0.0,0.0,0.0,0.0,0.0,0.0,0.0,0.0,0.0,0.0,0.0,0.0,0.0,0.0,0.0,0.0,0.0,0.0,0.0,0.0,0.0,0.0,0.0,0.0,0.0,0.0,0.0,0.0,0.0,0.0,0.0,0.0
0.0,0.0,0.0,0.0,0.0,0.0,0.0,0.0,0.0,0.0,0.0,0.0,0.0,0.0,0.0,0.0,0.0,0.0,0.0,0.0,0.0,0.0,0.0,0.0,0.0,0.0,0.0,0.0,0.0,0.0,0.0,0.0,0.0,0.0,0.0,0.0,0.0,0.0,0.0,0.0,0.0,0.0,0.0,0.0,0.0,0.0,0.0,0.0,0.0,0.0,0.0,0.0,0.0,0.0,0.0,0.0,0.0,0.0,0.0,0.0,0.0,0.0,0.0,0.0,0.0,0.0,0.0,0.0,0.0,0.0,0.0,0.0,0.0,0.0,0.0,0.0,0.0,0.0,0.0,0.0,0.0,0.0,0.0,0.0,0.0
0.0,0.0,0.0,0.0,0.0,0.0,0.0,0.0,0.0,0.0,0.0,0.0,0.0,0.0,0.0,0.0,0.0,0.0,0.0,0.0,0.0,0.0,0.0,0.0,0.0,0.0,0.0,0.0,0.0,0.0,0.0,0.0,0.0,0.0,0.0,0.0,0.0,0.0,0.0,0.0,0.0,0.0,0.0,0.0,0.0,0.0,0.0,0.0,0.0,0.0,0.0,0.0,0.0,0.0,0.0,0.0,0.0,0.0,0.0,0.0,0.0,0.0,0.0,0.0,0.0,0.0,0.0,0.0,0.0,0.0,0.0,0.0,0.0,0.0,0.0,0.0,0.0,0.0,0.0,0.0,0.0,0.0,0.0,0.0,0.0
0.0,0.0,0.0,0.0,0.0,0.0,0.0,0.0,0.0,0.0,0.0,0.0,0.0,0.0,0.0,0.0,0.0,0.0,0.0,0.0,0.0,0.0,0.0,0.0,0.0,0.0,0.0,0.0,0.0,0.0,0.0,0.0,0.0,0.0,0.0,0.0,0.0,0.0,0.0,0.0,0.0,0.0,0.0,0.0,0.0,0.0,0.0,0.0,0.0,0.0,0.0,0.0,0.0,0.0,0.0,0.0,0.0,0.0,0.0,0.0,0.0,0.0,0.0,0.0,0.0,0.0,0.0,0.0,0.0,0.0,0.0,0.0,0.0,0.0,0.0,0.0,0.0,0.0,0.0,0.0,0.0,0.0,0.0,0.0,0.0
0.0,0.0,0.0,0.0,0.0,0.0,0.0,0.0,0.0,0.0,0.0,0.0,0.0,0.0,0.0,0.0,0.0,0.0,0.0,0.0,0.0,0.0,0.0,0.0,0.0,0.0,0.0,0.0,0.0,0.0,0.0,0.0,0.0,0.0,0.0,0.0,0.0,0.0,0.0,0.0,0.0,0.0,0.0,0.0,0.0,0.0,0.0,0.0,0.0,0.0,0.0,0.0,0.0,0.0,0.0,0.0,0.0,0.0,0.0,0.0,0.0,0.0,0.0,0.0,0.0,0.0,0.0,0.0,0.0,0.0,0.0,0.0,0.0,0.0,0.0,0.0,0.0,0.0,0.0,0.0,0.0,0.0,0.0,0.0,0.0
0.0,0.0,0.0,0.0,0.0,0.0,0.0,0.0,0.0,0.0,0.0,0.0,0.0,0.0,0.0,0.0,0.0,0.0,0.0,0.0,0.0,0.0,0.0,0.0,0.0,0.0,0.0,0.0,0.0,0.0,0.0,0.0,0.0,0.0,0.0,0.0,0.0,0.0,0.0,0.0,0.0,0.0,0.0,0.0,0.0,0.0,0.0,0.0,0.0,0.0,0.0,0.0,0.0,0.0,0.0,0.0,0.0,0.0,0.0,0.0,0.0,0.0,0.0,0.0,0.0,0.0,0.0,0.0,0.0,0.0,0.0,0.0,0.0,0.0,0.0,0.0,0.0,0.0,0.0,0.0,0.0,0.0,0.0,0.0,0.0
0.0,0.0,0.0,0.0,0.0,0.0,0.0,0.0,0.0,0.0,0.0,0.0,0.0,0.0,0.0,0.0,0.0,0.0,0.0,0.0,0.0,0.0,0.0,0.0,0.0,0.0,0.0,0.0,0.0,0.0,0.0,0.0,0.0,0.0,0.0,0.0,0.0,0.0,0.0,0.0,0.0,0.0,0.0,0.0,0.0,0.0,0.0,0.0,0.0,0.0,0.0,0.0,0.0,0.0,0.0,0.0,0.0,0.0,0.0,0.0,0.0,0.0,0.0,0.0,0.0,0.0,0.0,0.0,0.0,0.0,0.0,0.0,0.0,0.0,0.0,0.0,0.0,0.0,0.0,0.0,0.0,0.0,0.0,0.0,0.0
0.0,0.0,0.0,0.0,0.0,0.0,0.0,0.0,0.0,0.0,0.0,0.0,0.0,0.0,0.0,0.0,0.0,0.0,0.0,0.0,0.0,0.0,0.0,0.0,0.0,0.0,0.0,0.0,0.0,0.0,0.0,0.0,0.0,0.0,0.0,0.0,0.0,0.0,0.0,0.0,0.0,0.0,0.0,0.0,0.0,0.0,0.0,0.0,0.0,0.0,0.0,0.0,0.0,0.0,0.0,0.0,0.0,0.0,0.0,0.0,0.0,0.0,0.0,0.0,0.0,0.0,0.0,0.0,0.0,0.0,0.0,0.0,0.0,0.0,0.0,0.0,0.0,0.0,0.0,0.0,0.0,0.0,0.0,0.0,0.0
0.0,0.0,0.0,0.0,0.0,0.0,0.0,0.0,0.0,0.0,0.0,0.0,0.0,0.0,0.0,0.0,0.0,0.0,0.0,0.0,0.0,0.0,0.0,0.0,0.0,0.0,0.0,0.0,0.0,0.0,0.0,0.0,0.0,0.0,0.0,0.0,0.0,0.0,0.0,0.0,0.0,0.0,0.0,0.0,0.0,0.0,0.0,0.0,0.0,0.0,0.0,0.0,0.0,0.0,0.0,0.0,0.0,0.0,0.0,0.0,0.0,0.0,0.0,0.0,0.0,0.0,0.0,0.0,0.0,0.0,0.0,0.0,0.0,0.0,0.0,0.0,0.0,0.0,0.0,0.0,0.0,0.0,0.0,0.0,0.0
0.0,0.0,0.0,0.0,0.0,0.0,0.0,0.0,0.0,0.0,0.0,0.0,0.0,0.0,0.0,0.0,0.0,0.0,0.0,0.0,0.0,0.0,0.0,0.0,0.0,0.0,0.0,0.0,0.0,0.0,0.0,0.0,0.0,0.0,0.0,0.0,0.0,0.0,0.0,0.0,0.0,0.0,0.0,0.0,0.0,0.0,0.0,0.0,0.0,0.0,0.0,0.0,0.0,0.0,0.0,0.0,0.0,0.0,0.0,0.0,0.0,0.0,0.0,0.0,0.0,0.0,0.0,0.0,0.0,0.0,0.0,0.0,0.0,0.0,0.0,0.0,0.0,0.0,0.0,0.0,0.0,0.0,0.0,0.0,0.0
0.0,0.0,0.0,0.0,0.0,0.0,0.0,0.0,0.0,0.0,0.0,0.0,0.0,0.0,0.0,0.0,0.0,0.0,0.0,0.0,0.0,0.0,0.0,0.0,0.0,0.0,0.0,0.0,0.0,0.0,0.0,0.0,0.0,0.0,0.0,0.0,0.0,0.0,0.0,0.0,0.0,0.0,0.0,0.0,0.0,0.0,0.0,0.0,0.0,0.0,0.0,0.0,0.0,0.0,0.0,0.0,0.0,0.0,0.0,0.0,0.0,0.0,0.0,0.0,0.0,0.0,0.0,0.0,0.0,0.0,0.0,0.0,0.0,0.0,0.0,0.0,0.0,0.0,0.0,0.0,0.0,0.0,0.0,0.0,0.0
0.0,0.0,0.0,0.0,0.0,0.0,0.0,0.0,0.0,0.0,0.0,0.0,0.0,0.0,0.0,0.0,0.0,0.0,0.0,0.0,0.0,0.0,0.0,0.0,0.0,0.0,0.0,0.0,0.0,0.0,0.0,0.0,0.0,0.0,0.0,0.0,0.0,0.0,0.0,0.0,0.0,0.0,0.0,0.0,0.0,0.0,0.0,0.0,0.0,0.0,0.0,0.0,0.0,0.0,0.0,0.0,0.0,0.0,0.0,0.0,0.0,0.0,0.0,0.0,0.0,0.0,0.0,0.0,0.0,0.0,0.0,0.0,0.0,0.0,0.0,0.0,0.0,0.0,0.0,0.0,0.0,0.0,0.0,0.0,0.0
0.0,0.0,0.0,0.0,0.0,0.0,0.0,0.0,0.0,0.0,0.0,0.0,0.0,0.0,0.0,0.0,0.0,0.0,0.0,0.0,0.0,0.0,0.0,0.0,0.0,0.0,0.0,0.0,0.0,0.0,0.0,0.0,0.0,0.0,0.0,0.0,0.0,0.0,0.0,0.0,0.0,0.0,0.0,0.0,0.0,0.0,0.0,0.0,0.0,0.0,0.0,0.0,0.0,0.0,0.0,0.0,0.0,0.0,0.0,0.0,0.0,0.0,0.0,0.0,0.0,0.0,0.0,0.0,0.0,0.0,0.0,0.0,0.0,0.0,0.0,0.0,0.0,0.0,0.0,0.0,0.0,0.0,0.0,0.0,0.0
0.0,0.0,0.0,0.0,0.0,0.0,0.0,0.0,0.0,0.0,0.0,0.0,0.0,0.0,0.0,0.0,0.0,0.0,0.0,0.0,0.0,0.0,0.0,0.0,0.0,0.0,0.0,0.0,0.0,0.0,0.0,0.0,0.0,0.0,0.0,0.0,0.0,0.0,0.0,0.0,0.0,0.0,0.0,0.0,0.0,0.0,0.0,0.0,0.0,0.0,0.0,0.0,0.0,0.0,0.0,0.0,0.0,0.0,0.0,0.0,0.0,0.0,0.0,0.0,0.0,0.0,0.0,0.0,0.0,0.0,0.0,0.0,0.0,0.0,0.0,0.0,0.0,0.0,0.0,0.0,0.0,0.0,0.0,0.0,0.0
0.0,0.0,0.0,0.0,0.0,0.0,0.0,0.0,0.0,0.0,0.0,0.0,0.0,0.0,0.0,0.0,0.0,0.0,0.0,0.0,0.0,0.0,0.0,0.0,0.0,0.0,0.0,0.0,0.0,0.0,0.0,0.0,0.0,0.0,0.0,0.0,0.0,0.0,0.0,0.0,0.0,0.0,0.0,0.0,0.0,0.0,0.0,0.0,0.0,0.0,0.0,0.0,0.0,0.0,0.0,0.0,0.0,0.0,0.0,0.0,0.0,0.0,0.0,0.0,0.0,0.0,0.0,0.0,0.0,0.0,0.0,0.0,0.0,0.0,0.0,0.0,0.0,0.0,0.0,0.0,0.0,0.0,0.0,0.0,0.0
0.0,0.0,0.0,0.0,0.0,0.0,0.0,0.0,0.0,0.0,0.0,0.0,0.0,0.0,0.0,0.0,0.0,0.0,0.0,0.0,0.0,0.0,0.0,0.0,0.0,0.0,0.0,0.0,0.0,0.0,0.0,0.0,0.0,0.0,0.0,0.0,0.0,0.0,0.0,0.0,0.0,0.0,0.0,0.0,0.0,0.0,0.0,0.0,0.0,0.0,0.0,0.0,0.0,0.0,0.0,0.0,0.0,0.0,0.0,0.0,0.0,0.0,0.0,0.0,0.0,0.0,0.0,0.0,0.0,0.0,0.0,0.0,0.0,0.0,0.0,0.0,0.0,0.0,0.0,0.0,0.0,0.0,0.0,0.0,0.0
0.0,0.0,0.0,0.0,0.0,0.0,0.0,0.0,0.0,0.0,0.0,0.0,0.0,0.0,0.0,0.0,0.0,0.0,0.0,0.0,0.0,0.0,0.0,0.0,0.0,0.0,0.0,0.0,0.0,0.0,0.0,0.0,0.0,0.0,0.0,0.0,0.0,0.0,0.0,0.0,0.0,0.0,0.0,0.0,0.0,0.0,0.0,0.0,0.0,0.0,0.0,0.0,0.0,0.0,0.0,0.0,0.0,0.0,0.0,0.0,0.0,0.0,0.0,0.0,0.0,0.0,0.0,0.0,0.0,0.0,0.0,0.0,0.0,0.0,0.0,0.0,0.0,0.0,0.0,0.0,0.0,0.0,0.0,0.0,0.0
0.0,0.0,0.0,0.0,0.0,0.0,0.0,0.0,0.0,0.0,0.0,0.0,0.0,0.0,0.0,0.0,0.0,0.0,0.0,0.0,0.0,0.0,0.0,0.0,0.0,0.0,0.0,0.0,0.0,0.0,0.0,0.0,0.0,0.0,0.0,0.0,0.0,0.0,0.0,0.0,0.0,0.0,0.0,0.0,0.0,0.0,0.0,0.0,0.0,0.0,0.0,0.0,0.0,0.0,0.0,0.0,0.0,0.0,0.0,0.0,0.0,0.0,0.0,0.0,0.0,0.0,0.0,0.0,0.0,0.0,0.0,0.0,0.0,0.0,0.0,0.0,0.0,0.0,0.0,0.0,0.0,0.0,0.0,0.0,0.0
20230828.0,2.0230828095458784e+16,3.955,3.954,3.953,3.952,3.951,71500.0,497600.0,805000.0,787900.0,1606900.0,3.465,4.115,3.956,3.948,-917800.0,-1903100.0,-1500100.0,-1420300.0,-2121800.0,3.956,3.957,3.958,3.959,3.96,846300.0,1405500.0,695100.0,632400.0,514900.0,4.115,3.85,0.10599999999999987,0.0,851554857.988,213275212.0,4.235,846300.0,1405500.0,695100.0,632400.0,514900.0,0.0004999999999999449,1450.0,851554857.988,-0.0009999999999998899,-71500.0,-497600.0,-805000.0,-787900.0,-1606900.0,0.0019999999999997797,0.0009999999999998899,3.956,1.0,0.0,15.6459805,9.097139511947029e+16,1.0,1.0,3.956,0.000500000000000167,1450.0,6.204157498856944e-08,3.955,3.9555,955.0,3.955,0.00025281253950193146,0.0007584376185057944,5391183.3164807,159919,4094200.0,3768900.0,325300.0,7863100.0,4.805719734064161e-05,4.80571973406416e-05,213275212.0,325300.0,3.9927511969276583,3.9550779036827195,3.957649284353476,3.9521082013319537
20230828.0,2.0230828095558828e+16,3.951,3.95,3.949,3.948,3.947,261500.0,777600.0,1602900.0,1081300.0,510300.0,3.465,4.115,3.952,3.948,-577200.0,-1527600.0,-2418200.0,-1667200.0,-1075600.0,3.952,3.953,3.954,3.955,3.956,315700.0,750000.0,815300.0,585900.0,565300.0,4.115,3.85,0.10199999999999987,-0.0040000000000000036,865466692.788,216791812.0,4.235,315700.0,750000.0,815300.0,585900.0,565300.0,0.001200000000000312,1361400.0,13911834.799999952,-0.0009999999999998899,-261500.0,-777600.0,-1602900.0,-1081300.0,-510300.0,0.0019999999999997797,0.0009999999999998899,3.952,4.0,9.0,15.640447200000002,9.273080945325798e+17,14.0,6.0,3.958,0.0024999999999999467,2719950.0,-0.0009169267167201678,3.951,3.9515000000000002,956.0,3.956,0.0002530684550170542,0.0007592053650511627,-21920186.78298739,159919,3032200.0,4233600.0,-1201400.0,7265800.0,0.2475142990225143,0.2557090056647804,3516600.0,1201400.0,3.956046977193867,3.9514530492030495,3.9541105138183497,3.94881072845805
20230828.0,2.023082809565875e+16,3.952,3.951,3.95,3.949,3.948,1729600.0,1206300.0,1656000.0,105800.0,330400.0,3.465,4.115,3.953,3.948,1803100.0,3365300.0,1877900.0,1454800.0,1059800.0,3.953,3.954,3.955,3.956,3.957,73500.0,2159000.0,221900.0,1349000.0,729400.0,4.115,3.85,0.10299999999999976,0.0009999999999998899,875180244.488,219248912.0,4.235,-73500.0,-2159000.0,-221900.0,-1349000.0,-729400.0,9.999999999887876e-05,809630.0,9713551.700000048,-0.001000000000000334,1729600.0,1206300.0,1656000.0,105800.0,330400.0,0.002000000000000224,0.0009999999999998899,3.953,3.0,2.0,15.625419100000002,9.521173224684723e+17,16.0,4.0,3.954,0.0,1631200.0,0.00038110048679240727,3.951,3.9524999999999997,957.0,3.951,0.00025300442757745476,0.0007590132827324765,10962427.118254587,159919,4532800.0,5028100.0,-495300.0,9560900.0,0.21486661343698812,0.21669380197302254,2457100.0,495300.0,3.953258597533697,3.952959236869835,3.9551107042004943,3.9507754221276423
20230828.0,2.0230828095758816e+16,3.955,3.954,3.953,3.952,3.951,13400.0,1369700.0,827600.0,857700.0,55000.0,3.465,4.115,3.956,3.948,948000.0,1770700.0,1976200.0,2460800.0,999000.0,3.956,3.957,3.958,3.959,3.96,934600.0,401000.0,1148600.0,1603100.0,944000.0,4.115,3.85,0.10599999999999987,0.0030000000000001137,884469566.888,221597812.0,4.235,-934600.0,-401000.0,-1148600.0,-1603100.0,-944000.0,0.0016000000000002679,604450.0,9289322.399999976,-0.0009999999999998899,13400.0,1369700.0,827600.0,857700.0,55000.0,0.0019999999999997797,0.0009999999999998899,3.956,6.0,4.0,15.646775300000002,9.73725950712139e+17,12.0,8.0,3.959,0.003249999999999531,1151050.0,0.0005197028621308775,3.953,3.9555,958.0,3.954,0.00025281253950193146,0.0007584376185057944,11151757.49125458,159919,5031300.0,3123400.0,1907900.0,8154700.0,0.2206961056888598,0.24051396088479143,2348900.0,1907900.0,3.954754310528322,3.9550141350210968,3.958242660942499,3.953137286290581
20230828.0,2.0230828095858784e+16,3.961,3.96,3.959,3.958,3.957,204900.0,829500.0,666600.0,670500.0,1105600.0,3.465,4.115,3.961,3.948,790100.0,3036700.0,1409500.0,981700.0,1152400.0,3.962,3.963,3.964,3.965,3.966,585200.0,2207200.0,742900.0,311200.0,46800.0,4.115,3.85,0.11099999999999977,0.004999999999999893,894913188.188,224236512.0,4.235,-585200.0,-2207200.0,-742900.0,-311200.0,-46800.0,0.0015000000000000568,547300.0,10443621.299999952,-0.0009999999999998899,204900.0,829500.0,666600.0,670500.0,1105600.0,0.0019999999999997797,0.0009999999999998899,3.961,6.0,4.0,15.669725199999998,9.959716367742116e+17,9.0,11.0,3.962,0.0022500000000000853,1129375.0,0.0015778132375636744,3.956,3.9615,959.0,3.956,0.0002524296352392614,0.0007572889057175599,28177121.36733856,159919,3893300.0,3477100.0,416200.0,7370400.0,0.21672587185139236,0.22655929572481717,2638700.0,416200.0,3.957866108310893,3.9612593342614857,3.963236431818766,3.958527652353973
20230828.0,2.023082809595879e+16,3.956,3.955,3.954,3.953,3.952,55800.0,982500.0,1220000.0,948900.0,409300.0,3.465,4.115,3.956,3.948,-56200.0,-2229900.0,-1953000.0,-2991100.0,-626500.0,3.957,3.958,3.959,3.96,3.961,400.0,1247400.0,733000.0,2042200.0,217200.0,4.115,3.85,0.10599999999999987,-0.004999999999999893,903781906.288,226478412.0,4.235,400.0,1247400.0,733000.0,2042200.0,217200.0,0.0023500000000002963,605950.0,8868718.100000024,-0.001000000000000334,-55800.0,-982500.0,-1220000.0,-948900.0,-409300.0,0.002000000000000224,0.0009999999999998899,3.956,5.0,9.0,15.64717685,1.0172582941977885e+18,9.0,11.0,3.962,0.004249999999999865,1215350.0,-0.0010776247068817746,3.951,3.9565,1000.0,3.961,0.0002527486414760242,0.0007582459244281849,-28345459.611595307,159919,4240200.0,3616500.0,623700.0,7856700.0,0.2461609850263886,0.27622086166334403,2241900.0,623700.0,3.955893706231332,3.9569928825622775,3.959289703315881,3.95381379787087
20230828.0,2.02308281000588e+16,3.952,3.951,3.95,3.949,3.948,118300.0,1416100.0,1500800.0,907000.0,923600.0,3.465,4.115,3.952,3.948,-943700.0,-1861800.0,-2542800.0,-1993500.0,-1423700.0,3.953,3.954,3.955,3.956,3.957,825400.0,445700.0,1042000.0,1086500.0,500100.0,4.115,3.85,0.10199999999999987,-0.0040000000000000036,918957732.688,230314612.0,4.235,825400.0,445700.0,1042000.0,1086500.0,500100.0,0.0016999999999987025,1039300.0,15175826.399999976,-0.001000000000000334,-118300.0,-1416100.0,-1500800.0,-907000.0,-923600.0,0.002000000000000224,0.0009999999999998899,3.952,2.0,5.0,15.644402,1.0485180414779128e+18,12.0,8.0,3.958,0.0040000000000000036,1949125.0,-0.001230864274410104,3.952,3.9524999999999997,1001.0,3.956,0.00025300442757745476,0.0007590132827324765,-23306470.479699217,159919,3899700.0,4865800.0,-966100.0,8765500.0,0.23237526069195036,0.26370620370656206,3836200.0,966100.0,3.9559528700276254,3.9521253576348414,3.954997486986178,3.94977362407004
20230828.0,2.0230828100158788e+16,3.956,3.955,3.954,3.953,3.952,2000.0,184000.0,719200.0,1430500.0,847400.0,3.465,4.115,3.957,3.948,128100.0,1747400.0,1470500.0,2353000.0,1692900.0,3.957,3.958,3.959,3.96,3.961,126100.0,1563400.0,751300.0,922500.0,845500.0,4.115,3.85,0.10699999999999976,0.004999999999999893,926789255.888,232295212.0,4.235,-126100.0,-1563400.0,-751300.0,-922500.0,-845500.0,0.0010999999999992127,184850.0,7831523.200000048,-0.001000000000000334,2000.0,184000.0,719200.0,1430500.0,847400.0,0.002000000000000224,0.0009999999999998899,3.957,8.0,5.0,15.6428181,1.074784058808704e+18,8.0,12.0,3.958,0.0019999999999997797,396875.0,0.0009838609341963345,3.952,3.9565,1002.0,3.952,0.0002527486414760242,0.0007582459244281849,29267446.13028898,159919,4208800.0,3183100.0,1025700.0,7391900.0,0.24634129422346812,0.27753087537300236,1980600.0,1025700.0,3.9541165303443644,3.956015612802498,3.9591895789773806,3.9530772203198143
20230828.0,2.023082810025877e+16,3.956,3.955,3.954,3.953,3.952,1014000.0,703600.0,1076500.0,511800.0,1337100.0,3.465,4.115,3.957,3.948,808500.0,1042800.0,-329000.0,-357400.0,891000.0,3.957,3.958,3.959,3.96,3.961,329600.0,1040200.0,1437600.0,361200.0,444200.0,4.115,3.85,0.10699999999999976,0.0,939566270.988,235523312.0,4.235,203500.0,-523200.0,686300.0,-561300.0,-401300.0,0.0006499999999998174,450635.0,12777015.100000024,-0.001000000000000334,1012000.0,519600.0,357300.0,-918700.0,489700.0,0.002000000000000224,0.0009999999999998899,3.957,5.0,5.0,15.66853595,1.0976360129710801e+18,9.0,11.0,3.961,0.0009999999999998899,480225.0,0.00018680590159347865,3.956,3.9565,1003.0,3.957,0.0002527486414760242,0.0007582459244281849,-117781.80826970562,159919,3612800.0,4643000.0,-1030200.0,8255800.0,0.2439606381842926,0.2587131102616516,3228100.0,1030200.0,3.9580604999845184,3.9567546888955043,3.9588754982285215,3.953902132242085
20230828.0,2.023082810035881e+16,3.961,3.96,3.959,3.958,3.957,400000.0,732100.0,1154000.0,1065800.0,473000.0,3.465,4.115,3.962,3.948,404000.0,1332100.0,2254000.0,2109600.0,1203300.0,3.962,3.963,3.964,3.965,3.966,4000.0,600000.0,1100000.0,1043800.0,730300.0,4.115,3.85,0.1120000000000001,0.0050000000000003375,968319225.288,242785812.0,4.235,-4000.0,-600000.0,-1100000.0,-1043800.0,-730300.0,0.0008999999999996788,2204090.0,28752954.299999952,-0.0009999999999998899,400000.0,732100.0,1154000.0,1065800.0,473000.0,0.0019999999999997797,0.0009999999999998899,3.962,11.0,5.0,15.680812300000003,1.1539094450824635e+18,11.0,9.0,3.965,0.0012499999999997513,4259175.0,0.0013222830176837785,3.957,3.9615,1004.0,3.957,0.0002524296352392614,0.0007572889057175599,30269877.307040337,159919,3478100.0,3824900.0,-346800.0,7303000.0,0.24385612600635864,0.2685639819440362,7262500.0,346800.0,3.959098698795174,3.961990099009901,3.9645452402173604,3.9588745849564697
20230828.0,2.023082810045883e+16,3.957,3.956,3.955,3.954,3.953,1067200.0,1644100.0,758400.0,117800.0,235700.0,3.465,4.115,3.958,3.948,-1083600.0,-1747400.0,-2533300.0,-1749700.0,-1784400.0,3.959,3.96,3.961,3.962,3.963,16400.0,103300.0,1774900.0,1631900.0,1548700.0,4.115,3.85,0.1080000000000001,-0.0040000000000000036,998265709.588,250347412.0,4.235,16400.0,103300.0,1774900.0,1631900.0,1548700.0,0.0011999999999994237,1098730.0,29946484.30000007,-0.0009999999999998899,-1067200.0,-1644100.0,-758400.0,-117800.0,-235700.0,0.0019999999999997797,0.0009999999999998899,3.958,0.0,4.0,15.680017900000001,1.2213151984795244e+18,12.0,8.0,3.962,0.002249999999999641,2011200.0,-0.0007626269273970365,3.958,3.958,1005.0,3.962,0.000505305709954579,0.001010611419909046,-24954971.202746514,159919,5075200.0,3823200.0,1252000.0,8898400.0,0.21223782509253472,0.21665863788929976,7561600.0,1252000.0,3.9603370053956928,3.95896973052787,3.9619050283732666,3.9558341964846204
20230828.0,2.0230828100558796e+16,3.955,3.954,3.953,3.952,3.951,12800.0,1097400.0,1118400.0,1043800.0,229000.0,3.465,4.115,3.956,3.948,-376000.0,-1856400.0,-1865100.0,-4257800.0,-1101700.0,3.956,3.958,3.959,3.96,3.961,363200.0,759000.0,746700.0,3214000.0,872700.0,4.115,3.85,0.10599999999999987,-0.002000000000000224,1002745561.088,251479212.0,4.235,363200.0,759000.0,746700.0,3214000.0,872700.0,0.0013999999999994017,201825.0,4479851.5,-0.002000000000000224,-12800.0,-1097400.0,-1118400.0,-1043800.0,-229000.0,0.0030000000000001137,0.0009999999999998899,3.956,2.0,7.0,15.6705169,1.258983379179005e+18,12.0,8.0,3.961,0.0022500000000000853,302500.0,-0.0009946137029945845,3.955,3.9555,1006.0,3.961,0.00025281253950193146,0.001011122345803843,-31703187.261272606,159919,5955600.0,3501400.0,2454200.0,9457000.0,0.20652705079011957,0.21512689617022876,1131800.0,2454200.0,3.9581653118925604,3.9550340425531916,3.959522331922896,3.952891814702691
20230828.0,2.0230828100658748e+16,3.954,3.953,3.952,3.951,3.95,15000.0,1578800.0,861900.0,1241100.0,701200.0,3.465,4.115,3.956,3.948,-115000.0,-2324800.0,-2308300.0,-2621500.0,-2169400.0,3.955,3.956,3.957,3.958,3.959,100000.0,746000.0,1446400.0,1380400.0,1468200.0,4.115,3.85,0.10599999999999987,0.0,1007852641.988,252770312.0,4.235,100000.0,746000.0,1446400.0,1380400.0,1468200.0,0.0009500000000000064,433750.0,5107080.899999976,-0.0009999999999998899,-15000.0,-1578800.0,-861900.0,-1241100.0,-701200.0,0.002000000000000224,0.001000000000000334,3.956,6.0,6.0,15.65033315,1.270858638028377e+18,7.0,13.0,3.958,0.0019999999999997797,878250.0,-0.00022849639228117447,3.954,3.9545000000000003,1007.0,3.956,0.0002528764698444531,0.0007586294095334717,-33872.6929847803,159919,5141000.0,4398000.0,743000.0,9539000.0,0.1904505357542424,0.20914551038029272,1291100.0,743000.0,3.955604445821374,3.9541304347826087,3.957655670103093,3.9517647339699855
20230828.0,2.0230828100758756e+16,3.951,3.95,3.949,3.948,3.947,204400.0,786900.0,1987200.0,889700.0,15000.0,3.465,4.115,3.951,3.948,-218200.0,-799700.0,-3553700.0,-2367200.0,-1391800.0,3.952,3.953,3.954,3.955,3.956,13800.0,12800.0,1566500.0,1477500.0,1376800.0,4.115,3.85,0.10099999999999998,-0.004999999999999893,1029207564.088,258174812.0,4.235,13800.0,12800.0,1566500.0,1477500.0,1376800.0,0.0016000000000002679,525500.0,21354922.100000024,-0.0009999999999998899,-204400.0,-786900.0,-1987200.0,-889700.0,-15000.0,0.0019999999999997797,0.0009999999999998899,3.951,5.0,8.0,15.6230493,1.2952892846713267e+18,10.0,10.0,3.956,0.0030000000000001137,942300.0,-0.000554935726139405,3.951,3.9515000000000002,1008.0,3.955,0.0002530684550170542,0.0007592053650511627,-25886162.670055397,159919,4447400.0,3883200.0,564200.0,8330600.0,0.1839857729069148,0.23443499217363784,5404500.0,564200.0,3.951322435007868,3.9519367552703946,3.9549422808832126,3.9490710754017306
20230828.0,2.0230828100858784e+16,3.947,3.946,3.945,3.944,3.943,225000.0,180600.0,847500.0,346900.0,1453600.0,3.465,4.115,3.948,3.948,-1116200.0,-1833000.0,-1580900.0,-857600.0,-2341600.0,3.949,3.95,3.951,3.952,3.953,891200.0,1652400.0,733400.0,510700.0,888000.0,4.115,3.85,0.09799999999999986,-0.0030000000000001137,1040144965.288,260943312.0,4.235,891200.0,1652400.0,733400.0,510700.0,888000.0,0.0004999999999999449,487545.0,10937401.199999928,-0.001000000000000334,-225000.0,-180600.0,-847500.0,-346900.0,-1453600.0,0.002000000000000224,0.0009999999999998899,3.948,2.0,8.0,15.6104026,1.3478174151281185e+18,15.0,5.0,3.954,0.0004999999999997229,899525.0,-0.0011478433043212721,3.948,3.948,1009.0,3.954,0.0005065856129685359,0.001013171225937184,-39428938.90257119,159919,4675700.0,3053600.0,1622100.0,7729300.0,0.17711254572099142,0.21834129351118348,2768500.0,1622100.0,3.9506596351814802,3.9474031535567105,3.950754453878564,3.9441408501440924
20230828.0,2.0230828100958756e+16,3.941,3.94,3.939,3.938,3.937,1321900.0,842800.0,543800.0,503600.0,1164900.0,3.465,4.115,3.942,3.941,-1426700.0,-1536500.0,-2530300.0,-1684600.0,-1190800.0,3.942,3.943,3.944,3.945,3.947,104800.0,693700.0,1986500.0,1181000.0,25900.0,4.115,3.85,0.09200000000000008,-0.005999999999999783,1070880808.088,268736412.0,4.235,104800.0,693700.0,1986500.0,1181000.0,25900.0,0.0005999999999990457,2165300.0,30735842.80000007,-0.0009999999999998899,-1321900.0,-842800.0,-543800.0,-503600.0,-1164900.0,0.0019999999999997797,0.0009999999999998899,3.942,3.0,7.0,15.551983099999998,1.4063105354849981e+18,13.0,7.0,3.947,0.0009999999999998899,3976775.0,-0.0013883589288763432,3.941,3.9415,1010.0,3.947,0.0002537105163009854,0.0007611315489027308,-33505991.8143548,159919,3991900.0,4377000.0,-385100.0,8368900.0,0.18776517060532702,0.20426070206954355,7793100.0,385100.0,3.943981573443183,3.9419265437723414,3.94408903028633,3.939149234635595
20230828.0,2.0230828101058784e+16,3.942,3.941,3.94,3.939,3.938,843800.0,2159900.0,302000.0,956100.0,1027400.0,3.465,4.115,3.942,3.938,2359100.0,2600100.0,2072400.0,1639200.0,248300.0,3.943,3.944,3.945,3.946,3.947,1515300.0,440200.0,1770400.0,683100.0,805000.0,4.115,3.85,0.09200000000000008,0.0,1148428875.288,288416912.0,4.235,-1515300.0,-440200.0,-1770400.0,-683100.0,779100.0,0.0008499999999997954,5476800.0,77548067.20000005,-0.0009999999999998899,843800.0,2159900.0,302000.0,956100.0,1027400.0,0.002000000000000224,0.001000000000000334,3.942,7.0,5.0,15.524783249999995,1.5674708316410063e+18,9.0,11.0,3.942,0.0019999999999997797,10985925.0,0.00010936566763009026,3.938,3.9425,1011.0,3.94,0.0002536461636017476,0.0007609384908053554,14584693.229544144,159919,5214000.0,5289200.0,-75200.0,10503200.0,0.20385052710221388,0.231259928194275,19680500.0,75200.0,3.94035045857575,3.9423576787758043,3.944774127349444,3.940158171368071
20230828.0,2.023082810115871e+16,3.946,3.945,3.944,3.943,3.942,2493900.0,718100.0,734000.0,1408900.0,443000.0,3.465,4.115,3.947,3.938,3343100.0,1218100.0,2349200.0,3154900.0,1535900.0,3.947,3.948,3.949,3.95,3.951,849200.0,500000.0,1615200.0,1746000.0,1092900.0,4.115,3.85,0.09699999999999998,0.004999999999999893,1257830322.888,316156612.0,4.235,-849200.0,-500000.0,-1615200.0,-1746000.0,-1092900.0,0.0012500000000001954,6545600.0,109401447.5999999,-0.0009999999999998899,2493900.0,718100.0,734000.0,1408900.0,443000.0,0.002000000000000224,0.001000000000000334,3.947,9.0,3.0,15.561055250000004,1.888676923480306e+18,12.0,8.0,3.947,0.0022500000000000853,11655750.0,0.0011124979795749113,3.942,3.9465000000000003,1012.0,3.942,0.0002533890789306702,0.0007601672367921231,38878587.765171774,159919,5803300.0,5797900.0,5400.0,11601200.0,0.21527865285404563,0.2252892775948978,27739700.0,5400.0,3.943858354632527,3.9467459842661,3.949298692123447,3.944588316459408
20230828.0,2.0230828101258724e+16,3.944,3.943,3.942,3.941,3.94,1078400.0,601000.0,1443200.0,762300.0,139100.0,3.465,4.115,3.945,3.938,-1623600.0,-2476500.0,-1784000.0,-2052300.0,-1270200.0,3.945,3.946,3.947,3.948,3.949,545200.0,1875500.0,340800.0,1290000.0,1131100.0,4.115,3.85,0.09499999999999975,-0.002000000000000224,1275991165.688,320757812.0,4.235,545200.0,1875500.0,340800.0,1290000.0,1131100.0,0.0008500000000020158,605555.0,18160842.799999952,-0.001000000000000334,-1078400.0,-601000.0,-1443200.0,-762300.0,-139100.0,0.002000000000000224,0.0009999999999998899,3.945,2.0,4.0,15.572100450000002,2.0449084288358825e+18,8.0,12.0,3.947,0.0012499999999997513,598400.0,-0.0005276069192508004,3.945,3.9444999999999997,1013.0,3.947,0.0002535175560907314,0.0007605526682723067,-16239759.899088085,159919,5182600.0,4024000.0,1158600.0,9206600.0,0.20462319949798574,0.21135294213012026,4601200.0,1158600.0,3.946979657480647,3.9446642030056664,3.9471131285455177,3.9424267644135185
20230828.0,2.0230828101358676e+16,3.941,3.94,3.939,3.938,3.937,69200.0,926300.0,817500.0,1044200.0,501000.0,3.465,4.115,3.942,3.938,-455600.0,-1026300.0,-1832400.0,-1961700.0,-2046200.0,3.942,3.943,3.944,3.945,3.946,386400.0,100000.0,1014900.0,917500.0,1545200.0,4.115,3.85,0.09200000000000008,-0.0029999999999996696,1286908102.288,323525512.0,4.235,386400.0,100000.0,1014900.0,917500.0,1545200.0,0.0012500000000001954,607515.0,10916936.600000143,-0.0009999999999998899,-69200.0,-926300.0,-817500.0,-1044200.0,-501000.0,0.0019999999999997797,0.0009999999999998899,3.942,4.0,7.0,15.54922295,2.0850917832847378e+18,9.0,11.0,3.946,0.002249999999999641,682975.0,-0.0008907931853439077,3.941,3.9415,1014.0,3.945,0.0002537105163009854,0.0007611315489027308,-24586768.18040639,159919,3964000.0,3358200.0,605800.0,7322200.0,0.19783655833188288,0.2051290697375249,2767700.0,605800.0,3.944407486360568,3.9411518876207197,3.944790893037336,3.9387077303317257
20230828.0,2.023082810145862e+16,3.944,3.943,3.942,3.941,3.94,1060100.0,1397100.0,342000.0,735666.0,241700.0,3.465,4.115,3.946,3.938,2408100.0,1714800.0,461000.0,1984166.0,1828100.0,3.946,3.947,3.948,3.949,3.95,1348000.0,317700.0,119000.0,1248500.0,1586400.0,4.115,3.85,0.09600000000000009,0.0040000000000000036,1289542182.982,324193446.0,4.235,-1348000.0,-317700.0,-119000.0,-1248500.0,-1586400.0,0.0004999999999999449,83650.0,2634080.6940000057,-0.0009999999999998899,1060100.0,1397100.0,342000.0,735666.0,241700.0,0.0019999999999997797,0.0009999999999998899,3.946,6.0,3.0,15.553165250000001,2.097675461116335e+18,14.0,6.0,3.946,0.0009999999999998899,156750.0,0.0009456105843872464,3.942,3.9450000000000003,1015.0,3.942,0.000506970849176229,0.0010139416983523455,32842653.484967902,159919,4619600.0,3776566.0,843034.0,8396166.0,0.15840837820627093,0.16404594879448778,667934.0,843034.0,3.9436242113741864,3.9448804451642374,3.948304701705775,3.9426085512605895
20230828.0,2.023082810155871e+16,3.95,3.949,3.948,3.947,3.946,9900.0,1653800.0,853700.0,570900.0,221800.0,3.465,4.115,3.952,3.938,756200.0,3512800.0,1067700.0,1658200.0,1500300.0,3.952,3.953,3.954,3.955,3.956,746300.0,1859000.0,214000.0,1087300.0,1278500.0,4.115,3.85,0.10199999999999987,0.005999999999999783,1296899971.382,326056946.0,4.235,-746300.0,-1859000.0,-214000.0,-1087300.0,-1278500.0,0.0019999999999993356,82670.0,7357788.399999857,-0.0009999999999998899,9900.0,1653800.0,853700.0,570900.0,221800.0,0.002000000000000224,0.001000000000000334,3.952,8.0,5.0,15.5946054,2.118118643670219e+18,12.0,8.0,3.952,0.003249999999999975,133225.0,0.001303559207410654,3.946,3.951,1016.0,3.946,0.0005062009617817716,0.0010124019235636557,49415093.982594855,159919,5185100.0,3310100.0,1875000.0,8495200.0,0.19331522911200283,0.17788118557630112,1863500.0,1875000.0,3.9483704856452144,3.9500261835493253,3.954056450213111,3.948199117851424
20230828.0,2.0230828101658624e+16,3.942,3.941,3.94,3.939,3.938,101300.0,47466.0,2018800.0,733400.0,849400.0,3.465,4.115,3.944,3.938,-715300.0,-1600366.0,-2842900.0,-2106100.0,-1658800.0,3.944,3.945,3.946,3.947,3.948,614000.0,1552900.0,824100.0,1372700.0,809400.0,4.115,3.85,0.09399999999999986,-0.008000000000000007,1306108917.782,328392146.0,4.235,614000.0,1552900.0,824100.0,1372700.0,809400.0,0.0015000000000000568,950045.0,9208946.400000095,-0.0009999999999998899,-101300.0,-47466.0,-2018800.0,-733400.0,-849400.0,0.002000000000000224,0.001000000000000334,3.944,1.0,6.0,15.563819900000002,2.1439137858944177e+18,6.0,14.0,3.952,0.0024999999999999467,1953625.0,-0.001962150194029011,3.943,3.943,1017.0,3.952,0.0005072279989854882,0.001014455997971089,-66137068.670358986,159919,5173100.0,3750366.0,1422734.0,8923466.0,0.19316454579282843,0.195076521867575,2335200.0,1422734.0,3.943536485097677,3.942283237802321,3.946040710599061,3.939418154388132
20230828.0,2.0230828101758612e+16,3.944,3.943,3.942,3.941,3.94,2500.0,1205400.0,735200.0,957566.0,758600.0,3.465,4.115,3.944,3.938,327500.0,2094600.0,2933400.0,1566666.0,1468600.0,3.946,3.947,3.948,3.949,3.95,325000.0,889200.0,2198200.0,609100.0,710000.0,4.115,3.85,0.09399999999999986,0.0,1311331072.182,329716146.0,4.235,-325000.0,-889200.0,-2198200.0,-609100.0,-710000.0,0.0001499999999996504,205470.0,5222154.399999857,-0.0009999999999998899,2500.0,1205400.0,735200.0,957566.0,758600.0,0.0019999999999997797,0.0009999999999998899,3.944,5.0,5.0,15.556320050000002,2.1610359763462712e+18,5.0,15.0,3.946,0.00024999999999986144,158400.0,0.00043925027692193197,3.942,3.9450000000000003,1018.0,3.944,0.000506970849176229,0.0010139416983523455,-56083.54596575815,159919,4731500.0,3659266.0,1072234.0,8390766.0,0.2025896577905618,0.20110360389558718,1324000.0,1072234.0,3.9442253776433964,3.9440152671755726,3.948103540103561,3.941654475515035
20230828.0,2.0230828101858704e+16,3.936,3.935,3.934,3.933,3.932,1384600.0,1361300.0,344600.0,743100.0,1281700.0,3.465,4.115,3.937,3.935,-1790500.0,-1653900.0,-1654600.0,-2352900.0,-2010100.0,3.939,3.94,3.941,3.942,3.943,405900.0,292600.0,1310000.0,1609800.0,728400.0,4.115,3.85,0.08699999999999974,-0.007000000000000117,1315446749.582,330760746.0,4.235,405900.0,292600.0,1310000.0,1609800.0,728400.0,0.003949999999999676,364785.0,4115677.4000000954,-0.0009999999999998899,-1384600.0,-1361300.0,-344600.0,-743100.0,-1281700.0,0.0019999999999997797,0.0009999999999998899,3.937,3.0,10.0,15.523220749999998,2.1811264793921797e+18,10.0,10.0,3.946,0.008000000000000007,732625.0,-0.001445093972468614,3.935,3.9375,1019.0,3.946,0.0007619047619047908,0.0012698412698412427,-75389522.51666108,159919,4346700.0,5115300.0,-768600.0,9462000.0,0.22831339019732172,0.2403908029115852,1044600.0,768600.0,3.9399553896229134,3.9383199106394864,3.9414514229185365,3.9341610853713367
20230828.0,2.023082810195873e+16,3.931,3.93,3.929,3.928,3.927,53000.0,283800.0,300000.0,958700.0,2186000.0,3.465,4.115,3.932,3.932,-1034200.0,-781200.0,-1114300.0,-1662600.0,-2874600.0,3.932,3.933,3.934,3.935,3.936,981200.0,497400.0,814300.0,703900.0,688600.0,4.115,3.85,0.08199999999999985,-0.004999999999999893,1319019789.382,331668546.0,4.235,981200.0,497400.0,814300.0,703900.0,688600.0,0.000700000000000589,97205.0,3573039.7999999523,-0.0009999999999998899,-53000.0,-283800.0,-300000.0,-958700.0,-2186000.0,0.0019999999999997797,0.0009999999999998899,3.932,4.0,8.0,15.489736399999998,2.1947510411757307e+18,14.0,6.0,3.938,0.0012499999999997513,128175.0,-0.001847330674771941,3.932,3.9314999999999998,1020.0,3.936,0.0002543558438254839,0.0007630675314764517,-33745976.57211324,159919,3685400.0,3781500.0,-96100.0,7466900.0,0.22854641619455557,0.25024189671095537,907800.0,96100.0,3.9359328045824546,3.9310512473409402,3.9338972431757746,3.927693402089118
20230828.0,2.02308281020587e+16,3.936,3.935,3.934,3.933,3.932,83200.0,9000.0,30000.0,1391400.0,1033300.0,3.465,4.115,3.937,3.93,483100.0,1975600.0,536300.0,2404400.0,1882300.0,3.937,3.938,3.939,3.94,3.941,399900.0,1966600.0,506300.0,1013000.0,849000.0,4.115,3.85,0.08699999999999974,0.004999999999999893,1325375317.482,333283246.0,4.235,-399900.0,-1966600.0,-506300.0,-1013000.0,-849000.0,0.0025000000000001688,348565.0,6355528.100000143,-0.001000000000000334,83200.0,9000.0,30000.0,1391400.0,1033300.0,0.002000000000000224,0.0009999999999998899,3.937,8.0,6.0,15.485019899999998,2.2079898216637317e+18,12.0,8.0,3.94,0.004999999999999893,476425.0,0.001301850513111713,3.931,3.9364999999999997,1021.0,3.932,0.00025403277022733136,0.0007620983106821069,42159452.58263011,159919,4734800.0,2546900.0,2187900.0,7281700.0,0.2180845069499693,0.25538965267142555,1614700.0,2187900.0,3.9360426704651905,3.9361722210722414,3.938988299400186,3.932711139031764
20230828.0,2.0230828102158624e+16,3.931,3.93,3.929,3.928,3.927,1486800.0,1217300.0,739000.0,740400.0,1630100.0,3.465,4.115,3.933,3.93,-1743900.0,-1452800.0,-1688900.0,-2475300.0,-3079500.0,3.933,3.934,3.935,3.936,3.937,257100.0,235500.0,949900.0,1734900.0,1449400.0,4.115,3.85,0.08299999999999974,-0.0040000000000000036,1328284102.782,334022546.0,4.235,257100.0,235500.0,949900.0,1734900.0,1449400.0,0.000800000000000356,139685.0,2908785.2999999523,-0.001000000000000334,-1486800.0,-1217300.0,-739000.0,-740400.0,-1630100.0,0.002000000000000224,0.0009999999999998899,3.933,4.0,6.0,15.4747839,2.2273929755822116e+18,11.0,9.0,3.936,0.002000000000000224,318625.0,-0.000881212781022489,3.932,3.932,1022.0,3.936,0.00050864699898265,0.0010172939979654128,-25449984.9062024,159919,4626800.0,5813600.0,-1186800.0,10440400.0,0.22275166407833835,0.2542238686383351,739300.0,1186800.0,3.934512782361629,3.932705143643557,3.935839457076165,3.9290327335902027
20230828.0,2.0230828102258652e+16,3.931,3.93,3.929,3.928,3.927,40500.0,261900.0,600000.0,713400.0,2411800.0,3.465,4.115,3.931,3.93,-3304000.0,-2309700.0,-1395100.0,-1323100.0,714700.0,3.932,3.933,3.934,3.935,3.936,1857700.0,1354300.0,1256100.0,1296100.0,67000.0,4.115,3.85,0.08099999999999996,-0.0019999999999997797,1329073661.882,334223346.0,4.235,1857700.0,1354300.0,1256100.0,1296100.0,67000.0,0.00010000000000021103,70025.0,789559.0999999046,-0.0009999999999998899,-1446300.0,-955400.0,-139000.0,-27000.0,781700.0,0.0019999999999997797,0.0009999999999998899,3.931,3.0,3.0,15.459838000000001,2.232733886713786e+18,15.0,5.0,3.933,0.00024999999999986144,143575.0,-0.0004282467532714662,3.931,3.9314999999999998,1023.0,3.932,0.0002543558438254839,0.0007630675314764517,-8510746.124972126,159919,5831200.0,4027600.0,1803600.0,9858800.0,0.22827312778625009,0.25930223662740237,200800.0,1803600.0,3.9320672310752225,3.931021336002529,3.9333758403073125,3.9277103734233787
20230828.0,2.023082810235862e+16,3.928,3.927,3.926,3.925,3.924,189500.0,1678800.0,1506500.0,719700.0,235800.0,3.465,4.115,3.928,3.928,-870100.0,-2723300.0,-2761500.0,-2169800.0,-1270200.0,3.929,3.93,3.931,3.932,3.933,680600.0,1044500.0,1255000.0,1450100.0,1034400.0,4.115,3.85,0.07799999999999985,-0.0030000000000001137,1332226333.882,335025646.0,4.235,680600.0,1044500.0,1255000.0,1450100.0,1034400.0,5.000000000032756e-05,180175.0,3152672.0,-0.001000000000000334,-189500.0,-1678800.0,-1506500.0,-719700.0,-235800.0,0.002000000000000224,0.0009999999999998899,3.928,4.0,7.0,15.437434450000001,2.2419203145991299e+18,4.0,16.0,3.931,0.0,325275.0,-0.0007134393082131041,3.928,3.9284999999999997,1024.0,3.931,0.00025455008272874885,0.0007636502481863595,-25565030.796661176,159919,5464600.0,4330300.0,1134300.0,9794900.0,0.19979358559218377,0.21183210693031135,802300.0,1134300.0,3.929542565125265,3.9282177910584988,3.931203711159097,3.9262001016095875
20230828.0,2.0230828102458584e+16,3.933,3.932,3.931,3.93,3.929,100500.0,1162800.0,954400.0,895700.0,961600.0,3.465,4.115,3.934,3.928,131300.0,2218300.0,1935100.0,1610400.0,2132100.0,3.934,3.935,3.936,3.937,3.938,30800.0,1055500.0,980700.0,714700.0,1170500.0,4.115,3.85,0.08400000000000007,0.006000000000000227,1336917774.882,336219246.0,4.235,-30800.0,-1055500.0,-980700.0,-714700.0,-1170500.0,0.0017500000000003624,183030.0,4691441.0,-0.0009999999999998899,100500.0,1162800.0,954400.0,895700.0,961600.0,0.0019999999999997797,0.0009999999999998899,3.934,8.0,5.0,15.46259435,2.2572938600904748e+18,13.0,7.0,3.935,0.0030000000000001137,104925.0,0.0014112552539293777,3.928,3.9335,1025.0,3.929,0.0002542265158256855,0.0007626795474768307,42713919.290073454,159919,3952200.0,4075000.0,-122800.0,8027200.0,0.20961297383813068,0.2175029261402455,1193600.0,122800.0,3.9304968163538874,3.933765422696116,3.9364905116137847,3.9306429202453987
20230828.0,2.0230828102558624e+16,3.938,3.937,3.936,3.935,3.934,949800.0,439000.0,1581300.0,535700.0,432600.0,3.465,4.115,3.94,3.928,998000.0,2149500.0,2955600.0,1259700.0,1611600.0,3.94,3.941,3.942,3.943,3.944,48200.0,1710500.0,1374300.0,724000.0,1179000.0,4.115,3.85,0.08999999999999986,0.005999999999999783,1340635887.282,337163546.0,4.235,-48200.0,-1710500.0,-1374300.0,-724000.0,-1179000.0,0.0029999999999996696,303625.0,3718112.4000000954,-0.0009999999999998899,949800.0,439000.0,1581300.0,535700.0,432600.0,0.002000000000000224,0.001000000000000334,3.94,6.0,2.0,15.499976099999998,2.2671527222651507e+18,11.0,9.0,3.94,0.005999999999999783,595675.0,0.0015591169742574795,3.933,3.939,1026.0,3.933,0.0005077430820004518,0.0010154861640010164,59850509.31181457,159919,5036000.0,3938400.0,1097600.0,8974400.0,0.2290488043639777,0.21121284371421442,944300.0,1097600.0,3.9374270888489837,3.9399034068136274,3.942253196981732,3.9362380916108064
20230828.0,2.0230828102658704e+16,3.935,3.934,3.933,3.932,3.931,4700.0,73200.0,38500.0,882400.0,756700.0,3.465,4.115,3.935,3.928,-1777500.0,-573200.0,-968200.0,-2082700.0,-984100.0,3.936,3.937,3.938,3.939,3.94,1772800.0,500000.0,929700.0,1200300.0,227400.0,4.115,3.85,0.08499999999999996,-0.004999999999999893,1341947144.682,337496446.0,4.235,1772800.0,500000.0,929700.0,1200300.0,227400.0,0.000500000000000167,67450.0,1311257.399999857,-0.0009999999999998899,-4700.0,-73200.0,-38500.0,-882400.0,-756700.0,0.0019999999999997797,0.0009999999999998899,3.935,3.0,6.0,15.519663400000002,2.275543861036072e+18,14.0,6.0,3.942,0.0012499999999997513,140425.0,-0.0012446531428882412,3.935,3.9355,1027.0,3.94,0.00025409731927325367,0.000762291957819761,-42877579.8148217,159919,4630200.0,1755500.0,2874700.0,6385700.0,0.21779536413475345,0.21513222150172528,332900.0,2874700.0,3.9388927605883355,3.9350026441631507,3.9374837156062377,3.9316823127314153
20230828.0,2.0230828102758584e+16,3.94,3.939,3.938,3.937,3.936,1137900.0,615000.0,1041600.0,1067400.0,181300.0,3.465,4.115,3.94,3.928,1161100.0,817900.0,2252500.0,2555400.0,1178800.0,3.941,3.942,3.943,3.944,3.945,23200.0,202900.0,1210900.0,1488000.0,997500.0,4.115,3.85,0.08999999999999986,0.004999999999999893,1342909744.682,337740946.0,4.235,-23200.0,-202900.0,-1210900.0,-1488000.0,-997500.0,0.0023999999999992916,61060.0,962600.0,-0.001000000000000334,1137900.0,615000.0,1041600.0,1067400.0,181300.0,0.002000000000000224,0.0009999999999998899,3.94,4.0,2.0,15.504698199999996,2.2802206371268e+18,11.0,9.0,3.94,0.004999999999999893,142550.0,0.001517874324437729,3.934,3.9405,1028.0,3.935,0.00025377490166219766,0.0007613247049867057,42853713.11730541,159919,3922500.0,4043200.0,-120700.0,7965700.0,0.2225476426931635,0.22270231731201084,244500.0,120700.0,3.9370143149284256,3.9409800189475495,3.9438243977055447,3.9383612979817966
20230828.0,2.0230828102858548e+16,3.937,3.936,3.935,3.934,3.933,43400.0,968200.0,1081000.0,1198100.0,70200.0,3.465,4.115,3.937,3.928,-760800.0,-1816800.0,-2735000.0,-1684100.0,-833500.0,3.938,3.939,3.94,3.941,3.942,717400.0,848600.0,1654000.0,486000.0,763300.0,4.115,3.85,0.08699999999999974,-0.0030000000000001137,1344762343.882,338211246.0,4.235,717400.0,848600.0,1654000.0,486000.0,763300.0,0.0012500000000001954,165240.0,1852599.2000000477,-0.0009999999999998899,-43400.0,-968200.0,-1081000.0,-1198100.0,-70200.0,0.0019999999999997797,0.0009999999999998899,3.937,3.0,7.0,15.513753950000005,2.2852050702445484e+18,12.0,8.0,3.942,0.0030000000000001137,323675.0,-0.0009959267833581364,3.936,3.9375,1029.0,3.942,0.0002539682539683388,0.0007619047619047908,-42910389.240059584,159919,4469300.0,3360900.0,1108400.0,7830200.0,0.23098587951183003,0.23608030138389866,470300.0,1108400.0,3.9391860514566184,3.9370570452155627,3.939939408855973,3.9349156475943943
20230828.0,2.0230828102958564e+16,3.94,3.939,3.938,3.937,3.936,432300.0,1146200.0,737000.0,749700.0,437400.0,3.465,4.115,3.941,3.928,599000.0,1505600.0,1622600.0,2276900.0,1937200.0,3.941,3.942,3.943,3.944,3.945,166700.0,359400.0,885600.0,1527200.0,1499800.0,4.115,3.85,0.09099999999999975,0.0040000000000000036,1347649124.682,338943846.0,4.235,-166700.0,-359400.0,-885600.0,-1527200.0,-1499800.0,0.0006999999999997009,232300.0,2886780.7999999523,-0.001000000000000334,432300.0,1146200.0,737000.0,749700.0,437400.0,0.002000000000000224,0.0009999999999998899,3.941,6.0,3.0,15.529117500000002,2.2936704497377313e+18,13.0,7.0,3.942,0.0009999999999998899,462100.0,0.0009303784744529864,3.938,3.9405,1030.0,3.938,0.00025377490166219766,0.0007613247049867057,25760585.502669282,159919,4438700.0,3502600.0,936100.0,7941300.0,0.22609423149622992,0.2293215773605944,732600.0,936100.0,3.9404597324596673,3.9407217028380632,3.9438637664180956,3.938110289499229
20230828.0,2.0230828103058692e+16,3.943,3.942,3.941,3.94,3.939,698000.0,772000.0,785400.0,883000.0,1033000.0,3.465,4.115,3.944,3.928,705500.0,1236200.0,2818500.0,2114100.0,2183300.0,3.944,3.945,3.946,3.947,3.948,7500.0,464200.0,2033100.0,1231100.0,1150300.0,4.115,3.85,0.09399999999999986,0.0030000000000001137,1351642870.182,339956846.0,4.235,-7500.0,-464200.0,-2033100.0,-1231100.0,-1150300.0,0.001000000000000112,138925.0,3993745.5,-0.0009999999999998899,698000.0,772000.0,785400.0,883000.0,1033000.0,0.0019999999999997797,0.0009999999999998899,3.944,5.0,4.0,15.5362124,2.3036657950561183e+18,9.0,11.0,3.944,0.0015000000000000568,206250.0,0.0008288614664035965,3.94,3.9435000000000002,1031.0,3.942,0.0002535818435399746,0.0007607455306199238,17224233.094208993,159919,4886200.0,4171400.0,714800.0,9057600.0,0.19863603389436163,0.21824898909144133,1013000.0,714800.0,3.9424930898321815,3.9439893692416725,3.946624718595228,3.940812772690224
20230828.0,2.023082810315856e+16,3.937,3.936,3.935,3.934,3.933,85100.0,345000.0,994600.0,1129200.0,717700.0,3.465,4.115,3.938,3.928,-314600.0,-1824900.0,-1903600.0,-1842200.0,-1847400.0,3.938,3.939,3.94,3.941,3.942,229500.0,1479900.0,909000.0,713000.0,1129700.0,4.115,3.85,0.08800000000000008,-0.005999999999999783,1357397997.282,341417446.0,4.235,229500.0,1479900.0,909000.0,713000.0,1129700.0,0.0016499999999992632,402610.0,5755127.100000143,-0.0009999999999998899,-85100.0,-345000.0,-994600.0,-1129200.0,-717700.0,0.0019999999999997797,0.0009999999999998899,3.938,3.0,8.0,15.52084975,2.3244818451273677e+18,7.0,13.0,3.945,0.0034999999999998366,755900.0,-0.0017050240073048784,3.937,3.9375,1032.0,3.945,0.0002539682539683388,0.0007619047619047908,-60516310.612556994,159919,4461100.0,3271600.0,1189500.0,7732700.0,0.2003667745797793,0.2144954068991835,1460600.0,1189500.0,3.940248596467303,3.937270502225048,3.940231669319226,3.9343735786771
20230828.0,2.023082810325855e+16,3.94,3.939,3.938,3.937,3.936,101000.0,599900.0,1691000.0,466200.0,664200.0,3.465,4.115,3.94,3.928,2791200.0,1811500.0,2367800.0,1207300.0,973800.0,3.942,3.943,3.944,3.945,3.946,2690200.0,1211600.0,676800.0,741100.0,309600.0,4.115,3.85,0.08999999999999986,0.0019999999999997797,1359560787.082,341966246.0,4.235,-2690200.0,-1211600.0,-676800.0,-741100.0,-309600.0,0.001080000000000414,162016.0,2162789.7999999523,-0.0009999999999998899,101000.0,599900.0,1691000.0,466200.0,664200.0,0.0019999999999997797,0.0009999999999998899,3.94,6.0,4.0,15.530852359999999,2.92022987603119e+18,14.0,11.0,3.943,0.002000000000000224,306300.0,0.0007113739353805659,3.938,3.941,1033.0,3.938,0.0005074854097945253,0.0010149708195889378,17309170.121161282,159919,5629300.0,3522300.0,2107000.0,9151600.0,0.1971598941609916,0.21938134921624233,548800.0,2107000.0,3.940943513119447,3.940072370306678,3.943070630451388,3.93771816710672
20230828.0,2.0230828103358596e+16,3.935,3.934,3.933,3.932,3.931,263500.0,679100.0,1833800.0,400000.0,439300.0,3.465,4.115,3.935,3.928,-2108300.0,-1434400.0,-3028400.0,-1777500.0,-564900.0,3.937,3.938,3.939,3.94,3.941,1844800.0,755300.0,1194600.0,1377500.0,125600.0,4.115,3.85,0.08499999999999996,-0.004999999999999893,1360858740.182,342295846.0,4.235,1844800.0,755300.0,1194600.0,1377500.0,125600.0,0.0016666666666664831,94495.83333331347,1297953.0999999046,-0.001000000000000334,-263500.0,-679100.0,-1833800.0,-400000.0,-439300.0,0.002000000000000224,0.0009999999999998899,3.935,3.0,7.0,15.518351916666665,5.616693978255241e+18,27.0,21.0,3.942,0.0029999999999996696,151175.0,-0.0012246880262511972,3.935,3.936,1034.0,3.94,0.000508130081300757,0.001016260162601627,-43470747.11003225,159919,5297800.0,3615700.0,1682100.0,8913500.0,0.1771077665336275,0.1771077665336275,329600.0,1682100.0,3.937964502426895,3.935249964426315,3.9384684208539396,3.932979948557679
20230828.0,2.0230828103458536e+16,3.94,3.939,3.938,3.937,3.936,1314600.0,1180300.0,1237900.0,598300.0,290400.0,3.465,4.115,3.942,3.928,1543400.0,1688900.0,3011300.0,1582400.0,1154500.0,3.942,3.943,3.944,3.945,3.946,228800.0,508600.0,1773400.0,984100.0,864100.0,4.115,3.85,0.09200000000000008,0.007000000000000117,1373327753.682,345461346.0,4.235,-228800.0,-508600.0,-1773400.0,-984100.0,-864100.0,0.0010294117647062784,947482.3529411554,12469013.5,-0.0009999999999998899,1314600.0,1180300.0,1237900.0,598300.0,290400.0,0.0019999999999997797,0.0009999999999998899,3.942,9.0,6.0,15.5159565,4.0139803932834734e+18,14.0,20.0,3.942,0.0019999999999997797,2173900.0,0.001638590037264187,3.936,3.941,1035.0,3.937,0.0005074854097945253,0.0010149708195889378,43610360.94941586,159919,4359000.0,4621500.0,-262500.0,8980500.0,0.17463687459011065,0.17463687459011065,3165500.0,262500.0,3.9390344337387457,3.941703511727355,3.9444005735260386,3.9385691658552413
20230828.0,2.023082810355866e+16,3.943,3.942,3.941,3.94,3.939,104900.0,1347800.0,2213900.0,812000.0,69400.0,3.465,4.115,3.943,3.928,578500.0,3092900.0,3320100.0,1981000.0,871400.0,3.945,3.946,3.947,3.948,3.949,473600.0,1745100.0,1106200.0,1169000.0,802000.0,4.115,3.85,0.09299999999999997,0.0009999999999998899,1374229636.382,345690146.0,4.235,-473600.0,-1745100.0,-1106200.0,-1169000.0,-802000.0,0.0008823529411761122,65500.0,901882.7000000477,-0.001000000000000334,104900.0,1347800.0,2213900.0,812000.0,69400.0,0.002000000000000224,0.0009999999999998899,3.943,5.0,4.0,15.540292941176471,4.061117267391494e+18,17.0,17.0,3.944,0.002000000000000224,129125.0,0.0004208335903865823,3.94,3.944,1036.0,3.941,0.0005070993914806744,0.0010141987829614613,17524226.504986856,159919,5295900.0,4548000.0,747900.0,9843900.0,0.1749692593721303,0.18576030351384987,228800.0,747900.0,3.941795017482726,3.943362662057044,3.9470152382031385,3.941133421284081
20230828.0,2.0230828103658596e+16,3.94,3.939,3.938,3.937,3.936,5000.0,552700.0,1496500.0,955800.0,875600.0,3.465,4.115,3.942,3.928,-105000.0,-1672100.0,-3463200.0,-1545700.0,-2014400.0,3.941,3.942,3.943,3.944,3.945,100000.0,1119400.0,1966700.0,589900.0,1138800.0,4.115,3.85,0.09200000000000008,-0.0009999999999998899,1396101360.982,351235746.0,4.235,100000.0,1119400.0,1966700.0,589900.0,1138800.0,0.0013800000000001589,1274670.0,21871724.600000143,-0.001000000000000334,-5000.0,-552700.0,-1496500.0,-955800.0,-875600.0,0.002000000000000224,0.0009999999999998899,3.942,6.0,6.0,15.560029020000002,6.034843920309297e+18,30.0,20.0,3.947,0.0027500000000002522,2686775.0,-0.0008410175511901485,3.941,3.9405,1037.0,3.943,0.00025377490166219766,0.0007613247049867057,-9141265.493973078,159919,4914800.0,3885600.0,1029200.0,8800400.0,0.16181896284142902,0.16884514649008975,5545600.0,1029200.0,3.9439780366416874,3.9400476190476192,3.9433149873850413,3.9374481418571134
20230828.0,2.0230828103758536e+16,3.946,3.945,3.944,3.943,3.942,222000.0,807400.0,1219100.0,851700.0,866100.0,3.465,4.115,3.949,3.928,322000.0,2107300.0,2816100.0,1720800.0,1806100.0,3.948,3.949,3.95,3.951,3.952,100000.0,1299900.0,1597000.0,869100.0,940000.0,4.115,3.85,0.09899999999999975,0.006999999999999673,1404573875.582,353383546.0,4.235,-100000.0,-1299900.0,-1597000.0,-869100.0,-940000.0,0.002081081081081848,696102.7027027011,8472514.599999905,-0.0009999999999998899,222000.0,807400.0,1219100.0,851700.0,866100.0,0.002000000000000224,0.001000000000000334,3.949,8.0,3.0,15.554502783783784,4.585192874902408e+18,18.0,19.0,3.949,0.0040000000000000036,1291900.0,0.0018589751803761434,3.941,3.947,1038.0,3.941,0.0005067139599695414,0.0010134279199391953,71466514.17275459,159919,4806000.0,3966300.0,839700.0,8772300.0,0.15920075250400728,0.15538183114032844,2147800.0,839700.0,3.9447409442219503,3.9473788819875777,3.9502599250936328,3.943664044575549
20230828.0,2.023082810385855e+16,3.948,3.947,3.946,3.945,3.944,1001900.0,1307100.0,917700.0,94300.0,578300.0,3.465,4.115,3.948,3.928,1014000.0,1575900.0,1425500.0,1640600.0,2011000.0,3.949,3.95,3.951,3.952,3.953,12100.0,268800.0,507800.0,1546300.0,1432700.0,4.115,3.85,0.09799999999999986,-0.0009999999999998899,1412822505.882,355473646.0,4.235,-12100.0,-268800.0,-507800.0,-1546300.0,-1432700.0,0.0005517241379315863,370755.1724137664,8248630.299999952,-0.001000000000000334,1001900.0,1307100.0,917700.0,94300.0,578300.0,0.002000000000000224,0.0009999999999998899,3.948,5.0,4.0,15.582348620689656,3.6539538970974013e+18,19.0,10.0,3.948,0.0009999999999998899,640500.0,0.0004075760678865503,3.945,3.9485,1039.0,3.945,0.00025326073192348736,0.0007597821957705745,26935724.73970829,159919,3767700.0,3899300.0,-131600.0,7667000.0,0.1609278324552507,0.15169801017886977,2090100.0,131600.0,3.9465242332902504,3.9489880670611432,3.952093160283462,3.9465282999512734
20230828.0,2.0230828103958532e+16,3.948,3.947,3.946,3.945,3.944,193100.0,1569900.0,1770900.0,769300.0,484100.0,3.465,4.115,3.949,3.928,-2082200.0,-756600.0,124400.0,393600.0,634100.0,3.949,3.95,3.951,3.952,3.953,1285500.0,1288200.0,1236600.0,1827700.0,704400.0,4.115,3.85,0.09899999999999975,0.0009999999999998899,1418903573.882,357014146.0,4.235,1273400.0,1019400.0,728800.0,281400.0,-728300.0,0.00031578947368426924,207244.73684209585,6081068.0,-0.001000000000000334,-808800.0,262800.0,853200.0,675000.0,-94200.0,0.002000000000000224,0.0009999999999998899,3.949,3.0,1.0,15.584211105263158,4.821826892940122e+18,27.0,11.0,3.949,0.0009999999999998899,124850.0,-0.0002171603570439995,3.946,3.9485,1040.0,3.948,0.00025326073192348736,0.0007597821957705745,9054751.957462829,159919,6342400.0,4787300.0,1555100.0,11129700.0,0.1407709526915635,0.13465060234888557,1540500.0,1555100.0,3.9474638104511524,3.9481305965102127,3.9509018195005043,3.9460456624819833
20230828.0,2.023082810405852e+16,3.95,3.949,3.948,3.947,3.946,434800.0,1890200.0,733500.0,1985200.0,350800.0,3.465,4.115,3.951,3.928,628700.0,2094400.0,1365900.0,3194200.0,2392500.0,3.951,3.952,3.953,3.954,3.955,193900.0,204200.0,632400.0,1209000.0,2041700.0,4.115,3.85,0.10099999999999998,0.002000000000000224,1425019704.082,358562846.0,4.235,-193900.0,-204200.0,-632400.0,-1209000.0,-2041700.0,0.001000000000000778,173050.0,6116130.200000048,-0.0009999999999998899,434800.0,1890200.0,733500.0,1985200.0,350800.0,0.002000000000000224,0.001000000000000334,3.951,4.0,3.0,15.602501058823531,4.365586362594291e+18,22.0,12.0,3.951,0.002000000000000224,257125.0,0.0006484484224116294,3.948,3.9505,1041.0,3.949,0.0002531325148715074,0.0007593975446146345,18140035.718986005,159919,4281200.0,5394500.0,-1113300.0,9675700.0,0.12328258916411655,0.11925929124111992,1548700.0,1113300.0,3.9492026861238765,3.9506915858119926,3.9540979164720174,3.948013532301418
20230828.0,2.023082810415855e+16,3.954,3.953,3.952,3.951,3.95,1300.0,675400.0,1245500.0,1232700.0,222100.0,3.465,4.115,3.955,3.928,406500.0,1946400.0,3184100.0,1654900.0,1053000.0,3.955,3.956,3.957,3.958,3.959,405200.0,1271000.0,1938600.0,422200.0,830900.0,4.115,3.85,0.10499999999999998,0.0040000000000000036,1430906892.982,360052546.0,4.235,-405200.0,-1271000.0,-1938600.0,-422200.0,-830900.0,0.0009393939393942397,203990.90909093618,5887188.900000095,-0.0009999999999998899,1300.0,675400.0,1245500.0,1232700.0,222100.0,0.002000000000000224,0.001000000000000334,3.955,5.0,1.0,15.625731181818182,4.269189405779151e+18,20.0,13.0,3.955,0.0009999999999998899,289000.0,0.0008378849542678424,3.951,3.9545000000000003,1042.0,3.951,0.0002528764698444531,0.0007586294095334717,36399124.66266229,159919,4867900.0,3377000.0,1490900.0,8244900.0,0.11422950221789542,0.10958371925015682,1489700.0,1490900.0,3.951929180371951,3.9540031980319803,3.957000534111218,3.9517042049156053
20230828.0,2.0230828104258504e+16,3.947,3.946,3.945,3.944,3.943,161200.0,270000.0,643800.0,1501100.0,835800.0,3.465,4.115,3.948,3.928,-1030600.0,-642100.0,-2331500.0,-3363100.0,-1070600.0,3.948,3.949,3.95,3.951,3.952,869400.0,372100.0,1687700.0,1862000.0,234800.0,4.115,3.85,0.09799999999999986,-0.007000000000000117,1437603629.782,361748646.0,4.235,869400.0,372100.0,1687700.0,1862000.0,234800.0,0.0015294117647055572,559917.6470588446,6696736.799999952,-0.0009999999999998899,-161200.0,-270000.0,-643800.0,-1501100.0,-835800.0,0.0019999999999997797,0.0009999999999998899,3.948,2.0,8.0,15.59878717647059,4.4246718819376543e+18,15.0,19.0,3.954,0.0027500000000002522,1140550.0,-0.0017331091491934458,3.947,3.9475,1043.0,3.954,0.0002533248891703331,0.0007599746675109993,-54715552.39591576,159919,5026000.0,3411900.0,1614100.0,8437900.0,0.09093992460092856,0.09093992460092856,1696100.0,1614100.0,3.948314839926863,3.9471564137395694,3.950043911659371,3.944243735162227
20230828.0,2.0230828104358428e+16,3.949,3.948,3.947,3.946,3.945,100000.0,678900.0,1583400.0,959100.0,392100.0,3.465,4.115,3.95,3.928,233800.0,1663400.0,3009100.0,2062400.0,1489800.0,3.95,3.951,3.952,3.953,3.954,133800.0,984500.0,1425700.0,1103300.0,1097700.0,4.115,3.85,0.10000000000000009,0.002000000000000224,1443566773.082,363258246.0,4.235,-133800.0,-984500.0,-1425700.0,-1103300.0,-1097700.0,8.333333333343518e-05,411094.44444441795,5963143.299999952,-0.0009999999999998899,100000.0,678900.0,1583400.0,959100.0,392100.0,0.0019999999999997797,0.0009999999999998899,3.95,5.0,5.0,15.601843972222222,4.737079688569922e+18,28.0,8.0,3.953,0.0,786600.0,0.0005752619822263494,3.947,3.9495,1044.0,3.948,0.00025319660716554854,0.0007595898214964208,18309258.993378073,159919,4745000.0,3713500.0,1031500.0,8458500.0,0.1024643065009548,0.1024643065009548,1509600.0,1031500.0,3.950147919978771,3.949427715996578,3.952431317175975,3.9467672276827783
20230828.0,2.023082810445843e+16,3.948,3.947,3.946,3.945,3.944,880100.0,552800.0,1589100.0,59900.0,484100.0,3.465,4.115,3.949,3.928,-885500.0,-751700.0,-2319600.0,-1593600.0,-1169800.0,3.949,3.95,3.951,3.952,3.953,5400.0,198900.0,730500.0,1533700.0,685700.0,4.115,3.85,0.09899999999999975,-0.001000000000000334,1445849445.682,363836146.0,4.235,5400.0,198900.0,730500.0,1533700.0,685700.0,0.0002500000000011937,86200.0,2282672.5999999046,-0.001000000000000334,-880100.0,-552800.0,-1589100.0,-59900.0,-484100.0,0.002000000000000224,0.0009999999999998899,3.949,3.0,4.0,15.600525250000002,5.816199622368171e+18,33.0,11.0,3.95,0.00025000000000030553,151075.0,-0.00010984833871519051,3.949,3.9485,1045.0,3.95,0.00025326073192348736,0.0007597821957705745,-9215117.227809517,159919,3154200.0,3566000.0,-411800.0,6720200.0,0.09843960788816342,0.09843960788816342,577900.0,411800.0,3.9499439349366754,3.9489939017504234,3.9518545431488175,3.9463603196859225
20230828.0,2.0230828104558548e+16,3.953,3.952,3.951,3.95,3.949,85900.0,1082000.0,1282600.0,858200.0,333800.0,3.465,4.115,3.953,3.928,501200.0,1629700.0,2670700.0,2268800.0,1517100.0,3.954,3.955,3.956,3.957,3.958,415300.0,547700.0,1388100.0,1410600.0,1183300.0,4.115,3.85,0.10299999999999976,0.0040000000000000036,1459368581.282,367257946.0,4.235,-415300.0,-547700.0,-1388100.0,-1410600.0,-1183300.0,0.0009999999999998899,666246.428571403,13519135.600000143,-0.0009999999999998899,85900.0,1082000.0,1282600.0,858200.0,333800.0,0.0019999999999997797,0.0009999999999998899,3.953,6.0,4.0,15.618588392857143,3.7492674028155996e+18,13.0,15.0,3.954,0.0019999999999997797,1433800.0,0.0010573019298911746,3.949,3.9535,1046.0,3.949,0.00025294043252822407,0.0007588212975844477,36945174.60244881,159919,4945000.0,3642500.0,1302500.0,8587500.0,0.11142992203743628,0.12144450774634474,3421800.0,1302500.0,3.9508842129873583,3.9531713886671986,3.95648511627907,3.9509253260123542
20230828.0,2.023082810465858e+16,3.948,3.947,3.946,3.945,3.944,110000.0,792900.0,779800.0,840800.0,792900.0,3.465,4.115,3.948,3.928,-112700.0,-1265000.0,-2619100.0,-1452800.0,-1474700.0,3.949,3.95,3.951,3.952,3.953,2700.0,472100.0,1839300.0,612000.0,681800.0,4.115,3.85,0.09799999999999986,-0.004999999999999893,1463740779.182,368365246.0,4.235,2700.0,472100.0,1839300.0,612000.0,681800.0,0.0015000000000000568,313905.55555558205,4372197.899999857,-0.001000000000000334,-110000.0,-792900.0,-779800.0,-840800.0,-792900.0,0.002000000000000224,0.0009999999999998899,3.948,4.0,6.0,15.593727611111108,4.868801538016464e+18,14.0,22.0,3.953,0.0030000000000001137,509275.0,-0.0010618243982216669,3.946,3.9485,1047.0,3.953,0.00025326073192348736,0.0007597821957705745,-46546270.36453676,159919,3607900.0,3316400.0,291500.0,6924300.0,0.12361741857022039,0.12814112852965373,1107300.0,291500.0,3.9485215388782238,3.948976042590949,3.9514152276947807,3.945573724520565
20230828.0,2.0230828104758456e+16,3.949,3.948,3.947,3.946,3.945,999900.0,1384200.0,849900.0,999400.0,218400.0,3.465,4.115,3.951,3.928,1099900.0,2175500.0,1449900.0,1145900.0,1867800.0,3.95,3.951,3.952,3.953,3.954,100000.0,791300.0,600000.0,146500.0,1649400.0,4.115,3.85,0.10099999999999998,0.0030000000000001137,1469100363.182,369722046.0,4.235,-100000.0,-791300.0,-600000.0,-146500.0,-1649400.0,0.0009999999999998899,110300.0,5359584.0,-0.0009999999999998899,999900.0,1384200.0,849900.0,999400.0,218400.0,0.0019999999999997797,0.0009999999999998899,3.951,7.0,4.0,15.608823133333335,4.0833232667282913e+18,11.0,19.0,3.953,0.0029999999999996696,77600.0,0.00023624601256355682,3.948,3.9495,1048.0,3.949,0.00025319660716554854,0.0007595898214964208,18661278.064293317,159919,3287200.0,4451800.0,-1164600.0,7739000.0,0.1344630253179079,0.13888505354221853,1356800.0,1164600.0,3.9501650943396225,3.9499090826438765,3.952746532002921,3.9474375308863827
20230828.0,2.0230828104858484e+16,3.947,3.946,3.945,3.944,3.943,8700.0,441100.0,856000.0,1182200.0,333200.0,3.465,4.115,3.948,3.928,-472300.0,-1687800.0,-1969500.0,-2401000.0,-1138900.0,3.948,3.949,3.95,3.951,3.952,463600.0,1246700.0,1113500.0,1218800.0,805700.0,4.115,3.85,0.09799999999999986,-0.0030000000000001137,1475078058.782,371235446.0,4.235,463600.0,1246700.0,1113500.0,1218800.0,805700.0,0.00120930232558214,214755.81395345926,5977695.600000143,-0.0009999999999998899,-8700.0,-441100.0,-856000.0,-1182200.0,-333200.0,0.0019999999999997797,0.0009999999999998899,3.948,2.0,4.0,15.600848023255816,5.914879931322957e+18,28.0,15.0,3.951,0.0024999999999999467,544650.0,-0.0007320979650347059,3.948,3.9475,1049.0,3.951,0.0002533248891703331,0.0007599746675109993,-28183707.101104304,159919,4848300.0,2821200.0,2027100.0,7669500.0,0.1396906340877115,0.13813797058009647,1513400.0,2027100.0,3.9498451169552946,3.9470184204954477,3.9501353670358674,3.944507266411456
20230828.0,2.023082810495852e+16,3.951,3.95,3.949,3.948,3.947,74100.0,100000.0,700000.0,889100.0,740000.0,3.465,4.115,3.951,3.928,574100.0,1237500.0,2415900.0,1570200.0,1629500.0,3.952,3.953,3.954,3.955,3.956,500000.0,1137500.0,1715900.0,681100.0,889500.0,4.115,3.85,0.10099999999999998,0.0030000000000001137,1479397310.882,372329246.0,4.235,-500000.0,-1137500.0,-1715900.0,-681100.0,-889500.0,2.7027027027060058e-05,144702.7027027011,4319252.099999905,-0.0009999999999998899,74100.0,100000.0,700000.0,889100.0,740000.0,0.0019999999999997797,0.0009999999999998899,3.951,4.0,2.0,15.58691835135135,5.103896552616445e+18,5.0,32.0,3.951,0.0009999999999998899,42800.0,0.001040915346325555,3.947,3.9515000000000002,1050.0,3.948,0.0002530684550170542,0.0007592053650511627,28275607.605911054,159919,4924000.0,2503200.0,2420800.0,7427200.0,0.1348366059087945,0.1401974919438999,1093800.0,2420800.0,3.9488499725725954,3.951129071590316,3.9540655158407803,3.948152724512624
20230828.0,2.023082810505856e+16,3.952,3.951,3.95,3.949,3.948,101000.0,1059000.0,872700.0,730000.0,524100.0,3.465,4.115,3.951,3.928,177500.0,1496900.0,2055400.0,2598700.0,1761600.0,3.953,3.954,3.955,3.956,3.957,76500.0,437900.0,1182700.0,1868700.0,1237500.0,4.115,3.85,0.10099999999999998,0.0,1480844881.782,372695646.0,4.235,-76500.0,-437900.0,-1182700.0,-1868700.0,-1237500.0,0.000794117647058723,35650.0,1447570.9000000954,-0.001000000000000334,101000.0,1059000.0,872700.0,730000.0,524100.0,0.002000000000000224,0.0009999999999998899,3.951,3.0,4.0,15.608774911764707,4.72142666369951e+18,23.0,11.0,3.952,0.0009999999999998899,53400.0,0.0003643718407544405,3.949,3.9524999999999997,1051.0,3.952,0.00025300442757745476,0.0007590132827324765,-9450619.151289478,159919,4803300.0,3286800.0,1516500.0,8090100.0,0.1344193528568997,0.1441447194160715,366400.0,1516500.0,3.9507939410482953,3.952569014084507,3.9557812961922014,3.949842643300475
20230828.0,2.023082810515855e+16,3.956,3.955,3.954,3.953,3.952,29000.0,332900.0,904600.0,1210100.0,580000.0,3.465,4.115,3.957,3.928,141600.0,1666900.0,3331500.0,1719700.0,1258000.0,3.957,3.958,3.959,3.96,3.961,112600.0,1334000.0,2426900.0,509600.0,678000.0,4.115,3.85,0.10699999999999976,0.005999999999999783,1483606868.982,373393946.0,4.235,-112600.0,-1334000.0,-2426900.0,-509600.0,-678000.0,0.001000000000000334,139172.97297298908,2761987.2000000477,-0.001000000000000334,29000.0,332900.0,904600.0,1210100.0,580000.0,0.002000000000000224,0.0009999999999998899,3.957,6.0,3.0,15.64993816216216,5.153096596719691e+18,23.0,14.0,3.958,0.0019999999999997797,325700.0,0.0009194316378080547,3.951,3.9565,1052.0,3.951,0.0002527486414760242,0.0007582459244281849,56584249.815254584,159919,5061100.0,3056600.0,2004500.0,8117700.0,0.12796834832556492,0.12796834832556492,698300.0,2004500.0,3.955301732779676,3.956204802259887,3.959060540198771,3.9533524831512135
20230828.0,2.0230828105258444e+16,3.957,3.956,3.955,3.954,3.953,716700.0,1041800.0,1140900.0,881300.0,85600.0,3.465,4.115,3.958,3.928,1730000.0,2335600.0,1894900.0,2419700.0,3579200.0,3.958,3.959,3.96,3.961,3.962,1013300.0,1293800.0,754000.0,1538400.0,3493600.0,4.115,3.85,0.1080000000000001,0.001000000000000334,1488146876.082,374541146.0,4.235,-1013300.0,-1293800.0,-754000.0,-1538400.0,-3493600.0,0.000790697674418972,186469.76744186878,4540007.099999905,-0.0009999999999998899,716700.0,1041800.0,1140900.0,881300.0,85600.0,0.0019999999999997797,0.0009999999999998899,3.958,5.0,3.0,15.659505999999999,6.011794887420548e+18,17.0,26.0,3.958,0.001000000000000334,265200.0,0.0003056693009844125,3.956,3.9575,1053.0,3.956,0.00025268477574234594,0.0007580543272268133,18884146.378576107,159919,8093100.0,3866300.0,4226800.0,11959400.0,0.10776939168818933,0.11886980490667837,1147200.0,4226800.0,3.95746783472795,3.957414277456647,3.960643165165388,3.9553679745493104
20230828.0,2.023082810535851e+16,3.953,3.952,3.951,3.95,3.949,44400.0,541000.0,971000.0,1197000.0,30000.0,3.465,4.115,3.954,3.928,-303200.0,-1811500.0,-2415000.0,-1612000.0,-884100.0,3.954,3.955,3.956,3.957,3.958,258800.0,1270500.0,1444000.0,415000.0,854100.0,4.115,3.85,0.10400000000000009,-0.0040000000000000036,1491585873.682,375410646.0,4.235,258800.0,1270500.0,1444000.0,415000.0,854100.0,0.0006666666666665932,125802.38095235825,3438997.5999999046,-0.0009999999999998899,-44400.0,-541000.0,-971000.0,-1197000.0,-30000.0,0.0019999999999997797,0.0009999999999998899,3.954,3.0,7.0,15.64730042857143,5.905639573652579e+18,28.0,14.0,3.958,0.0009999999999998899,172700.0,-0.0010790233535964422,3.953,3.9535,1054.0,3.958,0.00025294043252822407,0.0007588212975844477,-37920747.769617796,159919,4242400.0,2783400.0,1459000.0,7025800.0,0.10730327304425781,0.11582050963121077,869500.0,1459000.0,3.955143875790575,3.953146437994723,3.9560789883085046,3.950774664079902
20230828.0,2.02308281054584e+16,3.95,3.949,3.948,3.947,3.946,55500.0,100800.0,487100.0,1124000.0,1500400.0,3.465,4.115,3.95,3.928,-1158000.0,-1519000.0,-826400.0,-2050400.0,-2667800.0,3.951,3.952,3.953,3.954,3.955,1102500.0,1418200.0,339300.0,926400.0,1167400.0,4.115,3.85,0.10000000000000009,-0.0040000000000000036,1493181262.882,375814446.0,4.235,1102500.0,1418200.0,339300.0,926400.0,1167400.0,0.0012093023255812518,28023.25581395626,1595389.2000000477,-0.0009999999999998899,-55500.0,-100800.0,-487100.0,-1124000.0,-1500400.0,0.002000000000000224,0.001000000000000334,3.95,1.0,4.0,15.616651372093022,6.0639111145282e+18,31.0,12.0,3.954,0.0019999999999997797,55300.0,-0.0007841160293067251,3.95,3.9505,1055.0,3.954,0.0002531325148715074,0.0007593975446146345,-38036091.25370754,159919,4953800.0,3267800.0,1686000.0,8221600.0,0.1032813935074613,0.10360326961980365,403800.0,1686000.0,3.9509390787519756,3.95004792746114,3.952926924785013,3.9468025582961013
20230828.0,2.0230828105558424e+16,3.948,3.947,3.946,3.945,3.944,127400.0,1127400.0,1249300.0,901100.0,318700.0,3.465,4.115,3.949,3.928,-326900.0,-2083600.0,-3453300.0,-2492900.0,-919000.0,3.949,3.95,3.951,3.952,3.953,199500.0,956200.0,2204000.0,1591800.0,600300.0,4.115,3.85,0.09899999999999975,-0.001000000000000334,1495598536.782,376426446.0,4.235,199500.0,956200.0,2204000.0,1591800.0,600300.0,0.000302325581395646,75374.41860467196,2417273.9000000954,-0.001000000000000334,-127400.0,-1127400.0,-1249300.0,-901100.0,-318700.0,0.002000000000000224,0.0009999999999998899,3.949,3.0,4.0,15.600112023255816,6.087273978796689e+18,28.0,15.0,3.951,0.001000000000000334,218000.0,-0.00041988198977160884,3.949,3.9485,1056.0,3.95,0.00025326073192348736,0.0007597821957705745,-9537236.044118918,159919,5551800.0,3723900.0,1827900.0,9275700.0,0.09579152987049946,0.09522477414107974,612000.0,1827900.0,3.9497939542485216,3.948389721627409,3.951258870996794,3.945958027874003
20230828.0,2.0230828105658424e+16,3.946,3.945,3.944,3.943,3.942,429900.0,592300.0,1860500.0,25700.0,416200.0,3.465,4.115,3.949,3.928,-1300400.0,-1865600.0,-587500.0,514000.0,-210800.0,3.949,3.95,3.951,3.952,3.953,1070000.0,2229500.0,931000.0,1052100.0,394900.0,4.115,3.85,0.09899999999999975,0.0,1502243369.382,378110346.0,4.235,870500.0,1273300.0,-1273000.0,-539700.0,-205400.0,0.001000000000000334,591530.555555582,6644832.599999905,-0.001000000000000334,-429900.0,-592300.0,-1860500.0,-25700.0,-416200.0,0.002000000000000668,0.001000000000000334,3.949,6.0,6.0,15.578811111111113,5.125531436233426e+18,12.0,24.0,3.949,0.0029999999999996696,969750.0,-0.0003875404589650522,3.945,3.9475,1057.0,3.949,0.0007599746675109993,0.0012666244458518906,102409.97149597853,159919,5677500.0,3324600.0,2352900.0,9002100.0,0.098313671103005,0.10188050864961679,1683900.0,2352900.0,3.9460969178691756,3.946859857323821,3.9505548040510785,3.9441786681104496
20230828.0,2.023082810575839e+16,3.946,3.945,3.944,3.943,3.942,1364800.0,415800.0,1044200.0,303500.0,309800.0,3.465,4.115,3.947,3.928,495200.0,-966600.0,-1616300.0,-1080000.0,-1870400.0,3.947,3.948,3.949,3.95,3.951,439700.0,790100.0,800000.0,1357800.0,1764000.0,4.115,3.85,0.09699999999999998,-0.0019999999999997797,1507134338.182,379349646.0,4.235,439700.0,790100.0,800000.0,1357800.0,1764000.0,0.0005490196078428156,229856.86274510622,4890968.799999952,-0.0009999999999998899,934900.0,-176500.0,-816300.0,277800.0,-106400.0,0.002000000000000224,0.001000000000000334,3.947,6.0,5.0,15.57524968627451,7.316309192076428e+18,27.0,24.0,3.948,0.0009999999999998899,579100.0,-2.6230292330842175e-05,3.945,3.9465000000000003,1058.0,3.947,0.0002533890789306702,0.0007601672367921231,4955.049083780497,159919,5151600.0,3438100.0,1713500.0,8589700.0,0.09885229038587087,0.1018385561549278,1239300.0,1713500.0,3.9465575728233295,3.946756331393738,3.9496243303051477,3.9446463744510045
20230828.0,2.0230828105858424e+16,3.946,3.945,3.944,3.943,3.942,543800.0,124100.0,572200.0,1010800.0,1042200.0,3.465,4.115,3.947,3.928,-708500.0,-1163600.0,-1137900.0,375100.0,1639700.0,3.947,3.948,3.949,3.95,3.951,327200.0,1662000.0,1465900.0,1690000.0,856700.0,4.115,3.85,0.09699999999999998,0.0,1513226323.982,380892846.0,4.235,-112500.0,871900.0,665900.0,332200.0,-907300.0,0.00025490196078337135,120141.17647057772,6091985.800000191,-0.0009999999999998899,-821000.0,-291700.0,-472000.0,707300.0,732400.0,0.002000000000000224,0.001000000000000334,3.947,2.0,3.0,15.584691627450981,7.392286761797035e+18,40.0,11.0,3.948,0.0,109150.0,-3.344360546719827e-05,3.946,3.9465000000000003,1059.0,3.947,0.0002533890789306702,0.0007601672367921231,-32528.70111209154,159919,6001800.0,3293100.0,2708700.0,9294900.0,0.08770751075068792,0.09526075208759238,1543200.0,2708700.0,3.9476320632453286,3.946624339839265,3.9491811123329668,3.9434280465215155
20230828.0,2.0230828105958316e+16,3.947,3.946,3.945,3.944,3.943,100000.0,454600.0,1054100.0,1282300.0,31800.0,3.465,4.115,3.948,3.928,456100.0,1447700.0,3906100.0,2283300.0,239600.0,3.948,3.949,3.95,3.951,3.952,356100.0,993100.0,2852000.0,1001000.0,207800.0,4.115,3.85,0.09799999999999986,0.0009999999999998899,1516219335.682,381651146.0,4.235,-356100.0,-993100.0,-2852000.0,-1001000.0,-207800.0,0.0003541666666655452,139533.33333331347,2993011.6999998093,-0.0009999999999998899,100000.0,454600.0,1054100.0,1282300.0,31800.0,0.0019999999999997797,0.0009999999999998899,3.948,4.0,2.0,15.5839079375,6.985919604300906e+18,33.0,15.0,3.948,0.0009999999999998899,290200.0,0.00015072767011825583,3.946,3.9475,1100.0,3.946,0.0002533248891703331,0.0007599746675109993,19315511.46329743,159919,5410000.0,2922800.0,2487200.0,8332800.0,0.08249168623671944,0.08249168623671944,758300.0,2487200.0,3.9470021099826047,3.9472192501644376,3.9499466358595194,3.944763480224443
20230828.0,2.0230828110058544e+16,3.944,3.943,3.942,3.941,3.94,1005700.0,820900.0,388100.0,186000.0,589900.0,3.465,4.115,3.946,3.928,-1405600.0,-2169600.0,-1798100.0,-1309000.0,-1477500.0,3.947,3.948,3.949,3.95,3.951,399900.0,1348700.0,1410000.0,1123000.0,887600.0,4.115,3.85,0.09600000000000009,-0.0019999999999997797,1522081591.282,383136746.0,4.235,399900.0,1348700.0,1410000.0,1123000.0,887600.0,0.0006875000000001741,206146.875,5862255.600000143,-0.0009999999999998899,-1005700.0,-820900.0,-388100.0,-186000.0,-589900.0,0.0019999999999997797,0.0009999999999998899,3.946,3.0,5.0,15.5733834375,4.670615056367569e+18,12.0,20.0,3.948,0.0012499999999997513,433675.0,-0.00027181426031552824,3.945,3.9455,1101.0,3.948,0.0007603599036877743,0.0012672665061462156,-19337552.14389641,159919,5169200.0,2990600.0,2178600.0,8159800.0,0.07931901314336214,0.07931901314336214,1485600.0,2178600.0,3.9460525040388683,3.946146485486625,3.9491450321132864,3.9424903698254528
20230828.0,2.0230828110158416e+16,3.942,3.941,3.94,3.939,3.938,200.0,160300.0,452000.0,1488000.0,802300.0,3.465,4.115,3.943,3.928,-770100.0,-1736800.0,-2194000.0,-1773100.0,-911700.0,3.943,3.944,3.945,3.946,3.947,769900.0,1576500.0,1742000.0,285100.0,109400.0,4.115,3.85,0.09299999999999997,-0.0030000000000001137,1524876576.382,383845246.0,4.235,769900.0,1576500.0,1742000.0,285100.0,109400.0,0.001307692307692676,117643.5897436142,2794985.0999999046,-0.0009999999999998899,-200.0,-160300.0,-452000.0,-1488000.0,-802300.0,0.002000000000000224,0.001000000000000334,3.943,4.0,8.0,15.560600743589744,5.737054082701171e+18,15.0,24.0,3.948,0.0030000000000001137,268000.0,-0.0010512548247063602,3.942,3.9425,1102.0,3.948,0.0002536461636017476,0.0007609384908053554,-48618154.83286297,159919,4482900.0,2902800.0,1580100.0,7385700.0,0.07733591593177438,0.07465740446249351,708500.0,1580100.0,3.9449330980944315,3.942000259706532,3.9444172522251226,3.938989975196362
20230828.0,2.023082811025831e+16,3.942,3.941,3.94,3.939,3.938,195800.0,1486700.0,933000.0,461100.0,255300.0,3.465,4.115,3.943,3.928,948000.0,2202000.0,1419000.0,-1406600.0,-1322400.0,3.943,3.944,3.945,3.946,3.947,17500.0,700900.0,804000.0,664800.0,884800.0,4.115,3.85,0.09299999999999997,0.0,1526927694.982,384365446.0,4.235,-752400.0,-875600.0,-938000.0,379700.0,775400.0,0.00023076923076947864,239910.25641024113,2051118.600000143,-0.0009999999999998899,195600.0,1326400.0,481000.0,-1026900.0,-547000.0,0.002000000000000224,0.001000000000000334,3.943,3.0,2.0,15.545429846153846,5.754537570429742e+18,27.0,12.0,3.944,0.0009999999999998899,430600.0,0.00023277254199172148,3.941,3.9425,1103.0,3.942,0.0002536461636017476,0.0007609384908053554,9733405.405184394,159919,3072000.0,3331900.0,-259900.0,6403900.0,0.07986140513204965,0.07112624288382166,520200.0,259900.0,3.9429423298734005,3.9429179559306142,3.945552897135417,3.9402720970017113
20230828.0,2.023082811035847e+16,3.944,3.942,3.941,3.94,3.939,44500.0,769100.0,725000.0,1011200.0,435500.0,3.465,4.115,3.945,3.928,354800.0,1869100.0,2218800.0,2161200.0,542700.0,3.945,3.946,3.947,3.948,3.949,310300.0,1100000.0,1493800.0,1150000.0,107200.0,4.115,3.85,0.09499999999999975,0.0019999999999997797,1532760447.882,385844246.0,4.235,-310300.0,-1100000.0,-1493800.0,-1150000.0,-107200.0,0.0008297872340423673,501817.0212765932,5832752.899999857,-0.001000000000000334,44500.0,769100.0,725000.0,1011200.0,435500.0,0.0030000000000001137,0.0019999999999997797,3.945,4.0,2.0,15.556480212765956,6.978912474088734e+18,27.0,20.0,3.946,0.0019999999999997797,1036000.0,0.0003061899863447959,3.941,3.9444999999999997,1104.0,3.941,0.0002535175560907314,0.0010141987829614613,39038656.75445333,159919,4161300.0,2985300.0,1176000.0,7146600.0,0.09546322997698668,0.08689355108976964,1478800.0,1176000.0,3.944247295104042,3.9441254227733933,3.9469144017494533,3.940671858774662
20230828.0,2.023082811045835e+16,3.941,3.94,3.939,3.938,3.937,52300.0,1082700.0,837900.0,753900.0,141200.0,3.465,4.115,3.941,3.928,-1013000.0,-2253500.0,-2020900.0,-805700.0,-726000.0,3.944,3.945,3.946,3.947,3.948,960700.0,1170800.0,1183000.0,51800.0,584800.0,4.115,3.85,0.09099999999999975,-0.0040000000000000036,1534779613.282,386356346.0,4.235,960700.0,1170800.0,1183000.0,51800.0,584800.0,0.0007058823529408897,153260.78431373835,2019165.4000000954,-0.0009999999999998899,-52300.0,-1082700.0,-837900.0,-753900.0,-141200.0,0.0019999999999997797,0.0009999999999998899,3.941,2.0,5.0,15.55281782352941,7.605176792586457e+18,37.0,14.0,3.945,0.0019999999999997797,312050.0,-0.0007534383868683658,3.941,3.9425,1105.0,3.945,0.0007609384908053554,0.0012682308180088505,-39219697.30808851,159919,3951100.0,2868000.0,1083100.0,6819100.0,0.10036475958299529,0.09274546815126064,512100.0,1083100.0,3.942912321812332,3.941154886475814,3.9455265116043634,3.939052649930265
20230828.0,2.02308281105584e+16,3.942,3.941,3.94,3.939,3.938,10500.0,392300.0,1190000.0,829100.0,540700.0,3.465,4.115,3.943,3.928,-65800.0,-621900.0,89100.0,-732900.0,185000.0,3.943,3.944,3.945,3.946,3.947,76300.0,1014200.0,1100900.0,1562000.0,355700.0,4.115,3.85,0.09299999999999997,0.002000000000000224,1535506150.882,386540546.0,4.235,76300.0,1014200.0,1100900.0,1562000.0,355700.0,0.0008461538461537188,38310.25641024113,726537.5999999046,-0.0009999999999998899,10500.0,392300.0,1190000.0,829100.0,540700.0,0.002000000000000224,0.001000000000000334,3.943,4.0,5.0,15.553923948717946,5.825266843721951e+18,27.0,12.0,3.945,0.0019999999999997797,67050.0,0.000245096401248146,3.941,3.9425,1106.0,3.941,0.0002536461636017476,0.0007609384908053554,19574631.86566464,159919,4109100.0,2962600.0,1146500.0,7071700.0,0.11194788182378079,0.1034565840297289,184200.0,1146500.0,3.944286644950622,3.942120967741936,3.945269304713928,3.939494633092554
20230828.0,2.0230828110658364e+16,3.942,3.941,3.94,3.939,3.938,675700.0,1032900.0,970100.0,382000.0,333400.0,3.465,4.115,3.943,3.928,423200.0,1602800.0,520500.0,75400.0,-1284600.0,3.943,3.944,3.945,3.946,3.947,318300.0,52000.0,360500.0,1039500.0,1433000.0,4.115,3.85,0.09299999999999997,0.0,1538056917.582,387187446.0,4.235,242000.0,-962200.0,-740400.0,-522500.0,1077300.0,0.00031914893617113194,99646.80851066113,2550766.7000000477,-0.0009999999999998899,665200.0,640600.0,-219900.0,-447100.0,-207300.0,0.002000000000000224,0.001000000000000334,3.943,3.0,2.0,15.549766255319149,7.029939917836685e+18,18.0,29.0,3.944,0.0009999999999998899,62300.0,0.00014174383069498475,3.942,3.9425,1107.0,3.943,0.0002536461636017476,0.0007609384908053554,-10506.207237942144,159919,3203300.0,3394100.0,-190800.0,6597400.0,0.10237475850305194,0.09712577240555959,646900.0,190800.0,3.943061833359171,3.9426797786720322,3.946004245621703,3.9403934769158244
20230828.0,2.023082811075833e+16,3.942,3.941,3.94,3.939,3.938,317100.0,578700.0,1192000.0,461200.0,615500.0,3.465,4.115,3.944,3.928,-99600.0,658300.0,1813900.0,779200.0,793300.0,3.944,3.945,3.946,3.947,3.948,259000.0,1112500.0,1592000.0,700000.0,511200.0,4.115,3.85,0.09399999999999986,0.0009999999999998899,1540305853.382,387757746.0,4.235,-259000.0,-1112500.0,-1592000.0,-700000.0,-511200.0,4.0000000001150227e-05,69122.0,2248935.7999999523,-0.0009999999999998899,-358600.0,-454200.0,221900.0,79200.0,282100.0,0.002000000000000224,0.001000000000000334,3.944,1.0,1.0,15.554820560000003,7.515116240646153e+18,47.0,3.0,3.945,0.0,83650.0,0.00010679269306268502,3.943,3.943,1108.0,3.943,0.0005072279989854882,0.001014455997971089,9821149.979162209,159919,4174700.0,3164500.0,1010200.0,7339200.0,0.09776096405097111,0.09573703533754895,570300.0,1010200.0,3.9434259161843808,3.94310085054678,3.9460220135578603,3.9398485384736923
20230828.0,2.0230828110858456e+16,3.942,3.941,3.94,3.939,3.938,945500.0,1085200.0,1241500.0,50900.0,312500.0,3.465,4.115,3.944,3.928,788100.0,552300.0,-299300.0,-110300.0,-851100.0,3.944,3.945,3.946,3.947,3.948,99300.0,1066700.0,1940800.0,400000.0,1059300.0,4.115,3.85,0.09399999999999986,0.0,1564609412.582,393918746.0,4.235,-159700.0,-45800.0,348800.0,-300000.0,548100.0,0.0005208333333330817,664660.4166666865,24303559.200000048,-0.0009999999999998899,628400.0,506500.0,49500.0,-410300.0,-303000.0,0.002000000000000224,0.001000000000000334,3.944,4.0,3.0,15.56319060416667,7.322342898040545e+18,9.0,39.0,3.947,0.0009999999999998899,536500.0,0.00017980810218176657,3.942,3.943,1109.0,3.944,0.0005072279989854882,0.001014455997971089,-147274.77852403745,159919,4566100.0,3635600.0,930500.0,8201700.0,0.10218801983519707,0.10491082465522375,6161000.0,930500.0,3.944742606719696,3.943809915773354,3.946274479314952,3.940632715370228
20230828.0,2.0230828110958424e+16,3.943,3.942,3.941,3.94,3.939,4700.0,435500.0,999900.0,1063600.0,51100.0,3.465,4.115,3.943,3.928,89900.0,447900.0,1489500.0,311800.0,151000.0,3.944,3.945,3.946,3.947,3.948,14100.0,1054300.0,1451200.0,1151800.0,959400.0,4.115,3.85,0.09299999999999997,-0.0009999999999998899,1572039367.482,395803746.0,4.235,-85200.0,-12400.0,-489600.0,751800.0,-99900.0,0.0004999999999999449,626552.272727251,7429954.900000095,-0.0009999999999998899,4700.0,435500.0,999900.0,1063600.0,51100.0,0.0019999999999997797,0.0009999999999998899,3.943,2.0,4.0,15.544023954545453,6.850995902286408e+18,27.0,17.0,3.944,0.0009999999999998899,1405150.0,-0.00014198339565640872,3.94,3.9435000000000002,1110.0,3.944,0.0002535818435399746,0.0007607455306199238,-9962540.792071309,159919,4630800.0,2554800.0,2076000.0,7185600.0,0.11519480128683998,0.12168882316799182,1885000.0,2076000.0,3.941620636604825,3.9432500000000004,3.946429321067634,3.94071782527008
20230828.0,2.023082811105836e+16,3.941,3.94,3.939,3.938,3.937,10000.0,1014400.0,831000.0,706100.0,157700.0,3.465,4.115,3.942,3.928,-1053700.0,-2706400.0,-2399800.0,-1936500.0,-1022600.0,3.942,3.944,3.945,3.946,3.947,1043700.0,1692000.0,1568800.0,1230400.0,864900.0,4.115,3.85,0.09200000000000008,-0.0009999999999998899,1572763488.982,395987446.0,4.235,1043700.0,1692000.0,1568800.0,1230400.0,864900.0,0.001078431372548927,32394.11764705181,724121.5,-0.0019999999999997797,-10000.0,-1014400.0,-831000.0,-706100.0,-157700.0,0.0029999999999996696,0.0009999999999998899,3.942,2.0,4.0,15.546631705882355,7.992044625698654e+18,30.0,21.0,3.944,0.0019999999999997797,63400.0,-0.000568350064016121,3.941,3.9415,1111.0,3.944,0.0002537105163009854,0.0010147133434804676,-20083977.609313853,159919,6399800.0,2719200.0,3680600.0,9119000.0,0.10610800501372719,0.10765993172775903,183700.0,3680600.0,3.9418698965704952,3.9410094903672768,3.9447089127785246,3.9390047440423652
20230828.0,2.0230828111158396e+16,3.939,3.938,3.937,3.936,3.935,60300.0,79400.0,1345900.0,664800.0,216800.0,3.465,4.115,3.94,3.928,-776300.0,-1771100.0,-1475900.0,-1832800.0,-1122400.0,3.941,3.942,3.943,3.944,3.945,716000.0,1691700.0,130000.0,1168000.0,905600.0,4.115,3.85,0.08999999999999986,-0.002000000000000224,1582307244.682,398408546.0,4.235,716000.0,1691700.0,130000.0,1168000.0,905600.0,0.0009615384615373479,299919.230769217,9543755.69999981,-0.001000000000000334,-60300.0,-79400.0,-1345900.0,-664800.0,-216800.0,0.002000000000000224,0.0009999999999998899,3.94,2.0,6.0,15.539061576923075,8.224339016922287e+18,36.0,16.0,3.944,0.002000000000000224,407175.0,-0.00047058357947071805,3.94,3.94,1112.0,3.942,0.0005076142131979136,0.0010152284263959398,-20228191.304480202,159919,4611300.0,2367200.0,2244100.0,6978500.0,0.1031910102432455,0.10679524599780485,2421100.0,2244100.0,3.9419089256948534,3.93915535231225,3.942968663934248,3.936620479891855
20230828.0,2.0230828111258376e+16,3.939,3.937,3.936,3.935,3.934,500.0,56400.0,1597600.0,519500.0,74600.0,3.465,4.115,3.941,3.928,-1112000.0,301500.0,-2581500.0,-484200.0,766500.0,3.941,3.942,3.943,3.944,3.945,1768200.0,1333800.0,1113900.0,1132700.0,64500.0,4.115,3.85,0.09099999999999975,0.0009999999999998899,1584892261.882,399064946.0,4.235,1052200.0,-357900.0,983900.0,-35300.0,-841100.0,0.0007333333333336967,138300.0,2585017.2000000477,-0.001000000000000334,-59800.0,-56400.0,-1597600.0,-519500.0,-74600.0,0.0030000000000005578,0.002000000000000224,3.941,3.0,6.0,15.50574542222222,7.157514009911414e+18,15.0,30.0,3.941,0.002000000000000224,244800.0,-3.9295217530321835e-05,3.936,3.94,1113.0,3.941,0.0005076142131979136,0.0012691965985532016,5755.0489412769675,159919,5413100.0,2248600.0,3164500.0,7661700.0,0.12205375931213239,0.1276219657239976,656400.0,3164500.0,3.938173674588738,3.9390005653870075,3.94233337643864,3.9357283643155743
20230828.0,2.023082811135838e+16,3.939,3.937,3.936,3.935,3.934,17200.0,1463800.0,416100.0,250600.0,667600.0,3.465,4.115,3.941,3.928,666900.0,1188200.0,-1186600.0,-565900.0,543900.0,3.941,3.942,3.943,3.944,3.945,1118000.0,1553000.0,1119000.0,1429700.0,113600.0,4.115,3.85,0.09099999999999975,0.0,1587103620.782,399626446.0,4.235,-650200.0,219200.0,5100.0,297000.0,49100.0,0.0019069767441859398,202283.7209302187,2211358.9000000954,-0.001000000000000334,16700.0,1407400.0,-1181500.0,-268900.0,593000.0,0.0030000000000005578,0.002000000000000224,3.941,6.0,4.0,15.514991372093023,6.859843100457422e+18,26.0,17.0,3.941,0.0040000000000000036,395300.0,7.549511747972915e-06,3.936,3.94,1114.0,3.937,0.0005076142131979136,0.0012691965985532016,40539029.03178282,159919,5333300.0,2815300.0,2518000.0,8148600.0,0.1324103437861908,0.12990057968217533,561500.0,2518000.0,3.9383061442566256,3.9390303030303033,3.94260022875143,3.9359749937839656
20230828.0,2.0230828111458284e+16,3.942,3.941,3.94,3.939,3.938,795100.0,1110100.0,418000.0,117200.0,698100.0,3.465,4.115,3.943,3.928,867300.0,1124000.0,2605800.0,647200.0,2267700.0,3.943,3.945,3.946,3.947,3.948,72200.0,13900.0,2187800.0,530000.0,1569600.0,4.115,3.85,0.09299999999999997,0.002000000000000224,1587767941.782,399794946.0,4.235,-72200.0,-13900.0,-2187800.0,-530000.0,-1569600.0,0.0002352941176462231,32207.84313726425,664321.0,-0.0019999999999997797,795100.0,1110100.0,418000.0,117200.0,698100.0,0.0030000000000001137,0.001000000000000334,3.943,5.0,3.0,15.54539476470588,8.148631229134774e+18,42.0,9.0,3.944,0.0,64850.0,0.0009861650678202327,3.939,3.9425,1115.0,3.939,0.0002536461636017476,0.001014455997971089,40502624.42721222,159919,4373500.0,3138500.0,1235000.0,7512000.0,0.12995541131056382,0.12459877737649844,168500.0,1235000.0,3.9425578635014835,3.942916753141935,3.9467862581456505,3.9403781742870794
20230828.0,2.023082811155831e+16,3.942,3.941,3.94,3.939,3.938,798100.0,1196100.0,692400.0,17200.0,465000.0,3.465,4.115,3.943,3.928,-6900.0,87600.0,-86700.0,-519400.0,-179200.0,3.943,3.945,3.946,3.947,3.948,82100.0,12300.0,2548900.0,949400.0,1515700.0,4.115,3.85,0.09299999999999997,0.0,1588765027.582,400047846.0,4.235,9900.0,-1600.0,361100.0,419400.0,-53900.0,0.0003428571428574223,69362.85714286566,997085.7999999523,-0.0019999999999997797,3000.0,86000.0,274400.0,-100000.0,-233100.0,0.0030000000000001137,0.001000000000000334,3.943,4.0,4.0,15.54454557142857,5.598224639843724e+18,23.0,12.0,3.943,0.0009999999999998899,140450.0,-2.543145382949419e-06,3.942,3.9425,1116.0,3.943,0.0002536461636017476,0.001014455997971089,-8451.101612485945,159919,5108400.0,3168800.0,1939600.0,8277200.0,0.13458403560860796,0.1337789482185676,252900.0,1939600.0,3.942608936338285,3.9429067257441495,3.946728643019341,3.940582270891189
20230828.0,2.023082811165824e+16,3.941,3.94,3.939,3.938,3.937,847000.0,33000.0,1218300.0,432000.0,665200.0,3.465,4.115,3.944,3.928,-1364900.0,-1316800.0,-2297000.0,-743200.0,-1669700.0,3.943,3.944,3.945,3.946,3.947,600000.0,1283800.0,1078700.0,311200.0,1004500.0,4.115,3.85,0.09399999999999986,0.0009999999999998899,1590273310.282,400430346.0,4.235,517900.0,1283800.0,1078700.0,311200.0,1004500.0,0.0008709677419349582,100054.83870965242,1508282.7000000477,-0.0009999999999998899,-847000.0,-33000.0,-1218300.0,-432000.0,-665200.0,0.0019999999999997797,0.0009999999999998899,3.944,5.0,3.0,15.554120193548389,4.965346097264315e+18,14.0,17.0,3.946,0.0019999999999997797,160650.0,-0.00018668878208294437,3.941,3.942,1117.0,3.943,0.0005073566717402902,0.0010147133434804676,10101068.373171441,159919,4278200.0,3195500.0,1082700.0,7473700.0,0.14756747438489326,0.14651304581766006,382500.0,1082700.0,3.943222745098164,3.9421706979958535,3.944961759618531,3.9389889219214527
20230828.0,2.0230828111758224e+16,3.939,3.938,3.937,3.936,3.935,8400.0,1450900.0,431700.0,694400.0,646300.0,3.465,4.115,3.94,3.928,-15900.0,-1521200.0,-1698600.0,-2084000.0,-1896300.0,3.94,3.941,3.942,3.943,3.944,7500.0,70300.0,1266900.0,1389600.0,1250000.0,4.115,3.85,0.08999999999999986,-0.0040000000000000036,1594244279.882,401437946.0,4.235,7500.0,70300.0,1266900.0,1389600.0,1250000.0,0.0006086956521746956,52334.78260868788,3970969.5999999046,-0.0009999999999998899,-8400.0,-1450900.0,-431700.0,-694400.0,-646300.0,0.0019999999999997797,0.0009999999999998899,3.94,1.0,4.0,15.536279956521739,3.6945540711538166e+18,11.0,12.0,3.944,0.001000000000000334,259000.0,-0.0006705143670417968,3.94,3.9395,1118.0,3.944,0.00025383931971059524,0.0007615179591317857,-40676003.39021117,159919,3984300.0,3231700.0,752600.0,7216000.0,0.13753340383608176,0.13174349273871006,1007600.0,752600.0,3.9410178642317435,3.9395283018867926,3.942954822679016,3.9368393105795714
20230828.0,2.023082811185831e+16,3.941,3.94,3.939,3.938,3.937,143800.0,700.0,205900.0,986700.0,833500.0,3.465,4.115,3.941,3.928,1558000.0,1183000.0,1455900.0,1730700.0,1800200.0,3.942,3.943,3.944,3.945,3.946,1414200.0,1182300.0,1250000.0,744000.0,966700.0,4.115,3.85,0.09099999999999975,0.0009999999999998899,1596213366.182,401937546.0,4.235,-1414200.0,-1182300.0,-1250000.0,-744000.0,-966700.0,0.0005135135135141411,58686.48648649454,1969086.2999999523,-0.0009999999999998899,143800.0,700.0,205900.0,986700.0,833500.0,0.0019999999999997797,0.0009999999999998899,3.941,4.0,3.0,15.535316135135135,5.97427255055249e+18,20.0,17.0,3.942,0.001000000000000334,109700.0,0.0003969220270583218,3.939,3.9415,1119.0,3.939,0.0002537105163009854,0.0007611315489027308,20366864.161306016,159919,5557200.0,2170600.0,3386600.0,7727800.0,0.1302572650338726,0.13625761307642695,499600.0,3386600.0,3.941325660528327,3.9410922978177148,3.943760077017203,3.937910255228969
20230828.0,2.0230828111958292e+16,3.932,3.931,3.93,3.929,3.928,565200.0,1761200.0,1018800.0,355800.0,486000.0,3.465,4.115,3.934,3.928,-749000.0,-2961200.0,-1851800.0,-1865000.0,-1005100.0,3.934,3.935,3.936,3.937,3.938,183800.0,1200000.0,833000.0,1509200.0,519100.0,4.115,3.85,0.08400000000000007,-0.006999999999999673,1606175238.382,404467646.0,4.235,183800.0,1200000.0,833000.0,1509200.0,519100.0,0.0026470588235292247,539973.5294117928,9961872.200000048,-0.0009999999999998899,-565200.0,-1761200.0,-1018800.0,-355800.0,-486000.0,0.0019999999999997797,0.0009999999999998899,3.934,2.0,9.0,15.497197411764706,5.534414583332855e+18,17.0,17.0,3.941,0.004999999999999893,1020725.0,-0.00192596104550935,3.932,3.933,1120.0,3.941,0.0005085176709891239,0.0010170353419781347,-71717859.08641371,159919,4245100.0,4187000.0,58100.0,8432100.0,0.14522399416524714,0.16463750627248963,2530100.0,58100.0,3.937343267064562,3.9335092122830444,3.9362308072836916,3.9303734893718656
20230828.0,2.0230828112058324e+16,3.937,3.936,3.935,3.934,3.933,6900.0,33500.0,1375400.0,1503000.0,894200.0,3.465,4.115,3.939,3.928,2010800.0,1163500.0,2699000.0,1585100.0,1467900.0,3.94,3.941,3.942,3.943,3.944,2003900.0,1130000.0,1323600.0,82100.0,573700.0,4.115,3.85,0.08899999999999997,0.004999999999999893,1609987372.282,405435946.0,4.235,-2003900.0,-1130000.0,-1323600.0,-82100.0,-573700.0,0.0013142857142853792,146422.85714286566,3812133.9000000954,-0.0009999999999998899,6900.0,33500.0,1375400.0,1503000.0,894200.0,0.0019999999999997797,0.0009999999999998899,3.939,7.0,3.0,15.502446742857144,5.741591881620144e+18,20.0,15.0,3.939,0.002500000000000391,240750.0,0.0008896699525595686,3.932,3.9385,1121.0,3.934,0.0007617113114130033,0.0012695188523549304,51401549.40027515,159919,5113300.0,3813000.0,1300300.0,8926300.0,0.16534236300790228,0.17076568660596333,968300.0,1300300.0,3.9369347309719047,3.937010294410185,3.941235659945632,3.9341492001049043
20230828.0,2.0230828112158276e+16,3.939,3.938,3.937,3.936,3.935,50000.0,57600.0,306600.0,1054400.0,680900.0,3.465,4.115,3.94,3.928,2044900.0,-780500.0,929000.0,1025500.0,-99000.0,3.94,3.941,3.942,3.943,3.944,9000.0,1968100.0,701200.0,111000.0,1353600.0,4.115,3.85,0.08999999999999986,0.0009999999999998899,1611122465.882,405724046.0,4.235,-1994900.0,838100.0,-622400.0,28900.0,779900.0,0.0009555555555555983,51744.44444441795,1135093.5999999046,-0.0009999999999998899,50000.0,57600.0,306600.0,1054400.0,680900.0,0.0019999999999997797,0.0009999999999998899,3.94,4.0,3.0,15.523951066666667,7.404380393039153e+18,18.0,27.0,3.941,0.0019999999999997797,72500.0,0.0007203794784524931,3.938,3.9395,1122.0,3.94,0.00025383931971059524,0.0007615179591317857,-18252.691463960335,159919,4142900.0,2149500.0,1993400.0,6292400.0,0.16050911363315265,0.1721326779717602,288100.0,1993400.0,3.939929191252706,3.9398474576271187,3.942200849646383,3.935949244010235
20230828.0,2.0230828112258256e+16,3.938,3.937,3.936,3.935,3.934,53800.0,1300100.0,904200.0,625200.0,404900.0,3.465,4.115,3.94,3.928,-698400.0,-890500.0,-1593300.0,-1077000.0,-245200.0,3.94,3.941,3.942,3.943,3.944,653600.0,1558500.0,1390300.0,562800.0,1193900.0,4.115,3.85,0.08999999999999986,0.0,1614051619.682,406467546.0,4.235,644600.0,-409600.0,689100.0,451800.0,-159700.0,0.0001627906976739979,145611.62790697813,2929153.7999999523,-0.0009999999999998899,-53800.0,-1300100.0,-904200.0,-625200.0,-404900.0,0.002000000000000224,0.001000000000000334,3.94,2.0,1.0,15.517003906976745,7.089296815836521e+18,13.0,30.0,3.94,0.0009999999999998899,163800.0,-0.0004304014832074987,3.938,3.939,1123.0,3.939,0.0005077430820004518,0.0010154861640010164,10303544.368248597,159919,5359100.0,3288200.0,2070900.0,8647300.0,0.1760791884034251,0.16274289958478252,743500.0,2070900.0,3.9396823133825856,3.9381521063047784,3.942015842212312,3.935991697585305
20230828.0,2.0230828112358244e+16,3.936,3.935,3.934,3.933,3.932,33500.0,1337400.0,890800.0,604700.0,182600.0,3.465,4.115,3.937,3.928,-39800.0,-3342900.0,-2923000.0,-1339200.0,-958200.0,3.938,3.939,3.94,3.941,3.942,6300.0,2005500.0,2032200.0,734500.0,775600.0,4.115,3.85,0.08699999999999974,-0.0030000000000001137,1616973194.082,407209346.0,4.235,6300.0,2005500.0,2032200.0,734500.0,775600.0,0.0008444444444442034,243720.0,2921574.4000000954,-0.0009999999999998899,-33500.0,-1337400.0,-890800.0,-604700.0,-182600.0,0.0019999999999997797,0.0009999999999998899,3.937,2.0,2.0,15.516947688888889,7.445857998083064e+18,27.0,18.0,3.94,0.0019999999999997797,610900.0,-0.00011901955507132023,3.937,3.9370000000000003,1124.0,3.938,0.0005080010160020889,0.0010160020320040648,-10384915.613794716,159919,5554100.0,3049000.0,2505100.0,8603100.0,0.16816175013430598,0.15527431850856993,741800.0,2505100.0,3.9384933944460707,3.937683417085427,3.9400481806233234,3.9341425057395867
20230828.0,2.02308281124582e+16,3.935,3.934,3.933,3.932,3.931,603200.0,451300.0,1221100.0,282800.0,572200.0,3.465,4.115,3.937,3.928,-1482400.0,-949800.0,-3442300.0,-1938600.0,-984600.0,3.937,3.938,3.939,3.94,3.941,879200.0,498500.0,2221200.0,1655800.0,412400.0,4.115,3.85,0.08699999999999974,0.0,1619951592.882,407966046.0,4.235,879200.0,498500.0,2221200.0,1655800.0,412400.0,0.00018421052631545365,303671.052631557,2978398.7999999523,-0.001000000000000334,-603200.0,-451300.0,-1221100.0,-282800.0,-572200.0,0.002000000000000224,0.0009999999999998899,3.937,3.0,3.0,15.493546447368422,6.314866615341952e+18,10.0,28.0,3.937,0.0007500000000000284,605025.0,-0.00047491010180666926,3.935,3.936,1125.0,3.937,0.000508130081300757,0.001016260162601627,15300.990885498002,159919,5667100.0,3130600.0,2536500.0,8797700.0,0.17426676448382564,0.14441473065469115,756700.0,2536500.0,3.9360364741640708,3.935813815434431,3.93903947345203,3.9330736280585192
20230828.0,2.0230828112558244e+16,3.935,3.934,3.933,3.932,3.931,758700.0,16700.0,1719800.0,402800.0,494000.0,3.465,4.115,3.935,3.928,103800.0,-449600.0,-1531100.0,-871200.0,-2569800.0,3.936,3.937,3.938,3.939,3.94,51700.0,15000.0,2029800.0,991200.0,2491600.0,4.115,3.85,0.08499999999999996,-0.0019999999999997797,1620242896.582,408040046.0,4.235,51700.0,15000.0,2029800.0,991200.0,2491600.0,0.0005833333333336022,16693.75,291303.7000000477,-0.0009999999999998899,155500.0,-434600.0,498700.0,120000.0,-78200.0,0.0019999999999997797,0.0009999999999998899,3.935,0.0,2.0,15.495376541666666,7.99030148915537e+18,23.0,25.0,3.937,0.0009999999999998899,45000.0,3.109573063331261e-05,3.935,3.9355,1126.0,3.937,0.00025409731927325367,0.000762291957819761,-20735571.317481525,159919,5579300.0,3392000.0,2187300.0,8971300.0,0.1512099565210545,0.1177584256158384,74000.0,2187300.0,3.936536486487131,3.9359362043435344,3.9390495940350942,3.9330422464622643
20230828.0,2.0230828112658184e+16,3.936,3.935,3.934,3.933,3.932,1001900.0,460900.0,434500.0,1311000.0,182800.0,3.465,4.115,3.936,3.928,1005900.0,2339700.0,1418100.0,3796500.0,355100.0,3.937,3.938,3.939,3.94,3.941,4000.0,1878800.0,983600.0,2485500.0,172300.0,4.115,3.85,0.08599999999999985,0.0009999999999998899,1624375568.682,409089946.0,4.235,-4000.0,-1878800.0,-983600.0,-2485500.0,-172300.0,0.0002909090909084533,158956.36363637447,4132672.0999999046,-0.001000000000000334,1001900.0,460900.0,434500.0,1311000.0,182800.0,0.002000000000000224,0.0009999999999998899,3.936,3.0,2.0,15.4943864,9.173558929011912e+18,18.0,37.0,3.937,0.0009999999999998899,106600.0,0.0002692311057119756,3.935,3.9364999999999997,1127.0,3.935,0.00025403277022733136,0.0007620983106821069,10360753.90467588,159919,5524200.0,3391100.0,2133100.0,8915300.0,0.13388451213250163,0.09712762015982711,1049900.0,2133100.0,3.9362530717210253,3.9369960234615764,3.9391707577567794,3.934232402465277
20230828.0,2.0230828112758136e+16,3.935,3.934,3.933,3.932,3.931,1063500.0,465500.0,1380800.0,587700.0,470500.0,3.465,4.115,3.936,3.928,-346100.0,588100.0,30000.0,763400.0,372900.0,3.938,3.939,3.94,3.941,3.942,717400.0,1053600.0,1410800.0,1351100.0,843400.0,4.115,3.85,0.08599999999999985,0.0,1629375710.382,410359746.0,4.235,-717400.0,-1053600.0,-1410800.0,-1351100.0,-843400.0,0.0003333333333332966,190297.91666668653,5000141.700000048,-0.0009999999999998899,-1063500.0,-465500.0,-1380800.0,-587700.0,-470500.0,0.0019999999999997797,0.0009999999999998899,3.936,3.0,3.0,15.505219125000004,8.074650319235275e+18,35.0,13.0,3.938,0.001000000000000334,153300.0,-5.1947947550479157e-05,3.936,3.9365,1128.0,3.937,0.0007620983106821069,0.0012701638511367695,-10450281.625224542,159919,5376300.0,3968000.0,1408300.0,9344300.0,0.11523487983483804,0.08449512046686053,1269800.0,1408300.0,3.9377395652859093,3.9367915099107194,3.940102207838104,3.933268094758064
20230828.0,2.023082811285821e+16,3.936,3.935,3.934,3.933,3.932,1033200.0,477600.0,887800.0,448300.0,262200.0,3.465,4.115,3.935,3.928,1607100.0,221400.0,319600.0,804500.0,475900.0,3.938,3.939,3.94,3.941,3.942,143500.0,1309800.0,1979000.0,994900.0,629700.0,4.115,3.85,0.08499999999999996,-0.0009999999999998899,1632571742.582,411171646.0,4.235,-573900.0,256200.0,568200.0,-356200.0,-213700.0,0.0008913043478258054,12104.347826063633,3196032.2000000477,-0.0009999999999998899,1033200.0,477600.0,887800.0,448300.0,262200.0,0.0019999999999997797,0.0009999999999998899,3.935,1.0,1.0,15.491242152173914,7.776399844241302e+18,15.0,31.0,3.938,0.0030000000000001137,10000.0,0.0002449887163462616,3.935,3.9370000000000003,1129.0,3.936,0.0005080010160020889,0.0010160020320040648,-10465567.902384173,159919,5056900.0,3109100.0,1947800.0,8166000.0,0.10946671385123731,0.08931693600169174,811900.0,1947800.0,3.936485035102904,3.937756097560975,3.9401300203682097,3.9345053874111477
