TradeDate,OrigTime,BidPx1,BidPx2,BidPx3,BidPx4,BidPx5,BidSize1,BidSize2,BidSize3,BidSize4,BidSize5,DownLimitPx,HighPx,LastPx,LowPx,OFI1,OFI2,OFI3,OFI4,OFI5,OfferPx1,OfferPx2,OfferPx3,OfferPx4,OfferPx5,OfferSize1,OfferSize2,OfferSize3,OfferSize4,OfferSize5,OpenPx,PreClosePx,PxChange1,PxChange2,TotalValueTrade,TotalVolumeTrade,UpLimitPx,aOF1,aOF2,aOF3,aOF4,aOF5,abs_diff,abs_diff_v,amount,ask_spread,bOF1,bOF2,bOF3,bOF4,bOF5,bid_ask_spread,bid_spread,close,df_max,df_min,energy,energy_v,f_max,f_min,high,iqr_p,iqr_p_v,log_return,low,mid,minute,open,price_spread,price_spread2,tendency,ticker,total_ask_qty,total_bid_qty,total_qty_diff,total_volume,volatility,volatility_QMLE,volume,volume_imbalance,vwap,wap1,weighted_ask_prc,weighted_bid_prc
0.0,0.0,0.0,0.0,0.0,0.0,0.0,0.0,0.0,0.0,0.0,0.0,0.0,0.0,0.0,0.0,0.0,0.0,0.0,0.0,0.0,0.0,0.0,0.0,0.0,0.0,0.0,0.0,0.0,0.0,0.0,0.0,0.0,0.0,0.0,0.0,0.0,0.0,0.0,0.0,0.0,0.0,0.0,0.0,0.0,0.0,0.0,0.0,0.0,0.0,0.0,0.0,0.0,0.0,0.0,0.0,0.0,0.0,0.0,0.0,0.0,0.0,0.0,0.0,0.0,0.0,0.0,0.0,0.0,0.0,0.0,0.0,0.0,0.0,0.0,0.0,0.0,0.0,0.0,0.0,0.0,0.0,0.0,0.0,0.0
0.0,0.0,0.0,0.0,0.0,0.0,0.0,0.0,0.0,0.0,0.0,0.0,0.0,0.0,0.0,0.0,0.0,0.0,0.0,0.0,0.0,0.0,0.0,0.0,0.0,0.0,0.0,0.0,0.0,0.0,0.0,0.0,0.0,0.0,0.0,0.0,0.0,0.0,0.0,0.0,0.0,0.0,0.0,0.0,0.0,0.0,0.0,0.0,0.0,0.0,0.0,0.0,0.0,0.0,0.0,0.0,0.0,0.0,0.0,0.0,0.0,0.0,0.0,0.0,0.0,0.0,0.0,0.0,0.0,0.0,0.0,0.0,0.0,0.0,0.0,0.0,0.0,0.0,0.0,0.0,0.0,0.0,0.0,0.0,0.0
0.0,0.0,0.0,0.0,0.0,0.0,0.0,0.0,0.0,0.0,0.0,0.0,0.0,0.0,0.0,0.0,0.0,0.0,0.0,0.0,0.0,0.0,0.0,0.0,0.0,0.0,0.0,0.0,0.0,0.0,0.0,0.0,0.0,0.0,0.0,0.0,0.0,0.0,0.0,0.0,0.0,0.0,0.0,0.0,0.0,0.0,0.0,0.0,0.0,0.0,0.0,0.0,0.0,0.0,0.0,0.0,0.0,0.0,0.0,0.0,0.0,0.0,0.0,0.0,0.0,0.0,0.0,0.0,0.0,0.0,0.0,0.0,0.0,0.0,0.0,0.0,0.0,0.0,0.0,0.0,0.0,0.0,0.0,0.0,0.0
0.0,0.0,0.0,0.0,0.0,0.0,0.0,0.0,0.0,0.0,0.0,0.0,0.0,0.0,0.0,0.0,0.0,0.0,0.0,0.0,0.0,0.0,0.0,0.0,0.0,0.0,0.0,0.0,0.0,0.0,0.0,0.0,0.0,0.0,0.0,0.0,0.0,0.0,0.0,0.0,0.0,0.0,0.0,0.0,0.0,0.0,0.0,0.0,0.0,0.0,0.0,0.0,0.0,0.0,0.0,0.0,0.0,0.0,0.0,0.0,0.0,0.0,0.0,0.0,0.0,0.0,0.0,0.0,0.0,0.0,0.0,0.0,0.0,0.0,0.0,0.0,0.0,0.0,0.0,0.0,0.0,0.0,0.0,0.0,0.0
0.0,0.0,0.0,0.0,0.0,0.0,0.0,0.0,0.0,0.0,0.0,0.0,0.0,0.0,0.0,0.0,0.0,0.0,0.0,0.0,0.0,0.0,0.0,0.0,0.0,0.0,0.0,0.0,0.0,0.0,0.0,0.0,0.0,0.0,0.0,0.0,0.0,0.0,0.0,0.0,0.0,0.0,0.0,0.0,0.0,0.0,0.0,0.0,0.0,0.0,0.0,0.0,0.0,0.0,0.0,0.0,0.0,0.0,0.0,0.0,0.0,0.0,0.0,0.0,0.0,0.0,0.0,0.0,0.0,0.0,0.0,0.0,0.0,0.0,0.0,0.0,0.0,0.0,0.0,0.0,0.0,0.0,0.0,0.0,0.0
0.0,0.0,0.0,0.0,0.0,0.0,0.0,0.0,0.0,0.0,0.0,0.0,0.0,0.0,0.0,0.0,0.0,0.0,0.0,0.0,0.0,0.0,0.0,0.0,0.0,0.0,0.0,0.0,0.0,0.0,0.0,0.0,0.0,0.0,0.0,0.0,0.0,0.0,0.0,0.0,0.0,0.0,0.0,0.0,0.0,0.0,0.0,0.0,0.0,0.0,0.0,0.0,0.0,0.0,0.0,0.0,0.0,0.0,0.0,0.0,0.0,0.0,0.0,0.0,0.0,0.0,0.0,0.0,0.0,0.0,0.0,0.0,0.0,0.0,0.0,0.0,0.0,0.0,0.0,0.0,0.0,0.0,0.0,0.0,0.0
0.0,0.0,0.0,0.0,0.0,0.0,0.0,0.0,0.0,0.0,0.0,0.0,0.0,0.0,0.0,0.0,0.0,0.0,0.0,0.0,0.0,0.0,0.0,0.0,0.0,0.0,0.0,0.0,0.0,0.0,0.0,0.0,0.0,0.0,0.0,0.0,0.0,0.0,0.0,0.0,0.0,0.0,0.0,0.0,0.0,0.0,0.0,0.0,0.0,0.0,0.0,0.0,0.0,0.0,0.0,0.0,0.0,0.0,0.0,0.0,0.0,0.0,0.0,0.0,0.0,0.0,0.0,0.0,0.0,0.0,0.0,0.0,0.0,0.0,0.0,0.0,0.0,0.0,0.0,0.0,0.0,0.0,0.0,0.0,0.0
0.0,0.0,0.0,0.0,0.0,0.0,0.0,0.0,0.0,0.0,0.0,0.0,0.0,0.0,0.0,0.0,0.0,0.0,0.0,0.0,0.0,0.0,0.0,0.0,0.0,0.0,0.0,0.0,0.0,0.0,0.0,0.0,0.0,0.0,0.0,0.0,0.0,0.0,0.0,0.0,0.0,0.0,0.0,0.0,0.0,0.0,0.0,0.0,0.0,0.0,0.0,0.0,0.0,0.0,0.0,0.0,0.0,0.0,0.0,0.0,0.0,0.0,0.0,0.0,0.0,0.0,0.0,0.0,0.0,0.0,0.0,0.0,0.0,0.0,0.0,0.0,0.0,0.0,0.0,0.0,0.0,0.0,0.0,0.0,0.0
0.0,0.0,0.0,0.0,0.0,0.0,0.0,0.0,0.0,0.0,0.0,0.0,0.0,0.0,0.0,0.0,0.0,0.0,0.0,0.0,0.0,0.0,0.0,0.0,0.0,0.0,0.0,0.0,0.0,0.0,0.0,0.0,0.0,0.0,0.0,0.0,0.0,0.0,0.0,0.0,0.0,0.0,0.0,0.0,0.0,0.0,0.0,0.0,0.0,0.0,0.0,0.0,0.0,0.0,0.0,0.0,0.0,0.0,0.0,0.0,0.0,0.0,0.0,0.0,0.0,0.0,0.0,0.0,0.0,0.0,0.0,0.0,0.0,0.0,0.0,0.0,0.0,0.0,0.0,0.0,0.0,0.0,0.0,0.0,0.0
0.0,0.0,0.0,0.0,0.0,0.0,0.0,0.0,0.0,0.0,0.0,0.0,0.0,0.0,0.0,0.0,0.0,0.0,0.0,0.0,0.0,0.0,0.0,0.0,0.0,0.0,0.0,0.0,0.0,0.0,0.0,0.0,0.0,0.0,0.0,0.0,0.0,0.0,0.0,0.0,0.0,0.0,0.0,0.0,0.0,0.0,0.0,0.0,0.0,0.0,0.0,0.0,0.0,0.0,0.0,0.0,0.0,0.0,0.0,0.0,0.0,0.0,0.0,0.0,0.0,0.0,0.0,0.0,0.0,0.0,0.0,0.0,0.0,0.0,0.0,0.0,0.0,0.0,0.0,0.0,0.0,0.0,0.0,0.0,0.0
0.0,0.0,0.0,0.0,0.0,0.0,0.0,0.0,0.0,0.0,0.0,0.0,0.0,0.0,0.0,0.0,0.0,0.0,0.0,0.0,0.0,0.0,0.0,0.0,0.0,0.0,0.0,0.0,0.0,0.0,0.0,0.0,0.0,0.0,0.0,0.0,0.0,0.0,0.0,0.0,0.0,0.0,0.0,0.0,0.0,0.0,0.0,0.0,0.0,0.0,0.0,0.0,0.0,0.0,0.0,0.0,0.0,0.0,0.0,0.0,0.0,0.0,0.0,0.0,0.0,0.0,0.0,0.0,0.0,0.0,0.0,0.0,0.0,0.0,0.0,0.0,0.0,0.0,0.0,0.0,0.0,0.0,0.0,0.0,0.0
0.0,0.0,0.0,0.0,0.0,0.0,0.0,0.0,0.0,0.0,0.0,0.0,0.0,0.0,0.0,0.0,0.0,0.0,0.0,0.0,0.0,0.0,0.0,0.0,0.0,0.0,0.0,0.0,0.0,0.0,0.0,0.0,0.0,0.0,0.0,0.0,0.0,0.0,0.0,0.0,0.0,0.0,0.0,0.0,0.0,0.0,0.0,0.0,0.0,0.0,0.0,0.0,0.0,0.0,0.0,0.0,0.0,0.0,0.0,0.0,0.0,0.0,0.0,0.0,0.0,0.0,0.0,0.0,0.0,0.0,0.0,0.0,0.0,0.0,0.0,0.0,0.0,0.0,0.0,0.0,0.0,0.0,0.0,0.0,0.0
0.0,0.0,0.0,0.0,0.0,0.0,0.0,0.0,0.0,0.0,0.0,0.0,0.0,0.0,0.0,0.0,0.0,0.0,0.0,0.0,0.0,0.0,0.0,0.0,0.0,0.0,0.0,0.0,0.0,0.0,0.0,0.0,0.0,0.0,0.0,0.0,0.0,0.0,0.0,0.0,0.0,0.0,0.0,0.0,0.0,0.0,0.0,0.0,0.0,0.0,0.0,0.0,0.0,0.0,0.0,0.0,0.0,0.0,0.0,0.0,0.0,0.0,0.0,0.0,0.0,0.0,0.0,0.0,0.0,0.0,0.0,0.0,0.0,0.0,0.0,0.0,0.0,0.0,0.0,0.0,0.0,0.0,0.0,0.0,0.0
0.0,0.0,0.0,0.0,0.0,0.0,0.0,0.0,0.0,0.0,0.0,0.0,0.0,0.0,0.0,0.0,0.0,0.0,0.0,0.0,0.0,0.0,0.0,0.0,0.0,0.0,0.0,0.0,0.0,0.0,0.0,0.0,0.0,0.0,0.0,0.0,0.0,0.0,0.0,0.0,0.0,0.0,0.0,0.0,0.0,0.0,0.0,0.0,0.0,0.0,0.0,0.0,0.0,0.0,0.0,0.0,0.0,0.0,0.0,0.0,0.0,0.0,0.0,0.0,0.0,0.0,0.0,0.0,0.0,0.0,0.0,0.0,0.0,0.0,0.0,0.0,0.0,0.0,0.0,0.0,0.0,0.0,0.0,0.0,0.0
0.0,0.0,0.0,0.0,0.0,0.0,0.0,0.0,0.0,0.0,0.0,0.0,0.0,0.0,0.0,0.0,0.0,0.0,0.0,0.0,0.0,0.0,0.0,0.0,0.0,0.0,0.0,0.0,0.0,0.0,0.0,0.0,0.0,0.0,0.0,0.0,0.0,0.0,0.0,0.0,0.0,0.0,0.0,0.0,0.0,0.0,0.0,0.0,0.0,0.0,0.0,0.0,0.0,0.0,0.0,0.0,0.0,0.0,0.0,0.0,0.0,0.0,0.0,0.0,0.0,0.0,0.0,0.0,0.0,0.0,0.0,0.0,0.0,0.0,0.0,0.0,0.0,0.0,0.0,0.0,0.0,0.0,0.0,0.0,0.0
0.0,0.0,0.0,0.0,0.0,0.0,0.0,0.0,0.0,0.0,0.0,0.0,0.0,0.0,0.0,0.0,0.0,0.0,0.0,0.0,0.0,0.0,0.0,0.0,0.0,0.0,0.0,0.0,0.0,0.0,0.0,0.0,0.0,0.0,0.0,0.0,0.0,0.0,0.0,0.0,0.0,0.0,0.0,0.0,0.0,0.0,0.0,0.0,0.0,0.0,0.0,0.0,0.0,0.0,0.0,0.0,0.0,0.0,0.0,0.0,0.0,0.0,0.0,0.0,0.0,0.0,0.0,0.0,0.0,0.0,0.0,0.0,0.0,0.0,0.0,0.0,0.0,0.0,0.0,0.0,0.0,0.0,0.0,0.0,0.0
0.0,0.0,0.0,0.0,0.0,0.0,0.0,0.0,0.0,0.0,0.0,0.0,0.0,0.0,0.0,0.0,0.0,0.0,0.0,0.0,0.0,0.0,0.0,0.0,0.0,0.0,0.0,0.0,0.0,0.0,0.0,0.0,0.0,0.0,0.0,0.0,0.0,0.0,0.0,0.0,0.0,0.0,0.0,0.0,0.0,0.0,0.0,0.0,0.0,0.0,0.0,0.0,0.0,0.0,0.0,0.0,0.0,0.0,0.0,0.0,0.0,0.0,0.0,0.0,0.0,0.0,0.0,0.0,0.0,0.0,0.0,0.0,0.0,0.0,0.0,0.0,0.0,0.0,0.0,0.0,0.0,0.0,0.0,0.0,0.0
0.0,0.0,0.0,0.0,0.0,0.0,0.0,0.0,0.0,0.0,0.0,0.0,0.0,0.0,0.0,0.0,0.0,0.0,0.0,0.0,0.0,0.0,0.0,0.0,0.0,0.0,0.0,0.0,0.0,0.0,0.0,0.0,0.0,0.0,0.0,0.0,0.0,0.0,0.0,0.0,0.0,0.0,0.0,0.0,0.0,0.0,0.0,0.0,0.0,0.0,0.0,0.0,0.0,0.0,0.0,0.0,0.0,0.0,0.0,0.0,0.0,0.0,0.0,0.0,0.0,0.0,0.0,0.0,0.0,0.0,0.0,0.0,0.0,0.0,0.0,0.0,0.0,0.0,0.0,0.0,0.0,0.0,0.0,0.0,0.0
0.0,0.0,0.0,0.0,0.0,0.0,0.0,0.0,0.0,0.0,0.0,0.0,0.0,0.0,0.0,0.0,0.0,0.0,0.0,0.0,0.0,0.0,0.0,0.0,0.0,0.0,0.0,0.0,0.0,0.0,0.0,0.0,0.0,0.0,0.0,0.0,0.0,0.0,0.0,0.0,0.0,0.0,0.0,0.0,0.0,0.0,0.0,0.0,0.0,0.0,0.0,0.0,0.0,0.0,0.0,0.0,0.0,0.0,0.0,0.0,0.0,0.0,0.0,0.0,0.0,0.0,0.0,0.0,0.0,0.0,0.0,0.0,0.0,0.0,0.0,0.0,0.0,0.0,0.0,0.0,0.0,0.0,0.0,0.0,0.0
0.0,0.0,0.0,0.0,0.0,0.0,0.0,0.0,0.0,0.0,0.0,0.0,0.0,0.0,0.0,0.0,0.0,0.0,0.0,0.0,0.0,0.0,0.0,0.0,0.0,0.0,0.0,0.0,0.0,0.0,0.0,0.0,0.0,0.0,0.0,0.0,0.0,0.0,0.0,0.0,0.0,0.0,0.0,0.0,0.0,0.0,0.0,0.0,0.0,0.0,0.0,0.0,0.0,0.0,0.0,0.0,0.0,0.0,0.0,0.0,0.0,0.0,0.0,0.0,0.0,0.0,0.0,0.0,0.0,0.0,0.0,0.0,0.0,0.0,0.0,0.0,0.0,0.0,0.0,0.0,0.0,0.0,0.0,0.0,0.0
0.0,0.0,0.0,0.0,0.0,0.0,0.0,0.0,0.0,0.0,0.0,0.0,0.0,0.0,0.0,0.0,0.0,0.0,0.0,0.0,0.0,0.0,0.0,0.0,0.0,0.0,0.0,0.0,0.0,0.0,0.0,0.0,0.0,0.0,0.0,0.0,0.0,0.0,0.0,0.0,0.0,0.0,0.0,0.0,0.0,0.0,0.0,0.0,0.0,0.0,0.0,0.0,0.0,0.0,0.0,0.0,0.0,0.0,0.0,0.0,0.0,0.0,0.0,0.0,0.0,0.0,0.0,0.0,0.0,0.0,0.0,0.0,0.0,0.0,0.0,0.0,0.0,0.0,0.0,0.0,0.0,0.0,0.0,0.0,0.0
0.0,0.0,0.0,0.0,0.0,0.0,0.0,0.0,0.0,0.0,0.0,0.0,0.0,0.0,0.0,0.0,0.0,0.0,0.0,0.0,0.0,0.0,0.0,0.0,0.0,0.0,0.0,0.0,0.0,0.0,0.0,0.0,0.0,0.0,0.0,0.0,0.0,0.0,0.0,0.0,0.0,0.0,0.0,0.0,0.0,0.0,0.0,0.0,0.0,0.0,0.0,0.0,0.0,0.0,0.0,0.0,0.0,0.0,0.0,0.0,0.0,0.0,0.0,0.0,0.0,0.0,0.0,0.0,0.0,0.0,0.0,0.0,0.0,0.0,0.0,0.0,0.0,0.0,0.0,0.0,0.0,0.0,0.0,0.0,0.0
0.0,0.0,0.0,0.0,0.0,0.0,0.0,0.0,0.0,0.0,0.0,0.0,0.0,0.0,0.0,0.0,0.0,0.0,0.0,0.0,0.0,0.0,0.0,0.0,0.0,0.0,0.0,0.0,0.0,0.0,0.0,0.0,0.0,0.0,0.0,0.0,0.0,0.0,0.0,0.0,0.0,0.0,0.0,0.0,0.0,0.0,0.0,0.0,0.0,0.0,0.0,0.0,0.0,0.0,0.0,0.0,0.0,0.0,0.0,0.0,0.0,0.0,0.0,0.0,0.0,0.0,0.0,0.0,0.0,0.0,0.0,0.0,0.0,0.0,0.0,0.0,0.0,0.0,0.0,0.0,0.0,0.0,0.0,0.0,0.0
0.0,0.0,0.0,0.0,0.0,0.0,0.0,0.0,0.0,0.0,0.0,0.0,0.0,0.0,0.0,0.0,0.0,0.0,0.0,0.0,0.0,0.0,0.0,0.0,0.0,0.0,0.0,0.0,0.0,0.0,0.0,0.0,0.0,0.0,0.0,0.0,0.0,0.0,0.0,0.0,0.0,0.0,0.0,0.0,0.0,0.0,0.0,0.0,0.0,0.0,0.0,0.0,0.0,0.0,0.0,0.0,0.0,0.0,0.0,0.0,0.0,0.0,0.0,0.0,0.0,0.0,0.0,0.0,0.0,0.0,0.0,0.0,0.0,0.0,0.0,0.0,0.0,0.0,0.0,0.0,0.0,0.0,0.0,0.0,0.0
20230828.0,2.0230828095458784e+16,2.054,2.053,2.052,2.051,2.05,15300.0,535700.0,693300.0,3017900.0,2655700.0,1.593,2.136,2.054,2.048,-1166400.0,-2888800.0,-1764000.0,-3364000.0,-2960700.0,2.055,2.056,2.057,2.058,2.059,1151100.0,2353100.0,1070700.0,346100.0,305000.0,2.136,1.991,0.06299999999999972,0.0,1358492712.902,652009898.0,2.389,1151100.0,2353100.0,1070700.0,346100.0,305000.0,0.0,118100.0,1358492712.902,-0.0009999999999998899,-15300.0,-535700.0,-693300.0,-3017900.0,-2655700.0,0.0019999999999997797,0.0009999999999998899,2.054,0.0,0.0,4.218915999999999,8.499258604945656e+17,0.0,0.0,2.054,0.0,118100.0,0.00018645062599098594,2.054,2.0545,955.0,2.054,0.00048673643222211436,0.0014602092966659109,0.0,159915,5226000.0,6917900.0,-1691900.0,12143900.0,0.14442403387060726,0.1444240338706073,652009898.0,1691900.0,2.08354615024878,2.0540131172839504,2.056292154611558,2.050877838650457
20230828.0,2.0230828095558824e+16,2.049,2.048,2.047,2.046,2.045,312600.0,1510300.0,1288100.0,750000.0,1905400.0,1.593,2.136,2.051,2.048,-1353600.0,-4157600.0,-1823500.0,-1033200.0,-2276500.0,2.051,2.052,2.053,2.054,2.055,1041000.0,2647300.0,535400.0,283200.0,371100.0,2.136,1.991,0.06000000000000005,-0.0029999999999996696,1380085237.302,662528398.0,2.389,1041000.0,2647300.0,535400.0,283200.0,371100.0,0.0014500000000001734,2850580.0,21592524.400000095,-0.0009999999999998899,-312600.0,-1510300.0,-1288100.0,-750000.0,-1905400.0,0.0019999999999997797,0.0009999999999998899,2.051,3.0,7.0,4.217069449999999,8.628012305823999e+18,13.0,7.0,2.055,0.0030000000000001137,5973050.0,-0.0022182368461820534,2.051,2.05,956.0,2.055,0.0009756097560976703,0.001951219512195124,-128371460.52225457,159915,4878000.0,5766400.0,-888400.0,10644400.0,0.3307453932397865,0.32565384577167783,10518500.0,888400.0,2.0528140324190804,2.049461879432624,2.0522406929069295,2.0465794082963376
20230828.0,2.023082809565875e+16,2.051,2.05,2.049,2.048,2.047,13600.0,1065200.0,939300.0,1899300.0,1591700.0,1.593,2.136,2.051,2.048,2839500.0,2889800.0,1309200.0,2947500.0,2064500.0,2.052,2.053,2.054,2.055,2.056,2825900.0,1824600.0,369900.0,1048200.0,472800.0,2.136,1.991,0.06000000000000005,0.0,1397725537.302,671129198.0,2.389,-2825900.0,-1824600.0,-369900.0,-1048200.0,-472800.0,0.000500000000000167,2338600.0,17640300.0,-0.0009999999999998899,13600.0,1065200.0,939300.0,1899300.0,1591700.0,0.002000000000000224,0.001000000000000334,2.051,5.0,6.0,4.2053709,8.884155144894013e+18,12.0,8.0,2.052,0.001000000000000334,4610475.0,0.0007525534727470529,2.05,2.0515,957.0,2.051,0.00048744820862777963,0.0014623446258835555,26166.841485604644,159915,6541400.0,5509100.0,1032300.0,12050500.0,0.27103121848707806,0.24244699895510985,8600800.0,1032300.0,2.051006883080644,2.0510047895756296,2.0531618613752407,2.048275689314044
20230828.0,2.0230828095758816e+16,2.05,2.049,2.048,2.047,2.046,903000.0,1546300.0,1683200.0,811700.0,2007500.0,1.593,2.136,2.051,2.048,-2077400.0,-4426000.0,-3516200.0,-1684500.0,-2695500.0,2.051,2.052,2.053,2.054,2.055,1174400.0,2879700.0,1833000.0,872800.0,688000.0,2.136,1.991,0.06000000000000005,0.0,1411530547.302,677861098.0,2.389,1174400.0,2879700.0,1833000.0,872800.0,688000.0,0.00039999999999951186,1330145.0,13805010.0,-0.0009999999999998899,-903000.0,-1546300.0,-1683200.0,-811700.0,-2007500.0,0.0019999999999997797,0.0009999999999998899,2.051,3.0,3.0,4.2049608,9.094500827987207e+18,12.0,8.0,2.052,0.001000000000000334,2499850.0,-0.00027800562264823636,2.049,2.0505,958.0,2.051,0.00048768593026107484,0.0014630577907827913,41772.9593847692,159915,7447900.0,6951700.0,496200.0,14399600.0,0.24460858129802576,0.23093226503414582,6731900.0,496200.0,2.0506855419718057,2.050434677962838,2.0525999274963413,2.0477879079937282
20230828.0,2.0230828095858784e+16,2.055,2.054,2.053,2.052,2.051,1011400.0,763100.0,940900.0,793900.0,847200.0,1.593,2.136,2.055,2.048,4468100.0,1274700.0,1354700.0,1667200.0,1068800.0,2.057,2.058,2.059,2.06,2.061,3456700.0,511600.0,413800.0,873300.0,221600.0,2.136,1.991,0.06400000000000006,0.0040000000000000036,1429091547.902,686415198.0,2.389,-3456700.0,-511600.0,-413800.0,-873300.0,-221600.0,0.0014999999999998348,2430600.0,17561000.599999905,-0.0009999999999998899,1011400.0,763100.0,940900.0,793900.0,847200.0,0.002000000000000224,0.001000000000000334,2.055,7.0,3.0,4.213785650000001,9.304959628947694e+18,10.0,10.0,2.056,0.0029999999999996696,4716600.0,0.0024443168769300305,2.05,2.056,959.0,2.051,0.0009727626459142898,0.0019455252918287955,133033623.18742462,159915,5477000.0,4356500.0,1120500.0,9833500.0,0.22924397728649937,0.2345614424444702,8554100.0,1120500.0,2.0529337510667287,2.055452720395694,2.0578846996530946,2.0530683117181225
20230828.0,2.023082809595878e+16,2.05,2.049,2.048,2.047,2.046,230300.0,445600.0,1933800.0,1227900.0,1335100.0,1.593,2.136,2.05,2.048,-2139900.0,-1353100.0,-2202800.0,-1352300.0,-1362900.0,2.051,2.052,2.053,2.054,2.055,1909600.0,907500.0,269000.0,124400.0,27800.0,2.136,1.991,0.05899999999999972,-0.0050000000000003375,1451624222.302,697396198.0,2.389,1909600.0,907500.0,269000.0,124400.0,27800.0,0.0020000000000000018,2671350.0,22532674.400000095,-0.0009999999999998899,-230300.0,-445600.0,-1933800.0,-1227900.0,-1335100.0,0.0019999999999997797,0.0009999999999998899,2.05,4.0,9.0,4.209479,9.593832490742493e+18,9.0,11.0,2.056,0.0040000000000000036,5193725.0,-0.002603835344552219,2.048,2.0505,1000.0,2.056,0.00048768593026107484,0.0014630577907827913,-202061831.47737753,159915,3238300.0,5172700.0,-1934400.0,8411000.0,0.24589895265425613,0.27387348666203587,10981000.0,1934400.0,2.0519692559876237,2.050107621851488,2.0515959608436525,2.0474215980049104
20230828.0,2.02308281000588e+16,2.047,2.046,2.045,2.044,2.043,10400.0,691600.0,1332100.0,827500.0,282000.0,1.593,2.136,2.048,2.046,-165200.0,-2872500.0,-4536600.0,-1365200.0,-370700.0,2.048,2.049,2.05,2.051,2.052,154800.0,2180900.0,3204500.0,537700.0,88700.0,2.136,1.991,0.05699999999999994,-0.0019999999999997797,1468071561.402,705422598.0,2.389,154800.0,2180900.0,3204500.0,537700.0,88700.0,0.001200000000000312,2018800.0,16447339.099999905,-0.0009999999999998899,-10400.0,-691600.0,-1332100.0,-827500.0,-282000.0,0.002000000000000224,0.001000000000000334,2.048,5.0,6.0,4.1992224,9.857011207454851e+18,8.0,12.0,2.052,0.0019999999999997797,3786750.0,-0.001486229758029256,2.047,2.0475000000000003,1001.0,2.05,0.0004884004884004345,0.0014652014652015207,-68734801.64648262,159915,6166600.0,3143600.0,3023000.0,9310200.0,0.2665401345382581,0.29674709668908755,8026400.0,3023000.0,2.0491551754210984,2.0470629539951575,2.049712094184802,2.044783973788014
20230828.0,2.0230828100158788e+16,2.051,2.05,2.049,2.048,2.047,9700.0,851700.0,901800.0,1046700.0,837300.0,1.593,2.136,2.052,2.046,933700.0,2342000.0,1291100.0,1639400.0,1144700.0,2.052,2.053,2.054,2.055,2.056,924000.0,1490300.0,389300.0,592700.0,307400.0,2.136,1.991,0.06099999999999994,0.0040000000000000036,1482943958.902,712679298.0,2.389,-924000.0,-1490300.0,-389300.0,-592700.0,-307400.0,0.000500000000000167,1742185.0,14872397.5,-0.0009999999999998899,9700.0,851700.0,901800.0,1046700.0,837300.0,0.002000000000000224,0.001000000000000334,2.052,6.0,1.0,4.2004513,1.0074796559914197e+19,10.0,10.0,2.052,0.0009999999999998899,3537375.0,0.0019264838236729975,2.047,2.0515,1002.0,2.047,0.00048744820862777963,0.0014623446258835555,173024236.27899656,159915,3703700.0,3647200.0,56500.0,7350900.0,0.26943674447449123,0.30283766571067655,7256700.0,56500.0,2.049471178359309,2.0510103887758384,2.053424683424683,2.0484927067339327
20230828.0,2.023082810025877e+16,2.051,2.05,2.049,2.048,2.047,296000.0,1176300.0,650900.0,1114100.0,264000.0,1.593,2.136,2.052,2.046,1188400.0,240400.0,-2942400.0,-425600.0,-1773500.0,2.052,2.053,2.054,2.055,2.056,21900.0,1574500.0,3080800.0,1085700.0,1507600.0,2.136,1.991,0.06099999999999994,0.0,1493061260.502,717608998.0,2.389,-902100.0,84200.0,2691500.0,493000.0,1200200.0,0.0004999999999999449,966400.0,10117301.600000143,-0.0009999999999998899,286300.0,324600.0,-250900.0,67400.0,-573300.0,0.002000000000000224,0.001000000000000334,2.052,6.0,6.0,4.212551449999999,1.0241779825845514e+19,9.0,11.0,2.054,0.0009999999999998899,1823800.0,0.00044881051893042034,2.051,2.0515,1003.0,2.052,0.00048744820862777963,0.0014623446258835555,-236380.29035992175,159915,7270500.0,3501300.0,3769200.0,10771800.0,0.27792071154264225,0.30312626747891913,4929700.0,3769200.0,2.05231588129098,2.051931110412079,2.0543414620727596,2.049036043755177
20230828.0,2.023082810035881e+16,2.058,2.057,2.056,2.055,2.054,23100.0,922100.0,690800.0,816200.0,728500.0,1.593,2.136,2.059,2.046,176700.0,3640300.0,2139200.0,2502100.0,950300.0,2.059,2.06,2.061,2.062,2.063,153600.0,2718200.0,1448400.0,1685900.0,221800.0,2.136,1.991,0.06800000000000006,0.007000000000000117,1508289192.602,725016898.0,2.389,-153600.0,-2718200.0,-1448400.0,-1685900.0,-221800.0,0.0019499999999998963,2362050.0,15227932.099999905,-0.0009999999999998899,23100.0,922100.0,690800.0,816200.0,728500.0,0.0019999999999997797,0.0009999999999998899,2.059,7.0,1.0,4.22282535,1.0386489086949489e+19,10.0,10.0,2.059,0.004249999999999865,4667650.0,0.003016803435786475,2.052,2.0585,1004.0,2.052,0.00048579062424111436,0.0014573718727229116,245591550.27310282,159915,6227900.0,3180700.0,3047200.0,9408600.0,0.27024527999556724,0.302844780532638,7407900.0,3047200.0,2.0556341338300874,2.0581307300509337,2.0608561473369837,2.0555897443958875
20230828.0,2.02308281004588e+16,2.054,2.053,2.052,2.051,2.05,175100.0,748900.0,936500.0,1577600.0,1294400.0,1.593,2.136,2.054,2.046,-750000.0,-1926000.0,-1157400.0,-1671700.0,-1731100.0,2.055,2.056,2.057,2.058,2.059,574900.0,1177100.0,220900.0,94100.0,436700.0,2.136,1.991,0.06299999999999972,-0.0050000000000003375,1530202126.802,735680298.0,2.389,574900.0,1177100.0,220900.0,94100.0,436700.0,0.001000000000000112,1546100.0,21912934.200000048,-0.0009999999999998899,-175100.0,-748900.0,-936500.0,-1577600.0,-1294400.0,0.0019999999999997797,0.0009999999999998899,2.054,2.0,5.0,4.219945449999999,1.0701817188980103e+19,6.0,14.0,2.058,0.002000000000000224,3174775.0,-0.0018953888150862186,2.052,2.0545,1005.0,2.058,0.00048673643222211436,0.0014602092966659109,-141762791.2329077,159915,2503700.0,4732500.0,-2228800.0,7236200.0,0.2870681371250245,0.34441136230877517,10663400.0,2228800.0,2.054966914867683,2.0542334666666666,2.056457043575508,2.051351864764923
20230828.0,2.0230828100558796e+16,2.051,2.05,2.049,2.048,2.047,434700.0,1683300.0,1240700.0,1319100.0,856300.0,1.593,2.136,2.051,2.046,-711500.0,-2556000.0,-3940000.0,-2024300.0,-1092800.0,2.052,2.053,2.054,2.055,2.056,276800.0,872700.0,2699300.0,705200.0,236500.0,2.136,1.991,0.06000000000000005,-0.0029999999999996696,1544641942.202,742708998.0,2.389,276800.0,872700.0,2699300.0,705200.0,236500.0,0.000600000000000378,1510450.0,14439815.399999857,-0.0009999999999998899,-434700.0,-1683300.0,-1240700.0,-1319100.0,-856300.0,0.002000000000000224,0.001000000000000334,2.051,4.0,8.0,4.220561399999999,1.0947155541694034e+19,11.0,9.0,2.057,0.0012500000000001954,2739650.0,-0.0012774494083431787,2.051,2.0515,1006.0,2.055,0.00048744820862777963,0.0014623446258835555,-144753236.27226555,159915,4790500.0,5534100.0,-743600.0,10324600.0,0.29189732611221847,0.3550798803403271,7028700.0,743600.0,2.0544076998591287,2.0516109627547436,2.053948209998956,2.0489134457273988
20230828.0,2.0230828100658748e+16,2.052,2.051,2.05,2.049,2.048,364000.0,1166900.0,2579200.0,1299200.0,1374600.0,1.593,2.136,2.054,2.046,597000.0,3381200.0,3179700.0,2042100.0,2682500.0,2.054,2.055,2.056,2.057,2.058,233000.0,2214300.0,600500.0,742900.0,1307900.0,2.136,1.991,0.06299999999999972,0.0029999999999996696,1554800194.902,747657298.0,2.389,-233000.0,-2214300.0,-600500.0,-742900.0,-1307900.0,0.0007999999999994678,1239550.0,10158252.700000048,-0.001000000000000334,364000.0,1166900.0,2579200.0,1299200.0,1374600.0,0.002000000000000224,0.0009999999999998899,2.054,6.0,4.0,4.2139887,1.1114701898722793e+19,13.0,7.0,2.054,0.0012499999999997513,2467775.0,0.0007836951392636848,2.051,2.053,1007.0,2.052,0.0009741841207987237,0.0019483682415976638,72585675.82623437,159915,5098600.0,6783900.0,-1685300.0,11882500.0,0.2911575832139615,0.35601075413928296,4948300.0,1685300.0,2.052877291190924,2.053219430485762,2.056133056133056,2.0496825572310913
20230828.0,2.0230828100758748e+16,2.051,2.05,2.049,2.048,2.047,76800.0,1247100.0,1598700.0,847200.0,892900.0,1.593,2.136,2.051,2.046,-190000.0,-1815500.0,-2584600.0,-1623800.0,-1226400.0,2.052,2.053,2.054,2.055,2.056,113200.0,568400.0,985900.0,776600.0,333500.0,2.136,1.991,0.06000000000000005,-0.0029999999999996696,1567208094.502,753707398.0,2.389,113200.0,568400.0,985900.0,776600.0,333500.0,0.000700000000000145,1963200.0,12407899.600000143,-0.0009999999999998899,-76800.0,-1247100.0,-1598700.0,-847200.0,-892900.0,0.002000000000000224,0.001000000000000334,2.051,1.0,4.0,4.207832600000001,1.1262473514109313e+19,7.0,13.0,2.053,0.0009999999999998899,3969025.0,-0.0008844757700294803,2.05,2.0515,1008.0,2.053,0.00048744820862777963,0.0014623446258835555,-72923632.30954804,159915,2777600.0,4662700.0,-1885100.0,7440300.0,0.32680220265578414,0.3958350227039629,6050100.0,1885100.0,2.0508585973785793,2.051404210526316,2.0542335829493084,2.048735711068694
20230828.0,2.0230828100858784e+16,2.047,2.046,2.045,2.044,2.043,380300.0,1195500.0,1414700.0,384300.0,134800.0,1.593,2.136,2.048,2.046,-382400.0,-2923300.0,-2693700.0,-1393300.0,-512600.0,2.048,2.049,2.05,2.051,2.052,2100.0,1727800.0,1279000.0,1009000.0,377800.0,2.136,1.991,0.05699999999999994,-0.0030000000000001137,1574688718.102,757357398.0,2.389,2100.0,1727800.0,1279000.0,1009000.0,377800.0,0.0010999999999996568,1183500.0,7480623.599999905,-0.0009999999999998899,-380300.0,-1195500.0,-1414700.0,-384300.0,-134800.0,0.002000000000000224,0.001000000000000334,2.048,0.0,3.0,4.2020912,1.1411754361257093e+19,13.0,7.0,2.051,0.002000000000000224,2269925.0,-0.0016635136897998892,2.048,2.0475000000000003,1009.0,2.051,0.0004884004884004345,0.0014652014652015207,-110699869.98538144,159915,4395700.0,3509600.0,886100.0,7905300.0,0.30243133543466816,0.3640765464454732,3650000.0,886100.0,2.0494859178081932,2.047994508368201,2.0500074163386945,2.0453710394346936
20230828.0,2.0230828100958744e+16,2.043,2.042,2.041,2.04,2.039,1158700.0,2740600.0,479300.0,2361900.0,146700.0,1.593,2.136,2.044,2.043,-1164500.0,-2998800.0,-863900.0,-4399100.0,-2042800.0,2.044,2.045,2.046,2.047,2.048,5800.0,258200.0,384600.0,2037200.0,1896100.0,2.136,1.991,0.052999999999999936,-0.0040000000000000036,1584680162.902,762242698.0,2.389,5800.0,258200.0,384600.0,2037200.0,1896100.0,0.0005500000000004945,786125.0,9991444.799999952,-0.0009999999999998899,-1158700.0,-2740600.0,-479300.0,-2361900.0,-146700.0,0.002000000000000224,0.001000000000000334,2.044,1.0,3.0,4.183866849999999,1.1543486996733608e+19,11.0,9.0,2.048,0.0012499999999997513,1469350.0,-0.001954790105454629,2.044,2.0435,1010.0,2.047,0.0004893564962074333,0.0014680694886225172,-111471622.7377629,159915,4581900.0,6887200.0,-2305300.0,11469100.0,0.23762225966708106,0.2821945410160536,4885300.0,2305300.0,2.0452059853028377,2.043995019321597,2.0472133830943493,2.0413488645603435
20230828.0,2.0230828101058784e+16,2.043,2.042,2.041,2.04,2.039,198000.0,944100.0,1023800.0,2208900.0,338100.0,1.593,2.136,2.044,2.041,-204600.0,6800.0,852300.0,1378500.0,362200.0,2.045,2.046,2.047,2.048,2.049,756100.0,1803300.0,307800.0,1531500.0,170800.0,2.136,1.991,0.052999999999999936,0.0,1596532100.802,768043898.0,2.389,-756100.0,-1803300.0,-307800.0,-1531500.0,-170800.0,0.0009000000000001229,1383945.0,11851937.900000095,-0.0009999999999998899,-960700.0,-1796500.0,544500.0,-153000.0,191400.0,0.002000000000000224,0.001000000000000334,2.044,4.0,4.0,4.173441100000001,1.1703008059032883e+19,12.0,8.0,2.044,0.002000000000000224,2455325.0,-0.0002837828758498473,2.042,2.044,1011.0,2.044,0.0009784735812131994,0.0019569471624266165,257307.17604981363,159915,4569500.0,4712900.0,-143400.0,9282400.0,0.23377555318552765,0.2900999110304623,5801200.0,143400.0,2.04301487623252,2.043415050833246,2.04668434183171,2.040672176366993
20230828.0,2.023082810115871e+16,2.046,2.045,2.044,2.043,2.042,1387700.0,1132000.0,1437500.0,230200.0,682000.0,1.593,2.136,2.047,2.041,1557500.0,3801400.0,2012300.0,1077100.0,873400.0,2.047,2.048,2.049,2.05,2.051,169800.0,2669400.0,574800.0,846900.0,191400.0,2.136,1.991,0.05600000000000005,0.0030000000000001137,1605708625.402,772529698.0,2.389,-169800.0,-2669400.0,-574800.0,-846900.0,-191400.0,0.0015000000000000568,1237850.0,9176524.599999905,-0.0009999999999998899,1387700.0,1132000.0,1437500.0,230200.0,682000.0,0.0019999999999997797,0.0009999999999998899,2.047,7.0,3.0,4.1820276,1.1858062695562842e+19,10.0,10.0,2.047,0.0029999999999996696,2355275.0,0.0016995936789248045,2.042,2.0465,1012.0,2.043,0.0004886391399952768,0.0014659174199853965,150440212.93086082,159915,4452300.0,4869400.0,-417100.0,9321700.0,0.2304588727143629,0.2792412455968495,4485800.0,417100.0,2.0456829551027473,2.0468909791332264,2.048600363856883,2.0444750482605656
20230828.0,2.0230828101258724e+16,2.043,2.042,2.041,2.04,2.039,71100.0,1222100.0,1652400.0,2724500.0,392400.0,1.593,2.136,2.044,2.041,-436900.0,-2318500.0,-2863500.0,-3166300.0,-1734600.0,2.044,2.045,2.046,2.047,2.048,365800.0,1096400.0,1211100.0,441800.0,1342200.0,2.136,1.991,0.052999999999999936,-0.0030000000000001137,1614714017.102,776932898.0,2.389,365800.0,1096400.0,1211100.0,441800.0,1342200.0,0.0009999999999998899,526060.0,9005391.700000048,-0.0009999999999998899,-71100.0,-1222100.0,-1652400.0,-2724500.0,-392400.0,0.002000000000000224,0.001000000000000334,2.044,3.0,6.0,4.1824353,1.2007431715899695e+19,7.0,13.0,2.047,0.0019999999999997797,980925.0,-0.001823077619820701,2.043,2.0435,1013.0,2.047,0.0004893564962074333,0.0014680694886225172,-113705123.02291301,159915,4457300.0,6062500.0,-1605200.0,10519800.0,0.23114238194716272,0.2775257689282193,4403200.0,1605200.0,2.045192519077046,2.043162737468528,2.046291252551993,2.0406461855670104
20230828.0,2.023082810135867e+16,2.043,2.042,2.041,2.04,2.039,616600.0,1391100.0,1677100.0,2512000.0,291900.0,1.593,2.136,2.043,2.041,-987100.0,-731100.0,-700700.0,-129700.0,-105200.0,2.044,2.045,2.046,2.047,2.048,1898400.0,1996500.0,1936500.0,359000.0,1346900.0,2.136,1.991,0.052000000000000046,-0.0009999999999998899,1620692053.702,779856498.0,2.389,1532600.0,900100.0,725400.0,-82800.0,4700.0,0.000500000000000167,689350.0,5978036.599999905,-0.0009999999999998899,545500.0,169000.0,24700.0,-212500.0,-100500.0,0.002000000000000224,0.001000000000000334,2.043,3.0,5.0,4.1799807,1.2135206765478169e+19,12.0,8.0,2.045,0.0009999999999998899,1266475.0,4.034424338128506e-05,2.043,2.0435,1014.0,2.045,0.0004893564962074333,0.0014680694886225172,-76362287.641453,159915,7537300.0,6488700.0,1048600.0,14026000.0,0.2506627450946103,0.2837770778771406,2923600.0,1048600.0,2.0447518812422714,2.0432451689860835,2.0456364082629057,2.040927335213525
20230828.0,2.023082810145862e+16,2.044,2.043,2.042,2.041,2.04,110400.0,1211600.0,2372100.0,1328100.0,2869800.0,1.593,2.136,2.044,2.041,890800.0,2683300.0,2885700.0,2900000.0,3249800.0,2.045,2.046,2.047,2.048,2.049,780400.0,1471700.0,513600.0,1571900.0,380000.0,2.136,1.991,0.052999999999999936,0.0009999999999998899,1629524026.402,784177698.0,2.389,-780400.0,-1471700.0,-513600.0,-1571900.0,-380000.0,5.000000000032756e-05,1316000.0,8831972.700000048,-0.0009999999999998899,110400.0,1211600.0,2372100.0,1328100.0,2869800.0,0.0019999999999997797,0.0009999999999998899,2.044,6.0,5.0,4.17773205,1.2236538761416081e+19,15.0,5.0,2.045,0.00024999999999986144,2526925.0,0.0004299903181219644,2.043,2.0445,1015.0,2.043,0.0004891171435558277,0.0014673514306674832,38098168.1619584,159915,4717600.0,7892000.0,-3174400.0,12609600.0,0.23120277690230018,0.24356635032883642,4321200.0,3174400.0,2.0438703832268925,2.044123933542883,2.0468514922842123,2.0412859477952354
20230828.0,2.0230828101558704e+16,2.047,2.046,2.045,2.044,2.043,113100.0,1182300.0,465000.0,533200.0,324600.0,1.593,2.136,2.048,2.041,721300.0,2372700.0,2235500.0,959300.0,811600.0,2.048,2.049,2.05,2.051,2.052,608200.0,1190400.0,1770500.0,426100.0,487000.0,2.136,1.991,0.05699999999999994,0.0040000000000000036,1644588017.202,791540698.0,2.389,-608200.0,-1190400.0,-1770500.0,-426100.0,-487000.0,0.0009500000000000064,1521125.0,15063990.799999952,-0.0009999999999998899,113100.0,1182300.0,465000.0,533200.0,324600.0,0.002000000000000224,0.001000000000000334,2.048,6.0,3.0,4.185912549999999,1.240105669996922e+19,11.0,9.0,2.048,0.0012499999999997513,3188300.0,0.0014826004040522367,2.045,2.0475000000000003,1016.0,2.045,0.0004884004884004345,0.0014652014652015207,115654444.44167307,159915,4482200.0,2618200.0,1864000.0,7100400.0,0.25406757176586464,0.24764080436971087,7363000.0,1864000.0,2.045903952193393,2.047156800221822,2.0497754004729822,2.045086357039187
20230828.0,2.023082810165862e+16,2.043,2.042,2.041,2.04,2.039,539600.0,1581600.0,1696400.0,2664600.0,705200.0,1.593,2.136,2.044,2.041,-797700.0,-2626900.0,-4794800.0,-3176700.0,-1047800.0,2.044,2.045,2.046,2.047,2.048,258100.0,1045300.0,3098400.0,512100.0,342600.0,2.136,1.991,0.052999999999999936,-0.0040000000000000036,1653105538.302,795705098.0,2.389,258100.0,1045300.0,3098400.0,512100.0,342600.0,0.0009499999999995623,1199675.0,8517521.100000143,-0.0009999999999998899,-539600.0,-1581600.0,-1696400.0,-2664600.0,-705200.0,0.002000000000000224,0.001000000000000334,2.044,2.0,5.0,4.181821749999999,1.2616039629847319e+19,11.0,9.0,2.047,0.0019999999999997797,2202675.0,-0.0017015390627522775,2.043,2.0435,1017.0,2.047,0.0004893564962074333,0.0014680694886225172,-116490338.6504654,159915,5256500.0,7187400.0,-1930900.0,12443900.0,0.23470432387988233,0.2268398202000587,4164400.0,1930900.0,2.045317716837994,2.0436764447787388,2.0459307143536574,2.040803239001586
20230828.0,2.0230828101758612e+16,2.045,2.044,2.043,2.042,2.041,539000.0,522200.0,1609900.0,2391800.0,1334500.0,1.593,2.136,2.045,2.041,1617500.0,2853100.0,3193000.0,2860200.0,1788200.0,2.046,2.047,2.048,2.049,2.05,1078500.0,2330900.0,1583100.0,468400.0,453700.0,2.136,1.991,0.053999999999999826,0.0009999999999998899,1659677254.802,798920198.0,2.389,-1078500.0,-2330900.0,-1583100.0,-468400.0,-453700.0,0.00039999999999995595,324200.0,6571716.5,-0.001000000000000334,539000.0,522200.0,1609900.0,2391800.0,1334500.0,0.002000000000000224,0.0009999999999998899,2.045,4.0,3.0,4.1803893999999975,1.2734516636748438e+19,12.0,8.0,2.045,0.0009999999999998899,532325.0,0.0008103603254792091,2.044,2.0454999999999997,1018.0,2.044,0.0004888780249327255,0.0014666340747983933,38957735.62834804,159915,5914600.0,6397400.0,-482800.0,12312000.0,0.20978742303879322,0.19227073957790455,3215100.0,482800.0,2.044016204783677,2.045333230293663,2.047473827477767,2.042459061493732
20230828.0,2.0230828101858704e+16,2.041,2.04,2.039,2.038,2.037,1451400.0,3258800.0,939600.0,859400.0,118900.0,1.593,2.136,2.042,2.041,-3852800.0,-4873500.0,-2151400.0,-1412400.0,-372900.0,2.042,2.043,2.044,2.045,2.046,2401400.0,1614700.0,1211800.0,553000.0,254000.0,2.136,1.991,0.05099999999999971,-0.0030000000000001137,1669301462.302,803631098.0,2.389,2401400.0,1614700.0,1211800.0,553000.0,254000.0,0.0014999999999996128,1289385.0,9624207.5,-0.001000000000000334,-1451400.0,-3258800.0,-939600.0,-859400.0,-118900.0,0.002000000000000224,0.0009999999999998899,2.042,4.0,7.0,4.1758947,1.2833583347112413e+19,10.0,10.0,2.046,0.0030000000000001137,2775150.0,-0.0019362854446759448,2.041,2.0415,1019.0,2.045,0.0004898359049717804,0.001469507714915559,-117698469.95979118,159915,6034900.0,6628100.0,-593200.0,12663000.0,0.20366746619947187,0.205186733836803,4710900.0,593200.0,2.042965781485491,2.041376713039867,2.043112412798887,2.0397640802039803
20230828.0,2.0230828101958724e+16,2.038,2.037,2.036,2.035,2.034,636400.0,538300.0,929400.0,645900.0,76100.0,1.593,2.136,2.039,2.038,-931200.0,-1488500.0,-3961600.0,-2792500.0,-382000.0,2.039,2.04,2.041,2.042,2.043,294800.0,950200.0,3032200.0,2146600.0,305900.0,2.136,1.991,0.04800000000000004,-0.0029999999999996696,1685005197.602,811327698.0,2.389,294800.0,950200.0,3032200.0,2146600.0,305900.0,0.0003499999999996284,1829230.0,15703735.299999952,-0.0009999999999998899,-636400.0,-538300.0,-929400.0,-645900.0,-76100.0,0.0019999999999997797,0.0009999999999998899,2.039,1.0,3.0,4.164252849999999,1.3045496107809837e+19,13.0,7.0,2.042,0.0009999999999998899,3497950.0,-0.00132022279072197,2.039,2.0385,1020.0,2.041,0.0004905567819476742,0.001471670345842587,-79491488.60983345,159915,6729700.0,2826100.0,3903600.0,9555800.0,0.21386287425119394,0.21815364375224983,7696600.0,3903600.0,2.0403470753319586,2.0386834192439864,2.0411810779083766,2.036358444499487
20230828.0,2.0230828102058696e+16,2.039,2.038,2.037,2.036,2.035,1397600.0,373800.0,721100.0,899700.0,559200.0,1.593,2.136,2.04,2.037,3282900.0,3236600.0,2904300.0,1221600.0,744600.0,2.04,2.041,2.042,2.043,2.044,1885300.0,2862800.0,2183200.0,321900.0,185400.0,2.136,1.991,0.04899999999999993,0.0009999999999998899,1697230429.702,817323798.0,2.389,-1885300.0,-2862800.0,-2183200.0,-321900.0,-185400.0,0.0009500000000000064,1078850.0,12225232.099999905,-0.0009999999999998899,1397600.0,373800.0,721100.0,899700.0,559200.0,0.002000000000000224,0.001000000000000334,2.04,5.0,4.0,4.157725650000001,1.329458845237447e+19,6.0,14.0,2.041,0.002000000000000224,1938425.0,0.0003640422067302529,2.038,2.0395000000000003,1021.0,2.039,0.0004903162539837655,0.0014709487619515146,40010591.43115974,159915,7438600.0,3951400.0,3487200.0,11390000.0,0.17944787938382875,0.1874666964471408,5996100.0,3487200.0,2.038863944897501,2.0394257211611686,2.04120136853709,2.037291263855849
20230828.0,2.023082810215862e+16,2.035,2.034,2.033,2.032,2.031,1009600.0,887600.0,2687000.0,1139500.0,1194900.0,1.593,2.136,2.035,2.034,-2130000.0,-1836600.0,-4620500.0,-1851800.0,-1633500.0,2.036,2.037,2.038,2.039,2.04,1120400.0,949000.0,1933500.0,712300.0,438600.0,2.136,1.991,0.04400000000000004,-0.004999999999999893,1712041296.502,824597398.0,2.389,1120400.0,949000.0,1933500.0,712300.0,438600.0,0.0008499999999997954,964475.0,14810866.80000019,-0.0009999999999998899,-1009600.0,-887600.0,-2687000.0,-1139500.0,-1194900.0,0.002000000000000224,0.001000000000000334,2.035,1.0,5.0,4.144686550000001,1.3476963868303692e+19,11.0,9.0,2.039,0.0009999999999998899,1711350.0,-0.0019395479983181918,2.034,2.0355,1022.0,2.039,0.000491279783836841,0.0014738393515107413,-160991186.82993627,159915,5153800.0,6918600.0,-1764800.0,12072400.0,0.21054361526395252,0.2387932340588151,7273600.0,1764800.0,2.0362498350198237,2.0354739906103285,2.0376894912491754,2.032910025149597
20230828.0,2.0230828102258652e+16,2.032,2.031,2.03,2.029,2.028,331600.0,1280000.0,3011800.0,600000.0,705700.0,1.593,2.136,2.033,2.033,-1877600.0,-2090000.0,-6378600.0,-2227600.0,-1230000.0,2.033,2.034,2.035,2.036,2.037,1546000.0,810000.0,3366800.0,1627600.0,524300.0,2.136,1.991,0.041999999999999815,-0.002000000000000224,1719029078.702,828032398.0,2.389,1546000.0,810000.0,3366800.0,1627600.0,524300.0,0.0008499999999997954,742480.0,6987782.199999809,-0.0009999999999998899,-331600.0,-1280000.0,-3011800.0,-600000.0,-705700.0,0.0019999999999997797,0.0009999999999998899,2.033,2.0,4.0,4.137767149999999,1.3660754123825349e+19,9.0,11.0,2.036,0.002000000000000224,1267550.0,-0.0016212714519135973,2.033,2.0324999999999998,1023.0,2.035,0.0004920049200491463,0.001476014760147439,-81358006.41370025,159915,7874700.0,5929100.0,1945600.0,13803800.0,0.21785008601155603,0.24681823618742574,3435000.0,1945600.0,2.0342888500727248,2.0321766084363015,2.034844336927121,2.0299884974110745
20230828.0,2.023082810235862e+16,2.03,2.029,2.028,2.027,2.026,2961100.0,755300.0,1917800.0,412600.0,927200.0,1.593,2.136,2.031,2.03,-3203600.0,-2115200.0,-5105200.0,-891400.0,-1621700.0,2.031,2.032,2.033,2.034,2.035,242500.0,1359900.0,3187400.0,478800.0,694500.0,2.136,1.991,0.040000000000000036,-0.0019999999999997797,1733987780.102,835395898.0,2.389,242500.0,1359900.0,3187400.0,478800.0,694500.0,0.0004999999999992788,1582980.0,14958701.400000095,-0.0009999999999998899,-2961100.0,-755300.0,-1917800.0,-412600.0,-927200.0,0.0019999999999997797,0.0009999999999998899,2.031,1.0,3.0,4.1269927,1.3823463321683974e+19,8.0,12.0,2.033,0.0009999999999998899,4016200.0,-0.0006164279917575399,2.031,2.0305,1024.0,2.033,0.0004924895345975543,0.0014774686037922254,-81722758.4708579,159915,5963100.0,6974000.0,-1010900.0,12937100.0,0.20318156431525522,0.22384438304674628,7363500.0,1010900.0,2.031466204929734,2.0309243039081037,2.0330038402844157,2.028632420418698
20230828.0,2.0230828102458584e+16,2.034,2.033,2.032,2.031,2.03,16300.0,426200.0,2564200.0,1884500.0,2082200.0,1.593,2.136,2.035,2.03,708500.0,2121100.0,4012900.0,2365500.0,2664600.0,2.035,2.036,2.037,2.038,2.039,692200.0,1694900.0,1448700.0,481000.0,582400.0,2.136,1.991,0.04400000000000004,0.0040000000000000036,1749998475.802,843275398.0,2.389,-692200.0,-1694900.0,-1448700.0,-481000.0,-582400.0,0.001700000000000479,1285500.0,16010695.700000048,-0.0009999999999998899,16300.0,426200.0,2564200.0,1884500.0,2082200.0,0.0019999999999997797,0.0009999999999998899,2.035,5.0,2.0,4.1343119999999995,1.414693101860444e+19,10.0,10.0,2.035,0.003249999999999975,1939950.0,0.0015245969047319452,2.03,2.0345,1025.0,2.031,0.0004915212582945853,0.0014745637748833195,165481537.5739138,159915,4899200.0,6973400.0,-2074200.0,11872600.0,0.21904193142195988,0.24063091679824067,7879500.0,2074200.0,2.0319431055270063,2.0340230063514464,2.0367074012083606,2.031198368084435
20230828.0,2.0230828102558624e+16,2.036,2.035,2.034,2.033,2.032,69400.0,400200.0,1370400.0,1991800.0,2464400.0,1.593,2.136,2.036,2.03,276300.0,2034900.0,1833600.0,2594800.0,2794100.0,2.037,2.038,2.039,2.04,2.041,206900.0,1634700.0,463200.0,603000.0,329700.0,2.136,1.991,0.04499999999999993,0.0009999999999998899,1754552018.902,845513098.0,2.389,-206900.0,-1634700.0,-463200.0,-603000.0,-329700.0,0.00019999999999953388,474955.0,4553543.099999905,-0.0009999999999998899,69400.0,400200.0,1370400.0,1991800.0,2464400.0,0.0019999999999997797,0.0009999999999998899,2.036,5.0,4.0,4.1420394,1.4270112255103857e+19,6.0,14.0,2.036,0.0009999999999998899,858575.0,0.0010948501397470833,2.034,2.0365,1026.0,2.035,0.0004910385465258482,0.0014731156395775445,41467140.00781423,159915,3237500.0,6296200.0,-3058700.0,9533700.0,0.21408228612495747,0.25205001217406797,2237700.0,3058700.0,2.034921169057472,2.0362511762576907,2.038757189189189,2.0329864362631427
20230828.0,2.0230828102658704e+16,2.034,2.033,2.032,2.031,2.03,166800.0,637300.0,3138100.0,779800.0,1509700.0,1.593,2.136,2.035,2.03,-1141300.0,-1829900.0,-5740000.0,-1623500.0,-1649100.0,2.035,2.036,2.037,2.038,2.039,974500.0,1192600.0,2601900.0,843700.0,139400.0,2.136,1.991,0.04400000000000004,-0.0009999999999998899,1760557671.502,848461998.0,2.389,974500.0,1192600.0,2601900.0,843700.0,139400.0,0.0008500000000002395,823850.0,6005652.600000143,-0.0009999999999998899,-166800.0,-637300.0,-3138100.0,-779800.0,-1509700.0,0.0019999999999997797,0.0009999999999998899,2.035,3.0,5.0,4.149981550000001,1.433729117231795e+19,9.0,11.0,2.039,0.0012499999999997513,1513350.0,-0.0010343104856312957,2.035,2.0345,1027.0,2.037,0.0004915212582945853,0.0014745637748833195,-83435602.28552152,159915,5752100.0,6231700.0,-479600.0,11983800.0,0.20129680949807408,0.2355022773445557,2948900.0,479600.0,2.0365738410933374,2.0341461491281874,2.036648980372386,2.0315461431070174
20230828.0,2.0230828102758584e+16,2.038,2.037,2.036,2.035,2.034,258200.0,741200.0,380500.0,331700.0,727400.0,1.593,2.136,2.039,2.03,604700.0,2532600.0,2438200.0,1156100.0,854500.0,2.039,2.04,2.041,2.042,2.043,346500.0,1791400.0,2057700.0,824400.0,127100.0,2.136,1.991,0.04800000000000004,0.0040000000000000036,1769155652.902,852684198.0,2.389,-346500.0,-1791400.0,-2057700.0,-824400.0,-127100.0,0.002349999999999852,874210.0,8597981.399999857,-0.0009999999999998899,258200.0,741200.0,380500.0,331700.0,727400.0,0.0019999999999997797,0.0009999999999998899,2.039,8.0,4.0,4.147948250000001,1.4471331228552905e+19,11.0,9.0,2.04,0.004250000000000309,1814100.0,0.0021022782860166123,2.033,2.0385,1028.0,2.035,0.0004905567819476742,0.001471670345842587,167035691.87565887,159915,5147100.0,2439000.0,2708100.0,7586100.0,0.23787176440309626,0.2824420977842361,4222200.0,2708100.0,2.0363747335511952,2.0384269885893826,2.0407268753278545,2.0357831488314884
20230828.0,2.0230828102858548e+16,2.036,2.035,2.034,2.033,2.032,529600.0,392300.0,1441500.0,1084900.0,2232000.0,1.593,2.136,2.036,2.03,-1688000.0,-3490400.0,-3972500.0,-2175600.0,-2636900.0,2.037,2.038,2.039,2.04,2.041,1158400.0,3098100.0,2531000.0,1090700.0,404900.0,2.136,1.991,0.04499999999999993,-0.0030000000000001137,1774583546.502,855347898.0,2.389,1158400.0,3098100.0,2531000.0,1090700.0,404900.0,0.0013999999999998458,720000.0,5427893.600000143,-0.0009999999999998899,-529600.0,-392300.0,-1441500.0,-1084900.0,-2232000.0,0.0019999999999997797,0.0009999999999998899,2.036,1.0,4.0,4.1518152,1.45911182708029e+19,10.0,10.0,2.039,0.0022500000000000853,1477850.0,-0.001037241307687231,2.036,2.0365,1029.0,2.039,0.0004910385465258482,0.0014731156395775445,-125851992.33365741,159915,8283100.0,5680300.0,2602800.0,13963400.0,0.2418779824563259,0.2928598645598947,2663700.0,2602800.0,2.0377270713669495,2.036313744075829,2.0385757144064423,2.03327866485925
20230828.0,2.0230828102958564e+16,2.038,2.037,2.036,2.035,2.034,43200.0,455300.0,2221700.0,420600.0,782600.0,1.593,2.136,2.038,2.03,930400.0,2051600.0,4380400.0,1146700.0,919700.0,2.039,2.04,2.041,2.042,2.043,887200.0,1596300.0,2158700.0,726100.0,137100.0,2.136,1.991,0.04699999999999971,0.0019999999999997797,1782829881.702,859394098.0,2.389,-887200.0,-1596300.0,-2158700.0,-726100.0,-137100.0,0.000500000000000167,667845.0,8246335.199999809,-0.0009999999999998899,43200.0,455300.0,2221700.0,420600.0,782600.0,0.0019999999999997797,0.0009999999999998899,2.038,5.0,4.0,4.1542597,1.4708391593948312e+19,7.0,13.0,2.039,0.001000000000000334,1288925.0,0.0008505324007701542,2.037,2.0385,1030.0,2.037,0.0004905567819476742,0.001471670345842587,41903755.130263075,159915,5505400.0,3923400.0,1582000.0,9428800.0,0.2388303265465141,0.29010374337154154,4046200.0,1582000.0,2.038044387326333,2.038046431642304,2.0405694409125585,2.0356319263903755
20230828.0,2.0230828103058692e+16,2.038,2.037,2.036,2.035,2.034,30000.0,2072100.0,2636300.0,821500.0,631600.0,1.593,2.136,2.038,2.03,814700.0,4195900.0,1708300.0,888600.0,-44000.0,2.04,2.041,2.042,2.043,2.044,827900.0,2579100.0,1293700.0,487700.0,107000.0,2.136,1.991,0.04699999999999971,0.0,1789539109.502,862685398.0,2.389,-827900.0,-2579100.0,-1293700.0,-487700.0,-107000.0,0.0008999999999996788,727050.0,6709227.800000191,-0.0009999999999998899,-13200.0,1616800.0,414600.0,400900.0,-151000.0,0.0019999999999997797,0.0009999999999998899,2.038,4.0,4.0,4.1530376,1.4837781760629158e+19,10.0,10.0,2.04,0.002000000000000224,1436200.0,1.1533811501318603e-05,2.036,2.0389999999999997,1031.0,2.039,0.000980872976949595,0.001961745953898972,-42317979.110018015,159915,5295400.0,6191500.0,-896100.0,11486900.0,0.2449695988486363,0.2932888793015521,3291300.0,896100.0,2.0384734907180113,2.0380699382212377,2.0413327793934357,2.0360076556569493
20230828.0,2.023082810315856e+16,2.036,2.035,2.034,2.033,2.032,528600.0,666000.0,1554700.0,1157100.0,2102500.0,1.593,2.136,2.036,2.03,-1597900.0,-1849800.0,-4502100.0,-1862500.0,-2411200.0,2.037,2.038,2.039,2.04,2.041,1069300.0,1183800.0,2947400.0,705400.0,308700.0,2.136,1.991,0.04499999999999993,-0.0019999999999997797,1793384934.902,864572498.0,2.389,1069300.0,1183800.0,2947400.0,705400.0,308700.0,0.0007999999999999119,326695.0,3845825.399999857,-0.0009999999999998899,-528600.0,-666000.0,-1554700.0,-1157100.0,-2102500.0,0.0019999999999997797,0.0009999999999998899,2.036,4.0,6.0,4.1501848,1.493168846405885e+19,7.0,13.0,2.04,0.0012499999999997513,581925.0,-0.0008536858535115321,2.036,2.0365,1032.0,2.038,0.0004910385465258482,0.0014731156395775445,-85051035.16619578,159915,6214600.0,6008900.0,205700.0,12223500.0,0.24573234633954721,0.27421749528334394,1887100.0,205700.0,2.037955275290052,2.036330809187058,2.038678241560197,2.0333944149511556
20230828.0,2.023082810325855e+16,2.036,2.035,2.034,2.033,2.032,704400.0,2408400.0,985200.0,1268100.0,2562800.0,1.593,2.136,2.036,2.03,1220800.0,479800.0,-40700.0,-1856500.0,373800.0,2.037,2.038,2.039,2.04,2.041,24300.0,2446400.0,2418600.0,2672900.0,395200.0,2.136,1.991,0.04499999999999993,0.0,1797885479.302,866781398.0,2.389,-1045000.0,1262600.0,-528800.0,1967500.0,86500.0,0.0006818181818184499,436072.72727274895,4500544.400000095,-0.0009999999999998899,175800.0,1742400.0,-569500.0,111000.0,460300.0,0.0019999999999997797,0.0009999999999998899,2.036,3.0,4.0,4.152147772727273,1.6500049087316697e+19,13.0,9.0,2.039,0.0009999999999998899,944200.0,0.0003122009956877392,2.036,2.0365,1033.0,2.037,0.0004910385465258482,0.0014731156395775445,-42693553.41746094,159915,7957400.0,7928900.0,28500.0,15886300.0,0.22544466487255643,0.2383027769685412,2208900.0,28500.0,2.037459550002307,2.0369666529435984,2.039121685475155,2.033675049502453
20230828.0,2.0230828103358596e+16,2.036,2.035,2.034,2.033,2.032,282600.0,762200.0,830800.0,1023400.0,2106800.0,1.593,2.136,2.037,2.03,-1318700.0,-2195300.0,-423600.0,1231800.0,-387000.0,2.037,2.038,2.039,2.04,2.041,921200.0,2995500.0,2687800.0,1196400.0,326200.0,2.136,1.991,0.04599999999999982,0.0009999999999998899,1804233060.002,869896898.0,2.389,896900.0,549100.0,269200.0,-1476500.0,-69000.0,0.0007241379310345408,868079.3103448153,6347580.700000048,-0.0009999999999998899,-421800.0,-1646200.0,-154400.0,-244700.0,-456000.0,0.0019999999999997797,0.0009999999999998899,2.037,4.0,4.0,4.1504935517241375,2.1859018759442158e+19,12.0,17.0,2.039,0.0009999999999998899,1789800.0,-0.0003593715477329118,2.036,2.0365,1034.0,2.037,0.0004910385465258482,0.0014731156395775445,-119440.35263066739,159915,8127100.0,5005800.0,3121300.0,13132900.0,0.2194813994495464,0.23382616425746972,3115500.0,3121300.0,2.0374195795217616,2.036234756604087,2.038632205829878,2.0332189859762675
20230828.0,2.0230828103458536e+16,2.039,2.038,2.037,2.036,2.035,927300.0,505800.0,683200.0,1311500.0,814500.0,1.593,2.136,2.039,2.03,3158700.0,1154700.0,1403700.0,1513200.0,924500.0,2.04,2.041,2.042,2.043,2.044,2231400.0,648900.0,720500.0,201700.0,110000.0,2.136,1.991,0.04800000000000004,0.002000000000000224,1808307384.602,871897698.0,2.389,-2231400.0,-648900.0,-720500.0,-201700.0,-110000.0,0.000500000000000167,545500.0,4074324.5999999046,-0.0009999999999998899,927300.0,505800.0,683200.0,1311500.0,814500.0,0.002000000000000224,0.001000000000000334,2.039,6.0,3.0,4.147333499999999,1.8211907251022463e+19,9.0,15.0,2.039,0.0012499999999997513,1002225.0,0.0015010638448011981,2.035,2.0395000000000003,1035.0,2.036,0.0004903162539837655,0.0014709487619515146,128293336.08421841,159915,3912500.0,4242300.0,-329800.0,8154800.0,0.22311195923858557,0.2352989847565823,2000800.0,329800.0,2.036347760895594,2.0392935701396144,2.0408012779552718,2.036863258138274
20230828.0,2.023082810355866e+16,2.039,2.038,2.037,2.036,2.035,515500.0,1351200.0,1607300.0,1552900.0,1080000.0,1.593,2.136,2.039,2.03,1408800.0,-528500.0,744500.0,-15600.0,252200.0,2.04,2.041,2.042,2.043,2.044,410800.0,2022800.0,900100.0,458700.0,123300.0,2.136,1.991,0.04800000000000004,0.0,1811533335.902,873479798.0,2.389,-1820600.0,1373900.0,179600.0,257000.0,13300.0,0.00015999999999971593,316780.0,3225951.2999999523,-0.0009999999999998899,-411800.0,845400.0,924100.0,241400.0,265500.0,0.002000000000000224,0.001000000000000334,2.039,5.0,5.0,4.1581738800000005,1.904792048644763e+19,7.0,18.0,2.04,0.0009999999999998899,661400.0,0.00012893096001220794,2.038,2.0395000000000003,1036.0,2.039,0.0004903162539837655,0.0014709487619515146,-125650.55308810622,159915,3915700.0,6106900.0,-2191200.0,10022600.0,0.20141100716001686,0.20131333645301946,1582100.0,2191200.0,2.0390312243220734,2.0395565151678725,2.041453711979978,2.036782098937268
20230828.0,2.0230828103658596e+16,2.038,2.037,2.036,2.035,2.034,592800.0,537000.0,589700.0,751000.0,444400.0,1.593,2.136,2.039,2.03,-743600.0,-3219700.0,-2343800.0,-1486000.0,-831800.0,2.039,2.04,2.041,2.042,2.043,150800.0,2682700.0,1754100.0,735000.0,387400.0,2.136,1.991,0.04800000000000004,0.0,1821055382.802,878145898.0,2.389,150800.0,2682700.0,1754100.0,735000.0,387400.0,0.00030555555555533687,1579480.555555582,9522046.900000095,-0.0009999999999998899,-592800.0,-537000.0,-589700.0,-751000.0,-444400.0,0.0019999999999997797,0.0009999999999998899,2.039,2.0,3.0,4.162847083333332,2.7600474412832686e+19,13.0,23.0,2.041,0.0009999999999998899,2979775.0,-0.00037236219904046575,2.039,2.0385,1037.0,2.04,0.0004905567819476742,0.001471670345842587,-43193691.62226759,159915,5710000.0,2914900.0,2795100.0,8624900.0,0.17873598314620676,0.18635304557371193,4666100.0,2795100.0,2.0406864190651928,2.038797202797203,2.04074176882662,2.0360284057772136
20230828.0,2.0230828103758536e+16,2.04,2.039,2.038,2.037,2.036,114500.0,1109200.0,1786300.0,337100.0,558400.0,1.593,2.136,2.041,2.03,248800.0,3615600.0,2364300.0,958800.0,1139300.0,2.041,2.042,2.043,2.044,2.045,134300.0,2506400.0,578000.0,621700.0,580900.0,2.136,1.991,0.04999999999999982,0.0019999999999997797,1825499004.002,880324998.0,2.389,-134300.0,-2506400.0,-578000.0,-621700.0,-580900.0,0.0004074074074069678,607766.6666666269,4443621.200000048,-0.0009999999999998899,114500.0,1109200.0,1786300.0,337100.0,558400.0,0.0019999999999997797,0.0009999999999998899,2.041,5.0,3.0,4.159183333333333,2.0878113244595245e+19,10.0,17.0,2.041,0.0009999999999998899,1180000.0,0.0008153475646481834,2.038,2.0404999999999998,1038.0,2.039,0.0004900759617740211,0.0014702278853220632,86181485.58283183,159915,4421300.0,3905500.0,515800.0,8326800.0,0.1559838061298148,0.1648030281909497,2179100.0,515800.0,2.0392002202744473,2.0404602090032156,2.0427757446904753,2.037970375112021
20230828.0,2.023082810385855e+16,2.042,2.041,2.04,2.039,2.038,1098500.0,1373900.0,1792200.0,381400.0,865800.0,1.593,2.136,2.043,2.03,2053000.0,1482300.0,4871000.0,986500.0,1388500.0,2.043,2.044,2.045,2.046,2.047,954500.0,108400.0,3078800.0,605100.0,522700.0,2.136,1.991,0.052000000000000046,0.002000000000000224,1833151137.902,884070998.0,2.389,-954500.0,-108400.0,-3078800.0,-605100.0,-522700.0,0.0004814814814824153,748092.592592597,7652133.899999857,-0.0009999999999998899,1098500.0,1373900.0,1792200.0,381400.0,865800.0,0.0019999999999997797,0.0009999999999998899,2.043,4.0,2.0,4.1718827407407435,2.0987396599248507e+19,19.0,8.0,2.044,0.001000000000000334,1017800.0,0.0010163429843217386,2.04,2.0425,1039.0,2.041,0.0004895960832314977,0.0014687882496940581,86205549.57705635,159915,5269500.0,5511800.0,-242300.0,10781300.0,0.14645494352119143,0.15248232770265682,3746000.0,242300.0,2.042747971169209,2.042535070628349,2.0449303729006547,2.040264505243296
20230828.0,2.0230828103958532e+16,2.042,2.041,2.04,2.039,2.038,522800.0,1492600.0,928600.0,390100.0,734700.0,1.593,2.136,2.043,2.03,-2845600.0,-1475200.0,297300.0,-82600.0,-65200.0,2.043,2.044,2.045,2.046,2.047,3224400.0,1702300.0,1917900.0,696400.0,456800.0,2.136,1.991,0.052000000000000046,0.0,1849624367.002,892132598.0,2.389,2269900.0,1593900.0,-1160900.0,91300.0,-65900.0,0.0003214285714281395,2327067.857142806,16473229.100000143,-0.0009999999999998899,-575700.0,118700.0,-863600.0,8700.0,-131100.0,0.0019999999999997797,0.0009999999999998899,2.043,4.0,5.0,4.175162821428571,2.2147775770853364e+19,11.0,17.0,2.044,0.0009999999999998899,3979625.0,-0.00019367668814029848,2.042,2.0425,1040.0,2.044,0.0004895960832314977,0.0014687882496940581,-43529012.35016325,159915,7997800.0,4068800.0,3929000.0,12066600.0,0.16134604497407712,0.17654562675605304,8061600.0,3929000.0,2.043419308822088,2.042139517506405,2.044182137587837,2.0401668059378686
20230828.0,2.023082810405852e+16,2.043,2.042,2.041,2.04,2.039,1521200.0,1590600.0,3072900.0,709800.0,733500.0,1.593,2.136,2.044,2.03,1560600.0,2632900.0,5271600.0,1526000.0,1207700.0,2.044,2.045,2.046,2.047,2.048,39400.0,1042300.0,2198700.0,816200.0,474200.0,2.136,1.991,0.052999999999999936,0.0009999999999998899,1855043686.002,894785098.0,2.389,-39400.0,-1042300.0,-2198700.0,-816200.0,-474200.0,0.00023076923076770228,565053.8461538553,5419319.0,-0.0009999999999998899,1521200.0,1590600.0,3072900.0,709800.0,733500.0,0.002000000000000224,0.001000000000000334,2.044,3.0,2.0,4.17479230769231,2.0775876690848387e+19,8.0,18.0,2.044,0.0009999999999998899,893925.0,0.00089827929195474,2.042,2.0435,1041.0,2.043,0.0004893564962074333,0.0014680694886225172,43724231.869189814,159915,4570800.0,7628000.0,-3057200.0,12198800.0,0.15523969009063007,0.16881270581027746,2652500.0,3057200.0,2.0430985862393967,2.043974753300013,2.046140784982935,2.0413219979024646
20230828.0,2.023082810415852e+16,2.046,2.045,2.044,2.043,2.042,14100.0,798300.0,1775700.0,1387600.0,495800.0,1.593,2.136,2.047,2.03,1591000.0,2933600.0,2626100.0,3235700.0,1124400.0,2.047,2.048,2.049,2.05,2.051,1576900.0,2135300.0,850400.0,1848100.0,628600.0,2.136,1.991,0.05600000000000005,0.0030000000000001137,1860837359.502,897618298.0,2.389,-1576900.0,-2135300.0,-850400.0,-1848100.0,-628600.0,0.00017857142857113928,619535.7142857313,5793673.5,-0.0009999999999998899,14100.0,798300.0,1775700.0,1387600.0,495800.0,0.0019999999999997797,0.0009999999999998899,2.047,7.0,4.0,4.1812951785714265,2.249089097216747e+19,19.0,9.0,2.047,0.0009999999999998899,1730800.0,0.000994678419070416,2.044,2.0465,1042.0,2.044,0.0004886391399952768,0.0014659174199853965,131412400.72724313,159915,7039300.0,4471500.0,2567800.0,11510800.0,0.15971651924673866,0.18188357740403266,2833200.0,2567800.0,2.044922172808132,2.046008862350723,2.0486897702896596,2.0436527563457454
20230828.0,2.0230828104258504e+16,2.042,2.041,2.04,2.039,2.038,27100.0,1026600.0,1975500.0,457300.0,934600.0,1.593,2.136,2.043,2.03,-1116900.0,-2849400.0,-3456400.0,-2140400.0,-1534300.0,2.043,2.044,2.045,2.046,2.047,1089800.0,1822800.0,1480900.0,1683100.0,599700.0,2.136,1.991,0.052000000000000046,-0.0040000000000000036,1869825866.902,902016098.0,2.389,1089800.0,1822800.0,1480900.0,1683100.0,599700.0,0.0011481481481481204,1016722.222222209,8988507.399999857,-0.0009999999999998899,-27100.0,-1026600.0,-1975500.0,-457300.0,-934600.0,0.0019999999999997797,0.0009999999999998899,2.043,4.0,7.0,4.178543481481481,2.1856171749924397e+19,12.0,15.0,2.046,0.0019999999999997797,2056750.0,-0.0019493971321162817,2.042,2.0425,1043.0,2.046,0.0004895960832314977,0.0014687882496940581,-132095159.35109267,159915,6676300.0,4421100.0,2255200.0,11097400.0,0.17363161982693504,0.19059355464243305,4397800.0,2255200.0,2.043864523170644,2.0420242635867125,2.0448322573880744,2.039718237542693
20230828.0,2.0230828104358428e+16,2.043,2.042,2.041,2.04,2.039,388200.0,2495400.0,1019300.0,769600.0,706100.0,1.593,2.136,2.044,2.03,740800.0,3345800.0,4350800.0,1501300.0,1148800.0,2.044,2.045,2.046,2.047,2.048,352600.0,850400.0,3331500.0,731700.0,442700.0,2.136,1.991,0.052999999999999936,0.0009999999999998899,1876862057.702,905459398.0,2.389,-352600.0,-850400.0,-3331500.0,-731700.0,-442700.0,0.0006333333333330415,636536.6666666269,7036190.799999952,-0.0009999999999998899,388200.0,2495400.0,1019300.0,769600.0,706100.0,0.002000000000000224,0.001000000000000334,2.044,4.0,2.0,4.175347899999999,2.4504060268792586e+19,16.0,14.0,2.044,0.0009999999999998899,1140275.0,0.0007341803113518619,2.042,2.0435,1044.0,2.042,0.0004893564962074333,0.0014680694886225172,88377273.67299373,159915,5708900.0,5378600.0,330300.0,11087500.0,0.17642792904294932,0.18472409134075268,3443300.0,330300.0,2.043444021723333,2.043524028077754,2.0460107726532257,2.0412026549659767
20230828.0,2.023082810445843e+16,2.042,2.041,2.04,2.039,2.038,532000.0,2454900.0,1275700.0,798100.0,927000.0,1.593,2.136,2.043,2.03,-533400.0,-4984500.0,-2927100.0,-3031600.0,-1421200.0,2.043,2.044,2.045,2.046,2.047,1400.0,2529600.0,1651400.0,2233500.0,494200.0,2.136,1.991,0.052000000000000046,-0.0009999999999998899,1881240562.402,907601798.0,2.389,1400.0,2529600.0,1651400.0,2233500.0,494200.0,0.00043333333333350765,472950.0,4378504.700000048,-0.0009999999999998899,-532000.0,-2454900.0,-1275700.0,-798100.0,-927000.0,0.0019999999999997797,0.0009999999999998899,2.043,2.0,2.0,4.1761650999999995,2.4658278599042294e+19,19.0,11.0,2.044,0.0009999999999998899,939450.0,-0.0002577511289415524,2.042,2.0425,1045.0,2.043,0.0004895960832314977,0.0014687882496940581,-113322.83814421296,159915,6910100.0,5987700.0,922400.0,12897800.0,0.1633294294256355,0.16891519209238143,2142400.0,922400.0,2.0437381908140626,2.042997375328084,2.045099781479284,2.0401447634317016
20230828.0,2.0230828104558532e+16,2.046,2.045,2.044,2.043,2.042,433300.0,32400.0,1540300.0,458600.0,394500.0,1.593,2.136,2.046,2.03,701300.0,3073300.0,2813600.0,2538400.0,1025700.0,2.047,2.048,2.049,2.05,2.051,268000.0,3040900.0,1273300.0,2079800.0,631200.0,2.136,1.991,0.054999999999999716,0.0029999999999996696,1890372724.602,912067398.0,2.389,-268000.0,-3040900.0,-1273300.0,-2079800.0,-631200.0,0.0013043478260867936,1341191.3043478727,9132162.200000048,-0.0009999999999998899,433300.0,32400.0,1540300.0,458600.0,394500.0,0.0019999999999997797,0.0009999999999998899,2.046,3.0,0.0,4.179181956521739,1.9024153642330018e+19,10.0,13.0,2.046,0.0029999999999996696,2995550.0,0.0017705715455020865,2.043,2.0465,1046.0,2.043,0.0004886391399952768,0.0014659174199853965,133528259.62660521,159915,7293200.0,2859100.0,4434100.0,10152300.0,0.16875221610704869,0.1778163808717965,4465600.0,4434100.0,2.0450022841275635,2.046617852559532,2.048967819338562,2.043878073519639
20230828.0,2.023082810465858e+16,2.043,2.042,2.041,2.04,2.039,166100.0,1303700.0,2755600.0,1553500.0,738100.0,1.593,2.136,2.044,2.03,-2193200.0,-3791000.0,-3214500.0,-2168700.0,-989600.0,2.044,2.045,2.046,2.047,2.048,2027100.0,2487300.0,458900.0,615200.0,251500.0,2.136,1.991,0.052999999999999936,-0.0019999999999997797,1907742610.802,920564898.0,2.389,2027100.0,2487300.0,458900.0,615200.0,251500.0,0.000807692307692065,1944915.3846154213,17369886.200000048,-0.0009999999999998899,-166100.0,-1303700.0,-2755600.0,-1553500.0,-738100.0,0.002000000000000224,0.001000000000000334,2.044,4.0,7.0,4.177151115384615,2.1835655878156407e+19,15.0,11.0,2.047,0.0009999999999998899,3632575.0,-0.0017322174793823475,2.042,2.0435,1047.0,2.047,0.0004893564962074333,0.0014680694886225172,-133960122.7438699,159915,5840000.0,6517000.0,-677000.0,12357000.0,0.22169215435715717,0.1963750246082001,8497500.0,677000.0,2.0441172344807352,2.0430757340871786,2.045071352739726,2.040786128586773
20230828.0,2.0230828104758456e+16,2.043,2.042,2.041,2.04,2.039,1316200.0,3162600.0,2302100.0,1294400.0,602100.0,1.593,2.136,2.043,2.03,2871700.0,4016500.0,-1068900.0,-131600.0,-366000.0,2.044,2.045,2.046,2.047,2.048,305500.0,329700.0,1074300.0,487700.0,481500.0,2.136,1.991,0.052000000000000046,-0.0009999999999998899,1920074980.602,926599598.0,2.389,-1721600.0,-2157600.0,615400.0,-127500.0,230000.0,0.0007037037037034288,912025.9259259701,12332369.799999952,-0.0009999999999998899,1150100.0,1858900.0,-453500.0,-259100.0,-136000.0,0.002000000000000224,0.001000000000000334,2.043,6.0,6.0,4.176725333333335,2.306689708744036e+19,15.0,12.0,2.045,0.0009999999999998899,1778800.0,0.00036011922814083164,2.043,2.0435,1048.0,2.043,0.0004893564962074333,0.0014680694886225172,-283903.48588281125,159915,2678700.0,8677400.0,-5998700.0,11356100.0,0.21894398192341982,0.1964612691251748,6034700.0,5998700.0,2.043576283825203,2.043811617438491,2.046190390861238,2.041379883375204
20230828.0,2.0230828104858484e+16,2.041,2.04,2.039,2.038,2.037,637200.0,2018100.0,654900.0,589600.0,825400.0,1.593,2.136,2.042,2.03,-672900.0,-3254600.0,-3059400.0,-2697100.0,-1206800.0,2.042,2.043,2.044,2.045,2.046,35700.0,1236500.0,2404500.0,2107500.0,381400.0,2.136,1.991,0.05099999999999971,-0.001000000000000334,1922899925.202,927982398.0,2.389,35700.0,1236500.0,2404500.0,2107500.0,381400.0,3.2258064516454965e-05,365961.2903225422,2824944.5999999046,-0.001000000000000334,-637200.0,-2018100.0,-654900.0,-589600.0,-825400.0,0.002000000000000224,0.0009999999999998899,2.042,4.0,6.0,4.173717612903226,2.6658193209345327e+19,24.0,7.0,2.044,0.0,701700.0,-0.0009127663735308822,2.042,2.0415,1049.0,2.044,0.0004898359049717804,0.001469507714915559,-90884707.60765329,159915,6165600.0,4725200.0,1440400.0,10890800.0,0.21376341059182852,0.18169489538518088,1382800.0,1440400.0,2.0429162568700496,2.041946946054391,2.0442534059945507,2.0392226572420213
20230828.0,2.0230828104958504e+16,2.043,2.042,2.041,2.04,2.039,226200.0,1986400.0,3105700.0,3262300.0,756300.0,1.593,2.136,2.043,2.03,477500.0,2954100.0,3704700.0,3564500.0,1103400.0,2.044,2.045,2.046,2.047,2.048,251300.0,967700.0,599000.0,302200.0,347100.0,2.136,1.991,0.052000000000000046,0.001000000000000334,1925903930.302,929453398.0,2.389,-251300.0,-967700.0,-599000.0,-302200.0,-347100.0,0.0007037037037038729,236714.81481480598,3004005.100000143,-0.0009999999999998899,226200.0,1986400.0,3105700.0,3262300.0,756300.0,0.002000000000000224,0.001000000000000334,2.043,6.0,4.0,4.168554444444445,2.3276765067279884e+19,16.0,11.0,2.043,0.0009999999999998899,242900.0,0.0007474242776885909,2.041,2.0435,1050.0,2.041,0.0004893564962074333,0.0014680694886225172,90859319.91142744,159915,2467300.0,9336900.0,-6869600.0,11804200.0,0.1985262804606315,0.17366845504722803,1471000.0,6869600.0,2.0421516655337477,2.043473717277487,2.045807927694241,2.0407497991838834
20230828.0,2.023082810505856e+16,2.044,2.043,2.042,2.041,2.04,1044300.0,1148400.0,2740500.0,1018700.0,1408700.0,1.593,2.136,2.044,2.03,1458300.0,2066900.0,4923400.0,1643400.0,2104700.0,2.045,2.046,2.047,2.048,2.049,414000.0,918500.0,2182900.0,624700.0,696000.0,2.136,1.991,0.052999999999999936,0.0009999999999998899,1927577091.602,930272098.0,2.389,-414000.0,-918500.0,-2182900.0,-624700.0,-696000.0,0.0002799999999987257,56884.0,1673161.2999999523,-0.0009999999999998899,1044300.0,1148400.0,2740500.0,1018700.0,1408700.0,0.0019999999999997797,0.0009999999999998899,2.044,3.0,3.0,4.174993440000002,2.1619854258528522e+19,8.0,17.0,2.044,0.0009999999999998899,101700.0,0.0006077949462566234,2.042,2.0445,1051.0,2.043,0.0004891171435558277,0.0014673514306674832,45411939.19328581,159915,4836100.0,7360600.0,-2524500.0,12196700.0,0.19556507427461356,0.1629620120077443,818700.0,2524500.0,2.0436805911810825,2.0447161077967495,2.047055871466678,2.0419186071787627
20230828.0,2.023082810515849e+16,2.048,2.047,2.046,2.045,2.044,120908.0,1904900.0,3267500.0,401200.0,543600.0,1.593,2.136,2.049,2.03,591608.0,5106000.0,4776000.0,1125300.0,971400.0,2.049,2.05,2.051,2.052,2.053,470700.0,3201100.0,1508500.0,724100.0,427800.0,2.136,1.991,0.05799999999999983,0.004999999999999893,1932807430.718,932827190.0,2.389,-470700.0,-3201100.0,-1508500.0,-724100.0,-427800.0,0.0010370370370367255,609974.370370388,5230339.115999937,-0.0009999999999998899,120908.0,1904900.0,3267500.0,401200.0,543600.0,0.0019999999999997797,0.0009999999999998899,2.049,4.0,0.0,4.190059407407409,2.343376530582459e+19,16.0,11.0,2.049,0.002000000000000224,1061450.0,0.0017045358584294457,2.045,2.0484999999999998,1052.0,2.045,0.00048816206980712226,0.0014644862094213668,182000539.16687962,159915,6332200.0,6238108.0,94092.0,12570308.0,0.13303533292591493,0.1388896136461951,2555092.0,94092.0,2.047025749366339,2.0482043718137684,2.050595274943937,2.0461055313566225
20230828.0,2.0230828105258444e+16,2.05,2.049,2.048,2.047,2.046,840800.0,3019800.0,1591600.0,2152600.0,941600.0,1.593,2.136,2.05,2.03,1942700.0,5355100.0,2333800.0,2848600.0,2002100.0,2.051,2.052,2.053,2.054,2.055,1101900.0,2335300.0,742200.0,696000.0,1060500.0,2.136,1.991,0.05899999999999972,0.0009999999999998899,1942009964.31,937317498.0,2.389,-1101900.0,-2335300.0,-742200.0,-696000.0,-1060500.0,0.0008620689655174374,1063029.1034482718,9202533.592000008,-0.0009999999999998899,840800.0,3019800.0,1591600.0,2152600.0,941600.0,0.0019999999999997797,0.0009999999999998899,2.05,4.0,4.0,4.198966793103448,2.531267704246894e+19,10.0,19.0,2.05,0.0009999999999998899,1969008.0,0.0010873995546791804,2.048,2.0505,1053.0,2.049,0.00048768593026107484,0.0014630577907827913,45554128.545129746,159915,5935900.0,8546400.0,-2610500.0,14482300.0,0.11710267887132375,0.12454445033313112,4490308.0,2610500.0,2.0494214632938337,2.050432799711741,2.0527098839266165,2.048077880745109
20230828.0,2.023082810535851e+16,2.048,2.047,2.046,2.045,2.044,21400.0,1699400.0,588800.0,236300.0,159200.0,1.593,2.136,2.048,2.03,-1459900.0,-4415100.0,-3825700.0,-795700.0,-716900.0,2.05,2.051,2.052,2.053,2.054,1438500.0,2715700.0,3236900.0,559400.0,557700.0,2.136,1.991,0.05699999999999994,-0.0019999999999997797,1950689201.31,941550798.0,2.389,1438500.0,2715700.0,3236900.0,559400.0,557700.0,7.407407407411526e-05,842818.5185185671,8679237.0,-0.001000000000000334,-21400.0,-1699400.0,-588800.0,-236300.0,-159200.0,0.002000000000000224,0.0009999999999998899,2.048,2.0,3.0,4.2021965925925935,2.3844127439985074e+19,24.0,3.0,2.051,0.0,1825400.0,-0.0011728706242802867,2.048,2.049,1054.0,2.05,0.0009760858955587018,0.0019521717911176197,-92056765.52917118,159915,8508200.0,2705100.0,5803100.0,11213300.0,0.144569944112699,0.15640258845728647,4233300.0,5803100.0,2.0502296081071503,2.0480293170765123,2.051539514820996,2.0464389856197553
20230828.0,2.02308281054584e+16,2.046,2.045,2.044,2.043,2.042,455300.0,1536600.0,1585100.0,303600.0,927200.0,1.593,2.136,2.047,2.03,-634300.0,-2178200.0,-4077400.0,-1569500.0,-2315400.0,2.047,2.048,2.049,2.05,2.051,179000.0,641600.0,2492300.0,1265900.0,1388200.0,2.136,1.991,0.05600000000000005,-0.0009999999999998899,1955019873.11,943666098.0,2.389,179000.0,641600.0,2492300.0,1265900.0,1388200.0,0.00019999999999997797,704600.0,4330671.799999952,-0.0009999999999998899,-455300.0,-1536600.0,-1585100.0,-303600.0,-927200.0,0.0019999999999997797,0.0009999999999998899,2.047,4.0,5.0,4.191028266666667,2.6650607258729062e+19,10.0,20.0,2.048,0.0009999999999998899,1429350.0,-0.0006405855773100599,2.046,2.0465,1055.0,2.048,0.0004886391399952768,0.0014659174199853965,-46124899.90312341,159915,5967000.0,4807800.0,1159200.0,10774800.0,0.1417349824612196,0.13313632250236634,2115300.0,1159200.0,2.047308561433344,2.046717799148668,2.049509921233451,2.044060152252589
20230828.0,2.023082810555841e+16,2.046,2.045,2.044,2.043,2.042,457400.0,1586100.0,498400.0,314600.0,959400.0,1.593,2.136,2.046,2.03,-854500.0,-1700700.0,401800.0,-278000.0,572700.0,2.047,2.048,2.049,2.05,2.051,1035600.0,2391800.0,1003800.0,1554900.0,847700.0,2.136,1.991,0.054999999999999716,-0.001000000000000334,1958423821.694,945329402.0,2.389,856600.0,1750200.0,-1488500.0,289000.0,-540500.0,0.00044444444444469156,553150.8888888359,3403948.5840001106,-0.0009999999999998899,2100.0,49500.0,-1086700.0,11000.0,32200.0,0.0019999999999997797,0.0009999999999998899,2.046,5.0,5.0,4.187935111111111,3.2131132116979253e+19,16.0,20.0,2.047,0.001000000000000334,1235800.0,-0.00020104260629327797,2.046,2.0465,1056.0,2.046,0.0004886391399952768,0.0014659174199853965,-175239.72544522583,159915,6833800.0,3815900.0,3017900.0,10649700.0,0.13070749875300705,0.12047769386580161,1663304.0,3017900.0,2.046498165097968,2.046306363027461,2.0488225438262755,2.044070101417752
20230828.0,2.0230828105658424e+16,2.045,2.044,2.043,2.042,2.041,786000.0,1987400.0,2703500.0,2072800.0,981000.0,1.593,2.136,2.045,2.03,-929500.0,-3308400.0,-4258800.0,-2593600.0,-1967100.0,2.046,2.047,2.048,2.049,2.05,143500.0,1321000.0,1555300.0,520800.0,986100.0,2.136,1.991,0.053999999999999826,-0.0009999999999998899,1967027191.494,949536902.0,2.389,143500.0,1321000.0,1555300.0,520800.0,986100.0,0.00011111111111095084,1032537.037037015,8603369.799999952,-0.001000000000000334,-786000.0,-1987400.0,-2703500.0,-2072800.0,-981000.0,0.002000000000000224,0.0009999999999998899,2.045,3.0,4.0,4.182479925925924,2.4200361258417607e+19,6.0,21.0,2.047,0.0,1843750.0,-0.0002251857258671608,2.044,2.0454999999999997,1057.0,2.046,0.0004888780249327255,0.0014666340747983933,-46209046.01880259,159915,4526700.0,8530700.0,-4004000.0,13057400.0,0.13041629724640696,0.11773248641829283,4207500.0,4004000.0,2.0447700059417593,2.0458456159225387,2.048195506660481,2.042944271865146
20230828.0,2.023082810575839e+16,2.046,2.045,2.044,2.043,2.042,269900.0,1509500.0,1555300.0,1672900.0,2021400.0,1.593,2.136,2.046,2.03,1596400.0,3675700.0,2099400.0,2741000.0,2868300.0,2.047,2.048,2.049,2.05,2.051,1326500.0,2166200.0,544100.0,1068100.0,846900.0,2.136,1.991,0.054999999999999716,0.0009999999999998899,1968721599.094,950365202.0,2.389,-1326500.0,-2166200.0,-544100.0,-1068100.0,-846900.0,0.0005588235294120558,105900.0,1694407.600000143,-0.0009999999999998899,269900.0,1509500.0,1555300.0,1672900.0,2021400.0,0.0019999999999997797,0.0009999999999998899,2.046,5.0,5.0,4.183829970588234,3.0674369735265542e+19,17.0,17.0,2.046,0.0009999999999998899,209800.0,0.00015808935495498222,2.044,2.0465,1058.0,2.046,0.0004886391399952768,0.0014659174199853965,-96114.51635472476,159915,5951800.0,7029000.0,-1077200.0,12980800.0,0.1358738784436121,0.12582075787040534,828300.0,1077200.0,2.045644814680844,2.046169067902781,2.0486543398635706,2.0434783895290938
20230828.0,2.0230828105858424e+16,2.046,2.045,2.044,2.043,2.042,109700.0,726400.0,2864600.0,414300.0,914400.0,1.593,2.136,2.046,2.03,703100.0,-506200.0,125800.0,-995000.0,-1609700.0,2.047,2.048,2.049,2.05,2.051,463200.0,1889300.0,1727600.0,804500.0,1349600.0,2.136,1.991,0.054999999999999716,0.0,1970407378.194,951188902.0,2.389,-863300.0,-276900.0,1183500.0,-263600.0,502700.0,0.0004571428571429337,234700.0,1685779.0999999046,-0.0009999999999998899,-160200.0,-783100.0,1309300.0,-1258600.0,-1107000.0,0.0019999999999997797,0.0009999999999998899,2.046,6.0,6.0,4.188337914285714,3.16346015650419e+19,19.0,16.0,2.047,0.001000000000000334,313000.0,1.0954084307179812e-05,2.046,2.0465,1059.0,2.046,0.0004886391399952768,0.0014659174199853965,-158841.20318177342,159915,6234200.0,5029400.0,1204800.0,11263600.0,0.11192914523800548,0.12535536165838532,823700.0,1204800.0,2.04659354133775,2.04619148193402,2.0491103589875204,2.043742056706565
20230828.0,2.0230828105958316e+16,2.045,2.044,2.043,2.042,2.041,135900.0,1511900.0,419600.0,914400.0,736000.0,1.593,2.136,2.046,2.03,-159000.0,-1171300.0,-1979600.0,-1120900.0,-760400.0,2.047,2.048,2.049,2.05,2.051,486300.0,1548700.0,3287600.0,1011000.0,1374000.0,2.136,1.991,0.054999999999999716,0.0,1972051842.394,951992602.0,2.389,23100.0,-340600.0,1560000.0,206500.0,24400.0,0.00011764705882377768,124470.58823525906,1644464.2000000477,-0.0009999999999998899,-135900.0,-1511900.0,-419600.0,-914400.0,-736000.0,0.0019999999999997797,0.0009999999999998899,2.046,3.0,3.0,4.186597529411763,3.0794371028913648e+19,4.0,30.0,2.047,0.0,263525.0,-0.0003688726608843673,2.046,2.0460000000000003,1100.0,2.046,0.000977517106549474,0.0019550342130987305,-78435.24452972412,159915,7707600.0,3717800.0,3989800.0,11425400.0,0.11829025305637328,0.12899879025734495,803700.0,3989800.0,2.0461169590643866,2.045436837029894,2.049160581763454,2.0428378879982785
20230828.0,2.0230828110058544e+16,2.044,2.043,2.042,2.041,2.04,692000.0,1401200.0,2378400.0,1648300.0,1840800.0,1.593,2.136,2.044,2.03,-1114300.0,-3754100.0,-2806900.0,-2537800.0,-2079100.0,2.045,2.046,2.047,2.048,2.049,422300.0,2352900.0,428500.0,889500.0,238300.0,2.136,1.991,0.052999999999999936,-0.0019999999999997797,1977476998.394,954647302.0,2.389,422300.0,2352900.0,428500.0,889500.0,238300.0,0.0011600000000000499,946804.0,5425156.0,-0.0009999999999998899,-692000.0,-1401200.0,-2378400.0,-1648300.0,-1840800.0,0.0019999999999997797,0.0009999999999998899,2.044,4.0,6.0,4.177284480000001,2.271542317285343e+19,11.0,14.0,2.047,0.0019999999999997797,1629300.0,-0.0003989280300832343,2.042,2.0445,1101.0,2.047,0.0004891171435558277,0.0014673514306674832,-139762334.95892233,159915,4331500.0,7960700.0,-3629200.0,12292200.0,0.17771334940401062,0.17601709104965133,2654700.0,3629200.0,2.043604173729612,2.0446210176792605,2.046577190349763,2.041680342180964
20230828.0,2.0230828110158416e+16,2.042,2.041,2.04,2.039,2.038,727000.0,294000.0,3103400.0,520500.0,576700.0,1.593,2.136,2.043,2.03,-1027700.0,-1693800.0,-6155700.0,-1057700.0,-773700.0,2.043,2.044,2.045,2.046,2.047,300700.0,1399800.0,3052300.0,537200.0,197000.0,2.136,1.991,0.052000000000000046,-0.0009999999999998899,1979342838.694,955560502.0,2.389,300700.0,1399800.0,3052300.0,537200.0,197000.0,0.0002857142857135564,331028.57142853737,1865840.2999999523,-0.0009999999999998899,-727000.0,-294000.0,-3103400.0,-520500.0,-576700.0,0.0019999999999997797,0.0009999999999998899,2.043,1.0,3.0,4.175016785714289,2.5538546446673576e+19,7.0,21.0,2.045,0.00024999999999986144,573325.0,-0.0009363636764886385,2.043,2.0425,1102.0,2.045,0.0004895960832314977,0.0014687882496940581,-93464978.71294491,159915,5487000.0,5221600.0,265400.0,10708600.0,0.1771483949911818,0.16548339304870294,913200.0,265400.0,2.043189115199247,2.042707404884694,2.0448049936212866,2.040014191052551
20230828.0,2.0230828110258296e+16,2.042,2.041,2.04,2.039,2.038,1188800.0,1104000.0,2871000.0,1456500.0,1046200.0,1.593,2.136,2.043,2.03,561100.0,1160000.0,358400.0,900200.0,333400.0,2.043,2.044,2.045,2.046,2.047,201400.0,1049800.0,2461500.0,573000.0,333100.0,2.136,1.991,0.052000000000000046,0.0,1982888226.294,957296602.0,2.389,-99300.0,-350000.0,-590800.0,35800.0,136100.0,0.0009354838709678681,271703.2258064747,3545387.5999999046,-0.0009999999999998899,461800.0,810000.0,-232400.0,936000.0,469500.0,0.0019999999999997797,0.0009999999999998899,2.043,5.0,4.0,4.16950129032258,2.8367446866321953e+19,20.0,11.0,2.044,0.0009999999999998899,523350.0,7.231507172211771e-05,2.041,2.0425,1103.0,2.042,0.0004895960832314977,0.0014687882496940581,46753497.04857753,159915,4618800.0,7666500.0,-3047700.0,12285300.0,0.1768283569368441,0.16707986852051737,1736100.0,3047700.0,2.0421563274004404,2.042855128758452,2.0449537975231666,2.0399912215482945
20230828.0,2.0230828110358456e+16,2.044,2.043,2.042,2.041,2.04,55500.0,759600.0,1704600.0,1486300.0,2895500.0,1.593,2.136,2.044,2.03,1165500.0,3319200.0,2180200.0,2531200.0,3141200.0,2.045,2.046,2.047,2.048,2.049,1110000.0,2559600.0,475600.0,1044900.0,245700.0,2.136,1.991,0.052999999999999936,0.0009999999999998899,1984048868.394,957864802.0,2.389,-1110000.0,-2559600.0,-475600.0,-1044900.0,-245700.0,0.0001818181818182829,171154.5454545021,1160642.100000143,-0.0009999999999998899,55500.0,759600.0,1704600.0,1486300.0,2895500.0,0.0019999999999997797,0.0009999999999998899,2.044,4.0,3.0,4.1731064545454535,3.0260822877001224e+19,24.0,9.0,2.044,0.001000000000000334,403800.0,0.0005835667724898297,2.042,2.0445,1104.0,2.043,0.0004891171435558277,0.0014673514306674832,46796786.33457233,159915,5435800.0,6901500.0,-1465700.0,12337300.0,0.17956717069777128,0.16749318595472093,568200.0,1465700.0,2.0426647307288683,2.044047619047619,2.046403344493911,2.041071694559154
20230828.0,2.023082811045835e+16,2.042,2.041,2.04,2.039,2.038,314400.0,1104100.0,2080500.0,413500.0,870500.0,1.593,2.136,2.042,2.03,-1081300.0,-3946400.0,-3590300.0,-1435500.0,-1074600.0,2.043,2.044,2.045,2.046,2.047,766900.0,2842300.0,1509800.0,1022000.0,204100.0,2.136,1.991,0.05099999999999971,-0.002000000000000224,1984622724.294,958145702.0,2.389,766900.0,2842300.0,1509800.0,1022000.0,204100.0,0.00031428571428593344,48802.85714280605,573855.899999857,-0.0009999999999998899,-314400.0,-1104100.0,-2080500.0,-413500.0,-870500.0,0.0019999999999997797,0.0009999999999998899,2.042,2.0,4.0,4.172565314285714,3.212480521701362e+19,21.0,14.0,2.044,0.001000000000000334,124300.0,-0.0008598690913704798,2.042,2.0425,1105.0,2.044,0.0004895960832314977,0.0014687882496940581,-93853967.53766686,159915,6345100.0,4783000.0,1562100.0,11128100.0,0.16992936564272332,0.16247562890268016,280900.0,1562100.0,2.0429188323241614,2.042290761120873,2.0445357204772185,2.0399118544846333
20230828.0,2.02308281105584e+16,2.042,2.041,2.04,2.039,2.038,390000.0,246500.0,2184700.0,593500.0,620500.0,1.593,2.136,2.042,2.03,-47100.0,-665900.0,74800.0,532000.0,-700000.0,2.043,2.044,2.045,2.046,2.047,889600.0,2650600.0,1539200.0,670000.0,654100.0,2.136,1.991,0.05099999999999971,0.0,1987022126.294,959320002.0,2.389,122700.0,-191700.0,29400.0,-352000.0,450000.0,0.0007142857142863335,254303.57142853737,2399402.0,-0.0009999999999998899,75600.0,-857600.0,104200.0,180000.0,-250000.0,0.0019999999999997797,0.0009999999999998899,2.042,3.0,3.0,4.17501707142857,2.5739120938084282e+19,13.0,15.0,2.044,0.0009999999999998899,413075.0,6.865611825723761e-06,2.042,2.0425,1106.0,2.042,0.0004895960832314977,0.0014687882496940581,-128696.19680793583,159915,6403500.0,4035200.0,2368300.0,10438700.0,0.1100307473267741,0.11318648161544628,1174300.0,2368300.0,2.0432615174997872,2.0423047827446075,2.044617146872804,2.0397997620935766
20230828.0,2.0230828110658332e+16,2.043,2.042,2.041,2.04,2.039,189700.0,968500.0,788900.0,2768000.0,496500.0,1.593,2.136,2.044,2.03,350900.0,3693700.0,2475800.0,3688100.0,968600.0,2.044,2.045,2.046,2.047,2.048,161200.0,2725200.0,1686900.0,920100.0,472100.0,2.136,1.991,0.052999999999999936,0.002000000000000224,1988146715.494,959870202.0,2.389,-161200.0,-2725200.0,-1686900.0,-920100.0,-472100.0,0.0004999999999999449,170653.33333337307,1124589.2000000477,-0.0009999999999998899,189700.0,968500.0,788900.0,2768000.0,496500.0,0.002000000000000224,0.001000000000000334,2.044,4.0,3.0,4.1750755,2.7622231384391786e+19,11.0,19.0,2.045,0.0009999999999998899,358575.0,0.0006049309431409577,2.042,2.0435,1107.0,2.042,0.0004893564962074333,0.0014680694886225172,93821264.64449392,159915,5965500.0,5211600.0,753900.0,11177100.0,0.11046806699577624,0.12096657199292615,550200.0,753900.0,2.0439643765904174,2.0435406098603592,2.045801642779314,2.040536975209149
20230828.0,2.023082811075831e+16,2.041,2.04,2.039,2.038,2.037,661800.0,2894500.0,1769000.0,862500.0,246800.0,1.593,2.136,2.041,2.03,-999500.0,-4095600.0,-4591700.0,-1454700.0,-1093800.0,2.042,2.043,2.044,2.045,2.046,337700.0,1201100.0,2822700.0,592200.0,847000.0,2.136,1.991,0.04999999999999982,-0.0030000000000001137,1990019190.494,960787002.0,2.389,337700.0,1201100.0,2822700.0,592200.0,847000.0,0.000888888888888939,293097.222222209,1872475.0,-0.001000000000000334,-661800.0,-2894500.0,-1769000.0,-862500.0,-246800.0,0.002000000000000224,0.0009999999999998899,2.041,1.0,3.0,4.170218388888888,3.320814819527713e+19,13.0,23.0,2.043,0.0012500000000001954,503400.0,-0.0009196502824216912,2.041,2.0415,1108.0,2.043,0.0004898359049717804,0.001469507714915559,-94122991.83434352,159915,5800700.0,6434600.0,-633900.0,12235300.0,0.10315695915221709,0.1121659609885705,916800.0,633900.0,2.0424029232111693,2.0416621310655327,2.0440706294067956,2.0394447828924873
20230828.0,2.0230828110858456e+16,2.042,2.041,2.04,2.039,2.038,635200.0,2298600.0,2017000.0,548500.0,711500.0,1.593,2.136,2.043,2.03,711500.0,3285600.0,5290800.0,1226300.0,1571300.0,2.043,2.044,2.045,2.046,2.047,76300.0,987000.0,3273800.0,677800.0,859800.0,2.136,1.991,0.052000000000000046,0.002000000000000224,1992389924.094,961947802.0,2.389,-76300.0,-987000.0,-3273800.0,-677800.0,-859800.0,0.0008611111111114234,313458.33333337307,2370733.600000143,-0.0009999999999998899,635200.0,2298600.0,2017000.0,548500.0,711500.0,0.0019999999999997797,0.0009999999999998899,2.043,5.0,5.0,4.170331916666665,3.326968453319309e+19,15.0,21.0,2.043,0.002000000000000224,705075.0,0.0006025776491678236,2.041,2.0425,1109.0,2.042,0.0004895960832314977,0.0014687882496940581,46959904.17574963,159915,5874700.0,6210800.0,-336100.0,12085500.0,0.09726236844016645,0.10459191710083113,1160800.0,336100.0,2.0423273604411984,2.042892761770907,2.04521410455002,2.0402572132414503
20230828.0,2.0230828110958424e+16,2.043,2.042,2.041,2.04,2.039,147500.0,800300.0,2169000.0,2705000.0,576500.0,1.593,2.136,2.043,2.03,243900.0,3756200.0,3094000.0,3748800.0,1053600.0,2.044,2.045,2.046,2.047,2.048,96400.0,2955900.0,925000.0,1043800.0,477100.0,2.136,1.991,0.052000000000000046,0.0,1994848002.594,963151202.0,2.389,-96400.0,-2955900.0,-925000.0,-1043800.0,-477100.0,0.0001351351351353003,426564.8648648262,2458078.5,-0.0009999999999998899,147500.0,800300.0,2169000.0,2705000.0,576500.0,0.002000000000000224,0.001000000000000334,2.043,2.0,2.0,4.170316027027027,3.428104423952547e+19,5.0,32.0,2.043,0.0,898000.0,0.0003484618702217501,2.042,2.0435,1110.0,2.043,0.0004893564962074333,0.0014680694886225172,8258.495145723224,159915,5498200.0,6398300.0,-900100.0,11896500.0,0.09628014336984785,0.10355118683526886,1203400.0,900100.0,2.04261135117168,2.0436047560475603,2.0457907133243607,2.0405682134316927
20230828.0,2.023082811105836e+16,2.041,2.04,2.039,2.038,2.037,473900.0,2637100.0,1794600.0,810500.0,251300.0,1.593,2.136,2.042,2.03,-919700.0,-3587600.0,-4906300.0,-1421800.0,-1301400.0,2.042,2.043,2.044,2.045,2.046,445800.0,950500.0,3111700.0,611300.0,1050100.0,2.136,1.991,0.05099999999999971,-0.001000000000000334,1997425273.294,964413202.0,2.389,445800.0,950500.0,3111700.0,611300.0,1050100.0,0.0008947368421057256,392839.4736841917,2577270.6999998093,-0.001000000000000334,-473900.0,-2637100.0,-1794600.0,-810500.0,-251300.0,0.002000000000000224,0.0009999999999998899,2.042,5.0,5.0,4.170194631578947,3.529745775488401e+19,16.0,22.0,2.043,0.002000000000000224,776925.0,-0.001022970924890787,2.041,2.0415,1111.0,2.043,0.0004898359049717804,0.001469507714915559,-47377282.226667516,159915,6169400.0,5967400.0,202000.0,12136800.0,0.09483967133751704,0.09749601319567425,1262000.0,202000.0,2.042211331220134,2.0415152767206695,2.04414092132136,2.039380701813185
20230828.0,2.0230828111158396e+16,2.042,2.041,2.04,2.039,2.038,310200.0,323100.0,2102600.0,492500.0,819500.0,1.593,2.136,2.042,2.03,1348800.0,3092300.0,3635500.0,1800000.0,1121300.0,2.043,2.044,2.045,2.046,2.047,1038600.0,2769200.0,1532900.0,1307500.0,301800.0,2.136,1.991,0.05099999999999971,0.0,1999199208.894,965281802.0,2.389,-1038600.0,-2769200.0,-1532900.0,-1307500.0,-301800.0,0.00021621621621648046,157275.67567563057,1773935.600000143,-0.0009999999999998899,310200.0,323100.0,2102600.0,492500.0,819500.0,0.0019999999999997797,0.0009999999999998899,2.042,4.0,3.0,4.170647513513513,3.4461978339840987e+19,13.0,24.0,2.043,0.001000000000000334,154200.0,0.0003500245229403065,2.041,2.0425,1112.0,2.041,0.0004895960832314977,0.0014687882496940581,47171918.084872134,159915,6950000.0,4047900.0,2902100.0,10997900.0,0.09322221552198476,0.09929030532444155,868600.0,2902100.0,2.0422928851026283,2.0422299822064054,2.044577654676259,2.0397065144889943
20230828.0,2.0230828111258376e+16,2.04,2.039,2.038,2.037,2.036,2371200.0,1632200.0,2153200.0,468300.0,936700.0,1.593,2.136,2.041,2.03,-3127900.0,-1791100.0,-4530300.0,-1000700.0,-1698400.0,2.041,2.042,2.043,2.044,2.045,756700.0,158900.0,2377100.0,532400.0,761700.0,2.136,1.991,0.04999999999999982,-0.0009999999999998899,2002644352.494,966969702.0,2.389,756700.0,158900.0,2377100.0,532400.0,761700.0,0.000636363636363324,381415.1515151262,3445143.5999999046,-0.0009999999999998899,-2371200.0,-1632200.0,-2153200.0,-468300.0,-936700.0,0.0019999999999997797,0.0009999999999998899,2.041,4.0,5.0,4.164197242424242,3.0817118226373394e+19,17.0,16.0,2.042,0.0009999999999998899,768200.0,-0.0007209924429198988,2.04,2.0404999999999998,1113.0,2.042,0.0004900759617740211,0.0014702278853220632,-47372965.62593743,159915,4586800.0,7561600.0,-2974800.0,12148400.0,0.09401330326099866,0.0999537055248116,1687900.0,2974800.0,2.041082765566624,2.040758080501295,2.043083609488096,2.0385333395048666
20230828.0,2.023082811135838e+16,2.04,2.039,2.038,2.037,2.036,2706000.0,1715500.0,2312500.0,880300.0,946800.0,1.593,2.136,2.04,2.03,834100.0,-373500.0,152900.0,347000.0,445100.0,2.041,2.042,2.043,2.044,2.045,257400.0,615700.0,2383500.0,597400.0,326700.0,2.136,1.991,0.04899999999999993,-0.0009999999999998899,2004377431.194,967818902.0,2.389,-499300.0,456800.0,6400.0,65000.0,-435000.0,0.00048484848484831033,119793.93939399719,1733078.7000000477,-0.0009999999999998899,334800.0,83300.0,159300.0,412000.0,10100.0,0.0019999999999997797,0.0009999999999998899,2.04,2.0,2.0,4.163702333333332,3.087521080529774e+19,17.0,16.0,2.041,0.0009999999999998899,155600.0,7.59785892568976e-05,2.04,2.0404999999999998,1114.0,2.04,0.0004900759617740211,0.0014702278853220632,-68873.25042508543,159915,4180700.0,8561100.0,-4380400.0,12741800.0,0.08868073204487198,0.09640078563537456,849200.0,4380400.0,2.040836905322713,2.040913140311804,2.043028775085512,2.0385085327820023
20230828.0,2.0230828111458284e+16,2.043,2.042,2.041,2.04,2.039,101700.0,1535700.0,1848700.0,4371500.0,1001600.0,1.593,2.136,2.043,2.03,490200.0,3860500.0,2345900.0,5492300.0,1531600.0,2.044,2.045,2.046,2.047,2.048,388500.0,2324800.0,497200.0,1120800.0,530000.0,2.136,1.991,0.052000000000000046,0.0030000000000001137,2008421152.394,969799102.0,2.389,-388500.0,-2324800.0,-497200.0,-1120800.0,-530000.0,0.0001578947368425787,481721.0526316166,4043721.2000000477,-0.0009999999999998899,101700.0,1535700.0,1848700.0,4371500.0,1001600.0,0.002000000000000224,0.001000000000000334,2.043,5.0,3.0,4.170409263157894,3.5676706957717217e+19,11.0,27.0,2.043,0.001000000000000334,991075.0,0.0011235350229755747,2.041,2.0435,1115.0,2.041,0.0004893564962074333,0.0014680694886225172,94794873.0541267,159915,4861300.0,8859200.0,-3997900.0,13720500.0,0.10381655062872902,0.10829161929299085,1980200.0,3997900.0,2.04207716392286,2.0432074663402693,2.0458105445045565,2.0404767473361027
20230828.0,2.023082811155831e+16,2.041,2.04,2.039,2.038,2.037,644500.0,2684900.0,1017100.0,961200.0,468400.0,1.593,2.136,2.042,2.03,-1760200.0,-4575500.0,-3051000.0,-1613200.0,-1191600.0,2.042,2.043,2.044,2.045,2.046,1115700.0,1890600.0,2033900.0,652000.0,723200.0,2.136,1.991,0.05099999999999971,-0.001000000000000334,2010411659.094,970774002.0,2.389,1115700.0,1890600.0,2033900.0,652000.0,723200.0,0.0009310344827588857,226662.06896555424,1990506.7000000477,-0.001000000000000334,-644500.0,-2684900.0,-1017100.0,-961200.0,-468400.0,0.002000000000000224,0.0009999999999998899,2.042,6.0,6.0,4.169482896551724,2.729853331231021e+19,20.0,9.0,2.043,0.0009999999999998899,338500.0,-0.0009015946649799655,2.041,2.0415,1116.0,2.043,0.0004898359049717804,0.001469507714915559,-47649125.77648557,159915,6415400.0,5776100.0,639300.0,12191500.0,0.1212572498781623,0.12361808329297413,974900.0,639300.0,2.0417547440763646,2.0413661515736843,2.0436845714998286,2.039359394747321
20230828.0,2.023082811165824e+16,2.041,2.04,2.039,2.038,2.037,570700.0,3007000.0,1780600.0,886500.0,267500.0,1.593,2.136,2.042,2.03,1442800.0,3206300.0,1439700.0,935600.0,105300.0,2.043,2.044,2.045,2.046,2.047,1516600.0,2884200.0,676200.0,1010300.0,306200.0,2.136,1.991,0.05099999999999971,0.0,2011467027.794,971290902.0,2.389,-1516600.0,-2884200.0,-676200.0,-1010300.0,-306200.0,0.0004444444444438034,97351.85185182095,1055368.6999998093,-0.0009999999999998899,-73800.0,322100.0,763500.0,-74700.0,-200900.0,0.0019999999999997797,0.0009999999999998899,2.042,4.0,3.0,4.167495666666666,2.545733960141602e+19,12.0,15.0,2.042,0.0009999999999998899,217650.0,8.850507532454088e-05,2.041,2.042,1117.0,2.041,0.0009794319294810108,0.001958863858961804,47486070.3347244,159915,6393500.0,6512300.0,-118800.0,12905800.0,0.12604710859433432,0.11374813199437445,516900.0,118800.0,2.0417270265037906,2.041546830834092,2.0443282709001327,2.0394187307095804
20230828.0,2.0230828111758224e+16,2.041,2.04,2.039,2.038,2.037,179300.0,1549900.0,2120100.0,935100.0,417500.0,1.593,2.136,2.041,2.03,-927700.0,-4001000.0,-678400.0,-1006000.0,-73300.0,2.042,2.043,2.044,2.045,2.046,536300.0,2543900.0,1017900.0,1054600.0,223300.0,2.136,1.991,0.04999999999999982,-0.0009999999999998899,2013585882.294,972329002.0,2.389,536300.0,2543900.0,1017900.0,1054600.0,223300.0,0.0007777777777766559,47737.03703701496,2118854.5,-0.001000000000000334,-391400.0,-1457100.0,339500.0,48600.0,150000.0,0.002000000000000224,0.0009999999999998899,2.041,5.0,5.0,4.164774629629631,2.5506585477116506e+19,16.0,11.0,2.043,0.0009999999999998899,111700.0,-0.00014513179804576115,2.04,2.0415,1118.0,2.042,0.0004898359049717804,0.001469507714915559,-47785135.02890082,159915,5376000.0,5201900.0,174100.0,10577900.0,0.13858025109964897,0.12300910392094731,1038100.0,174100.0,2.041089008766015,2.0412505589714924,2.043606529017857,2.0390266056633153
20230828.0,2.023082811185831e+16,2.04,2.039,2.038,2.037,2.036,257700.0,1852200.0,2353800.0,319500.0,531100.0,1.593,2.136,2.04,2.03,-667700.0,-2520500.0,-5401400.0,-1354200.0,-998700.0,2.041,2.042,2.043,2.044,2.045,410000.0,668300.0,3047600.0,1034700.0,467600.0,2.136,1.991,0.04899999999999993,-0.0009999999999998899,2018341730.794,974659902.0,2.389,410000.0,668300.0,3047600.0,1034700.0,467600.0,0.0002666666666666373,892153.3333333731,4755848.5,-0.0009999999999998899,-257700.0,-1852200.0,-2353800.0,-319500.0,-531100.0,0.0019999999999997797,0.0009999999999998899,2.04,3.0,4.0,4.164592933333333,2.8421081896919986e+19,19.0,11.0,2.042,0.0009999999999998899,2184225.0,-0.0004236571323288363,2.04,2.0404999999999998,1119.0,2.041,0.0004900759617740211,0.0014702278853220632,-47846792.55613243,159915,5628200.0,5314300.0,313900.0,10942500.0,0.12955414718809052,0.12160715231005252,2330900.0,313900.0,2.0403485778025656,2.040385951774749,2.043085569098469,2.038185518318499
20230828.0,2.0230828111958292e+16,2.037,2.036,2.035,2.034,2.033,975400.0,3008300.0,1362100.0,246700.0,789000.0,1.593,2.136,2.038,2.03,-1195400.0,-3629300.0,-2635800.0,-2411500.0,-1259600.0,2.038,2.039,2.04,2.041,2.042,220000.0,621000.0,1273700.0,2164800.0,470600.0,2.136,1.991,0.04699999999999971,-0.002000000000000224,2022023305.794,976465602.0,2.389,220000.0,621000.0,1273700.0,2164800.0,470600.0,0.0005199999999994098,401268.0,3681575.0,-0.001000000000000334,-975400.0,-3008300.0,-1362100.0,-246700.0,-789000.0,0.002000000000000224,0.0009999999999998899,2.038,0.0,3.0,4.1596428,2.3781141698737934e+19,12.0,13.0,2.041,0.0009999999999998899,495900.0,-0.0012603549236946954,2.038,2.0374999999999996,1120.0,2.041,0.000490797546012216,0.0014723926380368656,-143505561.19090995,159915,4750100.0,6381500.0,-1631400.0,11131600.0,0.1355017804991678,0.12391566039810895,1805700.0,1631400.0,2.0388630448025697,2.0378159611845406,2.0404305172522683,2.0354911697876674
20230828.0,2.0230828112058324e+16,2.038,2.037,2.036,2.035,2.034,1142700.0,2020100.0,916700.0,1346500.0,664800.0,1.593,2.136,2.039,2.03,2635200.0,4323200.0,3087200.0,1961900.0,1797400.0,2.04,2.041,2.042,2.043,2.044,1492500.0,2303100.0,2170500.0,615400.0,1132600.0,2.136,1.991,0.04800000000000004,0.001000000000000334,2028939122.394,979857702.0,2.389,-1492500.0,-2303100.0,-2170500.0,-615400.0,-1132600.0,0.000300000000000189,1130886.666666627,6915816.600000143,-0.0009999999999998899,1142700.0,2020100.0,916700.0,1346500.0,664800.0,0.0019999999999997797,0.0009999999999998899,2.039,5.0,5.0,4.156298233333334,2.8733541569976394e+19,20.0,10.0,2.04,0.001000000000000334,1375075.0,0.0005157611882832258,2.037,2.0389999999999997,1121.0,2.038,0.000980872976949595,0.001961745953898972,47682587.24324076,159915,7714100.0,6090800.0,1623300.0,13804900.0,0.16266231943794696,0.124563521375632,3392100.0,1623300.0,2.0388009197842467,2.0388672586520946,2.0416879091533686,2.0362675182242067
20230828.0,2.0230828112158276e+16,2.04,2.039,2.038,2.037,2.036,675500.0,79800.0,2067100.0,845700.0,595200.0,1.593,2.136,2.041,2.03,1448600.0,1462700.0,5017200.0,1856400.0,1420000.0,2.041,2.042,2.043,2.044,2.045,773100.0,1382900.0,2950100.0,1010700.0,824800.0,2.136,1.991,0.04999999999999982,0.0019999999999997797,2033830820.794,982255402.0,2.389,-773100.0,-1382900.0,-2950100.0,-1010700.0,-824800.0,0.00039999999999995595,513011.42857146263,4891698.399999857,-0.0009999999999998899,675500.0,79800.0,2067100.0,845700.0,595200.0,0.0019999999999997797,0.0009999999999998899,2.041,5.0,4.0,4.164049114285714,3.3716114193150185e+19,22.0,13.0,2.042,0.0009999999999998899,878200.0,0.000783977923612289,2.039,2.0404999999999998,1122.0,2.039,0.0004900759617740211,0.0014702278853220632,96043716.44003043,159915,6941600.0,4263300.0,2678300.0,11204900.0,0.16191478799203543,0.13196228775452623,2397700.0,2678300.0,2.0401628227050326,2.0404663123015325,2.0429612769390344,2.037858020782023
20230828.0,2.0230828112258256e+16,2.039,2.038,2.037,2.036,2.035,494700.0,3078100.0,2209700.0,1042200.0,1377200.0,1.593,2.136,2.04,2.03,-556400.0,-3607800.0,-3938200.0,-2665600.0,-1995900.0,2.04,2.041,2.042,2.043,2.044,61700.0,529700.0,1728500.0,1623400.0,618700.0,2.136,1.991,0.04899999999999993,-0.0009999999999998899,2035486349.894,983067002.0,2.389,61700.0,529700.0,1728500.0,1623400.0,618700.0,0.00012121212121174452,77600.0,1655529.100000143,-0.0009999999999998899,-494700.0,-3078100.0,-2209700.0,-1042200.0,-1377200.0,0.002000000000000224,0.001000000000000334,2.04,6.0,5.0,4.161105818181818,3.1872358458635653e+19,25.0,8.0,2.041,0.0,247700.0,-0.0002829183690399306,2.039,2.0395000000000003,1123.0,2.04,0.0004903162539837655,0.0014709487619515146,-228771.9808728397,159915,4562000.0,8201900.0,-3639900.0,12763900.0,0.1595939732452269,0.13121839466745835,811600.0,3639900.0,2.039833785115997,2.0398891085549966,2.0424839324857516,2.0370330289323206
20230828.0,2.0230828112358244e+16,2.038,2.037,2.036,2.035,2.034,1577300.0,1199300.0,652600.0,975200.0,678200.0,1.593,2.136,2.039,2.03,-1796400.0,-2122100.0,-1835800.0,-4958800.0,-1359600.0,2.039,2.04,2.041,2.042,2.043,219100.0,922800.0,1183200.0,3983600.0,681400.0,2.136,1.991,0.04800000000000004,-0.0009999999999998899,2037038969.594,983828202.0,2.389,219100.0,922800.0,1183200.0,3983600.0,681400.0,0.0002258064516129643,178251.61290323734,1552619.7000000477,-0.0009999999999998899,-1577300.0,-1199300.0,-652600.0,-975200.0,-678200.0,0.0019999999999997797,0.0009999999999998899,2.039,2.0,2.0,4.160678999999999,2.9975792210327798e+19,23.0,8.0,2.041,0.0004999999999997229,327550.0,-0.0004957746764835402,2.039,2.0385,1124.0,2.039,0.0004905567819476742,0.001471670345842587,-81016.34662210941,159915,6990100.0,5082600.0,1907500.0,12072700.0,0.1574692339054039,0.13083758817822327,761200.0,1907500.0,2.0397000788229738,2.0388780338454686,2.0415701492110268,2.0363978869082753
20230828.0,2.0230828112458184e+16,2.038,2.037,2.036,2.035,2.034,381800.0,2037900.0,2060200.0,1289900.0,288800.0,1.593,2.136,2.039,2.03,-1021200.0,1232800.0,276100.0,2797700.0,-463000.0,2.039,2.04,2.041,2.042,2.043,44800.0,528600.0,2314700.0,1500600.0,755000.0,2.136,1.991,0.04800000000000004,0.0,2038395874.394,984493902.0,2.389,-174300.0,-394200.0,1131500.0,-2483000.0,73600.0,0.0003333333333332966,223218.51851856709,1356904.7999999523,-0.0009999999999998899,-1195500.0,838600.0,1407600.0,314700.0,-389400.0,0.0019999999999997797,0.0009999999999998899,2.039,4.0,3.0,4.154803,2.6155996151064687e+19,9.0,18.0,2.039,0.001000000000000334,425650.0,8.313236487311748e-06,2.038,2.0385,1125.0,2.038,0.0004905567819476742,0.001471670345842587,48199624.50976008,159915,5143700.0,6058600.0,-914900.0,11202300.0,0.14716774448219372,0.12373664223778673,665700.0,914900.0,2.0383127534924927,2.0388949835911863,2.041465112662091,2.0361541610273
20230828.0,2.0230828112558244e+16,2.038,2.037,2.036,2.035,2.034,123500.0,908600.0,2143300.0,1227400.0,277500.0,1.593,2.136,2.038,2.03,-509400.0,-1816900.0,-721900.0,-113000.0,120400.0,2.039,2.04,2.041,2.042,2.043,295900.0,1216200.0,3119700.0,1551100.0,623300.0,2.136,1.991,0.04699999999999971,-0.001000000000000334,2039466922.394,985019302.0,2.389,251100.0,687600.0,805000.0,50500.0,-131700.0,0.0004242424242426601,111684.84848487377,1071048.0,-0.0009999999999998899,-258300.0,-1129300.0,83100.0,-62500.0,-11300.0,0.0019999999999997797,0.0009999999999998899,2.038,2.0,3.0,4.1557913636363635,3.200081248878505e+19,19.0,14.0,2.039,0.001000000000000334,195600.0,-0.00029457316839720527,2.038,2.0385,1126.0,2.039,0.0004905567819476742,0.001471670345842587,-48366326.36076084,159915,6806200.0,4680300.0,2125900.0,11486500.0,0.09385198472698594,0.09148016853504516,525400.0,2125900.0,2.0385382565664254,2.0382944682880306,2.04114541153654,2.0358660769608785
20230828.0,2.0230828112658184e+16,2.038,2.037,2.036,2.035,2.034,81600.0,888000.0,2229400.0,1224900.0,377500.0,1.593,2.136,2.038,2.03,31000.0,-56100.0,89600.0,-157600.0,100000.0,2.039,2.04,2.041,2.042,2.043,223000.0,1251700.0,3116200.0,1706200.0,623300.0,2.136,1.991,0.04699999999999971,0.0,2041192031.594,985865502.0,2.389,-72900.0,35500.0,-3500.0,155100.0,0.0,0.00010810810810824023,291759.459459424,1725109.2000000477,-0.0009999999999998899,-41900.0,-20600.0,86100.0,-2500.0,100000.0,0.0019999999999997797,0.0009999999999998899,2.038,2.0,2.0,4.1538847567567565,3.5928216822891586e+19,4.0,33.0,2.039,0.0,597100.0,-1.3038422026490082e-05,2.038,2.0385,1127.0,2.038,0.0004905567819476742,0.001471670345842587,-47999.601586565375,159915,6920400.0,4801400.0,2119000.0,11721800.0,0.07945736973601891,0.07848831938488997,846200.0,2119000.0,2.0386542188608456,2.0382678923177937,2.0411813623489974,2.035806577248303
20230828.0,2.0230828112758136e+16,2.038,2.037,2.036,2.035,2.034,200.0,923300.0,2599400.0,1473900.0,429500.0,1.593,2.136,2.037,2.03,-567300.0,-570100.0,1920000.0,1510000.0,54300.0,2.039,2.04,2.041,2.042,2.043,708900.0,1857100.0,1566200.0,445200.0,621000.0,2.136,1.991,0.04599999999999982,-0.0009999999999998899,2042028483.494,986275902.0,2.389,485900.0,605400.0,-1550000.0,-1261000.0,-2300.0,2.8571428571044777e-05,81602.85714280605,836451.899999857,-0.0009999999999998899,-81400.0,35300.0,370000.0,249000.0,52000.0,0.0019999999999997797,0.0009999999999998899,2.037,1.0,2.0,4.1533278,3.4028130308779827e+19,30.0,5.0,2.039,0.0,153250.0,-0.00013130160188923323,2.037,2.0385,1128.0,2.038,0.0004905567819476742,0.001471670345842587,-48438354.36167985,159915,5198400.0,5426300.0,-227900.0,10624700.0,0.07518341211783369,0.07786666029755163,410400.0,227900.0,2.0381381578943882,2.038000282047666,2.040694579101262,2.035740301863148
20230828.0,2.023082811285821e+16,2.037,2.036,2.035,2.034,2.033,1110000.0,2161700.0,2603600.0,834500.0,1226500.0,1.593,2.136,2.037,2.03,-1895700.0,-2712900.0,-3674500.0,-1372200.0,-1505700.0,2.038,2.039,2.04,2.041,2.042,785700.0,551200.0,1070900.0,537700.0,279200.0,2.136,1.991,0.04599999999999982,0.0,2043520812.494,987008302.0,2.389,785700.0,551200.0,1070900.0,537700.0,279200.0,0.00037142857142891117,171511.42857146263,1492329.0,-0.001000000000000334,-1110000.0,-2161700.0,-2603600.0,-834500.0,-1226500.0,0.002000000000000224,0.0009999999999998899,2.037,5.0,5.0,4.150882628571428,3.407277475065418e+19,12.0,23.0,2.039,0.0009999999999998899,373900.0,-0.0002035272383502651,2.037,2.0374999999999996,1129.0,2.037,0.000490797546012216,0.0014723926380368656,-198575.64499741048,159915,3224700.0,7936300.0,-4711600.0,11161000.0,0.06528068059844472,0.06081011607870263,732400.0,4711600.0,2.0375873839432006,2.037585535686026,2.0396816758148044,2.0351378728122675
