time,exchg,code,price,open,high,low,settle_price,upper_limit,lower_limit,total_volume,volume,total_turnover,turnover,open_interest,diff_interest,trading_date,action_date,action_time,pre_close,pre_settle,pre_interest,bid_price_0,bid_price_1,bid_price_2,bid_price_3,bid_price_4,bid_price_5,bid_price_6,bid_price_7,bid_price_8,bid_price_9,ask_price_0,ask_price_1,ask_price_2,ask_price_3,ask_price_4,ask_price_5,ask_price_6,ask_price_7,ask_price_8,ask_price_9,bid_qty_0,bid_qty_1,bid_qty_2,bid_qty_3,bid_qty_4,bid_qty_5,bid_qty_6,bid_qty_7,bid_qty_8,bid_qty_9,ask_qty_0,ask_qty_1,ask_qty_2,ask_qty_3,ask_qty_4,ask_qty_5,ask_qty_6,ask_qty_7,ask_qty_8,ask_qty_9
20230828095455768,SZSE,SZSE.ETF.159919,3.955,4.115,4.115,3.948,0.0,4.235,3.465,213272312.0,13300.0,851543385.588,52601.5,0.0,0.0,20230828,20230828,95455766,3.85,0.0,0.0,3.955,3.954,3.953,3.952,3.951,0.0,0.0,0.0,0.0,0.0,3.956,3.957,3.958,3.959,3.96,0.0,0.0,0.0,0.0,0.0,71500.0,1197600.0,205000.0,1090900.0,1203400.0,0.0,0.0,0.0,0.0,0.0,849200.0,502500.0,2198100.0,632400.0,514900.0,0.0,0.0,0.0,0.0,0.0
20230828095458784,SZSE,SZSE.ETF.159919,3.956,4.115,4.115,3.948,0.0,4.235,3.465,213275212.0,2900.0,851554857.988,11472.399999976158,0.0,0.0,20230828,20230828,95458786,3.85,0.0,0.0,3.955,3.954,3.953,3.952,3.951,0.0,0.0,0.0,0.0,0.0,3.956,3.957,3.958,3.959,3.96,0.0,0.0,0.0,0.0,0.0,71500.0,497600.0,805000.0,787900.0,1606900.0,0.0,0.0,0.0,0.0,0.0,846300.0,1405500.0,695100.0,632400.0,514900.0,0.0,0.0,0.0,0.0,0.0
20230828095501772,SZSE,SZSE.ETF.159919,3.956,4.115,4.115,3.948,0.0,4.235,3.465,213277512.0,2300.0,851563956.788,9098.799999952316,0.0,0.0,20230828,20230828,95501772,3.85,0.0,0.0,3.955,3.954,3.953,3.952,3.951,0.0,0.0,0.0,0.0,0.0,3.956,3.957,3.958,3.959,3.96,0.0,0.0,0.0,0.0,0.0,75500.0,397600.0,805100.0,620400.0,1848800.0,0.0,0.0,0.0,0.0,0.0,1251200.0,1505500.0,696100.0,138100.0,540500.0,0.0,0.0,0.0,0.0,0.0
20230828095504828,SZSE,SZSE.ETF.159919,3.956,4.115,4.115,3.948,0.0,4.235,3.465,213277512.0,0.0,851563956.788,0.0,0.0,0.0,20230828,20230828,95504827,3.85,0.0,0.0,3.955,3.954,3.953,3.952,3.951,0.0,0.0,0.0,0.0,0.0,3.956,3.957,3.958,3.959,3.96,0.0,0.0,0.0,0.0,0.0,125500.0,1103200.0,590500.0,1567100.0,336700.0,0.0,0.0,0.0,0.0,0.0,884300.0,402500.0,2208100.0,629100.0,516900.0,0.0,0.0,0.0,0.0,0.0
20230828095507848,SZSE,SZSE.ETF.159919,3.955,4.115,4.115,3.948,0.0,4.235,3.465,213304212.0,26700.0,851669573.988,105617.20000004768,0.0,0.0,20230828,20230828,95507850,3.85,0.0,0.0,3.955,3.954,3.953,3.952,3.951,0.0,0.0,0.0,0.0,0.0,3.956,3.957,3.958,3.959,3.96,0.0,0.0,0.0,0.0,0.0,217500.0,1103200.0,599500.0,1558100.0,336700.0,0.0,0.0,0.0,0.0,0.0,867600.0,406200.0,799100.0,2138100.0,236400.0,0.0,0.0,0.0,0.0,0.0
20230828095510848,SZSE,SZSE.ETF.159919,3.956,4.115,4.115,3.948,0.0,4.235,3.465,213641012.0,336800.0,853001954.688,1332380.6999999285,0.0,0.0,20230828,20230828,95510847,3.85,0.0,0.0,3.956,3.955,3.954,3.953,3.952,0.0,0.0,0.0,0.0,0.0,3.957,3.958,3.959,3.96,3.961,0.0,0.0,0.0,0.0,0.0,300000.0,938100.0,513200.0,1170000.0,20400.0,0.0,0.0,0.0,0.0,0.0,542800.0,496100.0,2354600.0,722900.0,425500.0,0.0,0.0,0.0,0.0,0.0
20230828095513848,SZSE,SZSE.ETF.159919,3.956,4.115,4.115,3.948,0.0,4.235,3.465,213665312.0,24300.0,853098085.488,96130.80000007153,0.0,0.0,20230828,20230828,95513849,3.85,0.0,0.0,3.956,3.955,3.954,3.953,3.952,0.0,0.0,0.0,0.0,0.0,3.957,3.958,3.959,3.96,3.961,0.0,0.0,0.0,0.0,0.0,275700.0,93700.0,1143200.0,837000.0,1299000.0,0.0,0.0,0.0,0.0,0.0,1137100.0,1899100.0,451600.0,386400.0,96900.0,0.0,0.0,0.0,0.0,0.0
20230828095516832,SZSE,SZSE.ETF.159919,3.955,4.115,4.115,3.948,0.0,4.235,3.465,213957512.0,292200.0,854254029.188,1155943.6999999285,0.0,0.0,20230828,20230828,95516833,3.85,0.0,0.0,3.955,3.954,3.953,3.952,3.951,0.0,0.0,0.0,0.0,0.0,3.956,3.957,3.958,3.959,3.96,0.0,0.0,0.0,0.0,0.0,191200.0,1037600.0,442600.0,1099000.0,987400.0,0.0,0.0,0.0,0.0,0.0,347600.0,502700.0,1999100.0,451600.0,473500.0,0.0,0.0,0.0,0.0,0.0
20230828095519856,SZSE,SZSE.ETF.159919,3.955,4.115,4.115,3.948,0.0,4.235,3.465,214829512.0,872000.0,857704184.788,3450155.600000024,0.0,0.0,20230828,20230828,95519855,3.85,0.0,0.0,3.955,3.954,3.953,3.952,3.951,0.0,0.0,0.0,0.0,0.0,3.956,3.958,3.959,3.96,3.961,0.0,0.0,0.0,0.0,0.0,689400.0,1407500.0,877000.0,890700.0,39700.0,0.0,0.0,0.0,0.0,0.0,5700.0,1604800.0,751600.0,823500.0,425500.0,0.0,0.0,0.0,0.0,0.0
20230828095522848,SZSE,SZSE.ETF.159919,3.958,4.115,4.115,3.948,0.0,4.235,3.465,214935212.0,105700.0,858122533.988,418349.2000000477,0.0,0.0,20230828,20230828,95522846,3.85,0.0,0.0,3.957,3.956,3.955,3.954,3.953,0.0,0.0,0.0,0.0,0.0,3.958,3.959,3.96,3.961,3.962,0.0,0.0,0.0,0.0,0.0,289200.0,129100.0,689400.0,1675000.0,209500.0,0.0,0.0,0.0,0.0,0.0,1104800.0,1321600.0,817000.0,580600.0,480500.0,0.0,0.0,0.0,0.0,0.0
20230828095525820,SZSE,SZSE.ETF.159919,3.957,4.115,4.115,3.948,0.0,4.235,3.465,215370812.0,435600.0,859846589.288,1724055.2999999523,0.0,0.0,20230828,20230828,95525819,3.85,0.0,0.0,3.957,3.956,3.955,3.954,3.953,0.0,0.0,0.0,0.0,0.0,3.958,3.959,3.96,3.961,3.962,0.0,0.0,0.0,0.0,0.0,239700.0,229100.0,520700.0,1684000.0,570700.0,0.0,0.0,0.0,0.0,0.0,1318700.0,112600.0,849600.0,650600.0,555200.0,0.0,0.0,0.0,0.0,0.0
20230828095528816,SZSE,SZSE.ETF.159919,3.957,4.115,4.115,3.948,0.0,4.235,3.465,215610512.0,239700.0,860795082.188,948492.8999999762,0.0,0.0,20230828,20230828,95528818,3.85,0.0,0.0,3.956,3.955,3.954,3.953,3.952,0.0,0.0,0.0,0.0,0.0,3.957,3.958,3.959,3.96,3.961,0.0,0.0,0.0,0.0,0.0,29400.0,120800.0,784100.0,1170700.0,1108200.0,0.0,0.0,0.0,0.0,0.0,1300000.0,703000.0,789100.0,574000.0,196900.0,0.0,0.0,0.0,0.0,0.0
20230828095531804,SZSE,SZSE.ETF.159919,3.956,4.115,4.115,3.948,0.0,4.235,3.465,215741612.0,131100.0,861313713.788,518631.60000002384,0.0,0.0,20230828,20230828,95531804,3.85,0.0,0.0,3.955,3.954,3.953,3.952,3.951,0.0,0.0,0.0,0.0,0.0,3.956,3.957,3.958,3.959,3.96,0.0,0.0,0.0,0.0,0.0,90800.0,1446500.0,1141200.0,1137700.0,148800.0,0.0,0.0,0.0,0.0,0.0,284600.0,22800.0,1208700.0,1232100.0,681900.0,0.0,0.0,0.0,0.0,0.0
20230828095534824,SZSE,SZSE.ETF.159919,3.956,4.115,4.115,3.948,0.0,4.235,3.465,216032812.0,291200.0,862465701.188,1151987.3999999762,0.0,0.0,20230828,20230828,95534823,3.85,0.0,0.0,3.956,3.955,3.954,3.953,3.952,0.0,0.0,0.0,0.0,0.0,3.957,3.958,3.959,3.96,3.961,0.0,0.0,0.0,0.0,0.0,96600.0,90800.0,410100.0,1477200.0,520500.0,0.0,0.0,0.0,0.0,0.0,1625600.0,1308700.0,538100.0,573500.0,345000.0,0.0,0.0,0.0,0.0,0.0
20230828095537820,SZSE,SZSE.ETF.159919,3.956,4.115,4.115,3.948,0.0,4.235,3.465,216250012.0,217200.0,863324839.788,859138.6000000238,0.0,0.0,20230828,20230828,95537820,3.85,0.0,0.0,3.954,3.953,3.952,3.951,3.95,0.0,0.0,0.0,0.0,0.0,3.956,3.957,3.958,3.959,3.96,0.0,0.0,0.0,0.0,0.0,340100.0,79700.0,1470500.0,916300.0,1184900.0,0.0,0.0,0.0,0.0,0.0,1789200.0,422600.0,700300.0,351600.0,373500.0,0.0,0.0,0.0,0.0,0.0
20230828095540852,SZSE,SZSE.ETF.159919,3.955,4.115,4.115,3.948,0.0,4.235,3.465,216269012.0,19000.0,863399984.788,75145.0,0.0,0.0,20230828,20230828,95540852,3.85,0.0,0.0,3.954,3.953,3.952,3.951,3.95,0.0,0.0,0.0,0.0,0.0,3.955,3.956,3.957,3.958,3.959,0.0,0.0,0.0,0.0,0.0,310100.0,70700.0,50500.0,1874400.0,1096800.0,0.0,0.0,0.0,0.0,0.0,600000.0,1316000.0,891000.0,426900.0,112600.0,0.0,0.0,0.0,0.0,0.0
20230828095543832,SZSE,SZSE.ETF.159919,3.954,4.115,4.115,3.948,0.0,4.235,3.465,216579112.0,310100.0,864626120.188,1226135.3999999762,0.0,0.0,20230828,20230828,95543830,3.85,0.0,0.0,3.953,3.952,3.951,3.95,3.949,0.0,0.0,0.0,0.0,0.0,3.954,3.955,3.956,3.957,3.958,0.0,0.0,0.0,0.0,0.0,70700.0,50500.0,1290600.0,1510500.0,614900.0,0.0,0.0,0.0,0.0,0.0,59900.0,1000000.0,410200.0,919500.0,110400.0,0.0,0.0,0.0,0.0,0.0
20230828095546832,SZSE,SZSE.ETF.159919,3.952,4.115,4.115,3.948,0.0,4.235,3.465,216680312.0,101200.0,865026150.288,400030.10000002384,0.0,0.0,20230828,20230828,95546832,3.85,0.0,0.0,3.951,3.95,3.949,3.948,3.947,0.0,0.0,0.0,0.0,0.0,3.952,3.953,3.954,3.955,3.956,0.0,0.0,0.0,0.0,0.0,320600.0,393300.0,1498400.0,893500.0,110300.0,0.0,0.0,0.0,0.0,0.0,282500.0,600000.0,1352900.0,869400.0,40200.0,0.0,0.0,0.0,0.0,0.0
20230828095549836,SZSE,SZSE.ETF.159919,3.951,4.115,4.115,3.948,0.0,4.235,3.465,216699812.0,19500.0,865103200.188,77049.89999997616,0.0,0.0,20230828,20230828,95549836,3.85,0.0,0.0,3.95,3.949,3.948,3.947,3.946,0.0,0.0,0.0,0.0,0.0,3.951,3.952,3.953,3.954,3.955,0.0,0.0,0.0,0.0,0.0,367700.0,70400.0,1727000.0,777800.0,590000.0,0.0,0.0,0.0,0.0,0.0,341800.0,12800.0,1001000.0,1774700.0,40000.0,0.0,0.0,0.0,0.0,0.0
20230828095552820,SZSE,SZSE.ETF.159919,3.952,4.115,4.115,3.948,0.0,4.235,3.465,216752812.0,53000.0,865312603.288,209403.10000002384,0.0,0.0,20230828,20230828,95552820,3.85,0.0,0.0,3.951,3.95,3.949,3.948,3.947,0.0,0.0,0.0,0.0,0.0,3.952,3.953,3.954,3.955,3.956,0.0,0.0,0.0,0.0,0.0,300000.0,1417600.0,972900.0,848800.0,680800.0,0.0,0.0,0.0,0.0,0.0,12700.0,353000.0,1915300.0,817500.0,767200.0,0.0,0.0,0.0,0.0,0.0
20230828095555812,SZSE,SZSE.ETF.159919,3.951,4.115,4.115,3.948,0.0,4.235,3.465,216779112.0,26300.0,865416514.588,103911.30000007153,0.0,0.0,20230828,20230828,95555813,3.85,0.0,0.0,3.951,3.95,3.949,3.948,3.947,0.0,0.0,0.0,0.0,0.0,3.952,3.953,3.954,3.955,3.956,0.0,0.0,0.0,0.0,0.0,273700.0,677600.0,1502900.0,818800.0,803200.0,0.0,0.0,0.0,0.0,0.0,316200.0,650000.0,415300.0,1285900.0,284800.0,0.0,0.0,0.0,0.0,0.0
20230828095558828,SZSE,SZSE.ETF.159919,3.952,4.115,4.115,3.948,0.0,4.235,3.465,216791812.0,12700.0,865466692.788,50178.199999928474,0.0,0.0,20230828,20230828,95558828,3.85,0.0,0.0,3.951,3.95,3.949,3.948,3.947,0.0,0.0,0.0,0.0,0.0,3.952,3.953,3.954,3.955,3.956,0.0,0.0,0.0,0.0,0.0,261500.0,777600.0,1602900.0,1081300.0,510300.0,0.0,0.0,0.0,0.0,0.0,315700.0,750000.0,815300.0,585900.0,565300.0,0.0,0.0,0.0,0.0,0.0
20230828095601832,SZSE,SZSE.ETF.159919,3.951,4.115,4.115,3.948,0.0,4.235,3.465,217157512.0,365700.0,866911889.188,1445196.3999999762,0.0,0.0,20230828,20230828,95601830,3.85,0.0,0.0,3.951,3.95,3.949,3.948,3.947,0.0,0.0,0.0,0.0,0.0,3.953,3.954,3.955,3.956,3.957,0.0,0.0,0.0,0.0,0.0,361500.0,1377500.0,1007900.0,1384300.0,10300.0,0.0,0.0,0.0,0.0,0.0,50400.0,1418300.0,517500.0,933700.0,134600.0,0.0,0.0,0.0,0.0,0.0
20230828095604856,SZSE,SZSE.ETF.159919,3.951,4.115,4.115,3.948,0.0,4.235,3.465,217164512.0,7000.0,866939546.188,27657.0,0.0,0.0,20230828,20230828,95604858,3.85,0.0,0.0,3.952,3.951,3.95,3.949,3.948,0.0,0.0,0.0,0.0,0.0,3.953,3.954,3.955,3.956,3.957,0.0,0.0,0.0,0.0,0.0,309900.0,1404400.0,1342700.0,1220200.0,404800.0,0.0,0.0,0.0,0.0,0.0,50400.0,206300.0,940000.0,824300.0,828200.0,0.0,0.0,0.0,0.0,0.0
20230828095607840,SZSE,SZSE.ETF.159919,3.953,4.115,4.115,3.948,0.0,4.235,3.465,217214912.0,50400.0,867138777.388,199231.20000004768,0.0,0.0,20230828,20230828,95607840,3.85,0.0,0.0,3.952,3.951,3.95,3.949,3.948,0.0,0.0,0.0,0.0,0.0,3.954,3.955,3.956,3.957,3.958,0.0,0.0,0.0,0.0,0.0,512900.0,1405400.0,1520200.0,690300.0,154800.0,0.0,0.0,0.0,0.0,0.0,6300.0,610000.0,1128700.0,919600.0,643700.0,0.0,0.0,0.0,0.0,0.0
20230828095610824,SZSE,SZSE.ETF.159919,3.952,4.115,4.115,3.948,0.0,4.235,3.465,217274412.0,59500.0,867373980.288,235202.89999997616,0.0,0.0,20230828,20230828,95610826,3.85,0.0,0.0,3.952,3.951,3.95,3.949,3.948,0.0,0.0,0.0,0.0,0.0,3.954,3.955,3.956,3.957,3.958,0.0,0.0,0.0,0.0,0.0,919500.0,2172200.0,1215100.0,10800.0,409500.0,0.0,0.0,0.0,0.0,0.0,14000.0,901400.0,918200.0,758600.0,1560200.0,0.0,0.0,0.0,0.0,0.0
20230828095613824,SZSE,SZSE.ETF.159919,3.952,4.115,4.115,3.948,0.0,4.235,3.465,217276512.0,2100.0,867382279.488,8299.200000047684,0.0,0.0,20230828,20230828,95613824,3.85,0.0,0.0,3.953,3.952,3.951,3.95,3.949,0.0,0.0,0.0,0.0,0.0,3.954,3.955,3.956,3.957,3.958,0.0,0.0,0.0,0.0,0.0,5000.0,600700.0,737500.0,1979300.0,510800.0,0.0,0.0,0.0,0.0,0.0,19900.0,904400.0,915600.0,812100.0,424800.0,0.0,0.0,0.0,0.0,0.0
20230828095616840,SZSE,SZSE.ETF.159919,3.953,4.115,4.115,3.948,0.0,4.235,3.465,217335212.0,58700.0,867614275.788,231996.29999995232,0.0,0.0,20230828,20230828,95616842,3.85,0.0,0.0,3.953,3.952,3.951,3.95,3.949,0.0,0.0,0.0,0.0,0.0,3.954,3.955,3.956,3.957,3.958,0.0,0.0,0.0,0.0,0.0,41600.0,1000500.0,1590600.0,1185100.0,110800.0,0.0,0.0,0.0,0.0,0.0,20000.0,1400.0,1517200.0,1145100.0,739500.0,0.0,0.0,0.0,0.0,0.0
20230828095619832,SZSE,SZSE.ETF.159919,3.953,4.115,4.115,3.948,0.0,4.235,3.465,217475912.0,140700.0,868170521.088,556245.3000000715,0.0,0.0,20230828,20230828,95619832,3.85,0.0,0.0,3.953,3.952,3.951,3.95,3.949,0.0,0.0,0.0,0.0,0.0,3.955,3.956,3.957,3.958,3.959,0.0,0.0,0.0,0.0,0.0,298300.0,962100.0,1599600.0,1215600.0,439200.0,0.0,0.0,0.0,0.0,0.0,969200.0,941200.0,734600.0,826000.0,476800.0,0.0,0.0,0.0,0.0,0.0
20230828095622804,SZSE,SZSE.ETF.159919,3.954,4.115,4.115,3.948,0.0,4.235,3.465,217476612.0,700.0,868173289.188,2768.0999999046326,0.0,0.0,20230828,20230828,95622805,3.85,0.0,0.0,3.954,3.953,3.952,3.951,3.95,0.0,0.0,0.0,0.0,0.0,3.955,3.956,3.957,3.958,3.959,0.0,0.0,0.0,0.0,0.0,3800.0,305800.0,462100.0,2199600.0,1165600.0,0.0,0.0,0.0,0.0,0.0,1768900.0,1011200.0,464600.0,930900.0,191900.0,0.0,0.0,0.0,0.0,0.0
20230828095625784,SZSE,SZSE.ETF.159919,3.954,4.115,4.115,3.948,0.0,4.235,3.465,217977512.0,500900.0,870153847.788,1980558.6000000238,0.0,0.0,20230828,20230828,95625786,3.85,0.0,0.0,3.953,3.952,3.951,3.95,3.949,0.0,0.0,0.0,0.0,0.0,3.954,3.955,3.956,3.957,3.958,0.0,0.0,0.0,0.0,0.0,5800.0,362100.0,1906900.0,1621500.0,548500.0,0.0,0.0,0.0,0.0,0.0,499100.0,768900.0,1011200.0,1019500.0,376000.0,0.0,0.0,0.0,0.0,0.0
20230828095628784,SZSE,SZSE.ETF.159919,3.954,4.115,4.115,3.948,0.0,4.235,3.465,218477512.0,500000.0,872130847.788,1977000.0,0.0,0.0,20230828,20230828,95628783,3.85,0.0,0.0,3.953,3.952,3.951,3.95,3.949,0.0,0.0,0.0,0.0,0.0,3.954,3.955,3.956,3.957,3.958,0.0,0.0,0.0,0.0,0.0,5800.0,1618000.0,1220100.0,1578600.0,136400.0,0.0,0.0,0.0,0.0,0.0,812000.0,31100.0,647800.0,1224100.0,1113900.0,0.0,0.0,0.0,0.0,0.0
20230828095631768,SZSE,SZSE.ETF.159919,3.954,4.115,4.115,3.948,0.0,4.235,3.465,218502712.0,25200.0,872230488.588,99640.80000007153,0.0,0.0,20230828,20230828,95631767,3.85,0.0,0.0,3.953,3.952,3.951,3.95,3.949,0.0,0.0,0.0,0.0,0.0,3.954,3.955,3.956,3.957,3.958,0.0,0.0,0.0,0.0,0.0,5800.0,100000.0,1820100.0,1548400.0,839400.0,0.0,0.0,0.0,0.0,0.0,1785900.0,131100.0,1067300.0,734800.0,713900.0,0.0,0.0,0.0,0.0,0.0
20230828095634796,SZSE,SZSE.ETF.159919,3.953,4.115,4.115,3.948,0.0,4.235,3.465,218512512.0,9800.0,872269228.488,38739.89999997616,0.0,0.0,20230828,20230828,95634796,3.85,0.0,0.0,3.952,3.951,3.95,3.949,3.948,0.0,0.0,0.0,0.0,0.0,3.953,3.954,3.955,3.956,3.957,0.0,0.0,0.0,0.0,0.0,200000.0,2067000.0,1301500.0,834400.0,413900.0,0.0,0.0,0.0,0.0,0.0,990000.0,786300.0,768900.0,838500.0,1194800.0,0.0,0.0,0.0,0.0,0.0
20230828095637792,SZSE,SZSE.ETF.159919,3.953,4.115,4.115,3.948,0.0,4.235,3.465,218516012.0,3500.0,872283063.988,13835.5,0.0,0.0,20230828,20230828,95637794,3.85,0.0,0.0,3.952,3.951,3.95,3.949,3.948,0.0,0.0,0.0,0.0,0.0,3.953,3.954,3.955,3.956,3.957,0.0,0.0,0.0,0.0,0.0,105300.0,1890400.0,2073500.0,834400.0,304800.0,0.0,0.0,0.0,0.0,0.0,1003300.0,896300.0,788400.0,659800.0,894800.0,0.0,0.0,0.0,0.0,0.0
20230828095640772,SZSE,SZSE.ETF.159919,3.953,4.115,4.115,3.948,0.0,4.235,3.465,218868212.0,352200.0,873675310.388,1392246.3999999762,0.0,0.0,20230828,20230828,95640773,3.85,0.0,0.0,3.952,3.951,3.95,3.949,3.948,0.0,0.0,0.0,0.0,0.0,3.953,3.954,3.955,3.956,3.957,0.0,0.0,0.0,0.0,0.0,1789400.0,979800.0,1644400.0,114800.0,180400.0,0.0,0.0,0.0,0.0,0.0,651300.0,796300.0,143100.0,1064300.0,729400.0,0.0,0.0,0.0,0.0,0.0
20230828095643768,SZSE,SZSE.ETF.159919,3.953,4.115,4.115,3.948,0.0,4.235,3.465,218937012.0,68800.0,873947276.788,271966.39999997616,0.0,0.0,20230828,20230828,95643770,3.85,0.0,0.0,3.953,3.952,3.951,3.95,3.949,0.0,0.0,0.0,0.0,0.0,3.954,3.955,3.956,3.957,3.958,0.0,0.0,0.0,0.0,0.0,98200.0,1702600.0,1279800.0,1653400.0,5800.0,0.0,0.0,0.0,0.0,0.0,1430800.0,34100.0,323300.0,1629400.0,848500.0,0.0,0.0,0.0,0.0,0.0
20230828095646784,SZSE,SZSE.ETF.159919,3.953,4.115,4.115,3.948,0.0,4.235,3.465,218995912.0,58900.0,874180135.488,232858.70000004768,0.0,0.0,20230828,20230828,95646782,3.85,0.0,0.0,3.953,3.952,3.951,3.95,3.949,0.0,0.0,0.0,0.0,0.0,3.954,3.955,3.956,3.957,3.958,0.0,0.0,0.0,0.0,0.0,920000.0,1402600.0,1009800.0,1223400.0,5800.0,0.0,0.0,0.0,0.0,0.0,1403800.0,134100.0,223300.0,1629400.0,645500.0,0.0,0.0,0.0,0.0,0.0
20230828095649800,SZSE,SZSE.ETF.159919,3.953,4.115,4.115,3.948,0.0,4.235,3.465,218995912.0,0.0,874180135.488,0.0,0.0,0.0,20230828,20230828,95649798,3.85,0.0,0.0,3.953,3.952,3.951,3.95,3.949,0.0,0.0,0.0,0.0,0.0,3.954,3.955,3.956,3.957,3.958,0.0,0.0,0.0,0.0,0.0,7900.0,1807600.0,1118800.0,1617000.0,105800.0,0.0,0.0,0.0,0.0,0.0,2403800.0,34100.0,427800.0,1338400.0,1506500.0,0.0,0.0,0.0,0.0,0.0
20230828095652752,SZSE,SZSE.ETF.159919,3.953,4.115,4.115,3.948,0.0,4.235,3.465,219098912.0,103000.0,874587294.488,407159.0,0.0,0.0,20230828,20230828,95652750,3.85,0.0,0.0,3.952,3.951,3.95,3.949,3.948,0.0,0.0,0.0,0.0,0.0,3.953,3.954,3.955,3.956,3.957,0.0,0.0,0.0,0.0,0.0,128300.0,2036000.0,1314000.0,408800.0,439500.0,0.0,0.0,0.0,0.0,0.0,634500.0,1677500.0,721900.0,430800.0,1203800.0,0.0,0.0,0.0,0.0,0.0
20230828095655744,SZSE,SZSE.ETF.159919,3.953,4.115,4.115,3.948,0.0,4.235,3.465,219218912.0,120000.0,875061654.488,474360.0,0.0,0.0,20230828,20230828,95655745,3.85,0.0,0.0,3.952,3.951,3.95,3.949,3.948,0.0,0.0,0.0,0.0,0.0,3.953,3.954,3.955,3.956,3.957,0.0,0.0,0.0,0.0,0.0,238300.0,2297000.0,1353000.0,808800.0,330400.0,0.0,0.0,0.0,0.0,0.0,535000.0,1677500.0,221900.0,1352000.0,1194800.0,0.0,0.0,0.0,0.0,0.0
20230828095658752,SZSE,SZSE.ETF.159919,3.953,4.115,4.115,3.948,0.0,4.235,3.465,219248912.0,30000.0,875180244.488,118590.0,0.0,0.0,20230828,20230828,95658751,3.85,0.0,0.0,3.952,3.951,3.95,3.949,3.948,0.0,0.0,0.0,0.0,0.0,3.953,3.954,3.955,3.956,3.957,0.0,0.0,0.0,0.0,0.0,1729600.0,1206300.0,1656000.0,105800.0,330400.0,0.0,0.0,0.0,0.0,0.0,73500.0,2159000.0,221900.0,1349000.0,729400.0,0.0,0.0,0.0,0.0,0.0
20230828095701792,SZSE,SZSE.ETF.159919,3.954,4.115,4.115,3.948,0.0,4.235,3.465,219360512.0,111600.0,875621437.388,441192.89999997616,0.0,0.0,20230828,20230828,95701790,3.85,0.0,0.0,3.953,3.952,3.951,3.95,3.949,0.0,0.0,0.0,0.0,0.0,3.954,3.955,3.956,3.957,3.958,0.0,0.0,0.0,0.0,0.0,3300.0,1638900.0,1697000.0,1647000.0,114800.0,0.0,0.0,0.0,0.0,0.0,2120900.0,230900.0,1040000.0,1055000.0,441000.0,0.0,0.0,0.0,0.0,0.0
20230828095704768,SZSE,SZSE.ETF.159919,3.953,4.115,4.115,3.948,0.0,4.235,3.465,219747412.0,386900.0,877150848.188,1529410.7999999523,0.0,0.0,20230828,20230828,95704769,3.85,0.0,0.0,3.952,3.951,3.95,3.949,3.948,0.0,0.0,0.0,0.0,0.0,3.953,3.954,3.955,3.956,3.957,0.0,0.0,0.0,0.0,0.0,145400.0,1559800.0,1328000.0,808800.0,439500.0,0.0,0.0,0.0,0.0,0.0,99500.0,839400.0,721900.0,1052000.0,894800.0,0.0,0.0,0.0,0.0,0.0
20230828095707832,SZSE,SZSE.ETF.159919,3.953,4.115,4.115,3.948,0.0,4.235,3.465,219847412.0,100000.0,877546052.488,395204.3000000715,0.0,0.0,20230828,20230828,95707833,3.85,0.0,0.0,3.953,3.952,3.951,3.95,3.949,0.0,0.0,0.0,0.0,0.0,3.954,3.955,3.956,3.957,3.958,0.0,0.0,0.0,0.0,0.0,1100.0,49700.0,361800.0,2493200.0,817900.0,0.0,0.0,0.0,0.0,0.0,1527200.0,1334100.0,1022000.0,126400.0,847100.0,0.0,0.0,0.0,0.0,0.0
20230828095710788,SZSE,SZSE.ETF.159919,3.953,4.115,4.115,3.948,0.0,4.235,3.465,219906212.0,58800.0,877778497.688,232445.19999992847,0.0,0.0,20230828,20230828,95710788,3.85,0.0,0.0,3.952,3.951,3.95,3.949,3.948,0.0,0.0,0.0,0.0,0.0,3.954,3.955,3.956,3.957,3.958,0.0,0.0,0.0,0.0,0.0,1348300.0,1171300.0,1799000.0,114900.0,289500.0,0.0,0.0,0.0,0.0,0.0,730600.0,1121900.0,1349000.0,329400.0,1106500.0,0.0,0.0,0.0,0.0,0.0
20230828095713800,SZSE,SZSE.ETF.159919,3.953,4.115,4.115,3.948,0.0,4.235,3.465,219908812.0,2600.0,877788775.488,10277.800000071526,0.0,0.0,20230828,20230828,95713800,3.85,0.0,0.0,3.953,3.952,3.951,3.95,3.949,0.0,0.0,0.0,0.0,0.0,3.954,3.955,3.956,3.957,3.958,0.0,0.0,0.0,0.0,0.0,376500.0,1171800.0,1397200.0,1573100.0,114900.0,0.0,0.0,0.0,0.0,0.0,730600.0,1321900.0,1149000.0,1096400.0,793200.0,0.0,0.0,0.0,0.0,0.0
20230828095716812,SZSE,SZSE.ETF.159919,3.954,4.115,4.115,3.948,0.0,4.235,3.465,219960312.0,51500.0,877992405.388,203629.89999997616,0.0,0.0,20230828,20230828,95716813,3.85,0.0,0.0,3.953,3.952,3.951,3.95,3.949,0.0,0.0,0.0,0.0,0.0,3.954,3.955,3.956,3.957,3.958,0.0,0.0,0.0,0.0,0.0,1012100.0,939000.0,960000.0,1231100.0,40500.0,0.0,0.0,0.0,0.0,0.0,687200.0,34100.0,1406800.0,1445900.0,926000.0,0.0,0.0,0.0,0.0,0.0
20230828095719792,SZSE,SZSE.ETF.159919,3.953,4.115,4.115,3.948,0.0,4.235,3.465,219985312.0,25000.0,878091230.388,98825.0,0.0,0.0,20230828,20230828,95719792,3.85,0.0,0.0,3.953,3.952,3.951,3.95,3.949,0.0,0.0,0.0,0.0,0.0,3.954,3.955,3.956,3.957,3.958,0.0,0.0,0.0,0.0,0.0,8000.0,1639000.0,969000.0,1222100.0,40500.0,0.0,0.0,0.0,0.0,0.0,687200.0,234100.0,997800.0,1668400.0,800400.0,0.0,0.0,0.0,0.0,0.0
20230828095722804,SZSE,SZSE.ETF.159919,3.954,4.115,4.115,3.948,0.0,4.235,3.465,220672812.0,687500.0,880809605.088,2718374.7000000477,0.0,0.0,20230828,20230828,95722804,3.85,0.0,0.0,3.954,3.953,3.952,3.951,3.95,0.0,0.0,0.0,0.0,0.0,3.955,3.956,3.957,3.958,3.959,0.0,0.0,0.0,0.0,0.0,290000.0,1171800.0,1037800.0,1016100.0,807000.0,0.0,0.0,0.0,0.0,0.0,134100.0,1010000.0,1023200.0,1035000.0,1296100.0,0.0,0.0,0.0,0.0,0.0
20230828095725772,SZSE,SZSE.ETF.159919,3.956,4.115,4.115,3.948,0.0,4.235,3.465,220782812.0,110000.0,881244695.088,435090.0,0.0,0.0,20230828,20230828,95725772,3.85,0.0,0.0,3.955,3.954,3.953,3.952,3.951,0.0,0.0,0.0,0.0,0.0,3.956,3.957,3.958,3.959,3.96,0.0,0.0,0.0,0.0,0.0,944000.0,770100.0,589500.0,552800.0,271000.0,0.0,0.0,0.0,0.0,0.0,72400.0,35400.0,95500.0,1419900.0,1701100.0,0.0,0.0,0.0,0.0,0.0
20230828095728760,SZSE,SZSE.ETF.159919,3.957,4.115,4.115,3.948,0.0,4.235,3.465,220859312.0,76500.0,881547379.088,302684.0,0.0,0.0,20230828,20230828,95728760,3.85,0.0,0.0,3.956,3.955,3.954,3.953,3.952,0.0,0.0,0.0,0.0,0.0,3.957,3.958,3.959,3.96,3.961,0.0,0.0,0.0,0.0,0.0,20100.0,1094000.0,887300.0,1122100.0,69800.0,0.0,0.0,0.0,0.0,0.0,76400.0,95500.0,1939400.0,995100.0,1329500.0,0.0,0.0,0.0,0.0,0.0
20230828095731776,SZSE,SZSE.ETF.159919,3.957,4.115,4.115,3.948,0.0,4.235,3.465,220859312.0,0.0,881547379.088,0.0,0.0,0.0,20230828,20230828,95731778,3.85,0.0,0.0,3.957,3.956,3.955,3.954,3.953,0.0,0.0,0.0,0.0,0.0,3.958,3.959,3.96,3.961,3.962,0.0,0.0,0.0,0.0,0.0,23600.0,966200.0,1195200.0,981500.0,163200.0,0.0,0.0,0.0,0.0,0.0,195500.0,1309400.0,1172100.0,1080400.0,748500.0,0.0,0.0,0.0,0.0,0.0
20230828095734792,SZSE,SZSE.ETF.159919,3.957,4.115,4.115,3.948,0.0,4.235,3.465,220948012.0,88700.0,881898380.988,351001.89999997616,0.0,0.0,20230828,20230828,95734794,3.85,0.0,0.0,3.957,3.956,3.955,3.954,3.953,0.0,0.0,0.0,0.0,0.0,3.958,3.959,3.96,3.961,3.962,0.0,0.0,0.0,0.0,0.0,550900.0,1184500.0,713900.0,422500.0,24200.0,0.0,0.0,0.0,0.0,0.0,115600.0,112600.0,813300.0,1939000.0,1126000.0,0.0,0.0,0.0,0.0,0.0
20230828095737812,SZSE,SZSE.ETF.159919,3.958,4.115,4.115,3.948,0.0,4.235,3.465,220955812.0,7800.0,881929248.088,30867.100000023842,0.0,0.0,20230828,20230828,95737813,3.85,0.0,0.0,3.957,3.956,3.955,3.954,3.953,0.0,0.0,0.0,0.0,0.0,3.958,3.959,3.96,3.961,3.962,0.0,0.0,0.0,0.0,0.0,857700.0,1188800.0,722900.0,305500.0,24400.0,0.0,0.0,0.0,0.0,0.0,113100.0,112600.0,1104300.0,1322400.0,1013200.0,0.0,0.0,0.0,0.0,0.0
20230828095740796,SZSE,SZSE.ETF.159919,3.958,4.115,4.115,3.948,0.0,4.235,3.465,221028312.0,72500.0,882216195.188,286947.09999990463,0.0,0.0,20230828,20230828,95740797,3.85,0.0,0.0,3.957,3.956,3.955,3.954,3.953,0.0,0.0,0.0,0.0,0.0,3.958,3.959,3.96,3.961,3.962,0.0,0.0,0.0,0.0,0.0,169400.0,1887800.0,722900.0,505500.0,34400.0,0.0,0.0,0.0,0.0,0.0,48500.0,212600.0,1204300.0,1652400.0,1065100.0,0.0,0.0,0.0,0.0,0.0
20230828095743784,SZSE,SZSE.ETF.159919,3.958,4.115,4.115,3.948,0.0,4.235,3.465,221076812.0,48500.0,882408158.188,191963.0,0.0,0.0,20230828,20230828,95743782,3.85,0.0,0.0,3.958,3.957,3.956,3.955,3.954,0.0,0.0,0.0,0.0,0.0,3.959,3.96,3.961,3.962,3.963,0.0,0.0,0.0,0.0,0.0,551500.0,1402700.0,420600.0,1018900.0,111500.0,0.0,0.0,0.0,0.0,0.0,112600.0,1225500.0,1028200.0,986200.0,839800.0,0.0,0.0,0.0,0.0,0.0
20230828095746800,SZSE,SZSE.ETF.159919,3.959,4.115,4.115,3.948,0.0,4.235,3.465,221163512.0,86700.0,882751324.788,343166.60000002384,0.0,0.0,20230828,20230828,95746799,3.85,0.0,0.0,3.958,3.957,3.956,3.955,3.954,0.0,0.0,0.0,0.0,0.0,3.959,3.96,3.961,3.962,3.963,0.0,0.0,0.0,0.0,0.0,5000.0,1474900.0,672500.0,427900.0,2500.0,0.0,0.0,0.0,0.0,0.0,604600.0,1316500.0,1098800.0,960600.0,1181700.0,0.0,0.0,0.0,0.0,0.0
20230828095749752,SZSE,SZSE.ETF.159919,3.957,4.115,4.115,3.948,0.0,4.235,3.465,221194212.0,30700.0,882872810.188,121485.39999997616,0.0,0.0,20230828,20230828,95749753,3.85,0.0,0.0,3.957,3.956,3.955,3.954,3.953,0.0,0.0,0.0,0.0,0.0,3.958,3.959,3.96,3.961,3.962,0.0,0.0,0.0,0.0,0.0,101200.0,491400.0,1275400.0,1055500.0,157200.0,0.0,0.0,0.0,0.0,0.0,150000.0,804600.0,1119700.0,1138900.0,489500.0,0.0,0.0,0.0,0.0,0.0
20230828095752816,SZSE,SZSE.ETF.159919,3.956,4.115,4.115,3.948,0.0,4.235,3.465,221558612.0,364400.0,884314494.188,1441684.0,0.0,0.0,20230828,20230828,95752817,3.85,0.0,0.0,3.955,3.954,3.953,3.952,3.951,0.0,0.0,0.0,0.0,0.0,3.956,3.958,3.959,3.96,3.961,0.0,0.0,0.0,0.0,0.0,54900.0,284000.0,489800.0,313800.0,959500.0,0.0,0.0,0.0,0.0,0.0,544800.0,730600.0,1922400.0,670300.0,835900.0,0.0,0.0,0.0,0.0,0.0
20230828095755792,SZSE,SZSE.ETF.159919,3.956,4.115,4.115,3.948,0.0,4.235,3.465,221560912.0,2300.0,884323592.988,9098.800000071526,0.0,0.0,20230828,20230828,95755791,3.85,0.0,0.0,3.955,3.954,3.953,3.952,3.951,0.0,0.0,0.0,0.0,0.0,3.956,3.957,3.958,3.959,3.96,0.0,0.0,0.0,0.0,0.0,15900.0,2500.0,1484700.0,857700.0,482100.0,0.0,0.0,0.0,0.0,0.0,969000.0,399900.0,1151000.0,1416600.0,1005200.0,0.0,0.0,0.0,0.0,0.0
20230828095758816,SZSE,SZSE.ETF.159919,3.956,4.115,4.115,3.948,0.0,4.235,3.465,221597812.0,36900.0,884469566.888,145973.89999997616,0.0,0.0,20230828,20230828,95758816,3.85,0.0,0.0,3.955,3.954,3.953,3.952,3.951,0.0,0.0,0.0,0.0,0.0,3.956,3.957,3.958,3.959,3.96,0.0,0.0,0.0,0.0,0.0,13400.0,1369700.0,827600.0,857700.0,55000.0,0.0,0.0,0.0,0.0,0.0,934600.0,401000.0,1148600.0,1603100.0,944000.0,0.0,0.0,0.0,0.0,0.0
20230828095801776,SZSE,SZSE.ETF.159919,3.956,4.115,4.115,3.948,0.0,4.235,3.465,222158812.0,561000.0,886688827.588,2219260.7000000477,0.0,0.0,20230828,20230828,95801777,3.85,0.0,0.0,3.955,3.954,3.953,3.952,3.951,0.0,0.0,0.0,0.0,0.0,3.957,3.958,3.959,3.96,3.961,0.0,0.0,0.0,0.0,0.0,50700.0,1013100.0,818600.0,866700.0,55000.0,0.0,0.0,0.0,0.0,0.0,677500.0,1157600.0,1794100.0,300300.0,425500.0,0.0,0.0,0.0,0.0,0.0
20230828095804772,SZSE,SZSE.ETF.159919,3.956,4.115,4.115,3.948,0.0,4.235,3.465,222171212.0,12400.0,886737881.988,49054.39999997616,0.0,0.0,20230828,20230828,95804772,3.85,0.0,0.0,3.956,3.955,3.954,3.953,3.952,0.0,0.0,0.0,0.0,0.0,3.957,3.958,3.959,3.96,3.961,0.0,0.0,0.0,0.0,0.0,599600.0,580300.0,1072000.0,571700.0,154700.0,0.0,0.0,0.0,0.0,0.0,1100.0,548600.0,1113400.0,1691800.0,392700.0,0.0,0.0,0.0,0.0,0.0
20230828095807812,SZSE,SZSE.ETF.159919,3.956,4.115,4.115,3.948,0.0,4.235,3.465,222171212.0,0.0,886737881.988,0.0,0.0,0.0,20230828,20230828,95807813,3.85,0.0,0.0,3.956,3.955,3.954,3.953,3.952,0.0,0.0,0.0,0.0,0.0,3.957,3.958,3.959,3.96,3.961,0.0,0.0,0.0,0.0,0.0,306800.0,1441200.0,540100.0,344700.0,255700.0,0.0,0.0,0.0,0.0,0.0,1100.0,407800.0,1113400.0,1908300.0,10400.0,0.0,0.0,0.0,0.0,0.0
20230828095810788,SZSE,SZSE.ETF.159919,3.957,4.115,4.115,3.948,0.0,4.235,3.465,222228712.0,57500.0,886965413.388,227531.39999997616,0.0,0.0,20230828,20230828,95810787,3.85,0.0,0.0,3.957,3.956,3.955,3.954,3.953,0.0,0.0,0.0,0.0,0.0,3.958,3.959,3.96,3.961,3.962,0.0,0.0,0.0,0.0,0.0,162000.0,312700.0,1485300.0,549100.0,735700.0,0.0,0.0,0.0,0.0,0.0,410100.0,1104400.0,1917300.0,96900.0,879300.0,0.0,0.0,0.0,0.0,0.0
20230828095813768,SZSE,SZSE.ETF.159919,3.956,4.115,4.115,3.948,0.0,4.235,3.465,222726712.0,498000.0,888935735.388,1970322.0,0.0,0.0,20230828,20230828,95813766,3.85,0.0,0.0,3.956,3.955,3.954,3.953,3.952,0.0,0.0,0.0,0.0,0.0,3.958,3.959,3.96,3.961,3.962,0.0,0.0,0.0,0.0,0.0,61700.0,842100.0,719100.0,735700.0,339400.0,0.0,0.0,0.0,0.0,0.0,233400.0,1890900.0,987300.0,340400.0,196700.0,0.0,0.0,0.0,0.0,0.0
20230828095816796,SZSE,SZSE.ETF.159919,3.958,4.115,4.115,3.948,0.0,4.235,3.465,222728012.0,1300.0,888940880.788,5145.399999976158,0.0,0.0,20230828,20230828,95816795,3.85,0.0,0.0,3.957,3.956,3.955,3.954,3.953,0.0,0.0,0.0,0.0,0.0,3.958,3.959,3.96,3.961,3.962,0.0,0.0,0.0,0.0,0.0,5000.0,1931200.0,312100.0,952100.0,358300.0,0.0,0.0,0.0,0.0,0.0,26200.0,596800.0,1134300.0,643400.0,693200.0,0.0,0.0,0.0,0.0,0.0
20230828095819796,SZSE,SZSE.ETF.159919,3.958,4.115,4.115,3.948,0.0,4.235,3.465,222733112.0,5100.0,888961066.588,20185.800000071526,0.0,0.0,20230828,20230828,95819796,3.85,0.0,0.0,3.957,3.956,3.955,3.954,3.953,0.0,0.0,0.0,0.0,0.0,3.958,3.959,3.96,3.961,3.962,0.0,0.0,0.0,0.0,0.0,100000.0,1881200.0,362100.0,522100.0,32700.0,0.0,0.0,0.0,0.0,0.0,14800.0,1510300.0,1370800.0,643400.0,196700.0,0.0,0.0,0.0,0.0,0.0
20230828095822816,SZSE,SZSE.ETF.159919,3.958,4.115,4.115,3.948,0.0,4.235,3.465,222801512.0,68400.0,889231793.788,270727.1999999285,0.0,0.0,20230828,20230828,95822816,3.85,0.0,0.0,3.957,3.956,3.955,3.954,3.953,0.0,0.0,0.0,0.0,0.0,3.958,3.959,3.96,3.961,3.962,0.0,0.0,0.0,0.0,0.0,101100.0,1891200.0,376600.0,913100.0,83600.0,0.0,0.0,0.0,0.0,0.0,256400.0,1310300.0,1461800.0,1022400.0,669500.0,0.0,0.0,0.0,0.0,0.0
20230828095825768,SZSE,SZSE.ETF.159919,3.958,4.115,4.115,3.948,0.0,4.235,3.465,222843012.0,41500.0,889396050.788,164257.0,0.0,0.0,20230828,20230828,95825770,3.85,0.0,0.0,3.957,3.956,3.955,3.954,3.953,0.0,0.0,0.0,0.0,0.0,3.958,3.959,3.96,3.961,3.962,0.0,0.0,0.0,0.0,0.0,253100.0,1791200.0,582600.0,913100.0,358300.0,0.0,0.0,0.0,0.0,0.0,242000.0,1486800.0,1561800.0,1022400.0,669500.0,0.0,0.0,0.0,0.0,0.0
20230828095828760,SZSE,SZSE.ETF.159919,3.958,4.115,4.115,3.948,0.0,4.235,3.465,222950312.0,107300.0,889820694.188,424643.39999997616,0.0,0.0,20230828,20230828,95828762,3.85,0.0,0.0,3.957,3.956,3.955,3.954,3.953,0.0,0.0,0.0,0.0,0.0,3.958,3.959,3.96,3.961,3.962,0.0,0.0,0.0,0.0,0.0,1497100.0,634000.0,888200.0,110100.0,358300.0,0.0,0.0,0.0,0.0,0.0,188700.0,104400.0,867800.0,1919400.0,1204100.0,0.0,0.0,0.0,0.0,0.0
20230828095831776,SZSE,SZSE.ETF.159919,3.959,4.115,4.115,3.948,0.0,4.235,3.465,223143712.0,193400.0,890586175.788,765481.6000000238,0.0,0.0,20230828,20230828,95831774,3.85,0.0,0.0,3.959,3.958,3.957,3.956,3.955,0.0,0.0,0.0,0.0,0.0,3.96,3.961,3.962,3.963,3.964,0.0,0.0,0.0,0.0,0.0,45600.0,289600.0,1614300.0,734500.0,888700.0,0.0,0.0,0.0,0.0,0.0,681300.0,2105900.0,1204100.0,610200.0,281400.0,0.0,0.0,0.0,0.0,0.0
20230828095834772,SZSE,SZSE.ETF.159919,3.958,4.115,4.115,3.948,0.0,4.235,3.465,223144612.0,900.0,890589737.988,3562.2000000476837,0.0,0.0,20230828,20230828,95834772,3.85,0.0,0.0,3.958,3.957,3.956,3.955,3.954,0.0,0.0,0.0,0.0,0.0,3.959,3.96,3.961,3.962,3.963,0.0,0.0,0.0,0.0,0.0,49000.0,1494300.0,743500.0,875300.0,365400.0,0.0,0.0,0.0,0.0,0.0,400.0,581300.0,2196900.0,1213100.0,60900.0,0.0,0.0,0.0,0.0,0.0
20230828095837808,SZSE,SZSE.ETF.159919,3.96,4.115,4.115,3.948,0.0,4.235,3.465,223219712.0,75100.0,890887133.588,297395.60000002384,0.0,0.0,20230828,20230828,95837809,3.85,0.0,0.0,3.959,3.958,3.957,3.956,3.955,0.0,0.0,0.0,0.0,0.0,3.96,3.961,3.962,3.963,3.964,0.0,0.0,0.0,0.0,0.0,484000.0,1956300.0,503100.0,675200.0,372300.0,0.0,0.0,0.0,0.0,0.0,50700.0,516300.0,2150600.0,1040200.0,109900.0,0.0,0.0,0.0,0.0,0.0
20230828095840788,SZSE,SZSE.ETF.159919,3.959,4.115,4.115,3.948,0.0,4.235,3.465,223519712.0,300000.0,892074833.588,1187700.0,0.0,0.0,20230828,20230828,95840788,3.85,0.0,0.0,3.959,3.958,3.957,3.956,3.955,0.0,0.0,0.0,0.0,0.0,3.96,3.961,3.962,3.963,3.964,0.0,0.0,0.0,0.0,0.0,400000.0,1796800.0,542100.0,813800.0,67000.0,0.0,0.0,0.0,0.0,0.0,327500.0,426300.0,1255100.0,1705700.0,356500.0,0.0,0.0,0.0,0.0,0.0
20230828095843788,SZSE,SZSE.ETF.159919,3.96,4.115,4.115,3.948,0.0,4.235,3.465,223821312.0,301600.0,893268893.088,1194059.5,0.0,0.0,20230828,20230828,95843789,3.85,0.0,0.0,3.958,3.957,3.956,3.955,3.954,0.0,0.0,0.0,0.0,0.0,3.96,3.961,3.962,3.963,3.964,0.0,0.0,0.0,0.0,0.0,1450600.0,542100.0,1313800.0,67300.0,269100.0,0.0,0.0,0.0,0.0,0.0,425800.0,610300.0,1341600.0,1219200.0,799300.0,0.0,0.0,0.0,0.0,0.0
20230828095846792,SZSE,SZSE.ETF.159919,3.96,4.115,4.115,3.948,0.0,4.235,3.465,223964312.0,143000.0,893835172.988,566279.8999999762,0.0,0.0,20230828,20230828,95846794,3.85,0.0,0.0,3.959,3.958,3.957,3.956,3.955,0.0,0.0,0.0,0.0,0.0,3.96,3.961,3.962,3.963,3.964,0.0,0.0,0.0,0.0,0.0,1300.0,861500.0,970300.0,1052800.0,367300.0,0.0,0.0,0.0,0.0,0.0,396600.0,510300.0,1100600.0,1310200.0,823000.0,0.0,0.0,0.0,0.0,0.0
20230828095849760,SZSE,SZSE.ETF.159919,3.96,4.115,4.115,3.948,0.0,4.235,3.465,224127712.0,163400.0,894482223.588,647050.6000000238,0.0,0.0,20230828,20230828,95849762,3.85,0.0,0.0,3.96,3.959,3.958,3.957,3.956,0.0,0.0,0.0,0.0,0.0,3.961,3.962,3.963,3.964,3.965,0.0,0.0,0.0,0.0,0.0,153700.0,203000.0,1531500.0,542100.0,1313800.0,0.0,0.0,0.0,0.0,0.0,507000.0,1191600.0,2019200.0,56500.0,869100.0,0.0,0.0,0.0,0.0,0.0
20230828095852780,SZSE,SZSE.ETF.159919,3.96,4.115,4.115,3.948,0.0,4.235,3.465,224172912.0,45200.0,894661215.588,178992.0,0.0,0.0,20230828,20230828,95852779,3.85,0.0,0.0,3.96,3.959,3.958,3.957,3.956,0.0,0.0,0.0,0.0,0.0,3.961,3.962,3.963,3.964,3.965,0.0,0.0,0.0,0.0,0.0,209000.0,1091700.0,591000.0,815100.0,636400.0,0.0,0.0,0.0,0.0,0.0,507000.0,491600.0,2516200.0,303900.0,790100.0,0.0,0.0,0.0,0.0,0.0
20230828095855764,SZSE,SZSE.ETF.159919,3.962,4.115,4.115,3.948,0.0,4.235,3.465,224233312.0,60400.0,894900509.988,239294.39999997616,0.0,0.0,20230828,20230828,95855764,3.85,0.0,0.0,3.961,3.96,3.959,3.958,3.957,0.0,0.0,0.0,0.0,0.0,3.962,3.963,3.964,3.965,3.966,0.0,0.0,0.0,0.0,0.0,100000.0,1164000.0,636600.0,1003500.0,803100.0,0.0,0.0,0.0,0.0,0.0,438200.0,1507200.0,1439900.0,314200.0,904700.0,0.0,0.0,0.0,0.0,0.0
20230828095858784,SZSE,SZSE.ETF.159919,3.961,4.115,4.115,3.948,0.0,4.235,3.465,224236512.0,3200.0,894913188.188,12678.199999928474,0.0,0.0,20230828,20230828,95858786,3.85,0.0,0.0,3.961,3.96,3.959,3.958,3.957,0.0,0.0,0.0,0.0,0.0,3.962,3.963,3.964,3.965,3.966,0.0,0.0,0.0,0.0,0.0,204900.0,829500.0,666600.0,670500.0,1105600.0,0.0,0.0,0.0,0.0,0.0,585200.0,2207200.0,742900.0,311200.0,46800.0,0.0,0.0,0.0,0.0,0.0
20230828095901784,SZSE,SZSE.ETF.159919,3.961,4.115,4.115,3.948,0.0,4.235,3.465,224447812.0,211300.0,895750147.488,836959.3000000715,0.0,0.0,20230828,20230828,95901782,3.85,0.0,0.0,3.961,3.96,3.959,3.958,3.957,0.0,0.0,0.0,0.0,0.0,3.962,3.963,3.964,3.965,3.966,0.0,0.0,0.0,0.0,0.0,101900.0,134100.0,1480900.0,670500.0,814100.0,0.0,0.0,0.0,0.0,0.0,236500.0,1744600.0,812900.0,741200.0,46800.0,0.0,0.0,0.0,0.0,0.0
20230828095904804,SZSE,SZSE.ETF.159919,3.96,4.115,4.115,3.948,0.0,4.235,3.465,224744312.0,296500.0,896924430.888,1174283.3999999762,0.0,0.0,20230828,20230828,95904804,3.85,0.0,0.0,3.96,3.959,3.958,3.957,3.956,0.0,0.0,0.0,0.0,0.0,3.962,3.963,3.964,3.965,3.966,0.0,0.0,0.0,0.0,0.0,28400.0,1389900.0,661500.0,814100.0,769300.0,0.0,0.0,0.0,0.0,0.0,240000.0,1744600.0,803900.0,953600.0,21200.0,0.0,0.0,0.0,0.0,0.0
20230828095907812,SZSE,SZSE.ETF.159919,3.962,4.115,4.115,3.948,0.0,4.235,3.465,224808812.0,64500.0,897179979.588,255548.70000004768,0.0,0.0,20230828,20230828,95907811,3.85,0.0,0.0,3.96,3.959,3.958,3.957,3.956,0.0,0.0,0.0,0.0,0.0,3.961,3.962,3.963,3.964,3.965,0.0,0.0,0.0,0.0,0.0,38400.0,983700.0,1167700.0,814100.0,589600.0,0.0,0.0,0.0,0.0,0.0,11700.0,560900.0,1844600.0,712900.0,809600.0,0.0,0.0,0.0,0.0,0.0
20230828095910816,SZSE,SZSE.ETF.159919,3.96,4.115,4.115,3.948,0.0,4.235,3.465,224849012.0,40200.0,897339173.388,159193.79999995232,0.0,0.0,20230828,20230828,95910818,3.85,0.0,0.0,3.959,3.958,3.957,3.956,3.955,0.0,0.0,0.0,0.0,0.0,3.96,3.961,3.962,3.963,3.964,0.0,0.0,0.0,0.0,0.0,21200.0,89600.0,11100.0,1565600.0,235200.0,0.0,0.0,0.0,0.0,0.0,1000000.0,1050300.0,461000.0,310600.0,439900.0,0.0,0.0,0.0,0.0,0.0
20230828095913864,SZSE,SZSE.ETF.159919,3.958,4.115,4.115,3.948,0.0,4.235,3.465,224931912.0,82900.0,897667315.088,328141.7000000477,0.0,0.0,20230828,20230828,95913863,3.85,0.0,0.0,3.957,3.956,3.955,3.954,3.953,0.0,0.0,0.0,0.0,0.0,3.958,3.959,3.96,3.961,3.962,0.0,0.0,0.0,0.0,0.0,50100.0,135900.0,1655900.0,619100.0,433000.0,0.0,0.0,0.0,0.0,0.0,779700.0,747400.0,1019000.0,878300.0,153800.0,0.0,0.0,0.0,0.0,0.0
20230828095916864,SZSE,SZSE.ETF.159919,3.958,4.115,4.115,3.948,0.0,4.235,3.465,224952612.0,20700.0,897749245.688,81930.59999990463,0.0,0.0,20230828,20230828,95916865,3.85,0.0,0.0,3.957,3.956,3.955,3.954,3.953,0.0,0.0,0.0,0.0,0.0,3.958,3.959,3.96,3.961,3.962,0.0,0.0,0.0,0.0,0.0,11100.0,110300.0,1520500.0,510100.0,833000.0,0.0,0.0,0.0,0.0,0.0,759000.0,1047400.0,760200.0,887300.0,170400.0,0.0,0.0,0.0,0.0,0.0
20230828095919816,SZSE,SZSE.ETF.159919,3.956,4.115,4.115,3.948,0.0,4.235,3.465,225087912.0,135300.0,898284518.988,535273.3000000715,0.0,0.0,20230828,20230828,95919817,3.85,0.0,0.0,3.955,3.954,3.953,3.952,3.951,0.0,0.0,0.0,0.0,0.0,3.956,3.957,3.958,3.959,3.96,0.0,0.0,0.0,0.0,0.0,56200.0,19100.0,785300.0,1248800.0,729100.0,0.0,0.0,0.0,0.0,0.0,623700.0,737400.0,1003000.0,410000.0,66200.0,0.0,0.0,0.0,0.0,0.0
20230828095922840,SZSE,SZSE.ETF.159919,3.956,4.115,4.115,3.948,0.0,4.235,3.465,225292312.0,204400.0,899093125.388,808606.3999999762,0.0,0.0,20230828,20230828,95922838,3.85,0.0,0.0,3.955,3.954,3.953,3.952,3.951,0.0,0.0,0.0,0.0,0.0,3.956,3.957,3.958,3.959,3.96,0.0,0.0,0.0,0.0,0.0,26200.0,10100.0,357100.0,1606900.0,429100.0,0.0,0.0,0.0,0.0,0.0,556700.0,1043300.0,703000.0,19000.0,241200.0,0.0,0.0,0.0,0.0,0.0
20230828095925808,SZSE,SZSE.ETF.159919,3.955,4.115,4.115,3.948,0.0,4.235,3.465,225383112.0,90800.0,899452239.388,359114.0,0.0,0.0,20230828,20230828,95925810,3.85,0.0,0.0,3.954,3.953,3.952,3.951,3.95,0.0,0.0,0.0,0.0,0.0,3.955,3.956,3.957,3.958,3.959,0.0,0.0,0.0,0.0,0.0,10100.0,60000.0,611200.0,1151700.0,1356200.0,0.0,0.0,0.0,0.0,0.0,388500.0,1037400.0,708900.0,612400.0,210000.0,0.0,0.0,0.0,0.0,0.0
20230828095928804,SZSE,SZSE.ETF.159919,3.954,4.115,4.115,3.948,0.0,4.235,3.465,225412112.0,29000.0,899566905.388,114666.0,0.0,0.0,20230828,20230828,95928804,3.85,0.0,0.0,3.953,3.952,3.951,3.95,3.949,0.0,0.0,0.0,0.0,0.0,3.954,3.955,3.956,3.957,3.958,0.0,0.0,0.0,0.0,0.0,30000.0,78700.0,314200.0,2036700.0,942200.0,0.0,0.0,0.0,0.0,0.0,1036900.0,779500.0,732700.0,474300.0,109000.0,0.0,0.0,0.0,0.0,0.0
20230828095931876,SZSE,SZSE.ETF.159919,3.953,4.115,4.115,3.948,0.0,4.235,3.465,225494312.0,82200.0,899891841.988,324936.60000002384,0.0,0.0,20230828,20230828,95931877,3.85,0.0,0.0,3.952,3.951,3.95,3.949,3.948,0.0,0.0,0.0,0.0,0.0,3.953,3.954,3.955,3.956,3.957,0.0,0.0,0.0,0.0,0.0,39700.0,65100.0,1799200.0,555700.0,967500.0,0.0,0.0,0.0,0.0,0.0,217300.0,737400.0,1082500.0,898100.0,114400.0,0.0,0.0,0.0,0.0,0.0
20230828095934816,SZSE,SZSE.ETF.159919,3.952,4.115,4.115,3.948,0.0,4.235,3.465,225675312.0,181000.0,900607239.288,715397.2999999523,0.0,0.0,20230828,20230828,95934817,3.85,0.0,0.0,3.951,3.95,3.949,3.948,3.947,0.0,0.0,0.0,0.0,0.0,3.952,3.953,3.954,3.955,3.956,0.0,0.0,0.0,0.0,0.0,26100.0,508500.0,1385400.0,655400.0,1222100.0,0.0,0.0,0.0,0.0,0.0,773700.0,150900.0,1083600.0,547900.0,138700.0,0.0,0.0,0.0,0.0,0.0
20230828095937840,SZSE,SZSE.ETF.159919,3.952,4.115,4.115,3.948,0.0,4.235,3.465,225745412.0,70100.0,900884274.488,277035.2000000477,0.0,0.0,20230828,20230828,95937839,3.85,0.0,0.0,3.951,3.95,3.949,3.948,3.947,0.0,0.0,0.0,0.0,0.0,3.952,3.953,3.954,3.955,3.956,0.0,0.0,0.0,0.0,0.0,26800.0,469500.0,69100.0,1010700.0,710000.0,0.0,0.0,0.0,0.0,0.0,703600.0,753900.0,488800.0,556900.0,529700.0,0.0,0.0,0.0,0.0,0.0
20230828095940772,SZSE,SZSE.ETF.159919,3.951,4.115,4.115,3.948,0.0,4.235,3.465,225867212.0,121800.0,901365606.288,481331.7999999523,0.0,0.0,20230828,20230828,95940771,3.85,0.0,0.0,3.951,3.95,3.949,3.948,3.947,0.0,0.0,0.0,0.0,0.0,3.952,3.953,3.954,3.955,3.956,0.0,0.0,0.0,0.0,0.0,8000.0,469500.0,372600.0,1631600.0,510000.0,0.0,0.0,0.0,0.0,0.0,158100.0,1617500.0,497800.0,528400.0,525600.0,0.0,0.0,0.0,0.0,0.0
20230828095943784,SZSE,SZSE.ETF.159919,3.952,4.115,4.115,3.948,0.0,4.235,3.465,226143812.0,276600.0,902458737.288,1093131.0,0.0,0.0,20230828,20230828,95943784,3.85,0.0,0.0,3.952,3.951,3.95,3.949,3.948,0.0,0.0,0.0,0.0,0.0,3.953,3.954,3.955,3.956,3.957,0.0,0.0,0.0,0.0,0.0,50000.0,1300.0,798500.0,1739800.0,664400.0,0.0,0.0,0.0,0.0,0.0,69400.0,1400800.0,460000.0,1390200.0,214400.0,0.0,0.0,0.0,0.0,0.0
20230828095946796,SZSE,SZSE.ETF.159919,3.954,4.115,4.115,3.948,0.0,4.235,3.465,226219712.0,75900.0,902758844.888,300107.60000002384,0.0,0.0,20230828,20230828,95946796,3.85,0.0,0.0,3.953,3.952,3.951,3.95,3.949,0.0,0.0,0.0,0.0,0.0,3.954,3.955,3.956,3.957,3.958,0.0,0.0,0.0,0.0,0.0,50000.0,437800.0,2700900.0,928500.0,742100.0,0.0,0.0,0.0,0.0,0.0,13900.0,137400.0,1669200.0,30400.0,977400.0,0.0,0.0,0.0,0.0,0.0
20230828095949756,SZSE,SZSE.ETF.159919,3.954,4.115,4.115,3.948,0.0,4.235,3.465,226270712.0,51000.0,902960448.888,201604.0,0.0,0.0,20230828,20230828,95949755,3.85,0.0,0.0,3.952,3.951,3.95,3.949,3.948,0.0,0.0,0.0,0.0,0.0,3.954,3.955,3.956,3.957,3.959,0.0,0.0,0.0,0.0,0.0,337800.0,2446800.0,1205400.0,458500.0,338600.0,0.0,0.0,0.0,0.0,0.0,12900.0,728400.0,812000.0,1190600.0,183700.0,0.0,0.0,0.0,0.0,0.0
20230828095952788,SZSE,SZSE.ETF.159919,3.954,4.115,4.115,3.948,0.0,4.235,3.465,226337712.0,67000.0,903225366.988,264918.10000002384,0.0,0.0,20230828,20230828,95952787,3.85,0.0,0.0,3.952,3.951,3.95,3.949,3.948,0.0,0.0,0.0,0.0,0.0,3.953,3.955,3.956,3.957,3.958,0.0,0.0,0.0,0.0,0.0,606300.0,1349600.0,1235400.0,833100.0,359600.0,0.0,0.0,0.0,0.0,0.0,2500.0,77300.0,1412000.0,468800.0,475500.0,0.0,0.0,0.0,0.0,0.0
20230828095955744,SZSE,SZSE.ETF.159919,3.955,4.115,4.115,3.948,0.0,4.235,3.465,226402112.0,64400.0,903480063.988,254697.0,0.0,0.0,20230828,20230828,95955746,3.85,0.0,0.0,3.955,3.954,3.953,3.952,3.951,0.0,0.0,0.0,0.0,0.0,3.956,3.957,3.958,3.959,3.96,0.0,0.0,0.0,0.0,0.0,4700.0,600000.0,732500.0,1006000.0,2351700.0,0.0,0.0,0.0,0.0,0.0,1009000.0,17800.0,1686700.0,759900.0,382000.0,0.0,0.0,0.0,0.0,0.0
20230828095958792,SZSE,SZSE.ETF.159919,3.956,4.115,4.115,3.948,0.0,4.235,3.465,226478412.0,76300.0,903781906.288,301842.2999999523,0.0,0.0,20230828,20230828,95958794,3.85,0.0,0.0,3.956,3.955,3.954,3.953,3.952,0.0,0.0,0.0,0.0,0.0,3.957,3.958,3.959,3.96,3.961,0.0,0.0,0.0,0.0,0.0,55800.0,982500.0,1220000.0,948900.0,409300.0,0.0,0.0,0.0,0.0,0.0,400.0,1247400.0,733000.0,2042200.0,217200.0,0.0,0.0,0.0,0.0,0.0
20230828100001808,SZSE,SZSE.ETF.159919,3.956,4.115,4.115,3.948,0.0,4.235,3.465,226655712.0,177300.0,904483425.088,701518.8000000715,0.0,0.0,20230828,20230828,100001808,3.85,0.0,0.0,3.956,3.955,3.954,3.953,3.952,0.0,0.0,0.0,0.0,0.0,3.958,3.959,3.96,3.961,3.962,0.0,0.0,0.0,0.0,0.0,598500.0,382700.0,1350000.0,245400.0,435600.0,0.0,0.0,0.0,0.0,0.0,17400.0,629400.0,1959500.0,554900.0,254100.0,0.0,0.0,0.0,0.0,0.0
20230828100004824,SZSE,SZSE.ETF.159919,3.958,4.115,4.115,3.948,0.0,4.235,3.465,226782612.0,126900.0,904985672.588,502247.5,0.0,0.0,20230828,20230828,100004826,3.85,0.0,0.0,3.957,3.956,3.955,3.954,3.953,0.0,0.0,0.0,0.0,0.0,3.958,3.959,3.96,3.961,3.962,0.0,0.0,0.0,0.0,0.0,45600.0,3000.0,200.0,1393800.0,1103600.0,0.0,0.0,0.0,0.0,0.0,268300.0,1085800.0,343000.0,133800.0,740800.0,0.0,0.0,0.0,0.0,0.0
20230828100007884,SZSE,SZSE.ETF.159919,3.958,4.115,4.115,3.948,0.0,4.235,3.465,226923012.0,140400.0,905541290.188,555617.5999999046,0.0,0.0,20230828,20230828,100007884,3.85,0.0,0.0,3.957,3.956,3.955,3.954,3.953,0.0,0.0,0.0,0.0,0.0,3.958,3.959,3.96,3.961,3.962,0.0,0.0,0.0,0.0,0.0,53900.0,662900.0,93100.0,611400.0,865000.0,0.0,0.0,0.0,0.0,0.0,900100.0,437000.0,1646200.0,742800.0,446200.0,0.0,0.0,0.0,0.0,0.0
20230828100010832,SZSE,SZSE.ETF.159919,3.958,4.115,4.115,3.948,0.0,4.235,3.465,227161612.0,238600.0,906485668.688,944378.5,0.0,0.0,20230828,20230828,100010831,3.85,0.0,0.0,3.957,3.956,3.955,3.954,3.953,0.0,0.0,0.0,0.0,0.0,3.958,3.959,3.96,3.961,3.962,0.0,0.0,0.0,0.0,0.0,817400.0,62900.0,540200.0,784300.0,344400.0,0.0,0.0,0.0,0.0,0.0,678400.0,100000.0,355200.0,2466400.0,808200.0,0.0,0.0,0.0,0.0,0.0
20230828100013840,SZSE,SZSE.ETF.159919,3.957,4.115,4.115,3.948,0.0,4.235,3.465,227873012.0,711400.0,909301361.888,2815693.2000000477,0.0,0.0,20230828,20230828,100013838,3.85,0.0,0.0,3.958,3.957,3.956,3.955,3.954,0.0,0.0,0.0,0.0,0.0,3.959,3.96,3.961,3.962,3.963,0.0,0.0,0.0,0.0,0.0,10700.0,626500.0,362900.0,549200.0,172300.0,0.0,0.0,0.0,0.0,0.0,337000.0,1574400.0,984200.0,373600.0,512200.0,0.0,0.0,0.0,0.0,0.0
20230828100016840,SZSE,SZSE.ETF.159919,3.957,4.115,4.115,3.948,0.0,4.235,3.465,228106112.0,233100.0,910223964.488,922602.6000000238,0.0,0.0,20230828,20230828,100016839,3.85,0.0,0.0,3.956,3.955,3.954,3.953,3.952,0.0,0.0,0.0,0.0,0.0,3.957,3.959,3.96,3.961,3.962,0.0,0.0,0.0,0.0,0.0,918800.0,308900.0,772300.0,812000.0,111000.0,0.0,0.0,0.0,0.0,0.0,45400.0,828100.0,1125300.0,915600.0,714200.0,0.0,0.0,0.0,0.0,0.0
20230828100019832,SZSE,SZSE.ETF.159919,3.957,4.115,4.115,3.948,0.0,4.235,3.465,228130512.0,24400.0,910320515.288,96550.79999995232,0.0,0.0,20230828,20230828,100019834,3.85,0.0,0.0,3.956,3.955,3.954,3.953,3.952,0.0,0.0,0.0,0.0,0.0,3.957,3.958,3.959,3.96,3.961,0.0,0.0,0.0,0.0,0.0,290800.0,899900.0,1081300.0,398100.0,465000.0,0.0,0.0,0.0,0.0,0.0,22300.0,837000.0,1117000.0,911100.0,538200.0,0.0,0.0,0.0,0.0,0.0
20230828100022840,SZSE,SZSE.ETF.159919,3.955,4.115,4.115,3.948,0.0,4.235,3.465,228146612.0,16100.0,910384192.788,63677.5,0.0,0.0,20230828,20230828,100022838,3.85,0.0,0.0,3.954,3.953,3.952,3.951,3.95,0.0,0.0,0.0,0.0,0.0,3.955,3.957,3.958,3.959,3.96,0.0,0.0,0.0,0.0,0.0,991100.0,953400.0,1029200.0,1532900.0,589600.0,0.0,0.0,0.0,0.0,0.0,809100.0,137400.0,1315300.0,1010300.0,398500.0,0.0,0.0,0.0,0.0,0.0
20230828100025856,SZSE,SZSE.ETF.159919,3.956,4.115,4.115,3.948,0.0,4.235,3.465,229378012.0,1231400.0,915254410.188,4870217.399999976,0.0,0.0,20230828,20230828,100025855,3.85,0.0,0.0,3.954,3.953,3.952,3.951,3.95,0.0,0.0,0.0,0.0,0.0,3.956,3.957,3.958,3.959,3.96,0.0,0.0,0.0,0.0,0.0,500.0,533200.0,1345600.0,2286400.0,620100.0,0.0,0.0,0.0,0.0,0.0,609000.0,366200.0,754300.0,502900.0,571300.0,0.0,0.0,0.0,0.0,0.0
20230828100028824,SZSE,SZSE.ETF.159919,3.956,4.115,4.115,3.948,0.0,4.235,3.465,229812112.0,434100.0,916971300.688,1716890.5,0.0,0.0,20230828,20230828,100028825,3.85,0.0,0.0,3.954,3.953,3.952,3.951,3.95,0.0,0.0,0.0,0.0,0.0,3.956,3.957,3.958,3.959,3.96,0.0,0.0,0.0,0.0,0.0,500.0,644300.0,1020000.0,1716200.0,950100.0,0.0,0.0,0.0,0.0,0.0,634000.0,803700.0,719300.0,402900.0,236900.0,0.0,0.0,0.0,0.0,0.0
20230828100031804,SZSE,SZSE.ETF.159919,3.956,4.115,4.115,3.948,0.0,4.235,3.465,229822112.0,10000.0,917010860.688,39560.0,0.0,0.0,20230828,20230828,100031804,3.85,0.0,0.0,3.954,3.953,3.952,3.951,3.95,0.0,0.0,0.0,0.0,0.0,3.956,3.957,3.958,3.959,3.96,0.0,0.0,0.0,0.0,0.0,500.0,644300.0,1020000.0,2188400.0,702900.0,0.0,0.0,0.0,0.0,0.0,725000.0,800.0,1524500.0,769100.0,518400.0,0.0,0.0,0.0,0.0,0.0
20230828100034792,SZSE,SZSE.ETF.159919,3.956,4.115,4.115,3.948,0.0,4.235,3.465,229822112.0,0.0,917010860.688,0.0,0.0,0.0,20230828,20230828,100034791,3.85,0.0,0.0,3.954,3.953,3.952,3.951,3.95,0.0,0.0,0.0,0.0,0.0,3.956,3.957,3.958,3.959,3.96,0.0,0.0,0.0,0.0,0.0,500.0,644300.0,1020000.0,1418200.0,1279800.0,0.0,0.0,0.0,0.0,0.0,1017300.0,1472200.0,553100.0,398700.0,237900.0,0.0,0.0,0.0,0.0,0.0
20230828100037808,SZSE,SZSE.ETF.159919,3.956,4.115,4.115,3.948,0.0,4.235,3.465,229827112.0,5000.0,917030640.688,19780.0,0.0,0.0,20230828,20230828,100037809,3.85,0.0,0.0,3.954,3.953,3.952,3.951,3.95,0.0,0.0,0.0,0.0,0.0,3.955,3.956,3.957,3.958,3.959,0.0,0.0,0.0,0.0,0.0,500.0,344400.0,420000.0,2018200.0,1844000.0,0.0,0.0,0.0,0.0,0.0,700000.0,1428200.0,400100.0,433600.0,118200.0,0.0,0.0,0.0,0.0,0.0
20230828100040776,SZSE,SZSE.ETF.159919,3.954,4.115,4.115,3.948,0.0,4.235,3.465,229835612.0,8500.0,917064249.688,33609.0,0.0,0.0,20230828,20230828,100040778,3.85,0.0,0.0,3.953,3.952,3.951,3.95,3.949,0.0,0.0,0.0,0.0,0.0,3.954,3.955,3.956,3.957,3.958,0.0,0.0,0.0,0.0,0.0,344400.0,440000.0,2018200.0,1690300.0,602900.0,0.0,0.0,0.0,0.0,0.0,43500.0,966200.0,1162300.0,733500.0,401800.0,0.0,0.0,0.0,0.0,0.0
20230828100043768,SZSE,SZSE.ETF.159919,3.953,4.115,4.115,3.948,0.0,4.235,3.465,229951612.0,116000.0,917522797.788,458548.10000002384,0.0,0.0,20230828,20230828,100043770,3.85,0.0,0.0,3.953,3.952,3.951,3.95,3.949,0.0,0.0,0.0,0.0,0.0,3.954,3.955,3.956,3.957,3.958,0.0,0.0,0.0,0.0,0.0,128500.0,181500.0,1427200.0,1800000.0,1023400.0,0.0,0.0,0.0,0.0,0.0,853400.0,1471400.0,789300.0,375300.0,418400.0,0.0,0.0,0.0,0.0,0.0
20230828100046792,SZSE,SZSE.ETF.159919,3.953,4.115,4.115,3.948,0.0,4.235,3.465,230133012.0,181400.0,918239924.888,717127.1000000238,0.0,0.0,20230828,20230828,100046792,3.85,0.0,0.0,3.952,3.951,3.95,3.949,3.948,0.0,0.0,0.0,0.0,0.0,3.953,3.954,3.955,3.956,3.957,0.0,0.0,0.0,0.0,0.0,91500.0,1118200.0,1209500.0,1056400.0,901300.0,0.0,0.0,0.0,0.0,0.0,477500.0,1148700.0,868400.0,425500.0,400100.0,0.0,0.0,0.0,0.0,0.0
20230828100049800,SZSE,SZSE.ETF.159919,3.953,4.115,4.115,3.948,0.0,4.235,3.465,230179812.0,46800.0,918424925.288,185000.39999997616,0.0,0.0,20230828,20230828,100049802,3.85,0.0,0.0,3.952,3.951,3.95,3.949,3.948,0.0,0.0,0.0,0.0,0.0,3.953,3.954,3.955,3.956,3.957,0.0,0.0,0.0,0.0,0.0,175300.0,1018200.0,1509500.0,1198000.0,898000.0,0.0,0.0,0.0,0.0,0.0,903200.0,345700.0,2301400.0,395500.0,406200.0,0.0,0.0,0.0,0.0,0.0
20230828100052784,SZSE,SZSE.ETF.159919,3.953,4.115,4.115,3.948,0.0,4.235,3.465,230181312.0,1500.0,918430854.788,5929.5,0.0,0.0,20230828,20230828,100052786,3.85,0.0,0.0,3.952,3.951,3.95,3.949,3.948,0.0,0.0,0.0,0.0,0.0,3.953,3.954,3.955,3.956,3.957,0.0,0.0,0.0,0.0,0.0,175300.0,1018200.0,1508800.0,898000.0,1323600.0,0.0,0.0,0.0,0.0,0.0,901700.0,445700.0,2201400.0,795500.0,380600.0,0.0,0.0,0.0,0.0,0.0
20230828100055776,SZSE,SZSE.ETF.159919,3.952,4.115,4.115,3.948,0.0,4.235,3.465,230231112.0,49800.0,918627712.188,196857.39999997616,0.0,0.0,20230828,20230828,100055774,3.85,0.0,0.0,3.952,3.951,3.95,3.949,3.948,0.0,0.0,0.0,0.0,0.0,3.953,3.954,3.955,3.956,3.957,0.0,0.0,0.0,0.0,0.0,173300.0,1418100.0,1509800.0,1033800.0,620600.0,0.0,0.0,0.0,0.0,0.0,853900.0,345700.0,730000.0,1601900.0,100100.0,0.0,0.0,0.0,0.0,0.0
20230828100058800,SZSE,SZSE.ETF.159919,3.952,4.115,4.115,3.948,0.0,4.235,3.465,230314612.0,83500.0,918957732.688,330020.5,0.0,0.0,20230828,20230828,100058802,3.85,0.0,0.0,3.952,3.951,3.95,3.949,3.948,0.0,0.0,0.0,0.0,0.0,3.953,3.954,3.955,3.956,3.957,0.0,0.0,0.0,0.0,0.0,118300.0,1416100.0,1500800.0,907000.0,923600.0,0.0,0.0,0.0,0.0,0.0,825400.0,445700.0,1042000.0,1086500.0,500100.0,0.0,0.0,0.0,0.0,0.0
20230828100101816,SZSE,SZSE.ETF.159919,3.952,4.115,4.115,3.948,0.0,4.235,3.465,230335912.0,21300.0,919041930.988,84198.30000007153,0.0,0.0,20230828,20230828,100101814,3.85,0.0,0.0,3.952,3.951,3.95,3.949,3.948,0.0,0.0,0.0,0.0,0.0,3.953,3.954,3.955,3.956,3.957,0.0,0.0,0.0,0.0,0.0,518900.0,2016100.0,1377000.0,438800.0,690600.0,0.0,0.0,0.0,0.0,0.0,858900.0,300500.0,730000.0,1101900.0,500100.0,0.0,0.0,0.0,0.0,0.0
20230828100104836,SZSE,SZSE.ETF.159919,3.954,4.115,4.115,3.948,0.0,4.235,3.465,231529512.0,1193600.0,923760427.488,4718496.5,0.0,0.0,20230828,20230828,100104836,3.85,0.0,0.0,3.953,3.952,3.951,3.95,3.949,0.0,0.0,0.0,0.0,0.0,3.954,3.955,3.956,3.957,3.958,0.0,0.0,0.0,0.0,0.0,590000.0,714500.0,2419100.0,639800.0,135800.0,0.0,0.0,0.0,0.0,0.0,300.0,100000.0,59300.0,1291800.0,2054300.0,0.0,0.0,0.0,0.0,0.0
20230828100107884,SZSE,SZSE.ETF.159919,3.954,4.115,4.115,3.948,0.0,4.235,3.465,231533512.0,4000.0,923776243.488,15816.0,0.0,0.0,20230828,20230828,100107885,3.85,0.0,0.0,3.954,3.953,3.952,3.951,3.95,0.0,0.0,0.0,0.0,0.0,3.956,3.957,3.958,3.959,3.96,0.0,0.0,0.0,0.0,0.0,48800.0,1575200.0,1020500.0,1555100.0,500800.0,0.0,0.0,0.0,0.0,0.0,50300.0,109100.0,1037900.0,2769500.0,49400.0,0.0,0.0,0.0,0.0,0.0
20230828100110840,SZSE,SZSE.ETF.159919,3.956,4.115,4.115,3.948,0.0,4.235,3.465,231633512.0,100000.0,924171742.288,395498.7999999523,0.0,0.0,20230828,20230828,100110838,3.85,0.0,0.0,3.953,3.952,3.951,3.95,3.949,0.0,0.0,0.0,0.0,0.0,3.957,3.958,3.959,3.96,3.961,0.0,0.0,0.0,0.0,0.0,122500.0,1924500.0,1819200.0,580100.0,1121200.0,0.0,0.0,0.0,0.0,0.0,1000000.0,824300.0,1648200.0,394900.0,440500.0,0.0,0.0,0.0,0.0,0.0
20230828100113808,SZSE,SZSE.ETF.159919,3.958,4.115,4.115,3.948,0.0,4.235,3.465,231676612.0,43100.0,924342325.988,170583.70000004768,0.0,0.0,20230828,20230828,100113806,3.85,0.0,0.0,3.954,3.953,3.952,3.951,3.95,0.0,0.0,0.0,0.0,0.0,3.955,3.956,3.957,3.958,3.959,0.0,0.0,0.0,0.0,0.0,29300.0,1691700.0,1130300.0,1146200.0,624900.0,0.0,0.0,0.0,0.0,0.0,100.0,10000.0,600000.0,479800.0,2419600.0,0.0,0.0,0.0,0.0,0.0
20230828100116828,SZSE,SZSE.ETF.159919,3.955,4.115,4.115,3.948,0.0,4.235,3.465,231687012.0,10400.0,924383452.688,41126.699999928474,0.0,0.0,20230828,20230828,100116829,3.85,0.0,0.0,3.955,3.954,3.953,3.952,3.951,0.0,0.0,0.0,0.0,0.0,3.956,3.958,3.959,3.96,3.961,0.0,0.0,0.0,0.0,0.0,68800.0,1667300.0,1128500.0,162800.0,1116200.0,0.0,0.0,0.0,0.0,0.0,10000.0,979800.0,1718200.0,1364800.0,672000.0,0.0,0.0,0.0,0.0,0.0
20230828100119784,SZSE,SZSE.ETF.159919,3.956,4.115,4.115,3.948,0.0,4.235,3.465,231795912.0,108900.0,924814211.088,430758.40000009537,0.0,0.0,20230828,20230828,100119786,3.85,0.0,0.0,3.955,3.954,3.953,3.952,3.951,0.0,0.0,0.0,0.0,0.0,3.956,3.958,3.959,3.96,3.961,0.0,0.0,0.0,0.0,0.0,290000.0,618900.0,1422700.0,435800.0,1167200.0,0.0,0.0,0.0,0.0,0.0,100000.0,990100.0,1997300.0,657500.0,760400.0,0.0,0.0,0.0,0.0,0.0
20230828100122812,SZSE,SZSE.ETF.159919,3.954,4.115,4.115,3.948,0.0,4.235,3.465,231843012.0,47100.0,925000527.388,186316.29999995232,0.0,0.0,20230828,20230828,100122812,3.85,0.0,0.0,3.954,3.953,3.952,3.951,3.95,0.0,0.0,0.0,0.0,0.0,3.955,3.956,3.957,3.958,3.959,0.0,0.0,0.0,0.0,0.0,5100.0,355500.0,651600.0,2311800.0,759900.0,0.0,0.0,0.0,0.0,0.0,6500.0,981100.0,1281100.0,1162500.0,548200.0,0.0,0.0,0.0,0.0,0.0
20230828100125816,SZSE,SZSE.ETF.159919,3.954,4.115,4.115,3.948,0.0,4.235,3.465,231843012.0,0.0,925000527.388,0.0,0.0,0.0,20230828,20230828,100125818,3.85,0.0,0.0,3.954,3.953,3.952,3.951,3.95,0.0,0.0,0.0,0.0,0.0,3.955,3.956,3.957,3.958,3.959,0.0,0.0,0.0,0.0,0.0,5100.0,20300.0,366800.0,1035000.0,2113400.0,0.0,0.0,0.0,0.0,0.0,1002000.0,1152500.0,411100.0,506200.0,418200.0,0.0,0.0,0.0,0.0,0.0
20230828100128792,SZSE,SZSE.ETF.159919,3.954,4.115,4.115,3.948,0.0,4.235,3.465,231857012.0,14000.0,925055883.388,55356.0,0.0,0.0,20230828,20230828,100128793,3.85,0.0,0.0,3.953,3.952,3.951,3.95,3.949,0.0,0.0,0.0,0.0,0.0,3.954,3.955,3.956,3.957,3.958,0.0,0.0,0.0,0.0,0.0,20300.0,357800.0,2111200.0,1349200.0,649500.0,0.0,0.0,0.0,0.0,0.0,900000.0,1058000.0,381100.0,1476600.0,548100.0,0.0,0.0,0.0,0.0,0.0
20230828100131784,SZSE,SZSE.ETF.159919,3.954,4.115,4.115,3.948,0.0,4.235,3.465,231866812.0,9800.0,925094632.588,38749.200000047684,0.0,0.0,20230828,20230828,100131785,3.85,0.0,0.0,3.954,3.953,3.952,3.951,3.95,0.0,0.0,0.0,0.0,0.0,3.955,3.956,3.957,3.958,3.959,0.0,0.0,0.0,0.0,0.0,100.0,49400.0,48600.0,2822400.0,1349200.0,0.0,0.0,0.0,0.0,0.0,967100.0,981100.0,1108200.0,1016500.0,557200.0,0.0,0.0,0.0,0.0,0.0
20230828100134780,SZSE,SZSE.ETF.159919,3.955,4.115,4.115,3.948,0.0,4.235,3.465,231872712.0,5900.0,925117967.088,23334.5,0.0,0.0,20230828,20230828,100134779,3.85,0.0,0.0,3.954,3.953,3.952,3.951,3.95,0.0,0.0,0.0,0.0,0.0,3.955,3.957,3.958,3.959,3.96,0.0,0.0,0.0,0.0,0.0,100.0,83200.0,1143800.0,2128200.0,646200.0,0.0,0.0,0.0,0.0,0.0,961200.0,1386300.0,955400.0,343500.0,263400.0,0.0,0.0,0.0,0.0,0.0
20230828100137784,SZSE,SZSE.ETF.159919,3.954,4.115,4.115,3.948,0.0,4.235,3.465,231878512.0,5800.0,925140900.288,22933.199999928474,0.0,0.0,20230828,20230828,100137786,3.85,0.0,0.0,3.954,3.953,3.952,3.951,3.95,0.0,0.0,0.0,0.0,0.0,3.955,3.957,3.958,3.959,3.96,0.0,0.0,0.0,0.0,0.0,95300.0,85200.0,1515600.0,2128200.0,646200.0,0.0,0.0,0.0,0.0,0.0,964900.0,1320100.0,1488800.0,518200.0,588700.0,0.0,0.0,0.0,0.0,0.0
20230828100140808,SZSE,SZSE.ETF.159919,3.957,4.115,4.115,3.948,0.0,4.235,3.465,232003212.0,124700.0,925634188.788,493288.5,0.0,0.0,20230828,20230828,100140807,3.85,0.0,0.0,3.954,3.953,3.952,3.951,3.95,0.0,0.0,0.0,0.0,0.0,3.957,3.958,3.959,3.96,3.961,0.0,0.0,0.0,0.0,0.0,95300.0,1159800.0,1160400.0,1516200.0,646200.0,0.0,0.0,0.0,0.0,0.0,990200.0,1277500.0,1519600.0,688700.0,380500.0,0.0,0.0,0.0,0.0,0.0
20230828100143796,SZSE,SZSE.ETF.159919,3.957,4.115,4.115,3.948,0.0,4.235,3.465,232072912.0,69700.0,925909991.688,275802.89999997616,0.0,0.0,20230828,20230828,100143797,3.85,0.0,0.0,3.955,3.954,3.953,3.952,3.951,0.0,0.0,0.0,0.0,0.0,3.957,3.958,3.959,3.96,3.961,0.0,0.0,0.0,0.0,0.0,100100.0,607500.0,859800.0,1160400.0,1141800.0,0.0,0.0,0.0,0.0,0.0,1271300.0,1211300.0,1051200.0,593700.0,485100.0,0.0,0.0,0.0,0.0,0.0
20230828100146804,SZSE,SZSE.ETF.159919,3.954,4.115,4.115,3.948,0.0,4.235,3.465,232106412.0,33500.0,926042467.788,132476.10000002384,0.0,0.0,20230828,20230828,100146804,3.85,0.0,0.0,3.954,3.953,3.952,3.951,3.95,0.0,0.0,0.0,0.0,0.0,3.955,3.956,3.957,3.958,3.959,0.0,0.0,0.0,0.0,0.0,93500.0,441600.0,1485600.0,1923900.0,680600.0,0.0,0.0,0.0,0.0,0.0,1300.0,1863400.0,493600.0,1273700.0,357200.0,0.0,0.0,0.0,0.0,0.0
20230828100149800,SZSE,SZSE.ETF.159919,3.956,4.115,4.115,3.948,0.0,4.235,3.465,232120112.0,13700.0,926096658.188,54190.39999997616,0.0,0.0,20230828,20230828,100149799,3.85,0.0,0.0,3.955,3.953,3.952,3.951,3.95,0.0,0.0,0.0,0.0,0.0,3.956,3.957,3.958,3.959,3.96,0.0,0.0,0.0,0.0,0.0,100000.0,402600.0,1925600.0,1419200.0,646000.0,0.0,0.0,0.0,0.0,0.0,875400.0,995600.0,1512700.0,710000.0,537800.0,0.0,0.0,0.0,0.0,0.0
20230828100152792,SZSE,SZSE.ETF.159919,3.956,4.115,4.115,3.948,0.0,4.235,3.465,232135512.0,15400.0,926157574.588,60916.40000009537,0.0,0.0,20230828,20230828,100152790,3.85,0.0,0.0,3.955,3.953,3.952,3.951,3.95,0.0,0.0,0.0,0.0,0.0,3.956,3.957,3.958,3.959,3.96,0.0,0.0,0.0,0.0,0.0,130000.0,1209700.0,1161400.0,1566200.0,785300.0,0.0,0.0,0.0,0.0,0.0,866000.0,14500.0,1561300.0,1455800.0,830200.0,0.0,0.0,0.0,0.0,0.0
20230828100155812,SZSE,SZSE.ETF.159919,3.955,4.115,4.115,3.948,0.0,4.235,3.465,232250112.0,114600.0,926610797.588,453223.0,0.0,0.0,20230828,20230828,100155812,3.85,0.0,0.0,3.955,3.954,3.953,3.952,3.951,0.0,0.0,0.0,0.0,0.0,3.957,3.958,3.959,3.96,3.961,0.0,0.0,0.0,0.0,0.0,65400.0,618800.0,1391500.0,1187400.0,1191800.0,0.0,0.0,0.0,0.0,0.0,868000.0,1231300.0,1357400.0,892500.0,545100.0,0.0,0.0,0.0,0.0,0.0
20230828100158788,SZSE,SZSE.ETF.159919,3.957,4.115,4.115,3.948,0.0,4.235,3.465,232295212.0,45100.0,926789255.888,178458.29999995232,0.0,0.0,20230828,20230828,100158788,3.85,0.0,0.0,3.956,3.955,3.954,3.953,3.952,0.0,0.0,0.0,0.0,0.0,3.957,3.958,3.959,3.96,3.961,0.0,0.0,0.0,0.0,0.0,2000.0,184000.0,719200.0,1430500.0,847400.0,0.0,0.0,0.0,0.0,0.0,126100.0,1563400.0,751300.0,922500.0,845500.0,0.0,0.0,0.0,0.0,0.0
20230828100201788,SZSE,SZSE.ETF.159919,3.957,4.115,4.115,3.948,0.0,4.235,3.465,232340512.0,45300.0,926968491.588,179235.70000004768,0.0,0.0,20230828,20230828,100201787,3.85,0.0,0.0,3.957,3.956,3.955,3.954,3.953,0.0,0.0,0.0,0.0,0.0,3.958,3.959,3.96,3.961,3.962,0.0,0.0,0.0,0.0,0.0,300.0,18800.0,1594500.0,842400.0,525300.0,0.0,0.0,0.0,0.0,0.0,59400.0,599300.0,1857200.0,1493200.0,456800.0,0.0,0.0,0.0,0.0,0.0
20230828100204812,SZSE,SZSE.ETF.159919,3.956,4.115,4.115,3.948,0.0,4.235,3.465,232417112.0,76600.0,927271574.088,303082.5,0.0,0.0,20230828,20230828,100204812,3.85,0.0,0.0,3.956,3.955,3.954,3.953,3.952,0.0,0.0,0.0,0.0,0.0,3.957,3.958,3.959,3.96,3.961,0.0,0.0,0.0,0.0,0.0,5000.0,1924500.0,826800.0,250900.0,256800.0,0.0,0.0,0.0,0.0,0.0,1700.0,133100.0,118200.0,1857200.0,1541400.0,0.0,0.0,0.0,0.0,0.0
20230828100207848,SZSE,SZSE.ETF.159919,3.958,4.115,4.115,3.948,0.0,4.235,3.465,232461712.0,44600.0,927448088.388,176514.29999995232,0.0,0.0,20230828,20230828,100207850,3.85,0.0,0.0,3.958,3.957,3.956,3.955,3.954,0.0,0.0,0.0,0.0,0.0,3.959,3.96,3.961,3.962,3.963,0.0,0.0,0.0,0.0,0.0,89500.0,890000.0,1749100.0,927300.0,153800.0,0.0,0.0,0.0,0.0,0.0,18200.0,642600.0,40000.0,2291400.0,1072800.0,0.0,0.0,0.0,0.0,0.0
20230828100210876,SZSE,SZSE.ETF.159919,3.958,4.115,4.115,3.948,0.0,4.235,3.465,233732412.0,1270700.0,932476939.788,5028851.399999976,0.0,0.0,20230828,20230828,100210875,3.85,0.0,0.0,3.958,3.957,3.956,3.955,3.954,0.0,0.0,0.0,0.0,0.0,3.96,3.961,3.962,3.963,3.964,0.0,0.0,0.0,0.0,0.0,76300.0,1867200.0,1161900.0,236300.0,114800.0,0.0,0.0,0.0,0.0,0.0,240300.0,1134500.0,1567200.0,1487200.0,495100.0,0.0,0.0,0.0,0.0,0.0
20230828100213832,SZSE,SZSE.ETF.159919,3.961,4.115,4.115,3.948,0.0,4.235,3.465,234159912.0,427500.0,934170117.288,1693177.5,0.0,0.0,20230828,20230828,100213830,3.85,0.0,0.0,3.958,3.957,3.956,3.955,3.954,0.0,0.0,0.0,0.0,0.0,3.96,3.961,3.962,3.963,3.964,0.0,0.0,0.0,0.0,0.0,62600.0,100000.0,1067900.0,1297500.0,219400.0,0.0,0.0,0.0,0.0,0.0,1099900.0,499900.0,2022300.0,79600.0,746400.0,0.0,0.0,0.0,0.0,0.0
20230828100216808,SZSE,SZSE.ETF.159919,3.958,4.115,4.115,3.948,0.0,4.235,3.465,234281012.0,121100.0,934649502.188,479384.89999997616,0.0,0.0,20230828,20230828,100216810,3.85,0.0,0.0,3.958,3.956,3.955,3.954,3.953,0.0,0.0,0.0,0.0,0.0,3.959,3.96,3.961,3.962,3.963,0.0,0.0,0.0,0.0,0.0,4500.0,1646200.0,975700.0,1389600.0,285300.0,0.0,0.0,0.0,0.0,0.0,928800.0,1224000.0,1271300.0,393000.0,149600.0,0.0,0.0,0.0,0.0,0.0
20230828100219800,SZSE,SZSE.ETF.159919,3.959,4.115,4.115,3.948,0.0,4.235,3.465,234308612.0,27600.0,934758770.588,109268.40000009537,0.0,0.0,20230828,20230828,100219802,3.85,0.0,0.0,3.958,3.956,3.955,3.954,3.953,0.0,0.0,0.0,0.0,0.0,3.959,3.96,3.961,3.962,3.963,0.0,0.0,0.0,0.0,0.0,4500.0,1714900.0,1472900.0,843400.0,339000.0,0.0,0.0,0.0,0.0,0.0,902200.0,1224000.0,1271300.0,423000.0,474900.0,0.0,0.0,0.0,0.0,0.0
20230828100222788,SZSE,SZSE.ETF.159919,3.959,4.115,4.115,3.948,0.0,4.235,3.465,234336812.0,28200.0,934870404.388,111633.79999995232,0.0,0.0,20230828,20230828,100222787,3.85,0.0,0.0,3.957,3.956,3.955,3.954,3.953,0.0,0.0,0.0,0.0,0.0,3.959,3.96,3.961,3.962,3.963,0.0,0.0,0.0,0.0,0.0,10000.0,1712200.0,1343600.0,1310600.0,339000.0,0.0,0.0,0.0,0.0,0.0,1708100.0,399900.0,1680300.0,384000.0,415400.0,0.0,0.0,0.0,0.0,0.0
20230828100225792,SZSE,SZSE.ETF.159919,3.96,4.115,4.115,3.948,0.0,4.235,3.465,234355912.0,19100.0,934946022.988,75618.60000002384,0.0,0.0,20230828,20230828,100225790,3.85,0.0,0.0,3.959,3.958,3.957,3.956,3.955,0.0,0.0,0.0,0.0,0.0,3.96,3.961,3.962,3.963,3.964,0.0,0.0,0.0,0.0,0.0,9100.0,10000.0,815100.0,2796100.0,1149600.0,0.0,0.0,0.0,0.0,0.0,844100.0,982300.0,1825400.0,214200.0,441400.0,0.0,0.0,0.0,0.0,0.0
20230828100228792,SZSE,SZSE.ETF.159919,3.958,4.115,4.115,3.948,0.0,4.235,3.465,234413712.0,57800.0,935174822.688,228799.69999992847,0.0,0.0,20230828,20230828,100228790,3.85,0.0,0.0,3.958,3.957,3.956,3.955,3.954,0.0,0.0,0.0,0.0,0.0,3.96,3.961,3.962,3.963,3.964,0.0,0.0,0.0,0.0,0.0,77100.0,618300.0,1142900.0,1774800.0,957100.0,0.0,0.0,0.0,0.0,0.0,1709600.0,1347600.0,796800.0,375800.0,432300.0,0.0,0.0,0.0,0.0,0.0
20230828100231768,SZSE,SZSE.ETF.159919,3.959,4.115,4.115,3.948,0.0,4.235,3.465,234446512.0,32800.0,935304675.988,129853.30000007153,0.0,0.0,20230828,20230828,100231770,3.85,0.0,0.0,3.958,3.957,3.956,3.955,3.954,0.0,0.0,0.0,0.0,0.0,3.959,3.96,3.961,3.962,3.963,0.0,0.0,0.0,0.0,0.0,3100.0,110500.0,1646200.0,1034400.0,1086600.0,0.0,0.0,0.0,0.0,0.0,1658700.0,696100.0,844600.0,763000.0,109600.0,0.0,0.0,0.0,0.0,0.0
20230828100234736,SZSE,SZSE.ETF.159919,3.959,4.115,4.115,3.948,0.0,4.235,3.465,234629612.0,183100.0,936029568.888,724892.8999999762,0.0,0.0,20230828,20230828,100234738,3.85,0.0,0.0,3.958,3.957,3.956,3.955,3.954,0.0,0.0,0.0,0.0,0.0,3.959,3.96,3.961,3.962,3.963,0.0,0.0,0.0,0.0,0.0,103100.0,13900.0,1773000.0,1501600.0,843400.0,0.0,0.0,0.0,0.0,0.0,818500.0,893100.0,1347600.0,723000.0,109600.0,0.0,0.0,0.0,0.0,0.0
20230828100237760,SZSE,SZSE.ETF.159919,3.959,4.115,4.115,3.948,0.0,4.235,3.465,234694612.0,65000.0,936286903.888,257335.0,0.0,0.0,20230828,20230828,100237760,3.85,0.0,0.0,3.958,3.957,3.956,3.955,3.954,0.0,0.0,0.0,0.0,0.0,3.959,3.96,3.961,3.962,3.963,0.0,0.0,0.0,0.0,0.0,153700.0,13900.0,1749100.0,1783800.0,843400.0,0.0,0.0,0.0,0.0,0.0,1626600.0,293500.0,1286600.0,724000.0,109600.0,0.0,0.0,0.0,0.0,0.0
20230828100240772,SZSE,SZSE.ETF.159919,3.959,4.115,4.115,3.948,0.0,4.235,3.465,234705412.0,10800.0,936329661.088,42757.200000047684,0.0,0.0,20230828,20230828,100240772,3.85,0.0,0.0,3.958,3.957,3.956,3.955,3.954,0.0,0.0,0.0,0.0,0.0,3.959,3.96,3.961,3.962,3.963,0.0,0.0,0.0,0.0,0.0,153700.0,13900.0,1749100.0,1783800.0,843400.0,0.0,0.0,0.0,0.0,0.0,1615900.0,293500.0,1522800.0,488800.0,109600.0,0.0,0.0,0.0,0.0,0.0
20230828100243752,SZSE,SZSE.ETF.159919,3.959,4.115,4.115,3.948,0.0,4.235,3.465,234729912.0,24500.0,936426656.588,96995.5,0.0,0.0,20230828,20230828,100243754,3.85,0.0,0.0,3.958,3.957,3.956,3.955,3.954,0.0,0.0,0.0,0.0,0.0,3.959,3.96,3.961,3.962,3.963,0.0,0.0,0.0,0.0,0.0,156700.0,13900.0,1759200.0,1307600.0,1210600.0,0.0,0.0,0.0,0.0,0.0,1607700.0,293500.0,1613800.0,497800.0,109600.0,0.0,0.0,0.0,0.0,0.0
20230828100246736,SZSE,SZSE.ETF.159919,3.958,4.115,4.115,3.948,0.0,4.235,3.465,234734112.0,4200.0,936443283.688,16627.099999904633,0.0,0.0,20230828,20230828,100246736,3.85,0.0,0.0,3.958,3.957,3.956,3.955,3.954,0.0,0.0,0.0,0.0,0.0,3.959,3.96,3.961,3.962,3.963,0.0,0.0,0.0,0.0,0.0,56000.0,116600.0,1759200.0,1308100.0,1007600.0,0.0,0.0,0.0,0.0,0.0,1604200.0,696800.0,1110800.0,456800.0,109600.0,0.0,0.0,0.0,0.0,0.0
20230828100249728,SZSE,SZSE.ETF.159919,3.958,4.115,4.115,3.948,0.0,4.235,3.465,234811612.0,77500.0,936750032.688,306749.0,0.0,0.0,20230828,20230828,100249727,3.85,0.0,0.0,3.957,3.956,3.955,3.954,3.953,0.0,0.0,0.0,0.0,0.0,3.958,3.959,3.96,3.961,3.962,0.0,0.0,0.0,0.0,0.0,143100.0,1622300.0,443900.0,1507600.0,1053800.0,0.0,0.0,0.0,0.0,0.0,717200.0,859500.0,1165200.0,881400.0,457800.0,0.0,0.0,0.0,0.0,0.0
20230828100252748,SZSE,SZSE.ETF.159919,3.958,4.115,4.115,3.948,0.0,4.235,3.465,234849212.0,37600.0,936898853.488,148820.80000007153,0.0,0.0,20230828,20230828,100252747,3.85,0.0,0.0,3.957,3.956,3.955,3.954,3.953,0.0,0.0,0.0,0.0,0.0,3.958,3.959,3.96,3.961,3.962,0.0,0.0,0.0,0.0,0.0,55500.0,1114000.0,47100.0,1033500.0,1704600.0,0.0,0.0,0.0,0.0,0.0,1551600.0,1271400.0,660000.0,142100.0,457800.0,0.0,0.0,0.0,0.0,0.0
20230828100255760,SZSE,SZSE.ETF.159919,3.957,4.115,4.115,3.948,0.0,4.235,3.465,235408512.0,559300.0,939112007.388,2213153.899999976,0.0,0.0,20230828,20230828,100255759,3.85,0.0,0.0,3.956,3.955,3.954,3.953,3.952,0.0,0.0,0.0,0.0,0.0,3.957,3.958,3.959,3.96,3.961,0.0,0.0,0.0,0.0,0.0,1114000.0,37600.0,1042500.0,1111800.0,1476200.0,0.0,0.0,0.0,0.0,0.0,983600.0,484700.0,1271400.0,495900.0,433100.0,0.0,0.0,0.0,0.0,0.0
20230828100258768,SZSE,SZSE.ETF.159919,3.957,4.115,4.115,3.948,0.0,4.235,3.465,235523312.0,114800.0,939566270.988,454263.60000002384,0.0,0.0,20230828,20230828,100258769,3.85,0.0,0.0,3.956,3.955,3.954,3.953,3.952,0.0,0.0,0.0,0.0,0.0,3.957,3.958,3.959,3.96,3.961,0.0,0.0,0.0,0.0,0.0,1014000.0,703600.0,1076500.0,511800.0,1337100.0,0.0,0.0,0.0,0.0,0.0,329600.0,1040200.0,1437600.0,361200.0,444200.0,0.0,0.0,0.0,0.0,0.0
20230828100301776,SZSE,SZSE.ETF.159919,3.957,4.115,4.115,3.948,0.0,4.235,3.465,235569212.0,45900.0,939747894.288,181623.29999995232,0.0,0.0,20230828,20230828,100301775,3.85,0.0,0.0,3.956,3.955,3.954,3.953,3.952,0.0,0.0,0.0,0.0,0.0,3.957,3.958,3.959,3.96,3.961,0.0,0.0,0.0,0.0,0.0,1101000.0,603600.0,1067500.0,988000.0,844300.0,0.0,0.0,0.0,0.0,0.0,41200.0,840200.0,2246600.0,852800.0,169800.0,0.0,0.0,0.0,0.0,0.0
20230828100304768,SZSE,SZSE.ETF.159919,3.959,4.115,4.115,3.948,0.0,4.235,3.465,236874412.0,1305200.0,944913416.488,5165522.200000048,0.0,0.0,20230828,20230828,100304770,3.85,0.0,0.0,3.957,3.956,3.955,3.954,3.953,0.0,0.0,0.0,0.0,0.0,3.959,3.96,3.961,3.962,3.963,0.0,0.0,0.0,0.0,0.0,96900.0,846700.0,1626300.0,444800.0,991000.0,0.0,0.0,0.0,0.0,0.0,374200.0,2224200.0,407500.0,537600.0,134900.0,0.0,0.0,0.0,0.0,0.0
20230828100307800,SZSE,SZSE.ETF.159919,3.957,4.115,4.115,3.948,0.0,4.235,3.465,236900312.0,25900.0,945015927.188,102510.69999992847,0.0,0.0,20230828,20230828,100307799,3.85,0.0,0.0,3.957,3.956,3.955,3.954,3.953,0.0,0.0,0.0,0.0,0.0,3.958,3.959,3.96,3.961,3.962,0.0,0.0,0.0,0.0,0.0,18000.0,712000.0,1455600.0,714800.0,1083600.0,0.0,0.0,0.0,0.0,0.0,76600.0,1836600.0,1089000.0,540300.0,398300.0,0.0,0.0,0.0,0.0,0.0
20230828100310804,SZSE,SZSE.ETF.159919,3.957,4.115,4.115,3.948,0.0,4.235,3.465,236950312.0,50000.0,945213777.188,197850.0,0.0,0.0,20230828,20230828,100310804,3.85,0.0,0.0,3.957,3.956,3.955,3.954,3.953,0.0,0.0,0.0,0.0,0.0,3.958,3.959,3.96,3.961,3.962,0.0,0.0,0.0,0.0,0.0,187400.0,1450600.0,1119300.0,1191000.0,468500.0,0.0,0.0,0.0,0.0,0.0,176600.0,266200.0,2038400.0,501300.0,423900.0,0.0,0.0,0.0,0.0,0.0
20230828100313824,SZSE,SZSE.ETF.159919,3.958,4.115,4.115,3.948,0.0,4.235,3.465,237451812.0,501500.0,947198712.688,1984935.5,0.0,0.0,20230828,20230828,100313823,3.85,0.0,0.0,3.958,3.957,3.956,3.955,3.954,0.0,0.0,0.0,0.0,0.0,3.959,3.96,3.961,3.962,3.963,0.0,0.0,0.0,0.0,0.0,134700.0,1424600.0,1715900.0,820200.0,114800.0,0.0,0.0,0.0,0.0,0.0,100000.0,362800.0,541700.0,3290500.0,648600.0,0.0,0.0,0.0,0.0,0.0
20230828100316824,SZSE,SZSE.ETF.159919,3.959,4.115,4.115,3.948,0.0,4.235,3.465,237607412.0,155600.0,947815002.488,616289.8000000715,0.0,0.0,20230828,20230828,100316826,3.85,0.0,0.0,3.959,3.958,3.957,3.956,3.955,0.0,0.0,0.0,0.0,0.0,3.96,3.961,3.962,3.963,3.964,0.0,0.0,0.0,0.0,0.0,34900.0,2000.0,1734600.0,1154900.0,578200.0,0.0,0.0,0.0,0.0,0.0,100.0,1268200.0,822400.0,653800.0,495300.0,0.0,0.0,0.0,0.0,0.0
20230828100319816,SZSE,SZSE.ETF.159919,3.96,4.115,4.115,3.948,0.0,4.235,3.465,239639312.0,2031900.0,955858430.188,8043427.6999999285,0.0,0.0,20230828,20230828,100319818,3.85,0.0,0.0,3.96,3.957,3.956,3.955,3.954,0.0,0.0,0.0,0.0,0.0,3.961,3.962,3.963,3.964,3.965,0.0,0.0,0.0,0.0,0.0,16400.0,1124200.0,1452100.0,1004300.0,556800.0,0.0,0.0,0.0,0.0,0.0,2703300.0,756800.0,253800.0,381600.0,280100.0,0.0,0.0,0.0,0.0,0.0
20230828100322792,SZSE,SZSE.ETF.159919,3.961,4.115,4.115,3.948,0.0,4.235,3.465,240721012.0,1081700.0,960141502.988,4283072.8000000715,0.0,0.0,20230828,20230828,100322790,3.85,0.0,0.0,3.958,3.957,3.956,3.955,3.954,0.0,0.0,0.0,0.0,0.0,3.959,3.961,3.962,3.963,3.964,0.0,0.0,0.0,0.0,0.0,693400.0,829500.0,1913100.0,553800.0,140100.0,0.0,0.0,0.0,0.0,0.0,45000.0,718200.0,2189200.0,732800.0,381600.0,0.0,0.0,0.0,0.0,0.0
20230828100325796,SZSE,SZSE.ETF.159919,3.959,4.115,4.115,3.948,0.0,4.235,3.465,240954712.0,233700.0,961066909.388,925406.3999999762,0.0,0.0,20230828,20230828,100325796,3.85,0.0,0.0,3.958,3.957,3.956,3.955,3.954,0.0,0.0,0.0,0.0,0.0,3.959,3.96,3.961,3.962,3.963,0.0,0.0,0.0,0.0,0.0,88900.0,1120500.0,1454900.0,978700.0,443100.0,0.0,0.0,0.0,0.0,0.0,2300.0,911900.0,1621200.0,1295200.0,749400.0,0.0,0.0,0.0,0.0,0.0
20230828100328764,SZSE,SZSE.ETF.159919,3.96,4.115,4.115,3.948,0.0,4.235,3.465,241000312.0,45600.0,961247483.088,180573.70000004768,0.0,0.0,20230828,20230828,100328764,3.85,0.0,0.0,3.958,3.957,3.956,3.955,3.954,0.0,0.0,0.0,0.0,0.0,3.96,3.961,3.962,3.963,3.964,0.0,0.0,0.0,0.0,0.0,788900.0,820500.0,1922100.0,314500.0,265700.0,0.0,0.0,0.0,0.0,0.0,768600.0,821200.0,2198200.0,623800.0,520900.0,0.0,0.0,0.0,0.0,0.0
20230828100331760,SZSE,SZSE.ETF.159919,3.959,4.115,4.115,3.948,0.0,4.235,3.465,241118812.0,118500.0,961716624.588,469141.5,0.0,0.0,20230828,20230828,100331761,3.85,0.0,0.0,3.958,3.957,3.956,3.955,3.954,0.0,0.0,0.0,0.0,0.0,3.959,3.96,3.961,3.962,3.963,0.0,0.0,0.0,0.0,0.0,704300.0,1097800.0,2025100.0,111500.0,319400.0,0.0,0.0,0.0,0.0,0.0,187900.0,768600.0,3000.0,945100.0,1811000.0,0.0,0.0,0.0,0.0,0.0
20230828100334776,SZSE,SZSE.ETF.159919,3.96,4.115,4.115,3.948,0.0,4.235,3.465,241367512.0,248700.0,962701288.688,984664.0999999046,0.0,0.0,20230828,20230828,100334774,3.85,0.0,0.0,3.958,3.957,3.956,3.955,3.954,0.0,0.0,0.0,0.0,0.0,3.959,3.96,3.961,3.962,3.963,0.0,0.0,0.0,0.0,0.0,1686100.0,1577200.0,1157900.0,111500.0,214800.0,0.0,0.0,0.0,0.0,0.0,1000.0,807800.0,3000.0,1345100.0,1336600.0,0.0,0.0,0.0,0.0,0.0
20230828100337748,SZSE,SZSE.ETF.159919,3.96,4.115,4.115,3.948,0.0,4.235,3.465,241440612.0,73100.0,962990763.688,289475.0,0.0,0.0,20230828,20230828,100337748,3.85,0.0,0.0,3.959,3.958,3.957,3.956,3.955,0.0,0.0,0.0,0.0,0.0,3.96,3.961,3.962,3.963,3.964,0.0,0.0,0.0,0.0,0.0,599000.0,1410500.0,1380200.0,1157900.0,111500.0,0.0,0.0,0.0,0.0,0.0,735700.0,3000.0,426700.0,1912300.0,580400.0,0.0,0.0,0.0,0.0,0.0
20230828100340792,SZSE,SZSE.ETF.159919,3.959,4.115,4.115,3.948,0.0,4.235,3.465,241463312.0,22700.0,963080646.688,89883.0,0.0,0.0,20230828,20230828,100340792,3.85,0.0,0.0,3.959,3.958,3.957,3.956,3.955,0.0,0.0,0.0,0.0,0.0,3.96,3.961,3.962,3.963,3.964,0.0,0.0,0.0,0.0,0.0,902800.0,1429400.0,1410200.0,824900.0,111500.0,0.0,0.0,0.0,0.0,0.0,725500.0,3000.0,26800.0,1343900.0,1598100.0,0.0,0.0,0.0,0.0,0.0
20230828100343760,SZSE,SZSE.ETF.159919,3.96,4.115,4.115,3.948,0.0,4.235,3.465,241678312.0,215000.0,963931936.688,851290.0,0.0,0.0,20230828,20230828,100343759,3.85,0.0,0.0,3.959,3.958,3.957,3.956,3.955,0.0,0.0,0.0,0.0,0.0,3.96,3.961,3.962,3.963,3.964,0.0,0.0,0.0,0.0,0.0,522100.0,1544000.0,1319200.0,815900.0,237100.0,0.0,0.0,0.0,0.0,0.0,520500.0,103000.0,17800.0,1352900.0,1272500.0,0.0,0.0,0.0,0.0,0.0
20230828100346784,SZSE,SZSE.ETF.159919,3.96,4.115,4.115,3.948,0.0,4.235,3.465,242275812.0,597500.0,966298104.088,2366167.4000000954,0.0,0.0,20230828,20230828,100346786,3.85,0.0,0.0,3.96,3.959,3.958,3.957,3.956,0.0,0.0,0.0,0.0,0.0,3.962,3.963,3.964,3.965,3.966,0.0,0.0,0.0,0.0,0.0,1900300.0,2063100.0,735200.0,149000.0,815900.0,0.0,0.0,0.0,0.0,0.0,117400.0,34600.0,1419400.0,1571800.0,721300.0,0.0,0.0,0.0,0.0,0.0
20230828100349776,SZSE,SZSE.ETF.159919,3.962,4.115,4.115,3.948,0.0,4.235,3.465,242507812.0,232000.0,967217366.488,919262.3999999762,0.0,0.0,20230828,20230828,100349776,3.85,0.0,0.0,3.962,3.961,3.96,3.959,3.958,0.0,0.0,0.0,0.0,0.0,3.964,3.965,3.966,3.967,3.968,0.0,0.0,0.0,0.0,0.0,29000.0,116300.0,2409500.0,1032800.0,474200.0,0.0,0.0,0.0,0.0,0.0,909000.0,1066500.0,1443200.0,218800.0,400900.0,0.0,0.0,0.0,0.0,0.0
20230828100352812,SZSE,SZSE.ETF.159919,3.964,4.115,4.115,3.948,0.0,4.235,3.465,242696012.0,188200.0,967963254.888,745888.3999999762,0.0,0.0,20230828,20230828,100352812,3.85,0.0,0.0,3.961,3.96,3.959,3.958,3.957,0.0,0.0,0.0,0.0,0.0,3.962,3.964,3.965,3.966,3.967,0.0,0.0,0.0,0.0,0.0,1978300.0,1017400.0,469100.0,157800.0,195300.0,0.0,0.0,0.0,0.0,0.0,100.0,25700.0,1523500.0,1585400.0,577700.0,0.0,0.0,0.0,0.0,0.0
20230828100355840,SZSE,SZSE.ETF.159919,3.965,4.115,4.115,3.948,0.0,4.235,3.465,242751612.0,55600.0,968183682.888,220428.0,0.0,0.0,20230828,20230828,100355840,3.85,0.0,0.0,3.962,3.961,3.96,3.959,3.958,0.0,0.0,0.0,0.0,0.0,3.965,3.966,3.967,3.968,3.969,0.0,0.0,0.0,0.0,0.0,102500.0,2228300.0,982000.0,470400.0,170500.0,0.0,0.0,0.0,0.0,0.0,1502700.0,1636900.0,647200.0,426500.0,129300.0,0.0,0.0,0.0,0.0,0.0
20230828100358808,SZSE,SZSE.ETF.159919,3.962,4.115,4.115,3.948,0.0,4.235,3.465,242785812.0,34200.0,968319225.288,135542.39999997616,0.0,0.0,20230828,20230828,100358807,3.85,0.0,0.0,3.961,3.96,3.959,3.958,3.957,0.0,0.0,0.0,0.0,0.0,3.962,3.963,3.964,3.965,3.966,0.0,0.0,0.0,0.0,0.0,400000.0,732100.0,1154000.0,1065800.0,473000.0,0.0,0.0,0.0,0.0,0.0,4000.0,600000.0,1100000.0,1043800.0,730300.0,0.0,0.0,0.0,0.0,0.0
20230828100401808,SZSE,SZSE.ETF.159919,3.962,4.115,4.115,3.948,0.0,4.235,3.465,242792012.0,6200.0,968343789.688,24564.399999976158,0.0,0.0,20230828,20230828,100401807,3.85,0.0,0.0,3.962,3.961,3.96,3.959,3.958,0.0,0.0,0.0,0.0,0.0,3.963,3.964,3.965,3.966,3.967,0.0,0.0,0.0,0.0,0.0,13800.0,200.0,693100.0,1367400.0,886800.0,0.0,0.0,0.0,0.0,0.0,600000.0,621300.0,968800.0,995500.0,312800.0,0.0,0.0,0.0,0.0,0.0
20230828100404808,SZSE,SZSE.ETF.159919,3.962,4.115,4.115,3.948,0.0,4.235,3.465,244347912.0,1555900.0,974510118.988,6166329.3000000715,0.0,0.0,20230828,20230828,100404809,3.85,0.0,0.0,3.961,3.96,3.959,3.958,3.957,0.0,0.0,0.0,0.0,0.0,3.962,3.963,3.964,3.965,3.966,0.0,0.0,0.0,0.0,0.0,5200.0,145800.0,477100.0,1622100.0,1283900.0,0.0,0.0,0.0,0.0,0.0,277200.0,1200000.0,660500.0,755000.0,965500.0,0.0,0.0,0.0,0.0,0.0
20230828100407836,SZSE,SZSE.ETF.159919,3.962,4.115,4.115,3.948,0.0,4.235,3.465,244806212.0,458300.0,976325608.188,1815489.1999999285,0.0,0.0,20230828,20230828,100407835,3.85,0.0,0.0,3.96,3.959,3.958,3.957,3.956,0.0,0.0,0.0,0.0,0.0,3.962,3.963,3.964,3.965,3.966,0.0,0.0,0.0,0.0,0.0,125400.0,64700.0,155900.0,1300000.0,1747700.0,0.0,0.0,0.0,0.0,0.0,1505700.0,1260600.0,1077200.0,425000.0,86900.0,0.0,0.0,0.0,0.0,0.0
20230828100410856,SZSE,SZSE.ETF.159919,3.961,4.115,4.115,3.948,0.0,4.235,3.465,244902712.0,96500.0,976707844.688,382236.5,0.0,0.0,20230828,20230828,100410855,3.85,0.0,0.0,3.961,3.96,3.959,3.958,3.957,0.0,0.0,0.0,0.0,0.0,3.962,3.963,3.964,3.965,3.966,0.0,0.0,0.0,0.0,0.0,5700.0,126400.0,764300.0,494900.0,1445500.0,0.0,0.0,0.0,0.0,0.0,886700.0,1444300.0,596500.0,516000.0,381100.0,0.0,0.0,0.0,0.0,0.0
20230828100413824,SZSE,SZSE.ETF.159919,3.961,4.115,4.115,3.948,0.0,4.235,3.465,244960112.0,57400.0,976935219.788,227375.10000002384,0.0,0.0,20230828,20230828,100413822,3.85,0.0,0.0,3.961,3.96,3.959,3.958,3.957,0.0,0.0,0.0,0.0,0.0,3.962,3.963,3.964,3.965,3.966,0.0,0.0,0.0,0.0,0.0,5800.0,114600.0,21900.0,194900.0,1578300.0,0.0,0.0,0.0,0.0,0.0,2621700.0,601700.0,879000.0,116000.0,327400.0,0.0,0.0,0.0,0.0,0.0
20230828100416816,SZSE,SZSE.ETF.159919,3.961,4.115,4.115,3.948,0.0,4.235,3.465,246558412.0,1598300.0,983267607.388,6332387.600000024,0.0,0.0,20230828,20230828,100416818,3.85,0.0,0.0,3.96,3.959,3.958,3.957,3.956,0.0,0.0,0.0,0.0,0.0,3.961,3.962,3.963,3.964,3.965,0.0,0.0,0.0,0.0,0.0,114600.0,21900.0,17500.0,1209600.0,1580500.0,0.0,0.0,0.0,0.0,0.0,523000.0,760500.0,1244200.0,879000.0,16000.0,0.0,0.0,0.0,0.0,0.0
20230828100419792,SZSE,SZSE.ETF.159919,3.96,4.115,4.115,3.948,0.0,4.235,3.465,247142412.0,584000.0,985580252.488,2312645.100000024,0.0,0.0,20230828,20230828,100419791,3.85,0.0,0.0,3.959,3.958,3.957,3.956,3.955,0.0,0.0,0.0,0.0,0.0,3.96,3.961,3.962,3.963,3.964,0.0,0.0,0.0,0.0,0.0,24900.0,17500.0,30000.0,1483900.0,1065000.0,0.0,0.0,0.0,0.0,0.0,633500.0,800200.0,1247900.0,430000.0,609000.0,0.0,0.0,0.0,0.0,0.0
20230828100422820,SZSE,SZSE.ETF.159919,3.96,4.115,4.115,3.948,0.0,4.235,3.465,247287412.0,145000.0,986154313.088,574060.6000000238,0.0,0.0,20230828,20230828,100422819,3.85,0.0,0.0,3.958,3.957,3.956,3.955,3.954,0.0,0.0,0.0,0.0,0.0,3.959,3.96,3.961,3.962,3.963,0.0,0.0,0.0,0.0,0.0,608500.0,764200.0,1014100.0,620300.0,431500.0,0.0,0.0,0.0,0.0,0.0,10000.0,584200.0,356000.0,1529600.0,749000.0,0.0,0.0,0.0,0.0,0.0
20230828100425812,SZSE,SZSE.ETF.159919,3.96,4.115,4.115,3.948,0.0,4.235,3.465,247332812.0,45400.0,986334087.088,179774.0,0.0,0.0,20230828,20230828,100425812,3.85,0.0,0.0,3.958,3.957,3.956,3.955,3.954,0.0,0.0,0.0,0.0,0.0,3.96,3.961,3.962,3.963,3.964,0.0,0.0,0.0,0.0,0.0,8500.0,858000.0,1520300.0,1294700.0,471700.0,0.0,0.0,0.0,0.0,0.0,404600.0,1030900.0,1307900.0,1384100.0,239300.0,0.0,0.0,0.0,0.0,0.0
20230828100428784,SZSE,SZSE.ETF.159919,3.96,4.115,4.115,3.948,0.0,4.235,3.465,247363512.0,30700.0,986455659.088,121572.0,0.0,0.0,20230828,20230828,100428786,3.85,0.0,0.0,3.958,3.956,3.955,3.954,3.953,0.0,0.0,0.0,0.0,0.0,3.96,3.961,3.962,3.963,3.964,0.0,0.0,0.0,0.0,0.0,8500.0,1612300.0,1761900.0,497100.0,610400.0,0.0,0.0,0.0,0.0,0.0,1418800.0,897900.0,1377900.0,384100.0,104600.0,0.0,0.0,0.0,0.0,0.0
20230828100431792,SZSE,SZSE.ETF.159919,3.96,4.115,4.115,3.948,0.0,4.235,3.465,247393212.0,29700.0,986573261.888,117602.79999995232,0.0,0.0,20230828,20230828,100431793,3.85,0.0,0.0,3.959,3.958,3.956,3.955,3.954,0.0,0.0,0.0,0.0,0.0,3.96,3.961,3.962,3.963,3.964,0.0,0.0,0.0,0.0,0.0,100000.0,62000.0,1582900.0,1491900.0,797100.0,0.0,0.0,0.0,0.0,0.0,1493700.0,1100200.0,1333700.0,384100.0,704600.0,0.0,0.0,0.0,0.0,0.0
20230828100434784,SZSE,SZSE.ETF.159919,3.96,4.115,4.115,3.948,0.0,4.235,3.465,247662012.0,268800.0,987637708.888,1064447.0,0.0,0.0,20230828,20230828,100434786,3.85,0.0,0.0,3.959,3.958,3.956,3.955,3.954,0.0,0.0,0.0,0.0,0.0,3.96,3.961,3.962,3.963,3.964,0.0,0.0,0.0,0.0,0.0,2500.0,187900.0,1344000.0,1375500.0,856800.0,0.0,0.0,0.0,0.0,0.0,1470100.0,1056000.0,893700.0,3600.0,880500.0,0.0,0.0,0.0,0.0,0.0
20230828100437768,SZSE,SZSE.ETF.159919,3.959,4.115,4.115,3.948,0.0,4.235,3.465,247765612.0,103600.0,988047951.088,410242.2000000477,0.0,0.0,20230828,20230828,100437768,3.85,0.0,0.0,3.958,3.956,3.955,3.954,3.953,0.0,0.0,0.0,0.0,0.0,3.959,3.96,3.961,3.962,3.963,0.0,0.0,0.0,0.0,0.0,190900.0,782500.0,930000.0,1324000.0,522100.0,0.0,0.0,0.0,0.0,0.0,403000.0,844200.0,1696000.0,93700.0,884100.0,0.0,0.0,0.0,0.0,0.0
20230828100440792,SZSE,SZSE.ETF.159919,3.959,4.115,4.115,3.948,0.0,4.235,3.465,248031012.0,265400.0,989098669.688,1050718.5999999046,0.0,0.0,20230828,20230828,100440794,3.85,0.0,0.0,3.959,3.958,3.956,3.955,3.954,0.0,0.0,0.0,0.0,0.0,3.96,3.961,3.962,3.963,3.964,0.0,0.0,0.0,0.0,0.0,11900.0,193900.0,724900.0,646400.0,754700.0,0.0,0.0,0.0,0.0,0.0,1249700.0,1726000.0,163700.0,909700.0,139100.0,0.0,0.0,0.0,0.0,0.0
20230828100443764,SZSE,SZSE.ETF.159919,3.959,4.115,4.115,3.948,0.0,4.235,3.465,248133412.0,102400.0,989504071.288,405401.60000002384,0.0,0.0,20230828,20230828,100443764,3.85,0.0,0.0,3.958,3.956,3.955,3.954,3.953,0.0,0.0,0.0,0.0,0.0,3.959,3.96,3.961,3.962,3.963,0.0,0.0,0.0,0.0,0.0,193900.0,724900.0,955800.0,919300.0,812100.0,0.0,0.0,0.0,0.0,0.0,1193500.0,946700.0,1396000.0,374200.0,603600.0,0.0,0.0,0.0,0.0,0.0
20230828100446768,SZSE,SZSE.ETF.159919,3.958,4.115,4.115,3.948,0.0,4.235,3.465,248279912.0,146500.0,990083944.588,579873.3000000715,0.0,0.0,20230828,20230828,100446769,3.85,0.0,0.0,3.957,3.956,3.955,3.954,3.953,0.0,0.0,0.0,0.0,0.0,3.958,3.959,3.96,3.961,3.962,0.0,0.0,0.0,0.0,0.0,100000.0,724900.0,16400.0,917500.0,1443900.0,0.0,0.0,0.0,0.0,0.0,973300.0,956700.0,902500.0,226000.0,944200.0,0.0,0.0,0.0,0.0,0.0
20230828100449788,SZSE,SZSE.ETF.159919,3.958,4.115,4.115,3.948,0.0,4.235,3.465,248426512.0,146600.0,990664187.388,580242.7999999523,0.0,0.0,20230828,20230828,100449787,3.85,0.0,0.0,3.957,3.956,3.955,3.954,3.953,0.0,0.0,0.0,0.0,0.0,3.958,3.959,3.96,3.961,3.962,0.0,0.0,0.0,0.0,0.0,100000.0,715900.0,1025300.0,784700.0,1390400.0,0.0,0.0,0.0,0.0,0.0,979100.0,1159700.0,1562500.0,665000.0,960800.0,0.0,0.0,0.0,0.0,0.0
20230828100452756,SZSE,SZSE.ETF.159919,3.958,4.115,4.115,3.948,0.0,4.235,3.465,248581112.0,154600.0,991276094.188,611906.7999999523,0.0,0.0,20230828,20230828,100452757,3.85,0.0,0.0,3.957,3.956,3.955,3.954,3.953,0.0,0.0,0.0,0.0,0.0,3.958,3.959,3.96,3.961,3.962,0.0,0.0,0.0,0.0,0.0,600000.0,1633000.0,455300.0,1168800.0,412100.0,0.0,0.0,0.0,0.0,0.0,1734500.0,460600.0,103000.0,1458500.0,1080300.0,0.0,0.0,0.0,0.0,0.0
20230828100455816,SZSE,SZSE.ETF.159919,3.958,4.115,4.115,3.948,0.0,4.235,3.465,250044912.0,1463800.0,997068414.588,5792320.400000095,0.0,0.0,20230828,20230828,100455817,3.85,0.0,0.0,3.957,3.956,3.955,3.954,3.953,0.0,0.0,0.0,0.0,0.0,3.958,3.959,3.96,3.961,3.962,0.0,0.0,0.0,0.0,0.0,1467100.0,765800.0,658400.0,17800.0,210100.0,0.0,0.0,0.0,0.0,0.0,302400.0,116400.0,343000.0,1849200.0,763800.0,0.0,0.0,0.0,0.0,0.0
20230828100458832,SZSE,SZSE.ETF.159919,3.958,4.115,4.115,3.948,0.0,4.235,3.465,250347412.0,302500.0,998265709.588,1197295.0,0.0,0.0,20230828,20230828,100458834,3.85,0.0,0.0,3.957,3.956,3.955,3.954,3.953,0.0,0.0,0.0,0.0,0.0,3.959,3.96,3.961,3.962,3.963,0.0,0.0,0.0,0.0,0.0,1067200.0,1644100.0,758400.0,117800.0,235700.0,0.0,0.0,0.0,0.0,0.0,16400.0,103300.0,1774900.0,1631900.0,1548700.0,0.0,0.0,0.0,0.0,0.0
20230828100501808,SZSE,SZSE.ETF.159919,3.961,4.115,4.115,3.948,0.0,4.235,3.465,250469112.0,121700.0,998747642.188,481932.59999990463,0.0,0.0,20230828,20230828,100501808,3.85,0.0,0.0,3.96,3.959,3.957,3.956,3.955,0.0,0.0,0.0,0.0,0.0,3.961,3.962,3.963,3.964,3.965,0.0,0.0,0.0,0.0,0.0,85000.0,10000.0,1078300.0,1644100.0,758400.0,0.0,0.0,0.0,0.0,0.0,1158000.0,1727700.0,1327100.0,865900.0,22200.0,0.0,0.0,0.0,0.0,0.0
20230828100504796,SZSE,SZSE.ETF.159919,3.96,4.115,4.115,3.948,0.0,4.235,3.465,250501912.0,32800.0,998877562.888,129920.70000004768,0.0,0.0,20230828,20230828,100504797,3.85,0.0,0.0,3.96,3.959,3.958,3.957,3.956,0.0,0.0,0.0,0.0,0.0,3.961,3.962,3.963,3.964,3.965,0.0,0.0,0.0,0.0,0.0,84900.0,10000.0,1067200.0,350100.0,1369700.0,0.0,0.0,0.0,0.0,0.0,216300.0,1294700.0,1286800.0,1380600.0,422200.0,0.0,0.0,0.0,0.0,0.0
20230828100507824,SZSE,SZSE.ETF.159919,3.96,4.115,4.115,3.948,0.0,4.235,3.465,250604312.0,102400.0,999283084.388,405521.5,0.0,0.0,20230828,20230828,100507823,3.85,0.0,0.0,3.959,3.958,3.957,3.956,3.955,0.0,0.0,0.0,0.0,0.0,3.96,3.961,3.962,3.963,3.964,0.0,0.0,0.0,0.0,0.0,10000.0,1107200.0,1098400.0,1165800.0,281000.0,0.0,0.0,0.0,0.0,0.0,26500.0,98800.0,1354700.0,1186800.0,1380600.0,0.0,0.0,0.0,0.0,0.0
20230828100510836,SZSE,SZSE.ETF.159919,3.96,4.115,4.115,3.948,0.0,4.235,3.465,250643712.0,39400.0,999439108.388,156024.0,0.0,0.0,20230828,20230828,100510835,3.85,0.0,0.0,3.959,3.958,3.957,3.956,3.955,0.0,0.0,0.0,0.0,0.0,3.96,3.961,3.962,3.963,3.964,0.0,0.0,0.0,0.0,0.0,10000.0,1177200.0,1328400.0,1068800.0,116400.0,0.0,0.0,0.0,0.0,0.0,1315200.0,198800.0,1054700.0,1526800.0,1428700.0,0.0,0.0,0.0,0.0,0.0
20230828100513816,SZSE,SZSE.ETF.159919,3.96,4.115,4.115,3.948,0.0,4.235,3.465,250665212.0,21500.0,999524248.388,85140.0,0.0,0.0,20230828,20230828,100513815,3.85,0.0,0.0,3.959,3.958,3.957,3.956,3.955,0.0,0.0,0.0,0.0,0.0,3.96,3.961,3.962,3.963,3.964,0.0,0.0,0.0,0.0,0.0,10000.0,10000.0,1217300.0,944200.0,1019400.0,0.0,0.0,0.0,0.0,0.0,2440000.0,98800.0,1528800.0,1755600.0,125700.0,0.0,0.0,0.0,0.0,0.0
20230828100516816,SZSE,SZSE.ETF.159919,3.96,4.115,4.115,3.948,0.0,4.235,3.465,250680412.0,15200.0,999584440.388,60192.0,0.0,0.0,20230828,20230828,100516817,3.85,0.0,0.0,3.959,3.958,3.957,3.956,3.955,0.0,0.0,0.0,0.0,0.0,3.96,3.961,3.962,3.963,3.964,0.0,0.0,0.0,0.0,0.0,715800.0,477200.0,41100.0,1077900.0,416400.0,0.0,0.0,0.0,0.0,0.0,1368600.0,1098800.0,1337900.0,1403600.0,854000.0,0.0,0.0,0.0,0.0,0.0
20230828100519800,SZSE,SZSE.ETF.159919,3.96,4.115,4.115,3.948,0.0,4.235,3.465,250709012.0,28600.0,999697696.388,113256.0,0.0,0.0,20230828,20230828,100519801,3.85,0.0,0.0,3.959,3.958,3.957,3.956,3.955,0.0,0.0,0.0,0.0,0.0,3.96,3.961,3.962,3.963,3.964,0.0,0.0,0.0,0.0,0.0,715800.0,477200.0,1319400.0,1177900.0,116400.0,0.0,0.0,0.0,0.0,0.0,1530800.0,1129700.0,1335500.0,1517800.0,828700.0,0.0,0.0,0.0,0.0,0.0
20230828100522784,SZSE,SZSE.ETF.159919,3.96,4.115,4.115,3.948,0.0,4.235,3.465,250727912.0,18900.0,999772540.388,74844.0,0.0,0.0,20230828,20230828,100522784,3.85,0.0,0.0,3.959,3.958,3.957,3.956,3.955,0.0,0.0,0.0,0.0,0.0,3.96,3.961,3.962,3.963,3.964,0.0,0.0,0.0,0.0,0.0,615800.0,577200.0,1328400.0,1068900.0,116400.0,0.0,0.0,0.0,0.0,0.0,1511900.0,1329700.0,2384700.0,1196800.0,1109200.0,0.0,0.0,0.0,0.0,0.0
20230828100525760,SZSE,SZSE.ETF.159919,3.959,4.115,4.115,3.948,0.0,4.235,3.465,250751112.0,23200.0,999864409.088,91868.70000004768,0.0,0.0,20230828,20230828,100525759,3.85,0.0,0.0,3.959,3.958,3.957,3.956,3.955,0.0,0.0,0.0,0.0,0.0,3.96,3.961,3.962,3.963,3.964,0.0,0.0,0.0,0.0,0.0,612500.0,577200.0,1318300.0,1177900.0,116400.0,0.0,0.0,0.0,0.0,0.0,1593000.0,1329700.0,2093700.0,1487800.0,828700.0,0.0,0.0,0.0,0.0,0.0
20230828100528760,SZSE,SZSE.ETF.159919,3.96,4.115,4.115,3.948,0.0,4.235,3.465,250775612.0,24500.0,999961429.088,97020.0,0.0,0.0,20230828,20230828,100528759,3.85,0.0,0.0,3.959,3.958,3.957,3.956,3.955,0.0,0.0,0.0,0.0,0.0,3.96,3.961,3.962,3.963,3.964,0.0,0.0,0.0,0.0,0.0,12500.0,1177200.0,1327300.0,1068900.0,116400.0,0.0,0.0,0.0,0.0,0.0,2494700.0,329700.0,2154700.0,1286800.0,1728700.0,0.0,0.0,0.0,0.0,0.0
20230828100531760,SZSE,SZSE.ETF.159919,3.959,4.115,4.115,3.948,0.0,4.235,3.465,250844712.0,69100.0,1000235059.888,273630.7999999523,0.0,0.0,20230828,20230828,100531759,3.85,0.0,0.0,3.959,3.958,3.957,3.956,3.955,0.0,0.0,0.0,0.0,0.0,3.96,3.961,3.962,3.963,3.964,0.0,0.0,0.0,0.0,0.0,8400.0,610000.0,1194500.0,1065900.0,819400.0,0.0,0.0,0.0,0.0,0.0,2347700.0,229700.0,3155600.0,1029800.0,1425700.0,0.0,0.0,0.0,0.0,0.0
20230828100534740,SZSE,SZSE.ETF.159919,3.959,4.115,4.115,3.948,0.0,4.235,3.465,250892912.0,48200.0,1000425923.488,190863.60000002384,0.0,0.0,20230828,20230828,100534740,3.85,0.0,0.0,3.958,3.957,3.956,3.955,3.954,0.0,0.0,0.0,0.0,0.0,3.959,3.96,3.961,3.962,3.963,0.0,0.0,0.0,0.0,0.0,10000.0,940000.0,942100.0,416400.0,651500.0,0.0,0.0,0.0,0.0,0.0,1038700.0,1380700.0,1233600.0,2997600.0,1587800.0,0.0,0.0,0.0,0.0,0.0
20230828100537764,SZSE,SZSE.ETF.159919,3.958,4.115,4.115,3.948,0.0,4.235,3.465,250930812.0,37900.0,1000575931.688,150008.19999992847,0.0,0.0,20230828,20230828,100537763,3.85,0.0,0.0,3.957,3.956,3.955,3.954,3.953,0.0,0.0,0.0,0.0,0.0,3.958,3.959,3.96,3.961,3.962,0.0,0.0,0.0,0.0,0.0,10000.0,1004900.0,783600.0,1008500.0,1077700.0,0.0,0.0,0.0,0.0,0.0,862100.0,47700.0,2341200.0,1280800.0,3194600.0,0.0,0.0,0.0,0.0,0.0
20230828100540768,SZSE,SZSE.ETF.159919,3.958,4.115,4.115,3.948,0.0,4.235,3.465,250951812.0,21000.0,1000659049.688,83118.0,0.0,0.0,20230828,20230828,100540769,3.85,0.0,0.0,3.957,3.956,3.955,3.954,3.953,0.0,0.0,0.0,0.0,0.0,3.958,3.959,3.96,3.961,3.962,0.0,0.0,0.0,0.0,0.0,10000.0,965900.0,522600.0,1308500.0,438700.0,0.0,0.0,0.0,0.0,0.0,841100.0,140200.0,2463800.0,1175600.0,3155600.0,0.0,0.0,0.0,0.0,0.0
20230828100543784,SZSE,SZSE.ETF.159919,3.958,4.115,4.115,3.948,0.0,4.235,3.465,250962712.0,10900.0,1000702191.888,43142.200000047684,0.0,0.0,20230828,20230828,100543786,3.85,0.0,0.0,3.957,3.956,3.955,3.954,3.953,0.0,0.0,0.0,0.0,0.0,3.958,3.959,3.96,3.961,3.962,0.0,0.0,0.0,0.0,0.0,610000.0,833100.0,1333700.0,733200.0,235700.0,0.0,0.0,0.0,0.0,0.0,830200.0,140200.0,1419700.0,1372600.0,3342800.0,0.0,0.0,0.0,0.0,0.0
20230828100546764,SZSE,SZSE.ETF.159919,3.957,4.115,4.115,3.948,0.0,4.235,3.465,251028312.0,65600.0,1000961804.488,259612.60000002384,0.0,0.0,20230828,20230828,100546763,3.85,0.0,0.0,3.956,3.955,3.954,3.953,3.952,0.0,0.0,0.0,0.0,0.0,3.957,3.958,3.959,3.96,3.961,0.0,0.0,0.0,0.0,0.0,365900.0,1113600.0,1017500.0,1113100.0,296500.0,0.0,0.0,0.0,0.0,0.0,764800.0,88200.0,67900.0,2528700.0,1810800.0,0.0,0.0,0.0,0.0,0.0
20230828100549768,SZSE,SZSE.ETF.159919,3.956,4.115,4.115,3.948,0.0,4.235,3.465,251422712.0,394400.0,1002522050.888,1560246.3999999762,0.0,0.0,20230828,20230828,100549768,3.85,0.0,0.0,3.955,3.954,3.953,3.952,3.951,0.0,0.0,0.0,0.0,0.0,3.956,3.958,3.959,3.96,3.961,0.0,0.0,0.0,0.0,0.0,616400.0,1414700.0,510100.0,760400.0,368100.0,0.0,0.0,0.0,0.0,0.0,370400.0,88200.0,1172900.0,2510800.0,1333600.0,0.0,0.0,0.0,0.0,0.0
20230828100552780,SZSE,SZSE.ETF.159919,3.956,4.115,4.115,3.948,0.0,4.235,3.465,251429412.0,6700.0,1002548556.088,26505.200000047684,0.0,0.0,20230828,20230828,100552780,3.85,0.0,0.0,3.955,3.954,3.953,3.952,3.951,0.0,0.0,0.0,0.0,0.0,3.956,3.958,3.959,3.96,3.961,0.0,0.0,0.0,0.0,0.0,16400.0,1097400.0,1427400.0,734800.0,229000.0,0.0,0.0,0.0,0.0,0.0,363700.0,688200.0,957600.0,3093200.0,472700.0,0.0,0.0,0.0,0.0,0.0
20230828100555784,SZSE,SZSE.ETF.159919,3.955,4.115,4.115,3.948,0.0,4.235,3.465,251459812.0,30400.0,1002668814.688,120258.59999990463,0.0,0.0,20230828,20230828,100555783,3.85,0.0,0.0,3.955,3.954,3.953,3.952,3.951,0.0,0.0,0.0,0.0,0.0,3.956,3.958,3.959,3.96,3.961,0.0,0.0,0.0,0.0,0.0,12800.0,1097400.0,1418400.0,743800.0,254600.0,0.0,0.0,0.0,0.0,0.0,382600.0,1158900.0,705400.0,3332600.0,498300.0,0.0,0.0,0.0,0.0,0.0
20230828100558796,SZSE,SZSE.ETF.159919,3.956,4.115,4.115,3.948,0.0,4.235,3.465,251479212.0,19400.0,1002745561.088,76746.40000009537,0.0,0.0,20230828,20230828,100558796,3.85,0.0,0.0,3.955,3.954,3.953,3.952,3.951,0.0,0.0,0.0,0.0,0.0,3.956,3.958,3.959,3.96,3.961,0.0,0.0,0.0,0.0,0.0,12800.0,1097400.0,1118400.0,1043800.0,229000.0,0.0,0.0,0.0,0.0,0.0,363200.0,759000.0,746700.0,3214000.0,872700.0,0.0,0.0,0.0,0.0,0.0
20230828100601784,SZSE,SZSE.ETF.159919,3.956,4.115,4.115,3.948,0.0,4.235,3.465,251492212.0,13000.0,1002796989.088,51428.0,0.0,0.0,20230828,20230828,100601784,3.85,0.0,0.0,3.955,3.954,3.953,3.952,3.951,0.0,0.0,0.0,0.0,0.0,3.956,3.957,3.958,3.959,3.96,0.0,0.0,0.0,0.0,0.0,612800.0,1595700.0,843100.0,140900.0,229000.0,0.0,0.0,0.0,0.0,0.0,42500.0,407700.0,159000.0,1598100.0,1919900.0,0.0,0.0,0.0,0.0,0.0
20230828100604764,SZSE,SZSE.ETF.159919,3.955,4.115,4.115,3.948,0.0,4.235,3.465,251527412.0,35200.0,1002936239.488,139250.39999997616,0.0,0.0,20230828,20230828,100604765,3.85,0.0,0.0,3.955,3.954,3.953,3.952,3.951,0.0,0.0,0.0,0.0,0.0,3.956,3.957,3.958,3.959,3.96,0.0,0.0,0.0,0.0,0.0,642900.0,1295700.0,830100.0,843900.0,280000.0,0.0,0.0,0.0,0.0,0.0,315800.0,200000.0,89000.0,1512500.0,2197300.0,0.0,0.0,0.0,0.0,0.0
20230828100607808,SZSE,SZSE.ETF.159919,3.956,4.115,4.115,3.948,0.0,4.235,3.465,251535412.0,8000.0,1002967887.488,31648.0,0.0,0.0,20230828,20230828,100607807,3.85,0.0,0.0,3.955,3.954,3.953,3.952,3.951,0.0,0.0,0.0,0.0,0.0,3.956,3.957,3.958,3.959,3.96,0.0,0.0,0.0,0.0,0.0,1110100.0,1228500.0,1133100.0,140900.0,254600.0,0.0,0.0,0.0,0.0,0.0,356100.0,232000.0,403900.0,816700.0,2174800.0,0.0,0.0,0.0,0.0,0.0
20230828100610812,SZSE,SZSE.ETF.159919,3.956,4.115,4.115,3.948,0.0,4.235,3.465,251605112.0,69700.0,1003243610.488,275723.0,0.0,0.0,20230828,20230828,100610813,3.85,0.0,0.0,3.955,3.954,3.953,3.952,3.951,0.0,0.0,0.0,0.0,0.0,3.956,3.957,3.958,3.959,3.96,0.0,0.0,0.0,0.0,0.0,1099900.0,1528500.0,842100.0,131900.0,254700.0,0.0,0.0,0.0,0.0,0.0,600.0,439700.0,164900.0,1155700.0,1894300.0,0.0,0.0,0.0,0.0,0.0
20230828100613832,SZSE,SZSE.ETF.159919,3.957,4.115,4.115,3.948,0.0,4.235,3.465,251639212.0,34100.0,1003378542.588,134932.10000002384,0.0,0.0,20230828,20230828,100613830,3.85,0.0,0.0,3.956,3.955,3.954,3.953,3.952,0.0,0.0,0.0,0.0,0.0,3.957,3.958,3.959,3.96,3.961,0.0,0.0,0.0,0.0,0.0,2200.0,1199400.0,1428500.0,842100.0,131900.0,0.0,0.0,0.0,0.0,0.0,306700.0,264900.0,1148100.0,1794300.0,1425600.0,0.0,0.0,0.0,0.0,0.0
20230828100616816,SZSE,SZSE.ETF.159919,3.957,4.115,4.115,3.948,0.0,4.235,3.465,251654912.0,15700.0,1003440667.488,62124.89999997616,0.0,0.0,20230828,20230828,100616814,3.85,0.0,0.0,3.956,3.955,3.954,3.953,3.952,0.0,0.0,0.0,0.0,0.0,3.957,3.958,3.959,3.96,3.961,0.0,0.0,0.0,0.0,0.0,469400.0,732200.0,1761500.0,609100.0,157500.0,0.0,0.0,0.0,0.0,0.0,291000.0,264900.0,208100.0,1994400.0,1002800.0,0.0,0.0,0.0,0.0,0.0
20230828100619800,SZSE,SZSE.ETF.159919,3.956,4.115,4.115,3.948,0.0,4.235,3.465,251704912.0,50000.0,1003638467.488,197800.0,0.0,0.0,20230828,20230828,100619800,3.85,0.0,0.0,3.956,3.955,3.954,3.953,3.952,0.0,0.0,0.0,0.0,0.0,3.958,3.959,3.96,3.961,3.962,0.0,0.0,0.0,0.0,0.0,1019400.0,532200.0,1770500.0,200100.0,157500.0,0.0,0.0,0.0,0.0,0.0,664000.0,239100.0,2006400.0,1002800.0,3636300.0,0.0,0.0,0.0,0.0,0.0
20230828100622800,SZSE,SZSE.ETF.159919,3.958,4.115,4.115,3.948,0.0,4.235,3.465,251743412.0,38500.0,1003790849.488,152382.0,0.0,0.0,20230828,20230828,100622801,3.85,0.0,0.0,3.957,3.956,3.955,3.954,3.953,0.0,0.0,0.0,0.0,0.0,3.958,3.959,3.96,3.961,3.962,0.0,0.0,0.0,0.0,0.0,1066200.0,550000.0,1613500.0,289200.0,200100.0,0.0,0.0,0.0,0.0,0.0,142700.0,269100.0,1592200.0,947000.0,2928500.0,0.0,0.0,0.0,0.0,0.0
20230828100625784,SZSE,SZSE.ETF.159919,3.957,4.115,4.115,3.948,0.0,4.235,3.465,251747512.0,4100.0,1003807073.488,16224.0,0.0,0.0,20230828,20230828,100625785,3.85,0.0,0.0,3.956,3.955,3.954,3.953,3.952,0.0,0.0,0.0,0.0,0.0,3.958,3.959,3.96,3.961,3.962,0.0,0.0,0.0,0.0,0.0,1065400.0,1449500.0,853200.0,200100.0,296600.0,0.0,0.0,0.0,0.0,0.0,142400.0,560100.0,2093200.0,785900.0,3177800.0,0.0,0.0,0.0,0.0,0.0
20230828100628796,SZSE,SZSE.ETF.159919,3.958,4.115,4.115,3.948,0.0,4.235,3.465,251825512.0,78000.0,1004115697.488,308624.0,0.0,0.0,20230828,20230828,100628796,3.85,0.0,0.0,3.955,3.954,3.953,3.952,3.951,0.0,0.0,0.0,0.0,0.0,3.957,3.958,3.959,3.96,3.961,0.0,0.0,0.0,0.0,0.0,1347600.0,689200.0,503100.0,236600.0,289100.0,0.0,0.0,0.0,0.0,0.0,101700.0,15300.0,460100.0,2562100.0,1179900.0,0.0,0.0,0.0,0.0,0.0
20230828100631800,SZSE,SZSE.ETF.159919,3.958,4.115,4.115,3.948,0.0,4.235,3.465,251855712.0,30200.0,1004235227.388,119529.89999997616,0.0,0.0,20230828,20230828,100631798,3.85,0.0,0.0,3.955,3.954,3.953,3.952,3.951,0.0,0.0,0.0,0.0,0.0,3.957,3.958,3.959,3.96,3.961,0.0,0.0,0.0,0.0,0.0,1047600.0,1528500.0,842100.0,131900.0,333800.0,0.0,0.0,0.0,0.0,0.0,100000.0,291000.0,778100.0,1753100.0,1529200.0,0.0,0.0,0.0,0.0,0.0
20230828100634748,SZSE,SZSE.ETF.159919,3.957,4.115,4.115,3.948,0.0,4.235,3.465,252365012.0,509300.0,1006249522.488,2014295.1000000238,0.0,0.0,20230828,20230828,100634748,3.85,0.0,0.0,3.954,3.953,3.952,3.951,3.95,0.0,0.0,0.0,0.0,0.0,3.956,3.957,3.958,3.959,3.96,0.0,0.0,0.0,0.0,0.0,950200.0,1517400.0,1034900.0,333800.0,734300.0,0.0,0.0,0.0,0.0,0.0,700.0,402100.0,953200.0,578000.0,2619200.0,0.0,0.0,0.0,0.0,0.0
20230828100637764,SZSE,SZSE.ETF.159919,3.956,4.115,4.115,3.948,0.0,4.235,3.465,252379912.0,14900.0,1006308466.888,58944.39999997616,0.0,0.0,20230828,20230828,100637763,3.85,0.0,0.0,3.954,3.953,3.952,3.951,3.95,0.0,0.0,0.0,0.0,0.0,3.956,3.957,3.958,3.959,3.96,0.0,0.0,0.0,0.0,0.0,50200.0,1578400.0,770900.0,1132100.0,779000.0,0.0,0.0,0.0,0.0,0.0,276800.0,1311000.0,515900.0,1416200.0,1651400.0,0.0,0.0,0.0,0.0,0.0
20230828100640748,SZSE,SZSE.ETF.159919,3.956,4.115,4.115,3.948,0.0,4.235,3.465,252463512.0,83600.0,1006639187.288,330720.39999997616,0.0,0.0,20230828,20230828,100640748,3.85,0.0,0.0,3.954,3.953,3.952,3.951,3.95,0.0,0.0,0.0,0.0,0.0,3.956,3.957,3.958,3.959,3.96,0.0,0.0,0.0,0.0,0.0,50200.0,978400.0,1070900.0,1432100.0,779000.0,0.0,0.0,0.0,0.0,0.0,194400.0,973400.0,660100.0,1602000.0,1321400.0,0.0,0.0,0.0,0.0,0.0
20230828100643760,SZSE,SZSE.ETF.159919,3.954,4.115,4.115,3.948,0.0,4.235,3.465,252506712.0,43200.0,1006810066.488,170879.20000004768,0.0,0.0,20230828,20230828,100643758,3.85,0.0,0.0,3.954,3.953,3.952,3.951,3.95,0.0,0.0,0.0,0.0,0.0,3.955,3.956,3.957,3.958,3.959,0.0,0.0,0.0,0.0,0.0,40200.0,1578400.0,770900.0,1132100.0,779000.0,0.0,0.0,0.0,0.0,0.0,10000.0,663800.0,673400.0,1260100.0,1102000.0,0.0,0.0,0.0,0.0,0.0
20230828100646748,SZSE,SZSE.ETF.159919,3.954,4.115,4.115,3.948,0.0,4.235,3.465,252596812.0,90100.0,1007166390.888,356324.39999997616,0.0,0.0,20230828,20230828,100646747,3.85,0.0,0.0,3.953,3.952,3.951,3.95,3.949,0.0,0.0,0.0,0.0,0.0,3.955,3.956,3.957,3.958,3.959,0.0,0.0,0.0,0.0,0.0,1578400.0,770900.0,832100.0,701200.0,394900.0,0.0,0.0,0.0,0.0,0.0,30000.0,634300.0,11500.0,1860100.0,902000.0,0.0,0.0,0.0,0.0,0.0
20230828100649720,SZSE,SZSE.ETF.159919,3.954,4.115,4.115,3.948,0.0,4.235,3.465,252657112.0,60300.0,1007404906.888,238516.0,0.0,0.0,20230828,20230828,100649720,3.85,0.0,0.0,3.954,3.953,3.952,3.951,3.95,0.0,0.0,0.0,0.0,0.0,3.956,3.957,3.958,3.959,3.96,0.0,0.0,0.0,0.0,0.0,100800.0,1978400.0,431900.0,1271100.0,675600.0,0.0,0.0,0.0,0.0,0.0,604700.0,720500.0,1357400.0,981300.0,2347900.0,0.0,0.0,0.0,0.0,0.0
20230828100652712,SZSE,SZSE.ETF.159919,3.955,4.115,4.115,3.948,0.0,4.235,3.465,252713912.0,56800.0,1007629575.188,224668.29999995232,0.0,0.0,20230828,20230828,100652711,3.85,0.0,0.0,3.954,3.953,3.952,3.951,3.95,0.0,0.0,0.0,0.0,0.0,3.955,3.956,3.957,3.958,3.959,0.0,0.0,0.0,0.0,0.0,11200.0,1778400.0,770900.0,1232100.0,780300.0,0.0,0.0,0.0,0.0,0.0,51600.0,640800.0,640700.0,1959400.0,902000.0,0.0,0.0,0.0,0.0,0.0
20230828100655700,SZSE,SZSE.ETF.159919,3.955,4.115,4.115,3.948,0.0,4.235,3.465,252751212.0,37300.0,1007777096.688,147521.5,0.0,0.0,20230828,20230828,100655701,3.85,0.0,0.0,3.954,3.953,3.952,3.951,3.95,0.0,0.0,0.0,0.0,0.0,3.955,3.956,3.957,3.958,3.959,0.0,0.0,0.0,0.0,0.0,11200.0,1678800.0,770900.0,1232100.0,701200.0,0.0,0.0,0.0,0.0,0.0,14300.0,850800.0,1037500.0,1259400.0,1502000.0,0.0,0.0,0.0,0.0,0.0
20230828100658748,SZSE,SZSE.ETF.159919,3.956,4.115,4.115,3.948,0.0,4.235,3.465,252770312.0,19100.0,1007852641.988,75545.30000007153,0.0,0.0,20230828,20230828,100658749,3.85,0.0,0.0,3.954,3.953,3.952,3.951,3.95,0.0,0.0,0.0,0.0,0.0,3.955,3.956,3.957,3.958,3.959,0.0,0.0,0.0,0.0,0.0,15000.0,1578800.0,861900.0,1241100.0,701200.0,0.0,0.0,0.0,0.0,0.0,100000.0,746000.0,1446400.0,1380400.0,1468200.0,0.0,0.0,0.0,0.0,0.0
20230828100701720,SZSE,SZSE.ETF.159919,3.955,4.115,4.115,3.948,0.0,4.235,3.465,252771812.0,1500.0,1007858574.488,5932.5,0.0,0.0,20230828,20230828,100701721,3.85,0.0,0.0,3.954,3.953,3.952,3.951,3.95,0.0,0.0,0.0,0.0,0.0,3.955,3.956,3.957,3.958,3.959,0.0,0.0,0.0,0.0,0.0,15000.0,978800.0,1461900.0,941100.0,1001200.0,0.0,0.0,0.0,0.0,0.0,113500.0,1346000.0,846400.0,1280400.0,1493200.0,0.0,0.0,0.0,0.0,0.0
