TradeDate,OrigTime,BidPx1,BidPx2,BidPx3,BidPx4,BidPx5,BidSize1,BidSize2,BidSize3,BidSize4,BidSize5,DownLimitPx,HighPx,LastPx,LowPx,OFI1,OFI2,OFI3,OFI4,OFI5,OfferPx1,OfferPx2,OfferPx3,OfferPx4,OfferPx5,OfferSize1,OfferSize2,OfferSize3,OfferSize4,OfferSize5,OpenPx,PreClosePx,PxChange1,PxChange2,TotalValueTrade,TotalVolumeTrade,UpLimitPx,aOF1,aOF2,aOF3,aOF4,aOF5,abs_diff,abs_diff_v,amount,ask_spread,bOF1,bOF2,bOF3,bOF4,bOF5,bid_ask_spread,bid_spread,close,df_max,df_min,energy,energy_v,f_max,f_min,high,iqr_p,iqr_p_v,log_return,low,mid,minute,open,price_spread,price_spread2,tendency,ticker,total_ask_qty,total_bid_qty,total_qty_diff,total_volume,volatility,volatility_QMLE,volume,volume_imbalance,vwap,wap1,weighted_ask_prc,weighted_bid_prc
0.0,0.0,0.0,0.0,0.0,0.0,0.0,0.0,0.0,0.0,0.0,0.0,0.0,0.0,0.0,0.0,0.0,0.0,0.0,0.0,0.0,0.0,0.0,0.0,0.0,0.0,0.0,0.0,0.0,0.0,0.0,0.0,0.0,0.0,0.0,0.0,0.0,0.0,0.0,0.0,0.0,0.0,0.0,0.0,0.0,0.0,0.0,0.0,0.0,0.0,0.0,0.0,0.0,0.0,0.0,0.0,0.0,0.0,0.0,0.0,0.0,0.0,0.0,0.0,0.0,0.0,0.0,0.0,0.0,0.0,0.0,0.0,0.0,0.0,0.0,0.0,0.0,0.0,0.0,0.0,0.0,0.0,0.0,0.0,0.0
0.0,0.0,0.0,0.0,0.0,0.0,0.0,0.0,0.0,0.0,0.0,0.0,0.0,0.0,0.0,0.0,0.0,0.0,0.0,0.0,0.0,0.0,0.0,0.0,0.0,0.0,0.0,0.0,0.0,0.0,0.0,0.0,0.0,0.0,0.0,0.0,0.0,0.0,0.0,0.0,0.0,0.0,0.0,0.0,0.0,0.0,0.0,0.0,0.0,0.0,0.0,0.0,0.0,0.0,0.0,0.0,0.0,0.0,0.0,0.0,0.0,0.0,0.0,0.0,0.0,0.0,0.0,0.0,0.0,0.0,0.0,0.0,0.0,0.0,0.0,0.0,0.0,0.0,0.0,0.0,0.0,0.0,0.0,0.0,0.0
0.0,0.0,0.0,0.0,0.0,0.0,0.0,0.0,0.0,0.0,0.0,0.0,0.0,0.0,0.0,0.0,0.0,0.0,0.0,0.0,0.0,0.0,0.0,0.0,0.0,0.0,0.0,0.0,0.0,0.0,0.0,0.0,0.0,0.0,0.0,0.0,0.0,0.0,0.0,0.0,0.0,0.0,0.0,0.0,0.0,0.0,0.0,0.0,0.0,0.0,0.0,0.0,0.0,0.0,0.0,0.0,0.0,0.0,0.0,0.0,0.0,0.0,0.0,0.0,0.0,0.0,0.0,0.0,0.0,0.0,0.0,0.0,0.0,0.0,0.0,0.0,0.0,0.0,0.0,0.0,0.0,0.0,0.0,0.0,0.0
0.0,0.0,0.0,0.0,0.0,0.0,0.0,0.0,0.0,0.0,0.0,0.0,0.0,0.0,0.0,0.0,0.0,0.0,0.0,0.0,0.0,0.0,0.0,0.0,0.0,0.0,0.0,0.0,0.0,0.0,0.0,0.0,0.0,0.0,0.0,0.0,0.0,0.0,0.0,0.0,0.0,0.0,0.0,0.0,0.0,0.0,0.0,0.0,0.0,0.0,0.0,0.0,0.0,0.0,0.0,0.0,0.0,0.0,0.0,0.0,0.0,0.0,0.0,0.0,0.0,0.0,0.0,0.0,0.0,0.0,0.0,0.0,0.0,0.0,0.0,0.0,0.0,0.0,0.0,0.0,0.0,0.0,0.0,0.0,0.0
0.0,0.0,0.0,0.0,0.0,0.0,0.0,0.0,0.0,0.0,0.0,0.0,0.0,0.0,0.0,0.0,0.0,0.0,0.0,0.0,0.0,0.0,0.0,0.0,0.0,0.0,0.0,0.0,0.0,0.0,0.0,0.0,0.0,0.0,0.0,0.0,0.0,0.0,0.0,0.0,0.0,0.0,0.0,0.0,0.0,0.0,0.0,0.0,0.0,0.0,0.0,0.0,0.0,0.0,0.0,0.0,0.0,0.0,0.0,0.0,0.0,0.0,0.0,0.0,0.0,0.0,0.0,0.0,0.0,0.0,0.0,0.0,0.0,0.0,0.0,0.0,0.0,0.0,0.0,0.0,0.0,0.0,0.0,0.0,0.0
0.0,0.0,0.0,0.0,0.0,0.0,0.0,0.0,0.0,0.0,0.0,0.0,0.0,0.0,0.0,0.0,0.0,0.0,0.0,0.0,0.0,0.0,0.0,0.0,0.0,0.0,0.0,0.0,0.0,0.0,0.0,0.0,0.0,0.0,0.0,0.0,0.0,0.0,0.0,0.0,0.0,0.0,0.0,0.0,0.0,0.0,0.0,0.0,0.0,0.0,0.0,0.0,0.0,0.0,0.0,0.0,0.0,0.0,0.0,0.0,0.0,0.0,0.0,0.0,0.0,0.0,0.0,0.0,0.0,0.0,0.0,0.0,0.0,0.0,0.0,0.0,0.0,0.0,0.0,0.0,0.0,0.0,0.0,0.0,0.0
0.0,0.0,0.0,0.0,0.0,0.0,0.0,0.0,0.0,0.0,0.0,0.0,0.0,0.0,0.0,0.0,0.0,0.0,0.0,0.0,0.0,0.0,0.0,0.0,0.0,0.0,0.0,0.0,0.0,0.0,0.0,0.0,0.0,0.0,0.0,0.0,0.0,0.0,0.0,0.0,0.0,0.0,0.0,0.0,0.0,0.0,0.0,0.0,0.0,0.0,0.0,0.0,0.0,0.0,0.0,0.0,0.0,0.0,0.0,0.0,0.0,0.0,0.0,0.0,0.0,0.0,0.0,0.0,0.0,0.0,0.0,0.0,0.0,0.0,0.0,0.0,0.0,0.0,0.0,0.0,0.0,0.0,0.0,0.0,0.0
0.0,0.0,0.0,0.0,0.0,0.0,0.0,0.0,0.0,0.0,0.0,0.0,0.0,0.0,0.0,0.0,0.0,0.0,0.0,0.0,0.0,0.0,0.0,0.0,0.0,0.0,0.0,0.0,0.0,0.0,0.0,0.0,0.0,0.0,0.0,0.0,0.0,0.0,0.0,0.0,0.0,0.0,0.0,0.0,0.0,0.0,0.0,0.0,0.0,0.0,0.0,0.0,0.0,0.0,0.0,0.0,0.0,0.0,0.0,0.0,0.0,0.0,0.0,0.0,0.0,0.0,0.0,0.0,0.0,0.0,0.0,0.0,0.0,0.0,0.0,0.0,0.0,0.0,0.0,0.0,0.0,0.0,0.0,0.0,0.0
0.0,0.0,0.0,0.0,0.0,0.0,0.0,0.0,0.0,0.0,0.0,0.0,0.0,0.0,0.0,0.0,0.0,0.0,0.0,0.0,0.0,0.0,0.0,0.0,0.0,0.0,0.0,0.0,0.0,0.0,0.0,0.0,0.0,0.0,0.0,0.0,0.0,0.0,0.0,0.0,0.0,0.0,0.0,0.0,0.0,0.0,0.0,0.0,0.0,0.0,0.0,0.0,0.0,0.0,0.0,0.0,0.0,0.0,0.0,0.0,0.0,0.0,0.0,0.0,0.0,0.0,0.0,0.0,0.0,0.0,0.0,0.0,0.0,0.0,0.0,0.0,0.0,0.0,0.0,0.0,0.0,0.0,0.0,0.0,0.0
0.0,0.0,0.0,0.0,0.0,0.0,0.0,0.0,0.0,0.0,0.0,0.0,0.0,0.0,0.0,0.0,0.0,0.0,0.0,0.0,0.0,0.0,0.0,0.0,0.0,0.0,0.0,0.0,0.0,0.0,0.0,0.0,0.0,0.0,0.0,0.0,0.0,0.0,0.0,0.0,0.0,0.0,0.0,0.0,0.0,0.0,0.0,0.0,0.0,0.0,0.0,0.0,0.0,0.0,0.0,0.0,0.0,0.0,0.0,0.0,0.0,0.0,0.0,0.0,0.0,0.0,0.0,0.0,0.0,0.0,0.0,0.0,0.0,0.0,0.0,0.0,0.0,0.0,0.0,0.0,0.0,0.0,0.0,0.0,0.0
0.0,0.0,0.0,0.0,0.0,0.0,0.0,0.0,0.0,0.0,0.0,0.0,0.0,0.0,0.0,0.0,0.0,0.0,0.0,0.0,0.0,0.0,0.0,0.0,0.0,0.0,0.0,0.0,0.0,0.0,0.0,0.0,0.0,0.0,0.0,0.0,0.0,0.0,0.0,0.0,0.0,0.0,0.0,0.0,0.0,0.0,0.0,0.0,0.0,0.0,0.0,0.0,0.0,0.0,0.0,0.0,0.0,0.0,0.0,0.0,0.0,0.0,0.0,0.0,0.0,0.0,0.0,0.0,0.0,0.0,0.0,0.0,0.0,0.0,0.0,0.0,0.0,0.0,0.0,0.0,0.0,0.0,0.0,0.0,0.0
0.0,0.0,0.0,0.0,0.0,0.0,0.0,0.0,0.0,0.0,0.0,0.0,0.0,0.0,0.0,0.0,0.0,0.0,0.0,0.0,0.0,0.0,0.0,0.0,0.0,0.0,0.0,0.0,0.0,0.0,0.0,0.0,0.0,0.0,0.0,0.0,0.0,0.0,0.0,0.0,0.0,0.0,0.0,0.0,0.0,0.0,0.0,0.0,0.0,0.0,0.0,0.0,0.0,0.0,0.0,0.0,0.0,0.0,0.0,0.0,0.0,0.0,0.0,0.0,0.0,0.0,0.0,0.0,0.0,0.0,0.0,0.0,0.0,0.0,0.0,0.0,0.0,0.0,0.0,0.0,0.0,0.0,0.0,0.0,0.0
0.0,0.0,0.0,0.0,0.0,0.0,0.0,0.0,0.0,0.0,0.0,0.0,0.0,0.0,0.0,0.0,0.0,0.0,0.0,0.0,0.0,0.0,0.0,0.0,0.0,0.0,0.0,0.0,0.0,0.0,0.0,0.0,0.0,0.0,0.0,0.0,0.0,0.0,0.0,0.0,0.0,0.0,0.0,0.0,0.0,0.0,0.0,0.0,0.0,0.0,0.0,0.0,0.0,0.0,0.0,0.0,0.0,0.0,0.0,0.0,0.0,0.0,0.0,0.0,0.0,0.0,0.0,0.0,0.0,0.0,0.0,0.0,0.0,0.0,0.0,0.0,0.0,0.0,0.0,0.0,0.0,0.0,0.0,0.0,0.0
0.0,0.0,0.0,0.0,0.0,0.0,0.0,0.0,0.0,0.0,0.0,0.0,0.0,0.0,0.0,0.0,0.0,0.0,0.0,0.0,0.0,0.0,0.0,0.0,0.0,0.0,0.0,0.0,0.0,0.0,0.0,0.0,0.0,0.0,0.0,0.0,0.0,0.0,0.0,0.0,0.0,0.0,0.0,0.0,0.0,0.0,0.0,0.0,0.0,0.0,0.0,0.0,0.0,0.0,0.0,0.0,0.0,0.0,0.0,0.0,0.0,0.0,0.0,0.0,0.0,0.0,0.0,0.0,0.0,0.0,0.0,0.0,0.0,0.0,0.0,0.0,0.0,0.0,0.0,0.0,0.0,0.0,0.0,0.0,0.0
0.0,0.0,0.0,0.0,0.0,0.0,0.0,0.0,0.0,0.0,0.0,0.0,0.0,0.0,0.0,0.0,0.0,0.0,0.0,0.0,0.0,0.0,0.0,0.0,0.0,0.0,0.0,0.0,0.0,0.0,0.0,0.0,0.0,0.0,0.0,0.0,0.0,0.0,0.0,0.0,0.0,0.0,0.0,0.0,0.0,0.0,0.0,0.0,0.0,0.0,0.0,0.0,0.0,0.0,0.0,0.0,0.0,0.0,0.0,0.0,0.0,0.0,0.0,0.0,0.0,0.0,0.0,0.0,0.0,0.0,0.0,0.0,0.0,0.0,0.0,0.0,0.0,0.0,0.0,0.0,0.0,0.0,0.0,0.0,0.0
0.0,0.0,0.0,0.0,0.0,0.0,0.0,0.0,0.0,0.0,0.0,0.0,0.0,0.0,0.0,0.0,0.0,0.0,0.0,0.0,0.0,0.0,0.0,0.0,0.0,0.0,0.0,0.0,0.0,0.0,0.0,0.0,0.0,0.0,0.0,0.0,0.0,0.0,0.0,0.0,0.0,0.0,0.0,0.0,0.0,0.0,0.0,0.0,0.0,0.0,0.0,0.0,0.0,0.0,0.0,0.0,0.0,0.0,0.0,0.0,0.0,0.0,0.0,0.0,0.0,0.0,0.0,0.0,0.0,0.0,0.0,0.0,0.0,0.0,0.0,0.0,0.0,0.0,0.0,0.0,0.0,0.0,0.0,0.0,0.0
0.0,0.0,0.0,0.0,0.0,0.0,0.0,0.0,0.0,0.0,0.0,0.0,0.0,0.0,0.0,0.0,0.0,0.0,0.0,0.0,0.0,0.0,0.0,0.0,0.0,0.0,0.0,0.0,0.0,0.0,0.0,0.0,0.0,0.0,0.0,0.0,0.0,0.0,0.0,0.0,0.0,0.0,0.0,0.0,0.0,0.0,0.0,0.0,0.0,0.0,0.0,0.0,0.0,0.0,0.0,0.0,0.0,0.0,0.0,0.0,0.0,0.0,0.0,0.0,0.0,0.0,0.0,0.0,0.0,0.0,0.0,0.0,0.0,0.0,0.0,0.0,0.0,0.0,0.0,0.0,0.0,0.0,0.0,0.0,0.0
0.0,0.0,0.0,0.0,0.0,0.0,0.0,0.0,0.0,0.0,0.0,0.0,0.0,0.0,0.0,0.0,0.0,0.0,0.0,0.0,0.0,0.0,0.0,0.0,0.0,0.0,0.0,0.0,0.0,0.0,0.0,0.0,0.0,0.0,0.0,0.0,0.0,0.0,0.0,0.0,0.0,0.0,0.0,0.0,0.0,0.0,0.0,0.0,0.0,0.0,0.0,0.0,0.0,0.0,0.0,0.0,0.0,0.0,0.0,0.0,0.0,0.0,0.0,0.0,0.0,0.0,0.0,0.0,0.0,0.0,0.0,0.0,0.0,0.0,0.0,0.0,0.0,0.0,0.0,0.0,0.0,0.0,0.0,0.0,0.0
0.0,0.0,0.0,0.0,0.0,0.0,0.0,0.0,0.0,0.0,0.0,0.0,0.0,0.0,0.0,0.0,0.0,0.0,0.0,0.0,0.0,0.0,0.0,0.0,0.0,0.0,0.0,0.0,0.0,0.0,0.0,0.0,0.0,0.0,0.0,0.0,0.0,0.0,0.0,0.0,0.0,0.0,0.0,0.0,0.0,0.0,0.0,0.0,0.0,0.0,0.0,0.0,0.0,0.0,0.0,0.0,0.0,0.0,0.0,0.0,0.0,0.0,0.0,0.0,0.0,0.0,0.0,0.0,0.0,0.0,0.0,0.0,0.0,0.0,0.0,0.0,0.0,0.0,0.0,0.0,0.0,0.0,0.0,0.0,0.0
0.0,0.0,0.0,0.0,0.0,0.0,0.0,0.0,0.0,0.0,0.0,0.0,0.0,0.0,0.0,0.0,0.0,0.0,0.0,0.0,0.0,0.0,0.0,0.0,0.0,0.0,0.0,0.0,0.0,0.0,0.0,0.0,0.0,0.0,0.0,0.0,0.0,0.0,0.0,0.0,0.0,0.0,0.0,0.0,0.0,0.0,0.0,0.0,0.0,0.0,0.0,0.0,0.0,0.0,0.0,0.0,0.0,0.0,0.0,0.0,0.0,0.0,0.0,0.0,0.0,0.0,0.0,0.0,0.0,0.0,0.0,0.0,0.0,0.0,0.0,0.0,0.0,0.0,0.0,0.0,0.0,0.0,0.0,0.0,0.0
0.0,0.0,0.0,0.0,0.0,0.0,0.0,0.0,0.0,0.0,0.0,0.0,0.0,0.0,0.0,0.0,0.0,0.0,0.0,0.0,0.0,0.0,0.0,0.0,0.0,0.0,0.0,0.0,0.0,0.0,0.0,0.0,0.0,0.0,0.0,0.0,0.0,0.0,0.0,0.0,0.0,0.0,0.0,0.0,0.0,0.0,0.0,0.0,0.0,0.0,0.0,0.0,0.0,0.0,0.0,0.0,0.0,0.0,0.0,0.0,0.0,0.0,0.0,0.0,0.0,0.0,0.0,0.0,0.0,0.0,0.0,0.0,0.0,0.0,0.0,0.0,0.0,0.0,0.0,0.0,0.0,0.0,0.0,0.0,0.0
0.0,0.0,0.0,0.0,0.0,0.0,0.0,0.0,0.0,0.0,0.0,0.0,0.0,0.0,0.0,0.0,0.0,0.0,0.0,0.0,0.0,0.0,0.0,0.0,0.0,0.0,0.0,0.0,0.0,0.0,0.0,0.0,0.0,0.0,0.0,0.0,0.0,0.0,0.0,0.0,0.0,0.0,0.0,0.0,0.0,0.0,0.0,0.0,0.0,0.0,0.0,0.0,0.0,0.0,0.0,0.0,0.0,0.0,0.0,0.0,0.0,0.0,0.0,0.0,0.0,0.0,0.0,0.0,0.0,0.0,0.0,0.0,0.0,0.0,0.0,0.0,0.0,0.0,0.0,0.0,0.0,0.0,0.0,0.0,0.0
0.0,0.0,0.0,0.0,0.0,0.0,0.0,0.0,0.0,0.0,0.0,0.0,0.0,0.0,0.0,0.0,0.0,0.0,0.0,0.0,0.0,0.0,0.0,0.0,0.0,0.0,0.0,0.0,0.0,0.0,0.0,0.0,0.0,0.0,0.0,0.0,0.0,0.0,0.0,0.0,0.0,0.0,0.0,0.0,0.0,0.0,0.0,0.0,0.0,0.0,0.0,0.0,0.0,0.0,0.0,0.0,0.0,0.0,0.0,0.0,0.0,0.0,0.0,0.0,0.0,0.0,0.0,0.0,0.0,0.0,0.0,0.0,0.0,0.0,0.0,0.0,0.0,0.0,0.0,0.0,0.0,0.0,0.0,0.0,0.0
0.0,0.0,0.0,0.0,0.0,0.0,0.0,0.0,0.0,0.0,0.0,0.0,0.0,0.0,0.0,0.0,0.0,0.0,0.0,0.0,0.0,0.0,0.0,0.0,0.0,0.0,0.0,0.0,0.0,0.0,0.0,0.0,0.0,0.0,0.0,0.0,0.0,0.0,0.0,0.0,0.0,0.0,0.0,0.0,0.0,0.0,0.0,0.0,0.0,0.0,0.0,0.0,0.0,0.0,0.0,0.0,0.0,0.0,0.0,0.0,0.0,0.0,0.0,0.0,0.0,0.0,0.0,0.0,0.0,0.0,0.0,0.0,0.0,0.0,0.0,0.0,0.0,0.0,0.0,0.0,0.0,0.0,0.0,0.0,0.0
20230828.0,2.0230828095458788e+16,5.974,5.973,5.972,5.971,5.97,22800.0,70000.0,40000.0,260000.0,496200.0,5.223,6.155,5.974,5.966,-72800.0,-470000.0,-458300.0,-278400.0,-545800.0,5.975,5.976,5.977,5.978,5.979,50000.0,400000.0,418300.0,18400.0,49600.0,6.155,5.803,0.17100000000000026,0.0,193094175.671,32166592.0,6.383,50000.0,400000.0,418300.0,18400.0,49600.0,0.0,3600.0,193094175.671,-0.001000000000000334,-22800.0,-70000.0,-40000.0,-260000.0,-496200.0,0.002000000000000668,0.001000000000000334,5.974,0.0,0.0,35.688676,2068916134704128.0,0.0,0.0,5.974,0.0,3600.0,8.852841852324822e-05,5.974,5.9745,955.0,5.974,0.00016737802326545248,0.0005021340697966548,0.0,159922,936300.0,889000.0,47300.0,1825300.0,0.06857381812132411,0.06857381812132411,32166592.0,47300.0,6.002941675356842,5.974313186813187,5.976591583894051,5.97072125984252
20230828.0,2.0230828095558828e+16,5.97,5.968,5.967,5.966,5.965,19100.0,260200.0,245700.0,272800.0,20000.0,5.223,6.155,5.97,5.966,-413300.0,-521300.0,-424200.0,-413800.0,-230000.0,5.972,5.973,5.974,5.975,5.976,394200.0,261100.0,178500.0,141000.0,210000.0,6.155,5.803,0.16699999999999982,-0.004000000000000448,201332641.271,33545592.0,6.383,394200.0,261100.0,178500.0,141000.0,210000.0,0.0027999999999996916,177550.0,8238465.599999994,-0.0009999999999994458,-19100.0,-260200.0,-245700.0,-272800.0,-20000.0,0.0029999999999992255,0.0019999999999997797,5.97,7.0,10.0,35.6910754,2.169026889191608e+16,11.0,9.0,5.978,0.005250000000000199,354275.0,-0.0007067342347180094,5.969,5.971,956.0,5.972,0.00033495226930173636,0.000837450799765496,-1177786.6677088556,159922,1184800.0,817800.0,367000.0,2002600.0,0.19674223371377517,0.2039600324635291,1379000.0,367000.0,5.974231762146479,5.970092426808614,5.973587694125591,5.9670057471264375
20230828.0,2.023082809565875e+16,5.972,5.971,5.97,5.969,5.968,50000.0,160000.0,140000.0,209900.0,225900.0,5.223,6.155,5.973,5.966,241400.0,631500.0,267100.0,309900.0,405500.0,5.973,5.974,5.975,5.976,5.977,191400.0,471500.0,127100.0,100000.0,179600.0,6.155,5.803,0.16999999999999993,0.0030000000000001137,207280168.571,34541392.0,6.383,-191400.0,-471500.0,-127100.0,-100000.0,-179600.0,0.0007999999999999119,152650.0,5947527.300000012,-0.001000000000000334,50000.0,160000.0,140000.0,209900.0,225900.0,0.002000000000000668,0.001000000000000334,5.973,5.0,5.0,35.6671738,2.344991423868888e+16,9.0,11.0,5.974,0.0012499999999997513,282850.0,0.0003541526165642406,5.97,5.9725,957.0,5.972,0.00016743407283372887,0.0005023022185014841,570641.9728065463,159922,1069600.0,785800.0,283800.0,1855400.0,0.17475711804254201,0.19255247128311942,995800.0,283800.0,5.972612271540482,5.972207125103563,5.974630609573673,5.969488801221685
20230828.0,2.0230828095758816e+16,5.971,5.97,5.969,5.968,5.967,230000.0,385800.0,90000.0,150200.0,125500.0,5.223,6.155,5.973,5.966,-77500.0,-345800.0,117300.0,-120200.0,503000.0,5.974,5.975,5.976,5.977,5.978,152500.0,40000.0,207300.0,30000.0,628500.0,6.155,5.803,0.16999999999999993,0.0,221626573.171,36942692.0,6.383,-152500.0,-40000.0,-207300.0,-30000.0,-628500.0,0.0030000000000001137,767150.0,14346404.599999994,-0.0009999999999994458,-230000.0,-385800.0,-90000.0,-150200.0,-125500.0,0.0019999999999997797,0.001000000000000334,5.973,6.0,6.0,35.69227070000001,2.539590386331848e+16,8.0,12.0,5.98,0.005499999999999616,1401400.0,9.992397047264845e-05,5.971,5.9725,958.0,5.972,0.0005023022185014841,0.0008371703641690905,484014.03520147875,159922,1058300.0,981500.0,76800.0,2039800.0,0.21312913662862054,0.2572778903070635,2401300.0,76800.0,5.97443243243243,5.9728039215686275,5.976890106775016,5.96945298013245
20230828.0,2.0230828095858784e+16,5.981,5.98,5.979,5.978,5.977,53700.0,190000.0,118400.0,361000.0,104400.0,5.223,6.155,5.982,5.966,101500.0,190100.0,318100.0,610700.0,388500.0,5.982,5.983,5.984,5.985,5.986,47800.0,100.0,199700.0,249700.0,284100.0,6.155,5.803,0.17900000000000027,0.009000000000000341,227887605.271,37989692.0,6.383,-47800.0,-100.0,-199700.0,-249700.0,-284100.0,0.001649999999998819,342915.0,6261032.099999994,-0.0009999999999994458,53700.0,190000.0,118400.0,361000.0,104400.0,0.0019999999999988916,0.0009999999999994458,5.982,9.0,4.0,35.75263385000001,2.795259773870248e+16,11.0,9.0,5.984,0.0022500000000000853,730150.0,0.0014597458562717325,5.972,5.9815000000000005,959.0,5.972,0.0001671821449469755,0.0005015464348406295,6224800.551908065,159922,781400.0,827500.0,-46100.0,1608900.0,0.22621699240620247,0.26092846177905243,1047000.0,46100.0,5.9799733524355245,5.9815290640394085,5.984924238546199,5.978670815709969
20230828.0,2.023082809595879e+16,5.967,5.966,5.964,5.963,5.962,220000.0,191342.0,86400.0,162600.0,40000.0,5.223,6.155,5.966,5.963,-241400.0,-211342.0,-134900.0,-202600.0,-301100.0,5.968,5.969,5.97,5.972,5.973,21400.0,20000.0,48500.0,40000.0,261100.0,6.155,5.803,0.16300000000000026,-0.016000000000000014,235416801.199,39250450.0,6.383,21400.0,20000.0,48500.0,40000.0,261100.0,0.005249999999998867,282900.0,7529195.928000003,-0.001000000000000334,-220000.0,-191342.0,-86400.0,-162600.0,-40000.0,0.0019999999999997797,0.0009999999999994458,5.966,3.0,10.0,35.649898050000004,2.9984304437489316e+16,9.0,11.0,5.983,0.00975000000000037,550475.0,-0.002279222960497318,5.963,5.967499999999999,1000.0,5.98,0.0001675743611228042,0.0005027230833682637,-9050435.49077529,159922,391000.0,700342.0,-309342.0,1091342.0,0.256801368557861,0.30936817699461033,1260758.0,309342.0,5.971959668707241,5.967911350455675,5.972047314578005,5.965142418989579
20230828.0,2.02308281000588e+16,5.966,5.965,5.964,5.963,5.962,300.0,19900.0,229900.0,355400.0,198500.0,5.223,6.155,5.967,5.963,11100.0,170100.0,524600.0,-60700.0,299600.0,5.968,5.97,5.971,5.972,5.973,10000.0,190000.0,381100.0,293500.0,120000.0,6.155,5.803,0.1639999999999997,0.0009999999999994458,238233881.899,39722150.0,6.383,-11400.0,-190000.0,-381100.0,253500.0,-141100.0,0.0015000000000000568,135345.0,2817080.699999988,-0.0019999999999997797,-300.0,-19900.0,143500.0,192800.0,158500.0,0.0030000000000001137,0.001000000000000334,5.967,5.0,7.0,35.65463995000001,3.131104671921e+16,9.0,11.0,5.977,0.0027500000000006963,284675.0,-0.00031055853249983834,5.967,5.9670000000000005,1001.0,5.97,0.0003351768057650041,0.0008378718056137233,-2020637.5042483895,159922,994600.0,804000.0,190600.0,1798600.0,0.27356359215839315,0.3391017248898803,471700.0,190600.0,5.972187195251194,5.966058252427184,5.971315202091293,5.963089676616916
20230828.0,2.0230828100158804e+16,5.977,5.976,5.975,5.974,5.973,190000.0,69000.0,19000.0,404800.0,150400.0,5.223,6.155,5.975,5.963,210000.0,109000.0,79000.0,435700.0,929800.0,5.978,5.979,5.98,5.981,5.982,20000.0,40000.0,60000.0,30900.0,779400.0,6.155,5.803,0.1719999999999997,0.008000000000000007,238772031.799,39812250.0,6.383,-20000.0,-40000.0,-60000.0,-30900.0,-779400.0,0.0009999999999998899,11315.0,538149.900000006,-0.001000000000000334,190000.0,69000.0,19000.0,404800.0,150400.0,0.002000000000000668,0.001000000000000334,5.975,6.0,1.0,35.68449734999999,3.164263614369e+16,13.0,7.0,5.976,0.0019999999999997797,35200.0,0.0019836821912502245,5.968,5.9775,1002.0,5.968,0.0001672940192387195,0.0005018820577164557,4660157.663647039,159922,930300.0,833200.0,97100.0,1763500.0,0.26168597206509225,0.32530380512130375,90100.0,97100.0,5.972806881243129,5.977904761904762,5.981622809846287,5.974692030724916
20230828.0,2.023082810025877e+16,5.974,5.973,5.972,5.971,5.97,50000.0,158700.0,211700.0,394900.0,91100.0,5.223,6.155,5.978,5.963,-219900.0,-588700.0,-191700.0,-456100.0,638300.0,5.978,5.979,5.98,5.981,5.982,189900.0,470000.0,40000.0,92100.0,50000.0,6.155,5.803,0.17499999999999982,0.0030000000000001137,239554805.099,39943150.0,6.383,169900.0,430000.0,-20000.0,61200.0,-729400.0,0.0005999999999994898,9840.0,782773.3000000119,-0.001000000000000334,-50000.0,-158700.0,-211700.0,-394900.0,-91100.0,0.002000000000000668,0.001000000000000334,5.978,5.0,5.0,35.7651877,3.181850396745e+16,14.0,6.0,5.983,0.0012499999999997513,21700.0,-0.0005138707396294961,5.975,5.976,1003.0,5.975,0.000669344042837945,0.0010040160642570662,1993351.9897351281,159922,842000.0,906400.0,-64400.0,1748400.0,0.2702713471080008,0.3146648840489367,130900.0,64400.0,5.979933537051275,5.974833680700292,5.979218883610452,5.971648720211827
20230828.0,2.023082810035881e+16,5.988,5.987,5.986,5.985,5.984,184800.0,118200.0,20000.0,150000.0,358400.0,5.223,6.155,5.988,5.963,185700.0,138200.0,60000.0,610000.0,416800.0,5.99,5.991,5.992,5.993,5.994,900.0,20000.0,40000.0,460000.0,58400.0,6.155,5.803,0.1850000000000005,0.010000000000000675,239874594.489,39996595.0,6.383,-900.0,-20000.0,-40000.0,-460000.0,-58400.0,0.002000000000000224,13083.0,319789.3899999857,-0.0009999999999994458,184800.0,118200.0,20000.0,150000.0,358400.0,0.0019999999999997797,0.001000000000000334,5.988,7.0,3.0,35.796298300000004,3.1946001805112196e+16,8.0,12.0,5.988,0.004000000000000448,22795.0,0.0025335323560640166,5.978,5.989000000000001,1004.0,5.978,0.00033394556687256293,0.000667891133745126,6676981.381019583,159922,579300.0,831400.0,-252100.0,1410700.0,0.2899220468973729,0.32332542552876886,53445.0,252100.0,5.983523061090573,5.989990306946688,5.992958052822372,5.985544142410393
20230828.0,2.023082810045883e+16,5.983,5.982,5.981,5.98,5.979,16900.0,206900.0,21200.0,40000.0,456800.0,5.223,6.155,5.984,5.963,-69400.0,-246900.0,-109600.0,-773000.0,-607900.0,5.984,5.985,5.986,5.987,5.988,52500.0,40000.0,88400.0,733000.0,151100.0,6.155,5.803,0.18100000000000005,-0.004000000000000448,240823487.189,40155195.0,6.383,52500.0,40000.0,88400.0,733000.0,151100.0,0.0014499999999992852,19550.0,948892.7000000179,-0.001000000000000334,-16900.0,-206900.0,-21200.0,-40000.0,-456800.0,0.0019999999999997797,0.0009999999999994458,5.984,5.0,7.0,35.80168045000001,3.214699948093049e+16,9.0,11.0,5.99,0.0019999999999997797,32650.0,-0.0011269790451733375,5.98,5.983499999999999,1005.0,5.988,0.00016712626389242652,0.000501378791677131,-2676755.8871411486,159922,1065000.0,741800.0,323200.0,1806800.0,0.2665620061325443,0.26916792342684637,158600.0,323200.0,5.982930012610454,5.983243515850144,5.986835868544601,5.980038959288218
20230828.0,2.0230828100558828e+16,5.977,5.976,5.975,5.974,5.973,19900.0,209900.0,222900.0,154800.0,202400.0,5.223,6.155,5.981,5.963,-69900.0,-719900.0,-512200.0,-367500.0,-428200.0,5.981,5.982,5.983,5.984,5.985,50000.0,510000.0,289300.0,212700.0,225800.0,6.155,5.803,0.17799999999999994,-0.0030000000000001137,241215869.089,40220795.0,6.383,50000.0,510000.0,289300.0,212700.0,225800.0,0.0009999999999998899,13365.0,392381.89999997616,-0.001000000000000334,-19900.0,-209900.0,-222900.0,-154800.0,-202400.0,0.002000000000000668,0.001000000000000334,5.981,1.0,4.0,35.79449525,3.227172020875749e+16,13.0,7.0,5.984,0.0019999999999997797,12525.0,-0.0008535378883887113,5.981,5.979,1006.0,5.984,0.0006690081953503194,0.0010035122930256277,-2015407.9925381462,159922,1287800.0,809900.0,477900.0,2097700.0,0.26773347157346933,0.24981257776504426,65600.0,477900.0,5.981431402438661,5.9781387696709585,5.983042164932442,5.9746173601679216
20230828.0,2.0230828100658748e+16,5.975,5.974,5.973,5.972,5.971,115200.0,150000.0,392400.0,256500.0,110100.0,5.223,6.155,5.978,5.963,-162200.0,-209900.0,-642400.0,-906300.0,-210100.0,5.978,5.979,5.98,5.981,5.982,47000.0,59900.0,250000.0,649800.0,100000.0,6.155,5.803,0.17499999999999982,-0.0030000000000001137,242270004.769,40397206.0,6.383,47000.0,59900.0,250000.0,649800.0,100000.0,0.0007999999999990237,20761.70000000298,1054135.6800000072,-0.001000000000000334,-115200.0,-150000.0,-392400.0,-256500.0,-110100.0,0.0019999999999997797,0.0009999999999994458,5.978,2.0,2.0,35.762795499999996,3.2390545831807656e+16,16.0,4.0,5.981,0.0,2361.0,-0.00016863975164449485,5.975,5.9765,1007.0,5.981,0.0005019660336317433,0.0008366100560528559,-2019903.8963531577,159922,1106700.0,1024200.0,82500.0,2130900.0,0.26640074319919677,0.24710918078961883,176411.0,82500.0,5.975453231374502,5.977130702836005,5.980628806361254,5.97290597539543
20230828.0,2.023082810075876e+16,5.967,5.966,5.965,5.964,5.963,480000.0,140300.0,120000.0,320000.0,119700.0,5.223,6.155,5.969,5.963,-487800.0,-290300.0,-311300.0,-390000.0,-568200.0,5.969,5.97,5.971,5.972,5.973,7800.0,150000.0,191300.0,70000.0,448500.0,6.155,5.803,0.16600000000000037,-0.008999999999999453,255424523.869,42600606.0,6.383,7800.0,150000.0,191300.0,70000.0,448500.0,0.0028999999999994586,851240.0,13154519.099999994,-0.0009999999999994458,-480000.0,-140300.0,-120000.0,-320000.0,-119700.0,0.0019999999999988916,0.0009999999999994458,5.969,5.0,9.0,35.6635974,3.443254256369832e+16,11.0,9.0,5.976,0.005999999999999339,1473900.0,-0.0013665857977178675,5.967,5.968,1008.0,5.976,0.0003351206434317473,0.000670241286863197,-4843080.132245165,159922,867600.0,1180000.0,-312400.0,2047600.0,0.2143527946000639,0.23794904626585767,2203400.0,312400.0,5.970100344921482,5.968968019680197,5.971923697556478,5.965458389830509
20230828.0,2.0230828100858784e+16,5.96,5.959,5.958,5.957,5.956,70200.0,110000.0,599000.0,311200.0,60000.0,5.223,6.155,5.962,5.962,-170100.0,-400000.0,-708900.0,-390600.0,-592400.0,5.962,5.963,5.964,5.965,5.966,99900.0,290000.0,109900.0,79400.0,532400.0,6.155,5.803,0.1589999999999998,-0.007000000000000561,265094634.469,44221606.0,6.383,99900.0,290000.0,109900.0,79400.0,532400.0,0.0005500000000004945,443255.0,9670110.600000024,-0.001000000000000334,-70200.0,-110000.0,-599000.0,-311200.0,-60000.0,0.002000000000000668,0.001000000000000334,5.962,5.0,8.0,35.587789449999995,3.793887708204392e+16,10.0,10.0,5.969,0.001000000000000334,797075.0,-0.0013650905485083076,5.962,5.961,1009.0,5.968,0.00033551417547387683,0.0006710283509479026,-4403404.590487082,159922,1111600.0,1150400.0,-38800.0,2262000.0,0.20486260461268047,0.22586428326578553,1621000.0,38800.0,5.9655216533004465,5.960825396825396,5.964588700971572,5.957842837273992
20230828.0,2.023082810095876e+16,5.957,5.956,5.955,5.954,5.953,127800.0,300000.0,130000.0,632200.0,270000.0,5.223,6.155,5.957,5.953,-247800.0,-473300.0,-524300.0,-811700.0,-556400.0,5.958,5.959,5.96,5.961,5.962,120000.0,173300.0,394300.0,179500.0,286400.0,6.155,5.803,0.15399999999999991,-0.004999999999999893,275133398.169,45907006.0,6.383,120000.0,173300.0,394300.0,179500.0,286400.0,0.0009999999999998899,493850.0,10038763.700000018,-0.0009999999999994458,-127800.0,-300000.0,-130000.0,-632200.0,-270000.0,0.0019999999999988916,0.0009999999999994458,5.957,3.0,7.0,35.4834698,4.069967090254712e+16,13.0,7.0,5.962,0.0015000000000000568,950375.0,-0.0005553891055982696,5.954,5.9575,1010.0,5.962,0.00016785564414609048,0.0005035669324379733,-3700081.1031305287,159922,1153500.0,1460000.0,-306500.0,2613500.0,0.19146835013088592,0.22039657582410024,1685400.0,306500.0,5.956309303429464,5.957515738498789,5.96029388816645,5.954577671232877
20230828.0,2.0230828101058788e+16,5.959,5.958,5.957,5.956,5.955,11900.0,250000.0,113900.0,80000.0,321100.0,5.223,6.155,5.959,5.953,13900.0,344000.0,153800.0,169900.0,989600.0,5.96,5.961,5.962,5.963,5.964,2000.0,94000.0,39900.0,89900.0,668500.0,6.155,5.803,0.1559999999999997,0.0019999999999997797,281533311.369,46981306.0,6.383,-2000.0,-94000.0,-39900.0,-89900.0,-668500.0,0.0010999999999992127,294000.0,6399913.199999988,-0.001000000000000334,11900.0,250000.0,113900.0,80000.0,321100.0,0.0019999999999997797,0.0009999999999994458,5.959,5.0,4.0,35.4870428,4.290240836295832e+16,5.0,15.0,5.96,0.0012499999999997513,567325.0,0.0003927672423016393,5.955,5.9595,1011.0,5.957,0.00016779931202287674,0.0005033979360684811,1574768.4699953257,159922,894300.0,776900.0,117400.0,1671200.0,0.179102878098992,0.1924238844733763,1074300.0,117400.0,5.9572867913990395,5.959856115107914,5.963485966677848,5.956422834341614
20230828.0,2.023082810115871e+16,5.968,5.967,5.966,5.965,5.964,19000.0,349900.0,309900.0,280000.0,80400.0,5.223,6.155,5.968,5.953,28700.0,399300.0,521000.0,390000.0,508900.0,5.969,5.97,5.971,5.972,5.973,9700.0,49400.0,211100.0,110000.0,428500.0,6.155,5.803,0.16500000000000004,0.009000000000000341,285397157.569,47629506.0,6.383,-9700.0,-49400.0,-211100.0,-110000.0,-428500.0,0.004400000000000404,89390.0,3863846.199999988,-0.0009999999999994458,19000.0,349900.0,309900.0,280000.0,80400.0,0.0019999999999997797,0.001000000000000334,5.968,9.0,4.0,35.574083400000006,4.506732941067912e+16,11.0,9.0,5.97,0.008250000000000313,170900.0,0.001476446159910605,5.958,5.968500000000001,1012.0,5.958,0.00016754628466119357,0.000502638853983432,7956006.322822087,159922,808700.0,1039200.0,-230500.0,1847900.0,0.18728829758257926,0.1997971394278625,648200.0,230500.0,5.960885837704394,5.968662020905923,5.972110671448002,5.965949095458044
20230828.0,2.0230828101258724e+16,5.966,5.965,5.964,5.963,5.962,234700.0,98100.0,19900.0,259900.0,348400.0,5.223,6.155,5.966,5.953,-337900.0,-158100.0,-393900.0,-634900.0,-906900.0,5.967,5.968,5.969,5.97,5.971,103200.0,60000.0,374000.0,375000.0,558500.0,6.155,5.803,0.16300000000000026,-0.0019999999999997797,287378176.069,47961506.0,6.383,103200.0,60000.0,374000.0,375000.0,558500.0,0.0014500000000010616,66910.0,1981018.5,-0.001000000000000334,-234700.0,-98100.0,-19900.0,-259900.0,-348400.0,0.002000000000000668,0.001000000000000334,5.966,2.0,6.0,35.59852895000001,4.57386246090103e+16,9.0,11.0,5.97,0.0022500000000000853,115425.0,-0.0003296821020655205,5.964,5.9665,1013.0,5.97,0.00016760244699563326,0.0005028073409871974,-3202995.9544935306,159922,1470700.0,961000.0,509700.0,2431700.0,0.1811600701112046,0.1950290548702282,332000.0,509700.0,5.966923192771084,5.966694584196508,5.969833344665806,5.963595005202913
20230828.0,2.0230828101358676e+16,5.96,5.959,5.958,5.957,5.956,41000.0,330000.0,50000.0,133900.0,108500.0,5.223,6.155,5.961,5.953,-89200.0,-440000.0,-710000.0,-233900.0,-408500.0,5.961,5.962,5.963,5.964,5.965,48200.0,110000.0,660000.0,100000.0,300000.0,6.155,5.803,0.15800000000000036,-0.004999999999999893,289125425.369,48254406.0,6.383,48200.0,110000.0,660000.0,100000.0,300000.0,0.001300000000000523,35300.0,1747249.300000012,-0.0009999999999994458,-41000.0,-330000.0,-50000.0,-133900.0,-108500.0,0.0019999999999997797,0.001000000000000334,5.961,3.0,5.0,35.577650299999995,4.641748864190152e+16,14.0,6.0,5.968,0.0030000000000001137,65075.0,-0.0010455039636425578,5.961,5.9605,1014.0,5.967,0.00016777116013762838,0.0005033134804127362,-4851358.64107687,159922,1218200.0,663400.0,554800.0,1881600.0,0.18098063663905284,0.19295990174408126,292900.0,554800.0,5.965344144759344,5.960459641255605,5.963405187982269,5.9580921012963515
20230828.0,2.023082810145863e+16,5.965,5.964,5.963,5.962,5.961,260000.0,109900.0,388400.0,260000.0,60000.0,5.223,6.155,5.967,5.953,356100.0,229900.0,562400.0,765000.0,490000.0,5.967,5.968,5.969,5.97,5.971,96100.0,120000.0,174000.0,505000.0,430000.0,6.155,5.803,0.1639999999999997,0.005999999999999339,293690278.269,49019606.0,6.383,-96100.0,-120000.0,-174000.0,-505000.0,-430000.0,0.0009500000000004505,175300.0,4564852.899999976,-0.001000000000000334,260000.0,109900.0,388400.0,260000.0,60000.0,0.0019999999999997797,0.0009999999999994458,5.967,6.0,3.0,35.58182505,4.73964849427599e+16,10.0,10.0,5.967,0.001000000000000334,254050.0,0.0010062318300410045,5.961,5.965999999999999,1015.0,5.961,0.0003352329869258766,0.0006704659738517531,4887582.122208865,159922,1325100.0,1078300.0,246800.0,2403400.0,0.18606813586974236,0.21910550989823518,765200.0,246800.0,5.965568348144245,5.966460263970795,5.969794506075013,5.963231753686359
20230828.0,2.0230828101558716e+16,5.973,5.972,5.971,5.97,5.969,162500.0,91900.0,370000.0,101900.0,148500.0,5.223,6.155,5.974,5.953,522700.0,721900.0,690000.0,211900.0,227000.0,5.975,5.976,5.977,5.978,5.979,360200.0,630000.0,320000.0,110000.0,78500.0,6.155,5.803,0.17100000000000026,0.007000000000000561,297022209.269,49577606.0,6.383,-360200.0,-630000.0,-320000.0,-110000.0,-78500.0,0.0023999999999997357,176885.0,3331931.0,-0.001000000000000334,162500.0,91900.0,370000.0,101900.0,148500.0,0.0019999999999997797,0.0009999999999994458,5.974,6.0,1.0,35.645682,4.85805138846671e+16,7.0,13.0,5.974,0.0045000000000001705,426525.0,0.0011995744145389953,5.968,5.974,1016.0,5.968,0.00033478406427850344,0.0006695681285570069,4958617.3823337,159922,1498700.0,874800.0,623900.0,2373500.0,0.17590361832988227,0.20999709822726836,558000.0,623900.0,5.971202508960573,5.9736217715706905,5.976277106825916,5.9710205761316875
20230828.0,2.023082810165863e+16,5.962,5.961,5.96,5.959,5.958,8300.0,78300.0,101000.0,39900.0,250000.0,5.223,6.155,5.962,5.953,-498300.0,-458300.0,-311000.0,-178400.0,-590000.0,5.963,5.964,5.965,5.966,5.967,490000.0,380000.0,210000.0,138500.0,340000.0,6.155,5.803,0.1589999999999998,-0.012000000000000455,299440600.269,49982906.0,6.383,490000.0,380000.0,210000.0,138500.0,340000.0,0.003350000000000186,77550.0,2418391.0,-0.001000000000000334,-8300.0,-78300.0,-101000.0,-39900.0,-250000.0,0.0019999999999997797,0.0009999999999994458,5.962,1.0,7.0,35.58541484999999,4.967086980288232e+16,8.0,12.0,5.973,0.00649999999999995,143850.0,-0.001944616312741232,5.962,5.9625,1017.0,5.973,0.00016771488469607276,0.0005031446540880694,-9178962.299823543,159922,1558500.0,477500.0,1081000.0,2036000.0,0.1719957508483509,0.2038582630434959,405300.0,1081000.0,5.966915864791512,5.96201665663255,5.9646525505293555,5.9590680628272255
20230828.0,2.0230828101758612e+16,5.964,5.963,5.962,5.961,5.96,130000.0,378400.0,140000.0,60000.0,481000.0,5.223,6.155,5.967,5.953,180000.0,446600.0,616500.0,470000.0,501000.0,5.966,5.967,5.968,5.969,5.97,50000.0,68200.0,476500.0,410000.0,20000.0,6.155,5.803,0.1639999999999997,0.004999999999999893,301961382.369,50405406.0,6.383,-50000.0,-68200.0,-476500.0,-410000.0,-20000.0,0.0008999999999996788,145805.0,2520782.100000024,-0.0009999999999994458,130000.0,378400.0,140000.0,60000.0,481000.0,0.0019999999999997797,0.001000000000000334,5.967,4.0,3.0,35.59435110000001,5.044220154252552e+16,8.0,12.0,5.968,0.0012499999999997513,282975.0,0.0005747724309832503,5.963,5.965,1018.0,5.963,0.0003352891869236848,0.0006705783738473696,3359910.3053506752,159922,1024700.0,1189400.0,-164700.0,2214100.0,0.18264075819143108,0.22125993009690934,422500.0,164700.0,5.96634816568053,5.9654444444444445,5.968275007319216,5.961677484445939
20230828.0,2.0230828101858704e+16,5.956,5.955,5.954,5.953,5.952,7900.0,101900.0,473000.0,290000.0,40400.0,5.223,6.155,5.957,5.95,-53100.0,-171900.0,-593000.0,-560000.0,-320400.0,5.957,5.958,5.959,5.96,5.961,45200.0,70000.0,120000.0,270000.0,280000.0,6.155,5.803,0.15399999999999991,-0.009999999999999787,304961720.669,50909006.0,6.383,45200.0,70000.0,120000.0,270000.0,280000.0,0.005263157894736636,73331.57894736528,3000338.300000012,-0.001000000000000334,-7900.0,-101900.0,-473000.0,-290000.0,-40400.0,0.002000000000000668,0.001000000000000334,5.957,2.0,8.0,35.494655105263156,4.854669923557187e+16,9.0,10.0,5.967,0.008000000000000007,128800.0,-0.0015594678097090586,5.95,5.9565,1019.0,5.967,0.00016788382439342664,0.0005036514731805781,-8462844.014900502,159922,785200.0,913200.0,-128000.0,1698400.0,0.1991397786064887,0.23868102053645046,503600.0,128000.0,5.957780579825282,5.956148775894539,5.959852776362711,5.953722842750767
20230828.0,2.023082810195873e+16,5.944,5.943,5.942,5.941,5.94,50000.0,69900.0,89900.0,230200.0,100100.0,5.223,6.155,5.945,5.944,-80900.0,-197200.0,-259900.0,-780200.0,-140100.0,5.945,5.946,5.947,5.948,5.949,30900.0,127300.0,170000.0,550000.0,40000.0,6.155,5.803,0.14200000000000035,-0.011999999999999567,306146866.069,51108206.0,6.383,30900.0,127300.0,170000.0,550000.0,40000.0,0.0024999999999999467,19240.0,1185145.3999999762,-0.0009999999999994458,-50000.0,-69900.0,-89900.0,-230200.0,-100100.0,0.0019999999999997797,0.001000000000000334,5.945,3.0,8.0,35.42631490000001,5.203773264469912e+16,9.0,6.0,5.957,0.004999999999999893,28600.0,-0.0019378133699898825,5.944,5.9445,1020.0,5.955,0.00016822272689045908,0.0005046681806712279,-8583934.652937599,159922,918200.0,540100.0,378100.0,1458300.0,0.20976226418522556,0.25495378137840113,199200.0,378100.0,5.949525100401487,5.94461804697157,5.947480178610324,5.941517681910757
20230828.0,2.02308281020587e+16,5.951,5.95,5.949,5.948,5.947,29700.0,199300.0,149900.0,310000.0,113500.0,5.223,6.155,5.952,5.943,79700.0,709300.0,491900.0,452200.0,173500.0,5.952,5.953,5.954,5.955,5.956,50000.0,510000.0,342000.0,142200.0,60000.0,6.155,5.803,0.14900000000000002,0.006999999999999673,310046257.804,51763411.0,6.383,-50000.0,-510000.0,-342000.0,-142200.0,-60000.0,0.004199999999999093,238543.25,3899391.7350000143,-0.001000000000000334,29700.0,199300.0,149900.0,310000.0,113500.0,0.0019999999999997797,0.0009999999999994458,5.952,8.0,5.0,35.4001373,5.281966855828342e+16,10.0,10.0,5.956,0.008249999999999424,411605.0,0.0011356096950150274,5.944,5.951499999999999,1021.0,5.945,0.00016802486768047284,0.0005040746030412692,6026843.267603429,159922,1104200.0,802400.0,301800.0,1906600.0,0.23322267381900924,0.2727144412432935,655205.0,301800.0,5.951407170274974,5.9513726474278545,5.9536850208295595,5.948653165503489
20230828.0,2.0230828102158624e+16,5.945,5.944,5.943,5.942,5.941,50000.0,50000.0,120900.0,269900.0,270300.0,5.223,6.155,5.944,5.943,-420900.0,-600000.0,-270900.0,-349900.0,-330300.0,5.947,5.948,5.949,5.95,5.951,370900.0,550000.0,150000.0,80000.0,60000.0,6.155,5.803,0.14100000000000001,-0.008000000000000007,311927682.104,52079711.0,6.383,370900.0,550000.0,150000.0,80000.0,60000.0,4.999999999988347e-05,39465.0,1881424.2999999523,-0.001000000000000334,-50000.0,-50000.0,-120900.0,-269900.0,-270300.0,0.002000000000000668,0.001000000000000334,5.944,0.0,4.0,35.36740765,5.410727486516781e+16,5.0,15.0,5.951,0.00025000000000030553,33000.0,-0.001031396629174841,5.944,5.946,1022.0,5.951,0.00033636057854015807,0.0006727211570804655,-6122161.685655901,159922,1210900.0,761100.0,449800.0,1972000.0,0.23870333242096128,0.2763819218479937,316300.0,449800.0,5.948227315839242,5.94523758612497,5.948098356594269,5.942132177112074
20230828.0,2.0230828102258652e+16,5.935,5.934,5.933,5.932,5.931,89900.0,190000.0,340000.0,250000.0,240000.0,5.223,6.155,5.938,5.938,-149900.0,-559600.0,-690000.0,-550000.0,-290000.0,5.937,5.938,5.939,5.94,5.941,60000.0,369600.0,350000.0,300000.0,50000.0,6.155,5.803,0.1349999999999998,-0.006000000000000227,312390137.004,52157511.0,6.383,60000.0,369600.0,350000.0,300000.0,50000.0,0.001700000000000479,23025.0,462454.90000003576,-0.0009999999999994458,-89900.0,-190000.0,-340000.0,-250000.0,-240000.0,0.0019999999999988916,0.0009999999999994458,5.938,2.0,5.0,35.31093510000001,5.435354258645541e+16,13.0,7.0,5.945,0.0039999999999995595,35475.0,-0.0015213852528983551,5.938,5.936,1023.0,5.944,0.00033692722371978905,0.0006738544474392789,-5268474.804788575,159922,1129600.0,1109900.0,19700.0,2239500.0,0.24192673003415674,0.2792315108968004,77800.0,19700.0,5.944150385604573,5.936199466310875,5.938920679886685,5.932675466258221
20230828.0,2.023082810235862e+16,5.932,5.931,5.93,5.929,5.928,54000.0,100000.0,499900.0,99900.0,590000.0,5.223,6.155,5.932,5.929,-364800.0,-588900.0,-1019900.0,-139900.0,-861700.0,5.934,5.935,5.936,5.937,5.938,310800.0,488900.0,520000.0,40000.0,271700.0,6.155,5.803,0.12900000000000045,-0.005999999999999339,316973888.704,52930211.0,6.383,310800.0,488900.0,520000.0,40000.0,271700.0,0.0013499999999995183,158265.0,4583751.699999988,-0.0009999999999994458,-54000.0,-100000.0,-499900.0,-99900.0,-590000.0,0.0019999999999997797,0.001000000000000334,5.932,3.0,5.0,35.196339149999986,5.486583435281301e+16,11.0,9.0,5.935,0.0019999999999997797,327075.0,-0.0006577773591955882,5.929,5.933,1024.0,5.935,0.00033709758975219615,0.0006741951795043923,-2634169.0986261303,159922,1631400.0,1343800.0,287600.0,2975200.0,0.22939041264902493,0.25831532292481946,772700.0,287600.0,5.9321233337647055,5.932296052631579,5.935676903273262,5.92920233665724
20230828.0,2.0230828102458584e+16,5.945,5.944,5.943,5.942,5.941,50000.0,536500.0,388200.0,237300.0,260000.0,5.223,6.155,5.944,5.929,140000.0,881700.0,928200.0,677300.0,357100.0,5.947,5.948,5.949,5.95,5.951,90000.0,345200.0,540000.0,440000.0,97100.0,6.155,5.803,0.14100000000000001,0.011999999999999567,322029815.504,53781311.0,6.383,-90000.0,-345200.0,-540000.0,-440000.0,-97100.0,0.002349999999999852,184800.0,5055926.800000012,-0.001000000000000334,50000.0,536500.0,388200.0,237300.0,260000.0,0.002000000000000668,0.001000000000000334,5.944,8.0,3.0,35.30322515000001,5.719837372151362e+16,14.0,6.0,5.948,0.004499999999999282,357975.0,0.0022593411536788732,5.932,5.946,1025.0,5.932,0.00033636057854015807,0.0006727211570804655,10762304.959838819,159922,1512300.0,1472000.0,40300.0,2984300.0,0.2409010051082128,0.2710297313691559,851100.0,40300.0,5.940461520385398,5.945714285714286,5.949072075646366,5.942917934782608
20230828.0,2.0230828102558624e+16,5.949,5.948,5.947,5.946,5.945,306600.0,558600.0,170000.0,380000.0,304500.0,5.223,6.155,5.951,5.929,371900.0,689900.0,450000.0,1040000.0,399000.0,5.951,5.952,5.953,5.954,5.955,65300.0,131300.0,280000.0,660000.0,94500.0,6.155,5.803,0.1479999999999997,0.006999999999999673,323653831.504,54054311.0,6.383,-65300.0,-131300.0,-280000.0,-660000.0,-94500.0,0.0015000000000000568,45915.0,1624016.0,-0.001000000000000334,306600.0,558600.0,170000.0,380000.0,304500.0,0.0019999999999997797,0.0009999999999994458,5.951,5.0,2.0,35.3739512,5.805373097163901e+16,10.0,10.0,5.951,0.0030000000000001137,58675.0,0.0008295888165679166,5.944,5.949999999999999,1026.0,5.947,0.00033613445378147564,0.0006722689075629512,3627156.7983095385,159922,1231100.0,1719700.0,-488600.0,2950800.0,0.2219027049942023,0.2528504383112919,273000.0,488600.0,5.948776556776557,5.950648830330733,5.953476890585655,5.9471062976100475
20230828.0,2.0230828102658704e+16,5.943,5.942,5.941,5.94,5.939,50000.0,130800.0,380000.0,260300.0,288600.0,5.223,6.155,5.943,5.929,-156900.0,-410800.0,-450000.0,-730300.0,-347200.0,5.945,5.946,5.947,5.948,5.949,106900.0,280000.0,70000.0,470000.0,58600.0,6.155,5.803,0.13999999999999968,-0.008000000000000007,328494316.204,54867711.0,6.383,106900.0,280000.0,70000.0,470000.0,58600.0,0.0015000000000000568,127080.0,4840484.699999988,-0.0009999999999994458,-50000.0,-130800.0,-380000.0,-260300.0,-288600.0,0.0019999999999988916,0.0009999999999994458,5.943,4.0,7.0,35.420363800000004,5.953299118432321e+16,12.0,8.0,5.955,0.0039999999999995595,203025.0,-0.001178966506721002,5.943,5.944,1027.0,5.95,0.0003364737550472187,0.0006729475100941385,-6483829.688483084,159922,985500.0,1109700.0,-124200.0,2095200.0,0.2280579300817684,0.2602708188006924,813400.0,124200.0,5.950927833784101,5.9436373486297,5.947094774226281,5.940453275660088
20230828.0,2.023082810275859e+16,5.95,5.949,5.948,5.947,5.946,69900.0,381900.0,96000.0,60000.0,318500.0,5.223,6.155,5.95,5.929,159900.0,781900.0,406100.0,330000.0,823700.0,5.952,5.953,5.954,5.955,5.956,90000.0,400000.0,310100.0,270000.0,505200.0,6.155,5.803,0.14700000000000024,0.007000000000000561,331524382.104,55377411.0,6.383,-90000.0,-400000.0,-310100.0,-270000.0,-505200.0,0.002649999999998265,120345.0,3030065.899999976,-0.001000000000000334,69900.0,381900.0,96000.0,60000.0,318500.0,0.002000000000000668,0.001000000000000334,5.95,6.0,3.0,35.370983050000014,6.104535691319861e+16,13.0,7.0,5.95,0.007000000000000561,219775.0,0.0012168551201638955,5.942,5.9510000000000005,1028.0,5.943,0.0003360779700890236,0.0006721559401781965,6506710.154902904,159922,1575300.0,926300.0,649000.0,2501600.0,0.2214615344811474,0.25794873652106465,509700.0,649000.0,5.944802628997403,5.9508742964352725,5.95444461372437,5.947810752456007
20230828.0,2.0230828102858548e+16,5.946,5.945,5.944,5.943,5.942,50000.0,50000.0,50000.0,359900.0,299900.0,5.223,6.155,5.946,5.929,-100000.0,-160000.0,-590000.0,-499900.0,-378400.0,5.947,5.948,5.949,5.95,5.951,50000.0,110000.0,540000.0,140000.0,78500.0,6.155,5.803,0.1429999999999998,-0.004000000000000448,333117035.104,55645211.0,6.383,50000.0,110000.0,540000.0,140000.0,78500.0,0.0021500000000003183,84800.0,1592653.0,-0.001000000000000334,-50000.0,-50000.0,-50000.0,-359900.0,-299900.0,0.0019999999999997797,0.0009999999999994458,5.946,3.0,4.0,35.38049825,6.163001904065821e+16,6.0,14.0,5.954,0.004000000000000448,117300.0,-0.0007353381550228022,5.944,5.9465,1029.0,5.95,0.00016816614815443268,0.0005044984444631486,-3733808.8682118086,159922,918500.0,809800.0,108700.0,1728300.0,0.20955726192314364,0.24218031031648296,267800.0,108700.0,5.947173263629574,5.9465,5.9490947196516055,5.9430001234872805
20230828.0,2.0230828102958564e+16,5.948,5.947,5.946,5.945,5.944,150000.0,352000.0,380000.0,420000.0,240000.0,5.223,6.155,5.949,5.929,229900.0,522000.0,500000.0,868500.0,440000.0,5.95,5.951,5.952,5.953,5.954,79900.0,170000.0,120000.0,448500.0,200000.0,6.155,5.803,0.1459999999999999,0.0030000000000001137,337562676.104,56392711.0,6.383,-79900.0,-170000.0,-120000.0,-448500.0,-200000.0,0.0005500000000004945,191890.0,4445641.0,-0.0009999999999994458,150000.0,352000.0,380000.0,420000.0,240000.0,0.0019999999999997797,0.001000000000000334,5.949,4.0,4.0,35.37216235000001,6.269780094818601e+16,11.0,9.0,5.949,0.001000000000000334,378900.0,0.000471580570208463,5.946,5.949,1030.0,5.946,0.0003361909564632341,0.0006723819129264683,2828958.4645507038,159922,1018400.0,1542000.0,-523600.0,2560400.0,0.23064887136987955,0.23592269775516292,747500.0,523600.0,5.947345819397993,5.949304915180513,5.952509328358209,5.945839169909209
20230828.0,2.0230828103058692e+16,5.953,5.952,5.951,5.95,5.949,242200.0,462000.0,431900.0,280000.0,60000.0,5.223,6.155,5.953,5.929,262200.0,532000.0,542600.0,408500.0,276800.0,5.954,5.955,5.956,5.957,5.958,20000.0,70000.0,110700.0,128500.0,216800.0,6.155,5.803,0.15000000000000036,0.004000000000000448,340608569.704,56904711.0,6.383,-20000.0,-70000.0,-110700.0,-128500.0,-216800.0,0.0016999999999987025,148625.0,3045893.600000024,-0.001000000000000334,242200.0,462000.0,431900.0,280000.0,60000.0,0.002000000000000668,0.001000000000000334,5.953,5.0,3.0,35.39417389999999,6.428067766076941e+16,7.0,13.0,5.953,0.0029999999999992255,298875.0,0.0007760595954762195,5.947,5.9535,1031.0,5.949,0.00016796842193658282,0.0005039052658100468,3824903.262567282,159922,546000.0,1476100.0,-930100.0,2022100.0,0.22902185249402413,0.22738323723241344,512000.0,930100.0,5.949010937500047,5.9539237223493515,5.956828021978022,5.951370164622993
20230828.0,2.023082810315856e+16,5.943,5.942,5.941,5.94,5.939,50000.0,110000.0,380000.0,460500.0,344600.0,5.223,6.155,5.945,5.929,-100000.0,-450400.0,-780000.0,-520500.0,-637500.0,5.945,5.946,5.947,5.948,5.949,50000.0,340400.0,400000.0,60000.0,292900.0,6.155,5.803,0.14200000000000035,-0.008000000000000007,342236923.404,57178411.0,6.383,50000.0,340400.0,400000.0,60000.0,292900.0,0.0020999999999995467,45650.0,1628353.699999988,-0.0009999999999994458,-50000.0,-110000.0,-380000.0,-460500.0,-344600.0,0.0019999999999988916,0.0009999999999994458,5.945,1.0,7.0,35.379902900000005,6.516897470325241e+16,7.0,13.0,5.954,0.004250000000000753,100450.0,-0.00166814393538961,5.945,5.944,1032.0,5.954,0.0003364737550472187,0.0006729475100941385,-8633428.046100456,159922,1143300.0,1345100.0,-201800.0,2488400.0,0.22048199803258803,0.22679585548483575,273700.0,201800.0,5.949410668615228,5.944,5.947179655383539,5.94030139023121
20230828.0,2.023082810325855e+16,5.948,5.947,5.946,5.945,5.944,89600.0,646000.0,424400.0,54400.0,180000.0,5.223,6.155,5.948,5.929,129600.0,686000.0,494400.0,149900.0,540000.0,5.949,5.95,5.951,5.952,5.953,40000.0,40000.0,70000.0,95500.0,360000.0,6.155,5.803,0.14500000000000046,0.0030000000000001137,347212015.304,58014611.0,6.383,-40000.0,-40000.0,-70000.0,-95500.0,-360000.0,0.001095238095238038,218257.1428571418,4975091.900000036,-0.001000000000000334,89600.0,646000.0,424400.0,54400.0,180000.0,0.002000000000000668,0.001000000000000334,5.948,5.0,3.0,35.39173890476191,7.014926366732813e+16,6.0,15.0,5.954,0.0019999999999997797,453800.0,0.0007889481239864438,5.945,5.9485,1033.0,5.945,0.0001681096074639734,0.0005043288223922188,2854612.684969189,159922,605500.0,1394400.0,-788900.0,1999900.0,0.23284085305827507,0.24404029170490696,836200.0,788900.0,5.94964350633824,5.948691358024692,5.952148637489678,5.946294606999426
20230828.0,2.0230828103358612e+16,5.944,5.943,5.942,5.941,5.94,140000.0,212000.0,410000.0,479600.0,410500.0,5.223,6.155,5.946,5.929,-190000.0,-592000.0,-670000.0,-857900.0,-530500.0,5.947,5.948,5.949,5.95,5.951,50000.0,380000.0,260000.0,378300.0,120000.0,6.155,5.803,0.1429999999999998,-0.002000000000000668,349412927.304,58384611.0,6.383,50000.0,380000.0,260000.0,378300.0,120000.0,0.001656250000000803,76312.5,2200912.0,-0.001000000000000334,-140000.0,-212000.0,-410000.0,-479600.0,-410500.0,0.002000000000000668,0.001000000000000334,5.946,2.0,5.0,35.39469540625001,1.0840281539923426e+17,17.0,15.0,5.952,0.0029999999999992255,114400.0,-0.000417125213641123,5.946,5.9455,1034.0,5.95,0.0005045832982928457,0.0008409721638215089,-3919869.8513217773,159922,1188300.0,1652100.0,-463800.0,2840400.0,0.21182400556182948,0.2206921907212044,370000.0,463800.0,5.9484108108108105,5.94621052631579,5.949116384751325,5.94151056231463
20230828.0,2.0230828103458536e+16,5.953,5.952,5.951,5.95,5.949,54900.0,502000.0,301200.0,220000.0,90100.0,5.223,6.155,5.953,5.929,94900.0,597000.0,651200.0,516800.0,130100.0,5.955,5.956,5.957,5.958,5.959,40000.0,95000.0,350000.0,296800.0,40000.0,6.155,5.803,0.15000000000000036,0.007000000000000561,350851686.304,58626411.0,6.383,-40000.0,-95000.0,-350000.0,-296800.0,-40000.0,0.0018799999999998818,42744.0,1438759.0,-0.001000000000000334,54900.0,502000.0,301200.0,220000.0,90100.0,0.002000000000000668,0.001000000000000334,5.953,7.0,4.0,35.41297872,8.567180793510723e+16,14.0,11.0,5.954,0.004000000000000448,91900.0,0.0013355019866381213,5.946,5.954000000000001,1035.0,5.946,0.00033590863285182725,0.0006718172657038037,6880968.709207467,159922,821800.0,1168200.0,-346400.0,1990000.0,0.19128230624957396,0.22016793173081958,241800.0,346400.0,5.9502026468155504,5.954157007376185,5.957245558530056,5.951181133367574
20230828.0,2.023082810355866e+16,5.958,5.957,5.956,5.955,5.954,100000.0,713800.0,590000.0,160000.0,610100.0,5.223,6.155,5.959,5.929,202200.0,823800.0,860200.0,454700.0,1063900.0,5.96,5.961,5.962,5.963,5.964,102200.0,110000.0,270200.0,294700.0,453800.0,6.155,5.803,0.1559999999999997,0.005999999999999339,354863311.104,59300111.0,6.383,-102200.0,-110000.0,-270200.0,-294700.0,-453800.0,0.0012857142857143344,276814.2857142836,4011624.7999999523,-0.001000000000000334,100000.0,713800.0,590000.0,160000.0,610100.0,0.002000000000000668,0.001000000000000334,5.959,4.0,1.0,35.45352171428573,9.72550616438906e+16,15.0,13.0,5.959,0.0019999999999997797,524200.0,0.0008112235879178531,5.952,5.959,1036.0,5.953,0.00033562678301724783,0.0006712535660346447,5961886.003580695,159922,1230900.0,2173900.0,-943000.0,3404800.0,0.1752537838314283,0.20001439548235272,673700.0,943000.0,5.954616001187401,5.9589891196834825,5.962721342107402,5.9557854547127285
20230828.0,2.0230828103658628e+16,5.956,5.955,5.954,5.953,5.952,40000.0,360000.0,328600.0,90000.0,415600.0,5.223,6.155,5.957,5.929,-230300.0,-450000.0,-778600.0,-418300.0,-655800.0,5.958,5.959,5.96,5.961,5.962,190300.0,90000.0,450000.0,328300.0,240200.0,6.155,5.803,0.15399999999999991,-0.0019999999999997797,360108387.004,60179911.0,6.383,190300.0,90000.0,450000.0,328300.0,240200.0,0.001083333333332881,210330.55555555224,5245075.900000036,-0.0009999999999994458,-40000.0,-360000.0,-328600.0,-90000.0,-415600.0,0.0019999999999997797,0.001000000000000334,5.957,3.0,5.0,35.54445286111112,1.2860086641236774e+17,27.0,9.0,5.963,0.0012499999999997513,292975.0,-0.00044341957722138226,5.957,5.957000000000001,1037.0,5.96,0.00033573946617421175,0.0006714789323484236,-3059919.682480226,159922,1298800.0,1234200.0,64600.0,2533000.0,0.1665811846917633,0.1843293658578634,879800.0,64600.0,5.961668447374444,5.95634737299175,5.960260317215892,5.95361011181332
20230828.0,2.0230828103758536e+16,5.965,5.964,5.963,5.962,5.961,10000.0,231000.0,389900.0,259900.0,90000.0,5.223,6.155,5.967,5.929,60000.0,561000.0,868300.0,500200.0,230200.0,5.967,5.968,5.969,5.97,5.971,50000.0,330000.0,478400.0,240300.0,140200.0,6.155,5.803,0.1639999999999997,0.009999999999999787,363099889.604,60681811.0,6.383,-50000.0,-330000.0,-478400.0,-240300.0,-140200.0,0.0028148148148137153,113092.59259258956,2991502.5999999642,-0.001000000000000334,10000.0,231000.0,389900.0,259900.0,90000.0,0.0019999999999997797,0.0009999999999994458,5.967,6.0,2.0,35.54324374074075,9.887576457225008e+16,15.0,12.0,5.967,0.005000000000000782,234500.0,0.001507499196580886,5.958,5.965999999999999,1038.0,5.958,0.0003352329869258766,0.0006704659738517531,9139236.322249083,159922,1238900.0,980800.0,258100.0,2219700.0,0.15336370857351753,0.16414387825915178,501900.0,258100.0,5.960355847778371,5.965333333333334,5.96907321010574,5.962807402120718
20230828.0,2.023082810385855e+16,5.967,5.966,5.965,5.964,5.963,290000.0,249900.0,109700.0,399100.0,270000.0,5.223,6.155,5.968,5.929,290100.0,389900.0,479700.0,669300.0,588600.0,5.969,5.97,5.971,5.972,5.973,100.0,140000.0,370000.0,270200.0,318600.0,6.155,5.803,0.16500000000000004,0.001000000000000334,363126145.704,60686211.0,6.383,-100.0,-140000.0,-370000.0,-270200.0,-318600.0,0.0007599999999987617,492.0,26256.100000023842,-0.0009999999999994458,290000.0,249900.0,109700.0,399100.0,270000.0,0.0019999999999988916,0.0009999999999994458,5.968,3.0,1.0,35.60222564000001,9.206522263628365e+16,14.0,11.0,5.968,0.0009999999999994458,200.0,0.0006143581671318454,5.965,5.968,1039.0,5.965,0.0003351206434317473,0.000670241286863197,3050670.2322412427,159922,1098900.0,1318700.0,-219800.0,2417600.0,0.15210429896386368,0.16514079565137385,4400.0,219800.0,5.967295454550873,5.968999310582557,5.971698152698154,5.964917191173126
20230828.0,2.0230828103958532e+16,5.965,5.964,5.963,5.962,5.961,50000.0,299900.0,159900.0,272100.0,539600.0,5.223,6.155,5.965,5.929,-200100.0,-479900.0,-679900.0,-510600.0,-839600.0,5.967,5.968,5.969,5.97,5.971,150100.0,180000.0,520000.0,238500.0,300000.0,6.155,5.803,0.16199999999999992,-0.0030000000000001137,364945749.604,60991211.0,6.383,150100.0,180000.0,520000.0,238500.0,300000.0,0.001000000000000334,116250.0,1819603.8999999762,-0.001000000000000334,-50000.0,-299900.0,-159900.0,-272100.0,-539600.0,0.0019999999999997797,0.0009999999999994458,5.965,1.0,3.0,35.60509073333333,1.1090897814491662e+17,18.0,10.0,5.968,0.002749999999999808,197650.0,-0.000586461239825864,5.965,5.965999999999999,1040.0,5.968,0.0003352329869258766,0.0006704659738517531,-3061717.359086542,159922,1388600.0,1321500.0,67100.0,2710100.0,0.14879861575697895,0.15366727793616683,305000.0,67100.0,5.96591442622943,5.965499750124938,5.969258029670171,5.962280060537268
20230828.0,2.023082810405852e+16,5.972,5.971,5.97,5.969,5.968,50000.0,40000.0,140000.0,109900.0,430000.0,5.223,6.155,5.973,5.929,140000.0,610000.0,468500.0,370900.0,680200.0,5.973,5.974,5.975,5.976,5.977,90000.0,570000.0,328500.0,261000.0,250200.0,6.155,5.803,0.16999999999999993,0.008000000000000007,367492531.104,61417811.0,6.383,-90000.0,-570000.0,-328500.0,-261000.0,-250200.0,0.0006400000000015282,52764.0,2546781.5,-0.001000000000000334,50000.0,40000.0,140000.0,109900.0,430000.0,0.002000000000000668,0.001000000000000334,5.973,6.0,1.0,35.624667200000005,9.353776565097784e+16,13.0,12.0,5.973,0.001000000000000334,139000.0,0.0011488483314732179,5.965,5.9725,1041.0,5.965,0.00016743407283372887,0.0005023022185014841,8202793.583609516,159922,1499700.0,769900.0,729800.0,2269600.0,0.1513652105017893,0.15358501281788092,426600.0,729800.0,5.969951945616502,5.972357142857143,5.975007601520304,5.968922067801013
20230828.0,2.023082810415855e+16,5.974,5.973,5.972,5.971,5.97,64900.0,349900.0,250300.0,178500.0,279600.0,5.223,6.155,5.975,5.929,65000.0,490900.0,690300.0,584000.0,837900.0,5.975,5.976,5.977,5.978,5.979,100.0,141000.0,440000.0,405500.0,558300.0,6.155,5.803,0.1719999999999997,0.0019999999999997797,369580521.804,61767411.0,6.383,-100.0,-141000.0,-440000.0,-405500.0,-558300.0,0.0009599999999991837,11428.0,2087990.7000000477,-0.001000000000000334,64900.0,349900.0,250300.0,178500.0,279600.0,0.002000000000000668,0.001000000000000334,5.975,4.0,1.0,35.67625272,9.518430705787266e+16,12.0,13.0,5.975,0.0019999999999997797,10000.0,0.00044215955594051337,5.971,5.9745,1042.0,5.971,0.00016737802326545248,0.0005021340697966548,4127743.107050722,159922,1544900.0,1123200.0,421700.0,2668100.0,0.1468355556310432,0.1441071660329449,349600.0,421700.0,5.972513443936063,5.974998461538462,5.977893844261764,5.971770299145299
20230828.0,2.0230828104258504e+16,5.963,5.962,5.961,5.96,5.959,50000.0,150100.0,170000.0,460800.0,80100.0,5.223,6.155,5.965,5.929,-97000.0,-698400.0,-350000.0,-730800.0,-320300.0,5.965,5.966,5.967,5.968,5.969,47000.0,548300.0,180000.0,270000.0,240200.0,6.155,5.803,0.16199999999999992,-0.009999999999999787,371296438.004,62054911.0,6.383,47000.0,548300.0,180000.0,270000.0,240200.0,0.0034444444444456934,122929.62962962687,1715916.199999988,-0.001000000000000334,-50000.0,-150100.0,-170000.0,-460800.0,-80100.0,0.002000000000000668,0.001000000000000334,5.965,1.0,8.0,35.62233851851852,1.0355068156509166e+17,11.0,16.0,5.975,0.006000000000000227,218450.0,-0.0018372576916951822,5.965,5.964,1043.0,5.975,0.000335345405767904,0.000670690811535957,-10369580.208508588,159922,1285500.0,911000.0,374500.0,2196500.0,0.1400743561676375,0.13949135880110342,287500.0,374500.0,5.968404173913002,5.964030927835052,5.967084091793076,5.960592864983536
20230828.0,2.023082810435844e+16,5.965,5.964,5.963,5.962,5.961,50000.0,100000.0,90000.0,200100.0,338500.0,5.223,6.155,5.965,5.929,150000.0,390000.0,390000.0,578400.0,559000.0,5.966,5.967,5.968,5.969,5.97,100000.0,290000.0,300000.0,378300.0,220500.0,6.155,5.803,0.16199999999999992,0.0,372812400.804,62309011.0,6.383,-100000.0,-290000.0,-300000.0,-378300.0,-220500.0,0.0019200000000001438,62136.0,1515962.800000012,-0.0009999999999994458,50000.0,100000.0,90000.0,200100.0,338500.0,0.0019999999999988916,0.0009999999999994458,5.965,3.0,3.0,35.592204720000005,9.674930822604283e+16,9.0,16.0,5.969,0.0030000000000001137,112100.0,0.00021835287697546946,5.963,5.9655000000000005,1044.0,5.965,0.00016763054228486027,0.000502891626854283,-6560.595663896413,159922,1288800.0,778600.0,510200.0,2067400.0,0.14704736198973758,0.1511646429857877,254100.0,510200.0,5.966008658008705,5.965333333333334,5.968255509000621,5.962130362188544
20230828.0,2.023082810445843e+16,5.961,5.96,5.959,5.958,5.957,92800.0,372800.0,130100.0,206000.0,519600.0,5.223,6.155,5.962,5.929,-127200.0,-543000.0,-273341.0,-790200.0,-1065700.0,5.962,5.963,5.964,5.965,5.966,34400.0,170200.0,143241.0,584200.0,546100.0,6.155,5.803,0.1589999999999998,-0.0030000000000001137,374692297.204,62624211.0,6.383,34400.0,170200.0,143241.0,584200.0,546100.0,0.0009642857142857508,33228.57142857462,1879896.3999999762,-0.001000000000000334,-92800.0,-372800.0,-130100.0,-206000.0,-519600.0,0.002000000000000668,0.001000000000000334,5.962,2.0,4.0,35.569723607142855,1.0950954887162021e+17,14.0,14.0,5.966,0.0015000000000000568,19200.0,-0.0006043019521033699,5.962,5.9615,1045.0,5.965,0.0001677430176967954,0.0005032290530906842,-3149076.089376058,159922,1478141.0,1321300.0,156841.0,2799441.0,0.13476674145080783,0.13785802812651154,315200.0,156841.0,5.964138324873021,5.961729559748428,5.964972437676784,5.958480208885188
20230828.0,2.0230828104558548e+16,5.967,5.966,5.965,5.964,5.963,50000.0,309500.0,132000.0,280800.0,539600.0,5.223,6.155,5.966,5.929,200000.0,479500.0,420900.0,802500.0,755600.0,5.968,5.969,5.97,5.971,5.972,150000.0,170000.0,288900.0,521700.0,216000.0,6.155,5.803,0.16300000000000026,0.004000000000000448,376122769.728,62864052.0,6.383,-150000.0,-170000.0,-288900.0,-521700.0,-216000.0,0.0006190476190477412,9803.285714283586,1430472.523999989,-0.001000000000000334,50000.0,309500.0,132000.0,280800.0,539600.0,0.0019999999999997797,0.0009999999999994458,5.966,4.0,0.0,35.56475304761904,8.266674693426158e+16,9.0,12.0,5.966,0.001000000000000334,10241.0,0.0009255511953909501,5.962,5.967499999999999,1046.0,5.962,0.0001675743611228042,0.0005027230833682637,4210090.349089556,159922,1346600.0,1311900.0,34700.0,2658500.0,0.13417820615135523,0.13634102693613784,239841.0,34700.0,5.964253501277884,5.96725,5.970359200950543,5.964275478313896
20230828.0,2.023082810465858e+16,5.956,5.955,5.954,5.953,5.952,50000.0,159900.0,240200.0,289900.0,599600.0,5.223,6.155,5.956,5.929,-210000.0,-539900.0,-380200.0,-756700.0,-639600.0,5.958,5.959,5.96,5.961,5.962,160000.0,380000.0,140000.0,466800.0,40000.0,6.155,5.803,0.15300000000000047,-0.009999999999999787,382279489.628,63897352.0,6.383,160000.0,380000.0,140000.0,466800.0,40000.0,0.0038461538461538325,400034.61538461596,6156719.900000036,-0.0009999999999994458,-50000.0,-159900.0,-240200.0,-289900.0,-599600.0,0.0019999999999997797,0.001000000000000334,5.956,2.0,8.0,35.507865384615386,1.046944404166623e+17,10.0,16.0,5.968,0.006999999999999673,796475.0,-0.0018071217476307577,5.955,5.957000000000001,1047.0,5.968,0.00033573946617421175,0.0006714789323484236,-12716410.535561547,159922,1186800.0,1339600.0,-152800.0,2526400.0,0.15052051589598567,0.14860249044709362,1033300.0,152800.0,5.958308235749575,5.956476190476191,5.95987091338052,5.953082412660496
20230828.0,2.0230828104758456e+16,5.957,5.956,5.955,5.954,5.953,50000.0,390000.0,150000.0,221200.0,298500.0,5.223,6.155,5.959,5.929,250000.0,720000.0,558500.0,561200.0,554500.0,5.96,5.961,5.962,5.963,5.964,200000.0,330000.0,408500.0,340000.0,256000.0,6.155,5.803,0.1559999999999997,0.0029999999999992255,388124339.028,64878052.0,6.383,-200000.0,-330000.0,-408500.0,-340000.0,-256000.0,0.0034999999999998366,294259.0909090936,5844849.399999976,-0.001000000000000334,50000.0,390000.0,150000.0,221200.0,298500.0,0.0019999999999997797,0.0009999999999994458,5.959,4.0,6.0,35.51023604545455,9.165201767512429e+16,9.0,13.0,5.965,0.006749999999999368,628175.0,0.0001886523989229616,5.955,5.9585,1048.0,5.959,0.0005034824200721849,0.000839137366786925,-30775.242311424576,159922,1534500.0,1109700.0,424800.0,2644200.0,0.16016581426806167,0.17167608729611067,980700.0,424800.0,5.959874987253978,5.9576,5.962079504724666,5.954704244390376
20230828.0,2.0230828104858484e+16,5.95,5.949,5.948,5.947,5.946,90300.0,130900.0,370500.0,151000.0,629100.0,5.223,6.155,5.952,5.929,-140300.0,-230900.0,-627900.0,-600900.0,-1035900.0,5.951,5.952,5.953,5.954,5.955,50000.0,100000.0,257400.0,449900.0,406800.0,6.155,5.803,0.14900000000000002,-0.006999999999999673,391633598.528,65467352.0,6.383,50000.0,100000.0,257400.0,449900.0,406800.0,0.0018518518518515492,178455.55555555224,3509259.5,-0.001000000000000334,-90300.0,-130900.0,-370500.0,-151000.0,-629100.0,0.002000000000000668,0.001000000000000334,5.952,3.0,7.0,35.44835807407407,1.1509245574360821e+17,13.0,14.0,5.959,0.0035000000000007248,388800.0,-0.0011683301417486636,5.951,5.9505,1049.0,5.959,0.0001680531047810177,0.0005041593143433516,-7664185.092990751,159922,1264100.0,1371800.0,-107700.0,2635900.0,0.1925230495799658,0.1957264594165485,589300.0,107700.0,5.954962667571695,5.950643620812544,5.953841310022941,5.947199810467998
20230828.0,2.023082810495852e+16,5.953,5.952,5.951,5.95,5.949,75600.0,110000.0,362000.0,579600.0,80000.0,5.223,6.155,5.953,5.929,205600.0,250000.0,470500.0,1211300.0,374300.0,5.955,5.956,5.957,5.958,5.959,130000.0,140000.0,108500.0,631700.0,294300.0,6.155,5.803,0.15000000000000036,0.001000000000000334,394638107.028,65972352.0,6.383,-130000.0,-140000.0,-108500.0,-631700.0,-294300.0,0.0013703703703704662,76266.66666666418,3004508.5,-0.001000000000000334,75600.0,110000.0,362000.0,579600.0,80000.0,0.002000000000000668,0.001000000000000334,5.953,7.0,4.0,35.39501137037036,1.16667257215443e+17,11.0,16.0,5.953,0.0029999999999992255,217700.0,0.0005194370591956599,5.947,5.954000000000001,1050.0,5.952,0.00033590863285182725,0.0006718172657038037,1128193.9815354098,159922,1304500.0,1207200.0,97300.0,2511700.0,0.18265953298681545,0.18822922022656685,505000.0,97300.0,5.949521782178218,5.953735408560311,5.957628823303947,5.950603711066932
20230828.0,2.023082810505856e+16,5.96,5.959,5.958,5.957,5.956,259900.0,200000.0,761600.0,40000.0,180000.0,5.223,6.155,5.96,5.929,339900.0,380000.0,1010100.0,489200.0,646000.0,5.962,5.963,5.964,5.965,5.966,80000.0,180000.0,248500.0,449200.0,466000.0,6.155,5.803,0.15700000000000003,0.006999999999999673,395576621.728,66129952.0,6.383,-80000.0,-180000.0,-248500.0,-449200.0,-466000.0,0.002080000000001192,55040.0,938514.6999999881,-0.001000000000000334,259900.0,200000.0,761600.0,40000.0,180000.0,0.002000000000000668,0.001000000000000334,5.96,5.0,1.0,35.46108052,1.091470953082436e+17,14.0,11.0,5.96,0.006000000000000227,111900.0,0.0013082153145582698,5.951,5.961,1051.0,5.953,0.00033551417547387683,0.0006710283509479026,7765876.911293234,159922,1423700.0,1441500.0,-17800.0,2865200.0,0.18990870283006986,0.18990870283006986,157600.0,17800.0,5.955042512690279,5.961529273315681,5.964731333848423,5.958221852237253
20230828.0,2.023082810515855e+16,5.97,5.968,5.967,5.966,5.965,19900.0,40000.0,250000.0,230000.0,278500.0,5.223,6.155,5.97,5.929,280000.0,483400.0,308500.0,451000.0,457700.0,5.973,5.974,5.975,5.976,5.977,260100.0,443400.0,58500.0,221000.0,179200.0,6.155,5.803,0.16699999999999982,0.009999999999999787,397440662.028,66442152.0,6.383,-260100.0,-443400.0,-58500.0,-221000.0,-179200.0,0.0036250000000004334,53300.0,1864040.300000012,-0.001000000000000334,19900.0,40000.0,250000.0,230000.0,278500.0,0.0030000000000001137,0.0019999999999997797,5.97,5.0,2.0,35.61256245833334,1.052640040241141e+17,11.0,13.0,5.972,0.007249999999999979,76600.0,0.0014556034061810053,5.96,5.9715,1052.0,5.96,0.0005023863350917046,0.0010048568079049115,11083081.729665324,159922,1162200.0,818400.0,343800.0,1980600.0,0.18356269832047517,0.19423231758224593,312200.0,343800.0,5.970660794362626,5.970213214285714,5.974669420065394,5.9661601906158355
20230828.0,2.0230828105258444e+16,5.971,5.97,5.969,5.968,5.967,50000.0,90000.0,250000.0,165000.0,489600.0,5.223,6.155,5.972,5.929,309700.0,460000.0,-321400.0,-31800.0,511300.0,5.973,5.974,5.975,5.976,5.977,400.0,73400.0,629900.0,417800.0,157500.0,6.155,5.803,0.16900000000000048,0.002000000000000668,397980430.328,66532552.0,6.383,-259700.0,-370000.0,571400.0,196800.0,-21700.0,0.0005517241379306981,15879.310344830155,539768.3000000119,-0.001000000000000334,50000.0,90000.0,250000.0,165000.0,489600.0,0.002000000000000668,0.001000000000000334,5.972,2.0,1.0,35.6581951724138,1.2823244155772642e+17,19.0,10.0,5.972,0.001000000000000334,20100.0,0.00046401523293204683,5.97,5.9719999999999995,1053.0,5.97,0.00033489618218348623,0.0006697923643671212,2226452.7126050545,159922,1279000.0,1044600.0,234400.0,2323600.0,0.17987030896045494,0.17893726000423765,90400.0,234400.0,5.970888274336415,5.9729841269841275,5.975514933541829,5.968086540302507
20230828.0,2.023082810535851e+16,5.963,5.962,5.961,5.96,5.959,50000.0,40000.0,247400.0,110000.0,58500.0,5.223,6.155,5.965,5.929,-450000.0,-658300.0,-537400.0,-390000.0,-140200.0,5.965,5.966,5.967,5.968,5.969,400000.0,618300.0,290000.0,280000.0,81700.0,6.155,5.803,0.16199999999999992,-0.007000000000000561,398595184.028,66635552.0,6.383,400000.0,618300.0,290000.0,280000.0,81700.0,0.0004615384615389573,819.2307692319155,614753.6999999881,-0.001000000000000334,-50000.0,-40000.0,-247400.0,-110000.0,-58500.0,0.002000000000000668,0.001000000000000334,5.965,0.0,5.0,35.6106003076923,1.153205266309435e+17,6.0,20.0,5.972,0.0,0.0,-0.0016356799895658192,5.965,5.964,1054.0,5.972,0.000335345405767904,0.000670690811535957,-7812202.0335885435,159922,1670000.0,505900.0,1164100.0,2175900.0,0.17543990184570263,0.18434808150584378,103000.0,1164100.0,5.968482524271729,5.963222222222222,5.966416227544911,5.960828029254794
20230828.0,2.02308281054584e+16,5.961,5.96,5.959,5.958,5.957,17400.0,19900.0,60000.0,518500.0,80000.0,5.223,6.155,5.962,5.929,-207400.0,-349900.0,-688300.0,-598500.0,-180000.0,5.962,5.963,5.964,5.965,5.966,190000.0,330000.0,628300.0,80000.0,100000.0,6.155,5.803,0.1589999999999998,-0.0030000000000001137,398720982.628,66656652.0,6.383,190000.0,330000.0,628300.0,80000.0,100000.0,0.0011785714285714732,6367.857142858207,125798.60000002384,-0.001000000000000334,-17400.0,-19900.0,-60000.0,-518500.0,-80000.0,0.002000000000000668,0.001000000000000334,5.962,1.0,1.0,35.55950167857142,1.2437956062778971e+17,9.0,19.0,5.966,0.0030000000000001137,20000.0,-0.0003586500330576836,5.962,5.9615,1055.0,5.965,0.0001677430176967954,0.0005032290530906842,-3355109.5762717044,159922,1328300.0,695800.0,632500.0,2024100.0,0.1727340209334248,0.1812768208141074,21100.0,632500.0,5.962018957347102,5.961083895853424,5.963676277949259,5.958103478010923
20230828.0,2.0230828105558424e+16,5.96,5.959,5.958,5.957,5.956,41200.0,330000.0,80000.0,88500.0,619600.0,5.223,6.155,5.962,5.929,8800.0,159900.0,438200.0,201500.0,-561100.0,5.963,5.964,5.965,5.966,5.967,50000.0,489900.0,518200.0,290000.0,58500.0,6.155,5.803,0.1589999999999998,0.0,398943347.828,66693952.0,6.383,-50000.0,-489900.0,-518200.0,-290000.0,-58500.0,0.00016129032258227483,4412.903225809336,222365.19999998808,-0.001000000000000334,-41200.0,-330000.0,-80000.0,-88500.0,-619600.0,0.002000000000000668,0.001000000000000334,5.962,1.0,1.0,35.54352093548387,1.3787233614080022e+17,26.0,5.0,5.962,0.0,0.0,4.55221118595972e-05,5.961,5.9615,1056.0,5.962,0.0005032290530906842,0.0008387150884845729,146.17502866266295,159922,1406600.0,1159300.0,247300.0,2565900.0,0.15826307790728747,0.16339563297996704,37300.0,247300.0,5.961533512064023,5.961355263157895,5.964869970140764,5.9572104718364525
20230828.0,2.023082810565844e+16,5.96,5.959,5.958,5.957,5.956,20000.0,300000.0,270000.0,499600.0,100000.0,5.223,6.155,5.96,5.929,-91200.0,389900.0,198300.0,244300.0,-660300.0,5.963,5.964,5.965,5.966,5.967,120000.0,70000.0,509900.0,456800.0,199200.0,6.155,5.803,0.15700000000000003,-0.0019999999999997797,399272315.728,66749152.0,6.383,70000.0,-419900.0,-8300.0,166800.0,140700.0,0.001259259259257739,14503.703703701496,328967.89999997616,-0.001000000000000334,-21200.0,-30000.0,190000.0,411100.0,-519600.0,0.002000000000000668,0.001000000000000334,5.96,2.0,3.0,35.518511000000004,1.201584227941382e+17,17.0,10.0,5.961,0.002000000000000668,13000.0,-0.00015546192483406607,5.958,5.9615,1057.0,5.96,0.0005032290530906842,0.0008387150884845729,-1958.717584985774,159922,1355900.0,1189600.0,166300.0,2545500.0,0.14932515085335882,0.1589327348477993,55200.0,166300.0,5.959563405796669,5.960428571428571,5.965402094549746,5.957697713517148
20230828.0,2.023082810575839e+16,5.96,5.959,5.958,5.957,5.956,208800.0,218800.0,421600.0,20000.0,230000.0,5.223,6.155,5.961,5.929,148800.0,-171200.0,71700.0,-538100.0,-50000.0,5.962,5.963,5.964,5.965,5.966,40000.0,90000.0,79900.0,58500.0,180000.0,6.155,5.803,0.15800000000000036,0.001000000000000334,399391533.328,66769152.0,6.383,40000.0,90000.0,79900.0,58500.0,180000.0,6.250000000029843e-05,1250.0,119217.60000002384,-0.001000000000000334,188800.0,-81200.0,151600.0,-479600.0,130000.0,0.002000000000000668,0.001000000000000334,5.961,1.0,0.0,35.5223450625,1.4257971809917133e+17,2.0,30.0,5.961,0.0,0.0,0.0002096752134013169,5.96,5.961,1058.0,5.96,0.00033551417547387683,0.0006710283509479026,1120099.8490189952,159922,448400.0,1099200.0,-650800.0,1547600.0,0.15127815961362812,0.16724137491557453,20000.0,650800.0,5.960880000001192,5.961678456591639,5.964554192685103,5.958142285298399
0.0,0.0,0.0,0.0,0.0,0.0,0.0,0.0,0.0,0.0,0.0,0.0,0.0,0.0,0.0,0.0,0.0,0.0,0.0,0.0,0.0,0.0,0.0,0.0,0.0,0.0,0.0,0.0,0.0,0.0,0.0,0.0,0.0,0.0,0.0,0.0,0.0,0.0,0.0,0.0,0.0,0.0,0.0,0.0,0.0,0.0,0.0,0.0,0.0,0.0,0.0,0.0,0.0,0.0,0.0,0.0,0.0,0.0,0.0,0.0,0.0,0.0,0.0,0.0,0.0,0.0,0.0,0.0,0.0,0.0,0.0,0.0,0.0,0.0,0.0,0.0,0.0,0.0,0.0,0.0,0.0,0.0,0.0,0.0,0.0
20230828.0,2.0230828105958316e+16,5.955,5.954,5.953,5.952,5.951,21800.0,90000.0,358700.0,210000.0,96000.0,5.223,6.155,5.957,5.929,-89700.0,-908200.0,-261300.0,-430000.0,-512100.0,5.957,5.958,5.959,5.96,5.961,19800.0,738200.0,520000.0,210000.0,60000.0,6.155,5.803,0.15399999999999991,-0.001000000000000334,399746110.028,66828652.0,6.383,19800.0,738200.0,520000.0,210000.0,60000.0,0.0019090909090904162,7139.3939393907785,123964.5,-0.001000000000000334,-69900.0,-170000.0,258700.0,-220000.0,-452100.0,0.002000000000000668,0.001000000000000334,5.957,2.0,1.0,35.4966833030303,1.4734834206584883e+17,21.0,12.0,5.96,0.0039999999999995595,20700.0,3.9630003893842414e-05,5.956,5.9559999999999995,1100.0,5.958,0.000335795836131595,0.0006715916722633391,-1123757.0884575723,159922,1548000.0,776500.0,771500.0,2324500.0,0.141911585247004,0.15511180562948942,20800.0,771500.0,5.95983173076923,5.956048076923077,5.958710723514211,5.952654346426272
20230828.0,2.023082811005859e+16,5.955,5.954,5.953,5.952,5.951,19900.0,249900.0,80100.0,180000.0,469600.0,5.223,6.155,5.955,5.929,-2100.0,838100.0,-68700.0,-110000.0,65100.0,5.957,5.958,5.959,5.96,5.961,20000.0,60000.0,310100.0,290000.0,368500.0,6.155,5.803,0.15200000000000014,-0.0019999999999997797,399877120.028,66850652.0,6.383,200.0,-678200.0,-209900.0,80000.0,308500.0,0.0005833333333322699,6600.0,131010.0,-0.001000000000000334,-1900.0,159900.0,-278600.0,-30000.0,373600.0,0.002000000000000668,0.001000000000000334,5.955,0.0,1.0,35.46897366666667,1.072350572589289e+17,7.0,17.0,5.957,0.0019999999999997797,22000.0,-8.492779588697985e-06,5.955,5.9559999999999995,1101.0,5.957,0.000335795836131595,0.0006715916722633391,-2245120.1343406425,159922,1048600.0,999500.0,49100.0,2048100.0,0.13921239985309788,0.1416906574866542,22000.0,49100.0,5.955,5.955997493734335,5.959884035857334,5.95217008504252
20230828.0,2.0230828110158416e+16,5.95,5.949,5.948,5.947,5.946,67600.0,50000.0,20000.0,80200.0,281000.0,5.223,6.155,5.953,5.929,-907600.0,-778200.0,-230000.0,-190200.0,-868400.0,5.952,5.953,5.954,5.955,5.956,840000.0,728200.0,210000.0,110000.0,587400.0,6.155,5.803,0.15000000000000036,-0.0019999999999997797,400233844.028,66910552.0,6.383,840000.0,728200.0,210000.0,110000.0,587400.0,0.0011111111111130612,10377.777777776122,356724.0,-0.001000000000000334,-67600.0,-50000.0,-20000.0,-80200.0,-281000.0,0.002000000000000668,0.001000000000000334,5.953,0.0,2.0,35.451442111111135,1.208421068961862e+17,8.0,19.0,5.957,0.0030000000000001137,20100.0,-0.0009824387636931942,5.953,5.9510000000000005,1102.0,5.957,0.0003360779700890236,0.0006721559401781965,-4495017.901849197,159922,2475600.0,498800.0,1976800.0,2974400.0,0.14969893785353752,0.15372068915176706,59900.0,1976800.0,5.955325542570952,5.950148964301454,5.953546211019551,5.9470838011226945
20230828.0,2.023082811025831e+16,5.951,5.95,5.949,5.948,5.947,19600.0,99800.0,340000.0,1030000.0,298700.0,5.223,6.155,5.952,5.929,119600.0,100100.0,580300.0,1480000.0,427200.0,5.953,5.954,5.955,5.956,5.957,100000.0,300.0,240300.0,450000.0,128500.0,6.155,5.803,0.14900000000000002,-0.001000000000000334,400697934.628,66988552.0,6.383,-100000.0,-300.0,-240300.0,-450000.0,-128500.0,0.0005624999999991331,5912.5,464090.60000002384,-0.0009999999999994458,19600.0,99800.0,340000.0,1030000.0,298700.0,0.0019999999999988916,0.0009999999999994458,5.952,2.0,2.0,35.41960950000001,1.4357357919489773e+17,23.0,9.0,5.953,0.0019999999999997797,300.0,0.0001980922077338132,5.949,5.952,1103.0,5.953,0.00033602150537645633,0.0006720430107526142,-1126277.8419099282,159922,919100.0,1788100.0,-869000.0,2707200.0,0.13236468863228365,0.13441306912431816,78000.0,869000.0,5.949879487179793,5.951327759197325,5.955551300184964,5.948167608075611
20230828.0,2.023082811035847e+16,5.954,5.953,5.951,5.95,5.949,16700.0,200.0,80000.0,1048300.0,190000.0,5.223,6.155,5.955,5.929,128100.0,260100.0,339900.0,1506600.0,338600.0,5.955,5.956,5.957,5.958,5.959,111400.0,259900.0,259900.0,458300.0,148600.0,6.155,5.803,0.15200000000000014,0.0030000000000001137,401112363.428,67058152.0,6.383,-111400.0,-259900.0,-259900.0,-458300.0,-148600.0,0.0010333333333329975,25293.333333335817,414428.7999999523,-0.001000000000000334,16700.0,200.0,80000.0,1048300.0,190000.0,0.0019999999999997797,0.0009999999999994458,5.955,2.0,0.0,35.44972036666666,1.3480214707065792e+17,16.0,14.0,5.955,0.0019999999999997797,50000.0,0.00047081056866837834,5.952,5.9544999999999995,1104.0,5.952,0.00016794021328412698,0.0005038206398522317,3377782.844631238,159922,1238100.0,1335200.0,-97100.0,2573300.0,0.1312268790348403,0.13840856600720317,69600.0,97100.0,5.954436781608511,5.954130366900858,5.957220337614086,5.949968094667466
20230828.0,2.023082811045837e+16,5.95,5.949,5.948,5.947,5.946,33900.0,66900.0,40000.0,1040200.0,419100.0,5.223,6.155,5.952,5.929,-43900.0,-769900.0,-210000.0,-1457000.0,-459100.0,5.953,5.954,5.955,5.956,5.957,10000.0,703000.0,170000.0,416800.0,40000.0,6.155,5.803,0.14900000000000002,-0.0030000000000001137,401412394.528,67108552.0,6.383,10000.0,703000.0,170000.0,416800.0,40000.0,0.00038888888888788387,6997.222222223878,300031.10000002384,-0.0009999999999994458,-33900.0,-66900.0,-40000.0,-1040200.0,-419100.0,0.0019999999999997797,0.001000000000000334,5.952,0.0,2.0,35.43093438888889,1.6209428133195373e+17,6.0,30.0,5.955,0.0,0.0,-0.0003046648952391706,5.952,5.9515,1105.0,5.955,0.0005040746030412692,0.0008401243384020657,-3380983.2178454725,159922,1339800.0,1600100.0,-260300.0,2939900.0,0.12455330679250293,0.13112001539614543,50400.0,260300.0,5.952998015873489,5.9523166287015945,5.954831168831169,5.9469102556090245
20230828.0,2.02308281105584e+16,5.95,5.948,5.947,5.946,5.945,50200.0,350000.0,879800.0,669500.0,20000.0,5.223,6.155,5.951,5.929,-61400.0,-400000.0,-1129800.0,-973500.0,-386800.0,5.951,5.952,5.953,5.954,5.955,77700.0,50000.0,250000.0,304000.0,366800.0,6.155,5.803,0.1479999999999997,-0.001000000000000334,401612943.228,67142252.0,6.383,77700.0,50000.0,250000.0,304000.0,366800.0,0.0002142857142857224,4807.142857149243,200548.69999998808,-0.001000000000000334,16300.0,-350000.0,-879800.0,-669500.0,-20000.0,0.0030000000000001137,0.0019999999999997797,5.951,0.0,1.0,35.423753357142864,1.2611768606556611e+17,22.0,6.0,5.952,0.0,0.0,-0.00032331035942401165,5.951,5.9505,1106.0,5.952,0.0001680531047810177,0.0006722689075629512,-1127967.6020840602,159922,1048500.0,1969500.0,-921000.0,3018000.0,0.12374339262876445,0.13014548024522896,33700.0,921000.0,5.950999999999646,5.950392494136043,5.953793705293276,5.94689393247017
20230828.0,2.0230828110658364e+16,5.954,5.953,5.952,5.951,5.95,12200.0,240000.0,840000.0,499600.0,258700.0,5.223,6.155,5.954,5.929,32100.0,669900.0,1229700.0,947900.0,317200.0,5.957,5.958,5.959,5.96,5.961,19900.0,429900.0,389700.0,448300.0,58500.0,6.155,5.803,0.1509999999999998,0.0030000000000001137,402282023.728,67254652.0,6.383,-19900.0,-429900.0,-389700.0,-448300.0,-58500.0,0.00028571428571488866,11453.571428567171,669080.5,-0.001000000000000334,12200.0,240000.0,840000.0,499600.0,258700.0,0.0019999999999997797,0.0009999999999994458,5.954,2.0,1.0,35.453519928571424,1.2654782228173291e+17,7.0,21.0,5.956,0.0004999999999997229,38100.0,0.0007975607910546412,5.951,5.9555,1107.0,5.951,0.0005037360423138466,0.0008395600705230279,3386006.2802056796,159922,1346300.0,1850500.0,-504200.0,3196800.0,0.1325567957994965,0.131617525972033,112400.0,504200.0,5.952673487544484,5.955140186915888,5.959071009433261,5.9515932991083496
20230828.0,2.023082811075833e+16,5.955,5.953,5.952,5.951,5.95,200.0,190000.0,840000.0,538100.0,140200.0,5.223,6.155,5.954,5.929,-49800.0,-80000.0,-470000.0,-101600.0,-565300.0,5.956,5.957,5.958,5.959,5.96,50000.0,30000.0,470000.0,140100.0,446800.0,6.155,5.803,0.1509999999999998,0.0,402354662.528,67266852.0,6.383,50000.0,30000.0,470000.0,140100.0,446800.0,0.0,1109.0909090936184,72638.80000001192,-0.0009999999999994458,200.0,-50000.0,0.0,38500.0,-118500.0,0.0029999999999992255,0.0019999999999997797,5.954,0.0,0.0,35.45011599999999,1.493144459866204e+17,0.0,0.0,5.954,0.0,0.0,-2.2871738610819037e-05,5.954,5.955500000000001,1108.0,5.954,0.00016791201410466523,0.0006717044500419076,0.0,159922,1136900.0,1708500.0,-571600.0,2845400.0,0.1305920585950902,0.12755240958791345,12200.0,571600.0,5.954000000000977,5.955003984063746,5.958794880816255,5.951632484635645
20230828.0,2.0230828110858456e+16,5.949,5.948,5.947,5.946,5.945,19900.0,20000.0,90200.0,1380600.0,258500.0,5.223,6.155,5.95,5.929,-247600.0,-320100.0,-528400.0,-1440600.0,-457000.0,5.952,5.953,5.954,5.955,5.956,227700.0,300100.0,438200.0,60000.0,198500.0,6.155,5.803,0.14700000000000024,-0.0039999999999995595,402675490.928,67320752.0,6.383,227700.0,300100.0,438200.0,60000.0,198500.0,0.0009705882352948336,8308.823529407382,320828.39999997616,-0.001000000000000334,-19900.0,-20000.0,-90200.0,-1380600.0,-258500.0,0.0019999999999997797,0.0009999999999994458,5.95,0.0,3.0,35.46237920588236,1.5388679251562272e+17,27.0,7.0,5.956,0.0,875.0,-0.0009682041599425872,5.95,5.9505,1109.0,5.956,0.0005041593143433516,0.0008402655239055362,-6784043.428849228,159922,1224500.0,1769200.0,-544700.0,2993700.0,0.12273757053709862,0.12071680241282517,53900.0,544700.0,5.952289424860411,5.949241114701131,5.953756227031441,5.945961225412615
20230828.0,2.0230828110958424e+16,5.952,5.951,5.95,5.949,5.948,10000.0,9900.0,210100.0,730000.0,658100.0,5.223,6.155,5.952,5.929,60000.0,99900.0,930100.0,1008300.0,898300.0,5.954,5.955,5.956,5.957,5.958,50000.0,90000.0,720000.0,278300.0,240200.0,6.155,5.803,0.14900000000000002,0.0019999999999997797,402735605.828,67330852.0,6.383,-50000.0,-90000.0,-720000.0,-278300.0,-240200.0,6.451612903202175e-05,1335.4838709682226,60114.90000003576,-0.001000000000000334,10000.0,9900.0,210100.0,730000.0,658100.0,0.002000000000000668,0.001000000000000334,5.952,1.0,1.0,35.4017330967742,1.4050016771161622e+17,21.0,10.0,5.952,0.001000000000000334,100.0,0.000519631871444215,5.949,5.952999999999999,1110.0,5.95,0.0003359650596337611,0.0006719301192676714,2262059.0559064085,159922,1378500.0,1618100.0,-239600.0,2996600.0,0.12864120487326647,0.12751566284161492,10100.0,239600.0,5.9519702970332435,5.952333333333334,5.9564125498730505,5.948753908905507
20230828.0,2.023082811105836e+16,5.948,5.947,5.946,5.945,5.944,70000.0,210200.0,31000.0,1039600.0,398500.0,5.223,6.155,5.951,5.929,-709900.0,-608500.0,-271000.0,-1079600.0,-1098700.0,5.952,5.953,5.954,5.955,5.956,639900.0,398300.0,240000.0,40000.0,700200.0,6.155,5.803,0.1479999999999997,-0.001000000000000334,402855220.928,67350952.0,6.383,639900.0,398300.0,240000.0,40000.0,700200.0,0.00039999999999906777,9774.285714283586,119615.09999996424,-0.001000000000000334,-70000.0,-210200.0,-31000.0,-1039600.0,-398500.0,0.002000000000000668,0.001000000000000334,5.951,0.0,1.0,35.4215428,1.5871920028257222e+17,21.0,14.0,5.952,0.001000000000000334,20100.0,-0.0006619614881859803,5.951,5.95,1111.0,5.952,0.0006722689075629512,0.001008403361344576,-1131758.5615866662,159922,2018400.0,1749300.0,269100.0,3767700.0,0.128029673083155,0.12559667063386845,20100.0,269100.0,5.950999999998221,5.948394421749542,5.953882233452239,5.945150288686904
20230828.0,2.0230828111158396e+16,5.947,5.946,5.945,5.944,5.943,1800.0,51000.0,230000.0,870000.0,478100.0,5.223,6.155,5.95,5.929,-61700.0,-300900.0,-749900.0,-1268300.0,-556600.0,5.949,5.95,5.951,5.952,5.953,59900.0,249900.0,519900.0,398300.0,78500.0,6.155,5.803,0.14700000000000024,-0.0009999999999994458,403138440.928,67398552.0,6.383,59900.0,249900.0,519900.0,398300.0,78500.0,0.00020588235294027868,9800.0,283220.0,-0.001000000000000334,-1800.0,-51000.0,-230000.0,-870000.0,-478100.0,0.002000000000000668,0.001000000000000334,5.95,0.0,1.0,35.40495020588236,1.5440230506295514e+17,7.0,27.0,5.951,0.0,0.0,-0.000224636244051446,5.95,5.948,1112.0,5.951,0.0003362474781438769,0.0006724949562879031,-1132748.7731086158,159922,1306500.0,1630900.0,-324400.0,2937400.0,0.11069729173402405,0.11436046109477331,47600.0,324400.0,5.95,5.947058346839547,5.951142058936089,5.943913728616102
20230828.0,2.0230828111258376e+16,5.943,5.942,5.941,5.94,5.939,295300.0,1239800.0,380000.0,379100.0,113000.0,5.223,6.155,5.943,5.929,-365300.0,-1249800.0,-440800.0,-479100.0,-581600.0,5.945,5.946,5.947,5.948,5.949,70000.0,10000.0,60800.0,100000.0,468600.0,6.155,5.803,0.13999999999999968,-0.007000000000000561,403411815.428,67444552.0,6.383,70000.0,10000.0,60800.0,100000.0,468600.0,0.0011612903225808324,16777.419354841113,273374.5,-0.0009999999999994458,-295300.0,-1239800.0,-380000.0,-379100.0,-113000.0,0.0019999999999988916,0.0009999999999994458,5.943,1.0,3.0,35.32922106451613,1.4091429570934982e+17,12.0,19.0,5.947,0.002000000000000668,23200.0,-0.0004106391235678686,5.942,5.944,1113.0,5.947,0.0003364737550472187,0.0006729475100941385,-4536916.817947801,159922,709400.0,2407200.0,-1697800.0,3116600.0,0.11915311990648456,0.12471615028870812,46000.0,1697800.0,5.942923913043479,5.944616753353408,5.948250634338878,5.941509014622798
20230828.0,2.023082811135838e+16,5.946,5.945,5.944,5.943,5.942,252000.0,912700.0,420000.0,175600.0,518700.0,5.223,6.155,5.947,5.929,315700.0,999500.0,586800.0,234100.0,1068700.0,5.947,5.949,5.95,5.951,5.952,63700.0,86800.0,166800.0,58500.0,550000.0,6.155,5.803,0.14400000000000013,0.004000000000000448,403781037.428,67506652.0,6.383,-63700.0,-86800.0,-166800.0,-58500.0,-550000.0,0.0018124999999997726,25731.25,369222.0,-0.0019999999999997797,252000.0,912700.0,420000.0,175600.0,518700.0,0.0029999999999992255,0.0009999999999994458,5.947,3.0,0.0,35.345257937499994,1.4570422721350093e+17,17.0,15.0,5.947,0.004000000000000448,59000.0,0.0003668987818357117,5.943,5.9465,1114.0,5.943,0.00016816614815443268,0.000672608037665976,4540275.085282246,159922,925800.0,2279000.0,-1353200.0,3204800.0,0.12056110450749295,0.12360363255771328,62100.0,1353200.0,5.9456038647342995,5.94679822616408,5.95095117736012,5.944089381307591
20230828.0,2.0230828111458284e+16,5.95,5.949,5.948,5.947,5.946,190000.0,722000.0,729600.0,190000.0,318500.0,5.223,6.155,5.95,5.929,270000.0,782000.0,1059600.0,630000.0,625300.0,5.953,5.954,5.955,5.956,5.957,80000.0,60000.0,330000.0,440000.0,306800.0,6.155,5.803,0.14700000000000024,0.0030000000000001137,404335386.328,67599852.0,6.383,-80000.0,-60000.0,-330000.0,-440000.0,-306800.0,0.0009729729729732739,23300.0,554348.9000000358,-0.0009999999999994458,190000.0,722000.0,729600.0,190000.0,318500.0,0.0019999999999997797,0.001000000000000334,5.95,1.0,0.0,35.39092454054055,1.6896389667256205e+17,25.0,12.0,5.95,0.0030000000000001137,29500.0,0.0008930037450496364,5.947,5.9515,1115.0,5.947,0.0005040746030412692,0.0008401243384020657,3408395.899159793,159922,1216800.0,2150100.0,-933300.0,3366900.0,0.10988936021985263,0.11430079264075707,93200.0,933300.0,5.947949570815834,5.952111111111111,5.9556850756081525,5.94812790102786
20230828.0,2.023082811155831e+16,5.951,5.95,5.949,5.948,5.947,290000.0,762000.0,459600.0,210000.0,58500.0,5.223,6.155,5.952,5.929,320000.0,822000.0,678000.0,710000.0,574500.0,5.954,5.955,5.956,5.957,5.958,30000.0,60000.0,218400.0,500000.0,516000.0,6.155,5.803,0.14900000000000002,0.0019999999999997797,405225050.628,67749352.0,6.383,-30000.0,-60000.0,-218400.0,-500000.0,-516000.0,0.0009629629629630543,49818.51851852238,889664.3000000119,-0.001000000000000334,290000.0,762000.0,459600.0,210000.0,58500.0,0.0019999999999997797,0.0009999999999994458,5.952,3.0,1.0,35.40206040740741,1.2367410673669701e+17,15.0,12.0,5.952,0.0015000000000000568,129500.0,0.00027005910842237135,5.949,5.9525,1116.0,5.95,0.0005039899202016151,0.0008399832003359753,2273486.365572964,159922,1324400.0,1780100.0,-455700.0,3104500.0,0.11518437698883761,0.11558600967288342,149500.0,455700.0,5.950931772575331,5.95371875,5.9570661431591665,5.949570192685805
20230828.0,2.023082811165824e+16,5.948,5.947,5.946,5.945,5.944,50000.0,288500.0,240000.0,916000.0,636600.0,5.223,6.155,5.951,5.929,-362900.0,-858500.0,-788300.0,-1179200.0,-716600.0,5.951,5.952,5.953,5.954,5.955,312900.0,570000.0,548300.0,263200.0,80000.0,6.155,5.803,0.1479999999999997,-0.001000000000000334,405819755.028,67849252.0,6.383,312900.0,570000.0,548300.0,263200.0,80000.0,0.0007857142857137234,11410.714285716414,594704.3999999762,-0.001000000000000334,-50000.0,-288500.0,-240000.0,-916000.0,-636600.0,0.002000000000000668,0.001000000000000334,5.951,2.0,2.0,35.447566285714295,1.2870333463440811e+17,11.0,17.0,5.956,0.0014999999999991687,20000.0,-0.0008915063797247935,5.951,5.9495000000000005,1117.0,5.952,0.000504244054122065,0.0008404067568703072,-1144728.9036425166,159922,1774400.0,2131100.0,-356700.0,3905500.0,0.11854895510648111,0.11334067382333693,99900.0,356700.0,5.952996996996759,5.948413337007441,5.952564585211904,5.945155037304678
20230828.0,2.0230828111758224e+16,5.948,5.947,5.946,5.945,5.944,9900.0,36800.0,302000.0,839600.0,398500.0,5.223,6.155,5.949,5.929,589900.0,166600.0,345200.0,-36400.0,462100.0,5.952,5.953,5.954,5.955,5.956,630000.0,418300.0,283200.0,40000.0,700200.0,6.155,5.803,0.1459999999999999,-0.0019999999999997797,406653069.828,67989352.0,6.383,-630000.0,-418300.0,-283200.0,-40000.0,-700200.0,0.00027272727272631414,36845.45454545319,833314.8000000119,-0.001000000000000334,-40100.0,-251700.0,62000.0,-76400.0,-238100.0,0.002000000000000668,0.001000000000000334,5.949,2.0,1.0,35.38735727272728,1.0158601719295549e+17,16.0,6.0,5.951,0.0007500000000000284,95075.0,-5.908512084706885e-05,5.947,5.95,1118.0,5.951,0.0006722689075629512,0.001008403361344576,-2279512.112072545,159922,2071700.0,1586800.0,484900.0,3658500.0,0.14263375827446695,0.12769415194931974,140100.0,484900.0,5.948000000000085,5.94806188466948,5.953885166771251,5.945004285354172
20230828.0,2.023082811185831e+16,5.948,5.947,5.946,5.945,5.944,4100.0,16800.0,9900.0,230000.0,670000.0,5.223,6.155,5.952,5.929,-395800.0,-270000.0,-870000.0,-669600.0,-309100.0,5.95,5.951,5.952,5.953,5.954,390000.0,250000.0,577900.0,60000.0,580600.0,6.155,5.803,0.14900000000000002,0.0030000000000001137,406655450.628,67989752.0,6.383,390000.0,250000.0,577900.0,60000.0,580600.0,0.0003333333333346289,133.33333332836628,2380.800000011921,-0.0009999999999994458,-5800.0,-20000.0,-292100.0,-609600.0,271500.0,0.0019999999999997797,0.001000000000000334,5.952,1.0,0.0,35.422337,1.248098826545662e+17,24.0,3.0,5.952,0.0,300.0,-6.906099889070205e-06,5.949,5.949,1119.0,5.949,0.0003361909564632341,0.0006723819129264683,3426887.7016130327,159922,1858500.0,930800.0,927700.0,2789300.0,0.14977234069980733,0.1361335854114445,400.0,927700.0,5.952000000029802,5.948020806901802,5.95210287866559,5.944340137516116
20230828.0,2.0230828111958292e+16,5.94,5.939,5.938,5.937,5.936,219900.0,245000.0,220100.0,427000.0,210200.0,5.223,6.155,5.942,5.929,-220000.0,-305000.0,-460100.0,-975600.0,-608500.0,5.942,5.943,5.944,5.945,5.946,100.0,60000.0,240000.0,548600.0,398300.0,6.155,5.803,0.13900000000000023,-0.009999999999999787,407628269.628,68153452.0,6.383,100.0,60000.0,240000.0,548600.0,398300.0,0.0015909090909094203,25731.818181812763,972819.0,-0.0009999999999994458,-219900.0,-245000.0,-220100.0,-427000.0,-210200.0,0.0019999999999997797,0.001000000000000334,5.942,2.0,5.0,35.32411795454546,1.0191717273587509e+17,10.0,12.0,5.948,0.004000000000000448,60975.0,-0.0010129026796097396,5.94,5.941000000000001,1120.0,5.948,0.00033664366268301287,0.0006732873253660258,-6867551.991714603,159922,1247000.0,1322200.0,-75200.0,2569200.0,0.156964440201029,0.14153994626880145,163700.0,75200.0,5.942693952351863,5.941999090909091,5.9450304731355255,5.937877023143246
20230828.0,2.0230828112058324e+16,5.945,5.944,5.943,5.942,5.941,30900.0,342100.0,690000.0,950600.0,178500.0,5.223,6.155,5.946,5.929,50800.0,742000.0,1231400.0,1438900.0,397000.0,5.948,5.949,5.95,5.951,5.952,19900.0,399900.0,541400.0,488300.0,218500.0,6.155,5.803,0.1429999999999998,0.0039999999999995595,407971886.428,68211252.0,6.383,-19900.0,-399900.0,-541400.0,-488300.0,-218500.0,0.0009259259259266628,16292.592592597008,343616.7999999523,-0.0009999999999994458,30900.0,342100.0,690000.0,950600.0,178500.0,0.0019999999999997797,0.001000000000000334,5.946,2.0,1.0,35.34390774074074,1.25564932790763e+17,16.0,11.0,5.947,0.0030000000000001137,53300.0,0.0008118065417641596,5.943,5.9465,1121.0,5.943,0.0005044984444631486,0.0008408307407718646,3441365.005255518,159922,1668000.0,2192100.0,-524100.0,3860100.0,0.17032030205693852,0.15643806041897992,57800.0,524100.0,5.9449273356393135,5.946824803149607,5.950291127098321,5.942587746909356
20230828.0,2.0230828112158336e+16,5.949,5.948,5.947,5.946,5.945,25000.0,81400.0,20000.0,109900.0,539400.0,5.223,6.155,5.949,5.929,355000.0,381400.0,560600.0,209900.0,791100.0,5.95,5.951,5.952,5.953,5.954,330000.0,300000.0,540600.0,100000.0,251700.0,6.155,5.803,0.1459999999999999,0.0030000000000001137,408274155.328,68262052.0,6.383,-330000.0,-300000.0,-540600.0,-100000.0,-251700.0,0.0015000000000000568,13525.0,302268.90000003576,-0.0009999999999994458,25000.0,81400.0,20000.0,109900.0,539400.0,0.0019999999999988916,0.0009999999999994458,5.949,3.0,1.0,35.400273062500005,1.4896073258614893e+17,24.0,8.0,5.952,0.0022500000000000853,18500.0,0.00037754525736399813,5.946,5.9495000000000005,1122.0,5.946,0.00016808135137412117,0.000504244054122065,3437596.2078767996,159922,1522300.0,775700.0,746600.0,2298000.0,0.17054641229550954,0.16189514076301242,50800.0,746600.0,5.950175196851098,5.949070422535211,5.951765749195297,5.945636973056594
20230828.0,2.0230828112258256e+16,5.946,5.945,5.944,5.943,5.942,190000.0,1164077.0,1061700.0,160000.0,203000.0,5.223,6.155,5.945,5.929,-208700.0,-1252777.0,-1142593.0,-730000.0,-459800.0,5.949,5.95,5.951,5.952,5.953,18700.0,88700.0,80893.0,570000.0,256800.0,6.155,5.803,0.14200000000000035,-0.0039999999999995595,409018393.163,68387175.0,6.383,18700.0,88700.0,80893.0,570000.0,256800.0,0.00012903225806315533,7660.806451618671,744237.8349999785,-0.001000000000000334,-190000.0,-1164077.0,-1061700.0,-160000.0,-203000.0,0.0019999999999997797,0.0009999999999994458,5.945,0.0,3.0,35.365275258064514,1.4494841821262144e+17,26.0,5.0,5.949,0.0,0.0,-5.70238849357807e-05,5.945,5.9475,1123.0,5.949,0.0005044136191677366,0.0008406893652795113,-4600041.581943841,159922,1015093.0,2778777.0,-1763684.0,3793870.0,0.15414951702998125,0.15801798090515498,125123.0,1763684.0,5.948049798997615,5.948731193100143,5.951943263326611,5.944351981105357
20230828.0,2.0230828112358244e+16,5.943,5.942,5.941,5.94,5.939,200000.0,24500.0,90000.0,428800.0,862600.0,5.223,6.155,5.944,5.929,-467900.0,-365523.0,-820000.0,-867100.0,-902600.0,5.944,5.945,5.946,5.947,5.948,267900.0,341023.0,730000.0,438300.0,40000.0,6.155,5.803,0.14100000000000001,-0.001000000000000334,409630519.328,68490152.0,6.383,267900.0,341023.0,730000.0,438300.0,40000.0,3.225806451556679e-05,7778.419354841113,612126.1650000215,-0.001000000000000334,-200000.0,-24500.0,-90000.0,-428800.0,-862600.0,0.0019999999999997797,0.0009999999999994458,5.944,0.0,1.0,35.34264148387097,1.4501397131473002e+17,30.0,1.0,5.945,0.0,200.0,-0.0008919745949540481,5.944,5.9435,1124.0,5.945,0.00016825103053761824,0.0005047530916127052,-1152256.9313597388,159922,1817223.0,1605900.0,211323.0,3423123.0,0.1520191511206518,0.1556986830630297,102977.0,211323.0,5.944299843654616,5.94342744176106,5.945802708308226,5.939923033812815
20230828.0,2.02308281124582e+16,5.944,5.942,5.941,5.94,5.939,10700.0,29900.0,250000.0,1452700.0,882600.0,5.223,6.155,5.944,5.929,500700.0,515400.0,608300.0,1082500.0,630600.0,5.946,5.947,5.948,5.949,5.95,490000.0,510000.0,448300.0,58600.0,610600.0,6.155,5.803,0.14100000000000001,0.0,415721901.628,69515352.0,6.383,-490000.0,-510000.0,-448300.0,-58600.0,-610600.0,0.0011785714285714732,163521.42857143283,6091382.300000012,-0.001000000000000334,10700.0,5400.0,160000.0,1023900.0,20000.0,0.0030000000000001137,0.0019999999999997797,5.944,1.0,2.0,35.309488107142855,1.3463518864601491e+17,10.0,18.0,5.944,0.0030000000000001137,47700.0,0.00010352049575623745,5.941,5.945,1125.0,5.944,0.000336417157274984,0.0008411136344519966,23095.94057379011,159922,2117500.0,2625900.0,-508400.0,4743400.0,0.14404253536329648,0.1554861178508351,1025200.0,508400.0,5.941652653140862,5.944042740163771,5.9479007319952775,5.939798164438859
20230828.0,2.0230828112558244e+16,5.943,5.942,5.941,5.94,5.939,249900.0,59900.0,119900.0,766100.0,1082600.0,5.223,6.155,5.943,5.929,-259900.0,-10000.0,-210100.0,-996600.0,-488600.0,5.944,5.945,5.946,5.947,5.948,10000.0,40000.0,80000.0,310000.0,688600.0,6.155,5.803,0.13999999999999968,-0.001000000000000334,415791445.428,69527052.0,6.383,10000.0,40000.0,80000.0,310000.0,688600.0,0.00012121212121130043,3121.212121218443,69543.79999995232,-0.001000000000000334,-249900.0,30000.0,-130100.0,-686600.0,200000.0,0.0019999999999997797,0.0009999999999994458,5.943,0.0,1.0,35.329695151515146,1.5950345170350925e+17,29.0,4.0,5.944,0.0,10700.0,-1.3663605601399453e-05,5.943,5.9435,1126.0,5.944,0.00016825103053761824,0.0005047530916127052,-1169898.2332159383,159922,1128600.0,2278400.0,-1149800.0,3407000.0,0.1221206207852185,0.1221206207852185,11700.0,1149800.0,5.9439145299104545,5.9439615236629475,5.947441786283893,5.939959094101124
20230828.0,2.0230828112658184e+16,5.94,5.939,5.938,5.937,5.936,684000.0,122900.0,520100.0,657500.0,738400.0,5.223,6.155,5.943,5.929,-734000.0,-642900.0,-988400.0,-899200.0,-1397000.0,5.943,5.944,5.945,5.946,5.947,50000.0,520000.0,468300.0,241700.0,658600.0,6.155,5.803,0.13999999999999968,0.0,415791445.428,69527052.0,6.383,50000.0,520000.0,468300.0,241700.0,658600.0,8.881784197001252e-16,0.0,0.0,-0.001000000000000334,-684000.0,-122900.0,-520100.0,-657500.0,-738400.0,0.002000000000000668,0.001000000000000334,5.943,0.0,0.0,35.31924899999999,1.6919038359337466e+17,35.0,0.0,5.943,0.0,0.0,-0.00019616508079134398,5.943,5.9415,1127.0,5.943,0.0005049229992424852,0.0008415383320710079,0.0,159922,1938600.0,2722900.0,-784300.0,4661500.0,0.11363810276113014,0.12816237751450132,0.0,784300.0,0.0,5.942795640326976,5.945484318580419,5.937763707811524
20230828.0,2.023082811275815e+16,5.94,5.939,5.938,5.937,5.936,684000.0,174900.0,530100.0,1047500.0,718400.0,5.223,6.155,5.944,5.929,-50000.0,22000.0,-140000.0,261700.0,89700.0,5.943,5.944,5.945,5.946,5.947,100000.0,550000.0,618300.0,370000.0,548900.0,6.155,5.803,0.14100000000000001,0.001000000000000334,415792039.828,69527152.0,6.383,50000.0,30000.0,150000.0,128300.0,-109700.0,0.00021212121212066393,21.212121218442917,594.4000000357628,-0.001000000000000334,0.0,52000.0,10000.0,390000.0,-20000.0,0.002000000000000668,0.001000000000000334,5.944,1.0,0.0,35.328614515151514,1.5952272321468365e+17,26.0,7.0,5.944,0.0,0.0,-3.0002051826905074e-05,5.943,5.9415,1128.0,5.943,0.0005049229992424852,0.0008415383320710079,1169703.095558937,159922,2187200.0,3154900.0,-967700.0,5342100.0,0.10777234099767966,0.10964396396267069,100.0,967700.0,5.944000000357628,5.942617346938776,5.945328182150695,5.937701607023994
20230828.0,2.023082811285821e+16,5.94,5.939,5.938,5.937,5.936,446740.0,312900.0,620100.0,557500.0,1238400.0,5.223,6.155,5.94,5.929,-238960.0,-12000.0,-470000.0,-998300.0,279700.0,5.942,5.943,5.944,5.945,5.946,1700.0,150000.0,560000.0,508300.0,240300.0,6.155,5.803,0.13700000000000045,-0.0039999999999995595,415835164.228,69534412.0,6.383,1700.0,150000.0,560000.0,508300.0,240300.0,0.00034285714285609004,677.1428571492434,43124.39999997616,-0.0009999999999994458,-237260.0,138000.0,90000.0,-490000.0,520000.0,0.0019999999999997797,0.001000000000000334,5.94,0.0,1.0,35.28767451428572,1.6922291005380224e+17,3.0,32.0,5.944,0.0,160.0,-0.00010516605777866062,5.94,5.941000000000001,1129.0,5.944,0.00033664366268301287,0.0006732873253660258,-4682441.212120696,159922,1460300.0,3175640.0,-1715340.0,4635940.0,0.10355910920232055,0.10558190602749812,7260.0,1715340.0,5.939999999996716,5.941992418160735,5.944572142710402,5.937424393193183
20230828.0,2.023082811295911e+16,5.94,5.939,5.938,5.937,5.936,35500.0,23000.0,190100.0,47500.0,60200.0,5.223,6.155,5.94,5.929,-411240.0,-179900.0,-100000.0,-41700.0,-977900.0,5.942,5.943,5.944,5.945,5.946,1700.0,40000.0,230000.0,40000.0,40000.0,6.155,5.803,0.13700000000000045,0.0,415835164.228,69534412.0,6.383,0.0,-110000.0,-330000.0,-468300.0,-200300.0,8.881784197001252e-16,0.0,0.0,-0.0009999999999994458,-411240.0,-289900.0,-430000.0,-510000.0,-1178200.0,0.0019999999999997797,0.001000000000000334,5.94,0.0,0.0,35.28360000000001,1.4505103356557232e+17,30.0,0.0,5.94,0.0,0.0,-1.4105807521369584e-05,5.94,5.941000000000001,1130.0,5.94,0.00033664366268301287,0.0006732873253660258,0.0,159922,351700.0,356300.0,-4600.0,708000.0,0.07859242460011659,0.06512805765734835,0.0,4600.0,0.0,5.941908602150538,5.944217799260733,5.937792590513612
0.0,0.0,0.0,0.0,0.0,0.0,0.0,0.0,0.0,0.0,0.0,0.0,0.0,0.0,0.0,0.0,0.0,0.0,0.0,0.0,0.0,0.0,0.0,0.0,0.0,0.0,0.0,0.0,0.0,0.0,0.0,0.0,0.0,0.0,0.0,0.0,0.0,0.0,0.0,0.0,0.0,0.0,0.0,0.0,0.0,0.0,0.0,0.0,0.0,0.0,0.0,0.0,0.0,0.0,0.0,0.0,0.0,0.0,0.0,0.0,0.0,0.0,0.0,0.0,0.0,0.0,0.0,0.0,0.0,0.0,0.0,0.0,0.0,0.0,0.0,0.0,0.0,0.0,0.0,0.0,0.0,0.0,0.0,0.0,0.0
20230828.0,2.023082813015807e+16,5.93,5.929,5.928,5.927,5.926,62500.0,670100.0,50000.0,260000.0,840300.0,5.223,6.155,5.931,5.929,-102500.0,-780100.0,-560000.0,-1030600.0,-1094000.0,5.933,5.934,5.935,5.936,5.937,40000.0,110000.0,510000.0,770600.0,253700.0,6.155,5.803,0.1280000000000001,-0.009000000000000341,423092364.028,70757512.0,6.383,40000.0,110000.0,510000.0,770600.0,253700.0,0.0015217391304354067,293808.69565217197,7257199.800000012,-0.001000000000000334,-62500.0,-670100.0,-50000.0,-260000.0,-840300.0,0.0019999999999997797,0.0009999999999994458,5.931,0.0,3.0,35.194820086956526,1.1420215083713091e+17,7.0,16.0,5.937,0.0019999999999997797,811900.0,-0.001697752870891911,5.931,5.9315,1302.0,5.937,0.0005057742560903842,0.0008429570934839237,-7098026.427057037,159922,1684300.0,1882900.0,-198600.0,3567200.0,0.17704294989251354,0.1701521438788518,1223100.0,198600.0,5.933447633063537,5.931829268292683,5.935645965683073,5.927391629932551
20230828.0,2.0230828130258052e+16,5.93,5.929,5.928,5.927,5.926,22600.0,670200.0,140000.0,270000.0,898900.0,5.223,6.155,5.931,5.929,-45100.0,-109900.0,-120000.0,-250000.0,-1021700.0,5.932,5.933,5.934,5.935,5.936,5200.0,110000.0,210000.0,260000.0,1080300.0,6.155,5.803,0.1280000000000001,0.0,423724319.428,70864012.0,6.383,5200.0,110000.0,210000.0,260000.0,1080300.0,0.0019473684210513653,16310.526315793395,631955.3999999762,-0.0009999999999994458,-39900.0,100.0,90000.0,10000.0,58600.0,0.0019999999999988916,0.0009999999999994458,5.931,3.0,3.0,35.20111652631579,9.527737535262034e+16,6.0,13.0,5.936,0.0030000000000001137,51300.0,-3.4284954805174905e-05,5.931,5.931,1303.0,5.931,0.000337211262856292,0.0006744225257122845,-6075.074006922077,159922,1665500.0,2001700.0,-336200.0,3667200.0,0.20734897817364306,0.2122061900252189,106500.0,336200.0,5.933853521126537,5.931625899280576,5.935381086760733,5.927324374281861
