time,exchg,code,price,open,high,low,settle_price,upper_limit,lower_limit,total_volume,volume,total_turnover,turnover,open_interest,diff_interest,trading_date,action_date,action_time,pre_close,pre_settle,pre_interest,bid_price_0,bid_price_1,bid_price_2,bid_price_3,bid_price_4,bid_price_5,bid_price_6,bid_price_7,bid_price_8,bid_price_9,ask_price_0,ask_price_1,ask_price_2,ask_price_3,ask_price_4,ask_price_5,ask_price_6,ask_price_7,ask_price_8,ask_price_9,bid_qty_0,bid_qty_1,bid_qty_2,bid_qty_3,bid_qty_4,bid_qty_5,bid_qty_6,bid_qty_7,bid_qty_8,bid_qty_9,ask_qty_0,ask_qty_1,ask_qty_2,ask_qty_3,ask_qty_4,ask_qty_5,ask_qty_6,ask_qty_7,ask_qty_8,ask_qty_9
20230828095455760,SZSE,SZSE.ETF.159901,2.762,2.842,2.849,2.762,0.0,2.958,2.42,25140700.0,50500.0,70387510.6,139481.0,0.0,0.0,20230828,20230828,95455759,2.689,0.0,0.0,2.762,2.761,2.76,2.759,2.758,0.0,0.0,0.0,0.0,0.0,2.763,2.764,2.765,2.766,2.767,0.0,0.0,0.0,0.0,0.0,145000.0,394900.0,541100.0,180500.0,192900.0,0.0,0.0,0.0,0.0,0.0,107300.0,367800.0,260800.0,295100.0,342000.0,0.0,0.0,0.0,0.0,0.0
20230828095458776,SZSE,SZSE.ETF.159901,2.762,2.842,2.849,2.762,0.0,2.958,2.42,25140700.0,0.0,70387510.6,0.0,0.0,0.0,20230828,20230828,95458775,2.689,0.0,0.0,2.762,2.761,2.76,2.759,2.758,0.0,0.0,0.0,0.0,0.0,2.763,2.764,2.765,2.766,2.767,0.0,0.0,0.0,0.0,0.0,148600.0,394900.0,547100.0,180500.0,192900.0,0.0,0.0,0.0,0.0,0.0,112300.0,367800.0,260800.0,295100.0,342000.0,0.0,0.0,0.0,0.0,0.0
20230828095501768,SZSE,SZSE.ETF.159901,2.763,2.842,2.849,2.762,0.0,2.958,2.42,25150900.0,10200.0,70415693.2,28182.60000000894,0.0,0.0,20230828,20230828,95501769,2.689,0.0,0.0,2.762,2.761,2.76,2.759,2.758,0.0,0.0,0.0,0.0,0.0,2.763,2.764,2.765,2.766,2.767,0.0,0.0,0.0,0.0,0.0,109300.0,435000.0,547100.0,180500.0,192900.0,0.0,0.0,0.0,0.0,0.0,102100.0,367800.0,260800.0,335100.0,302000.0,0.0,0.0,0.0,0.0,0.0
20230828095504816,SZSE,SZSE.ETF.159901,2.762,2.842,2.849,2.762,0.0,2.958,2.42,25160900.0,10000.0,70443313.2,27620.0,0.0,0.0,20230828,20230828,95504816,2.689,0.0,0.0,2.762,2.761,2.76,2.759,2.758,0.0,0.0,0.0,0.0,0.0,2.763,2.764,2.765,2.766,2.767,0.0,0.0,0.0,0.0,0.0,159500.0,475000.0,547100.0,180500.0,192900.0,0.0,0.0,0.0,0.0,0.0,102400.0,367800.0,200800.0,395100.0,302000.0,0.0,0.0,0.0,0.0,0.0
20230828095507836,SZSE,SZSE.ETF.159901,2.762,2.842,2.849,2.762,0.0,2.958,2.42,25160900.0,0.0,70443313.2,0.0,0.0,0.0,20230828,20230828,95507837,2.689,0.0,0.0,2.762,2.761,2.76,2.759,2.758,0.0,0.0,0.0,0.0,0.0,2.763,2.764,2.765,2.766,2.767,0.0,0.0,0.0,0.0,0.0,99500.0,495200.0,347100.0,180500.0,192900.0,0.0,0.0,0.0,0.0,0.0,102400.0,367800.0,260800.0,295100.0,302000.0,0.0,0.0,0.0,0.0,0.0
20230828095510836,SZSE,SZSE.ETF.159901,2.762,2.842,2.849,2.762,0.0,2.958,2.42,25160900.0,0.0,70443313.2,0.0,0.0,0.0,20230828,20230828,95510836,2.689,0.0,0.0,2.762,2.761,2.76,2.759,2.758,0.0,0.0,0.0,0.0,0.0,2.763,2.764,2.765,2.766,2.767,0.0,0.0,0.0,0.0,0.0,67500.0,535200.0,247100.0,280500.0,192900.0,0.0,0.0,0.0,0.0,0.0,107400.0,367800.0,200800.0,355100.0,302000.0,0.0,0.0,0.0,0.0,0.0
20230828095513840,SZSE,SZSE.ETF.159901,2.763,2.842,2.849,2.762,0.0,2.958,2.42,25185400.0,24500.0,70511006.7,67693.5,0.0,0.0,20230828,20230828,95513838,2.689,0.0,0.0,2.762,2.761,2.76,2.759,2.758,0.0,0.0,0.0,0.0,0.0,2.763,2.764,2.765,2.766,2.767,0.0,0.0,0.0,0.0,0.0,7500.0,435200.0,447300.0,280500.0,192900.0,0.0,0.0,0.0,0.0,0.0,82900.0,367800.0,260800.0,335100.0,302000.0,0.0,0.0,0.0,0.0,0.0
20230828095516820,SZSE,SZSE.ETF.159901,2.763,2.842,2.849,2.762,0.0,2.958,2.42,25185400.0,0.0,70511006.7,0.0,0.0,0.0,20230828,20230828,95516820,2.689,0.0,0.0,2.762,2.761,2.76,2.759,2.758,0.0,0.0,0.0,0.0,0.0,2.763,2.764,2.765,2.766,2.767,0.0,0.0,0.0,0.0,0.0,103900.0,538800.0,547300.0,180500.0,193300.0,0.0,0.0,0.0,0.0,0.0,82900.0,367800.0,260800.0,428500.0,258600.0,0.0,0.0,0.0,0.0,0.0
20230828095519852,SZSE,SZSE.ETF.159901,2.763,2.842,2.849,2.762,0.0,2.958,2.42,25185400.0,0.0,70511006.7,0.0,0.0,0.0,20230828,20230828,95519853,2.689,0.0,0.0,2.762,2.761,2.76,2.759,2.758,0.0,0.0,0.0,0.0,0.0,2.763,2.764,2.765,2.766,2.767,0.0,0.0,0.0,0.0,0.0,108000.0,535200.0,547300.0,180500.0,193300.0,0.0,0.0,0.0,0.0,0.0,83200.0,367800.0,260800.0,385100.0,302000.0,0.0,0.0,0.0,0.0,0.0
20230828095522836,SZSE,SZSE.ETF.159901,2.762,2.842,2.849,2.762,0.0,2.958,2.42,25237500.0,52100.0,70654907.9,143901.20000000298,0.0,0.0,20230828,20230828,95522835,2.689,0.0,0.0,2.762,2.761,2.76,2.759,2.758,0.0,0.0,0.0,0.0,0.0,2.763,2.764,2.765,2.766,2.767,0.0,0.0,0.0,0.0,0.0,98100.0,495200.0,347300.0,180500.0,193300.0,0.0,0.0,0.0,0.0,0.0,82200.0,367800.0,260800.0,345100.0,342000.0,0.0,0.0,0.0,0.0,0.0
20230828095525816,SZSE,SZSE.ETF.159901,2.762,2.842,2.849,2.762,0.0,2.958,2.42,25237500.0,0.0,70654907.9,0.0,0.0,0.0,20230828,20230828,95525817,2.689,0.0,0.0,2.762,2.761,2.76,2.759,2.758,0.0,0.0,0.0,0.0,0.0,2.763,2.764,2.765,2.766,2.767,0.0,0.0,0.0,0.0,0.0,24500.0,435200.0,447300.0,280500.0,193300.0,0.0,0.0,0.0,0.0,0.0,82200.0,367800.0,260800.0,335100.0,302000.0,0.0,0.0,0.0,0.0,0.0
20230828095528804,SZSE,SZSE.ETF.159901,2.763,2.842,2.849,2.762,0.0,2.958,2.42,25242900.0,5400.0,70669828.1,14920.199999988079,0.0,0.0,20230828,20230828,95528804,2.689,0.0,0.0,2.762,2.761,2.76,2.759,2.758,0.0,0.0,0.0,0.0,0.0,2.763,2.764,2.765,2.766,2.767,0.0,0.0,0.0,0.0,0.0,23500.0,355200.0,507300.0,280500.0,193300.0,0.0,0.0,0.0,0.0,0.0,88800.0,427800.0,200800.0,428500.0,258600.0,0.0,0.0,0.0,0.0,0.0
20230828095531804,SZSE,SZSE.ETF.159901,2.763,2.842,2.849,2.762,0.0,2.958,2.42,25242900.0,0.0,70669828.1,0.0,0.0,0.0,20230828,20230828,95531804,2.689,0.0,0.0,2.762,2.761,2.76,2.759,2.758,0.0,0.0,0.0,0.0,0.0,2.763,2.764,2.765,2.766,2.767,0.0,0.0,0.0,0.0,0.0,124500.0,315200.0,594100.0,380500.0,193300.0,0.0,0.0,0.0,0.0,0.0,76800.0,367800.0,260800.0,478500.0,258600.0,0.0,0.0,0.0,0.0,0.0
20230828095534808,SZSE,SZSE.ETF.159901,2.763,2.842,2.849,2.762,0.0,2.958,2.42,25242900.0,0.0,70669828.1,0.0,0.0,0.0,20230828,20230828,95534810,2.689,0.0,0.0,2.762,2.761,2.76,2.759,2.758,0.0,0.0,0.0,0.0,0.0,2.763,2.764,2.765,2.766,2.767,0.0,0.0,0.0,0.0,0.0,124500.0,255200.0,404100.0,180500.0,193300.0,0.0,0.0,0.0,0.0,0.0,89000.0,427800.0,200800.0,385100.0,302000.0,0.0,0.0,0.0,0.0,0.0
20230828095537808,SZSE,SZSE.ETF.159901,2.762,2.842,2.849,2.762,0.0,2.958,2.42,25271000.0,28100.0,70747440.3,77612.20000000298,0.0,0.0,20230828,20230828,95537808,2.689,0.0,0.0,2.761,2.76,2.759,2.758,2.757,0.0,0.0,0.0,0.0,0.0,2.762,2.763,2.764,2.765,2.766,0.0,0.0,0.0,0.0,0.0,315200.0,284100.0,303800.0,430000.0,207400.0,0.0,0.0,0.0,0.0,0.0,12000.0,149000.0,467800.0,140800.0,445100.0,0.0,0.0,0.0,0.0,0.0
20230828095540824,SZSE,SZSE.ETF.159901,2.762,2.842,2.849,2.762,0.0,2.958,2.42,25272000.0,1000.0,70750202.3,2762.0,0.0,0.0,20230828,20230828,95540825,2.689,0.0,0.0,2.761,2.76,2.759,2.758,2.757,0.0,0.0,0.0,0.0,0.0,2.762,2.763,2.764,2.765,2.766,0.0,0.0,0.0,0.0,0.0,318800.0,194100.0,353800.0,282000.0,245400.0,0.0,0.0,0.0,0.0,0.0,52600.0,199000.0,467800.0,830800.0,436500.0,0.0,0.0,0.0,0.0,0.0
20230828095543820,SZSE,SZSE.ETF.159901,2.761,2.842,2.849,2.761,0.0,2.958,2.42,25287800.0,15800.0,70793826.1,43623.79999999702,0.0,0.0,20230828,20230828,95543819,2.689,0.0,0.0,2.761,2.76,2.759,2.758,2.757,0.0,0.0,0.0,0.0,0.0,2.762,2.763,2.764,2.765,2.766,0.0,0.0,0.0,0.0,0.0,203000.0,154100.0,333800.0,392000.0,145400.0,0.0,0.0,0.0,0.0,0.0,112600.0,289000.0,1007800.0,290800.0,336500.0,0.0,0.0,0.0,0.0,0.0
20230828095546820,SZSE,SZSE.ETF.159901,2.761,2.842,2.849,2.761,0.0,2.958,2.42,25482200.0,194400.0,71330693.9,536867.8000000119,0.0,0.0,20230828,20230828,95546821,2.689,0.0,0.0,2.761,2.76,2.759,2.758,2.757,0.0,0.0,0.0,0.0,0.0,2.762,2.763,2.764,2.765,2.766,0.0,0.0,0.0,0.0,0.0,139200.0,154100.0,333800.0,428700.0,145400.0,0.0,0.0,0.0,0.0,0.0,203300.0,185400.0,1107800.0,227500.0,299800.0,0.0,0.0,0.0,0.0,0.0
20230828095549816,SZSE,SZSE.ETF.159901,2.761,2.842,2.849,2.761,0.0,2.958,2.42,25542200.0,60000.0,71496353.9,165660.0,0.0,0.0,20230828,20230828,95549814,2.689,0.0,0.0,2.761,2.76,2.759,2.758,2.757,0.0,0.0,0.0,0.0,0.0,2.762,2.763,2.764,2.765,2.766,0.0,0.0,0.0,0.0,0.0,79200.0,155100.0,193800.0,485100.0,89000.0,0.0,0.0,0.0,0.0,0.0,300600.0,130400.0,1062800.0,227500.0,249800.0,0.0,0.0,0.0,0.0,0.0
20230828095552800,SZSE,SZSE.ETF.159901,2.761,2.842,2.849,2.761,0.0,2.958,2.42,25585700.0,43500.0,71616457.4,120103.5,0.0,0.0,20230828,20230828,95552798,2.689,0.0,0.0,2.76,2.759,2.758,2.757,2.756,0.0,0.0,0.0,0.0,0.0,2.761,2.762,2.763,2.764,2.765,0.0,0.0,0.0,0.0,0.0,105100.0,203800.0,415100.0,89000.0,300100.0,0.0,0.0,0.0,0.0,0.0,89200.0,240600.0,830400.0,362800.0,220900.0,0.0,0.0,0.0,0.0,0.0
20230828095555788,SZSE,SZSE.ETF.159901,2.761,2.842,2.849,2.761,0.0,2.958,2.42,25585700.0,0.0,71616457.4,0.0,0.0,0.0,20230828,20230828,95555789,2.689,0.0,0.0,2.76,2.759,2.758,2.757,2.756,0.0,0.0,0.0,0.0,0.0,2.761,2.762,2.763,2.764,2.765,0.0,0.0,0.0,0.0,0.0,59700.0,163800.0,438500.0,334100.0,421600.0,0.0,0.0,0.0,0.0,0.0,264300.0,137000.0,980400.0,429400.0,132200.0,0.0,0.0,0.0,0.0,0.0
20230828095558824,SZSE,SZSE.ETF.159901,2.761,2.842,2.849,2.76,0.0,2.958,2.42,25720900.0,135200.0,71989734.6,373277.1999999881,0.0,0.0,20230828,20230828,95558825,2.689,0.0,0.0,2.76,2.759,2.758,2.757,2.756,0.0,0.0,0.0,0.0,0.0,2.761,2.762,2.763,2.764,2.765,0.0,0.0,0.0,0.0,0.0,48700.0,113800.0,388500.0,147400.0,458300.0,0.0,0.0,0.0,0.0,0.0,139100.0,40000.0,917100.0,386200.0,88800.0,0.0,0.0,0.0,0.0,0.0
20230828095601808,SZSE,SZSE.ETF.159901,2.76,2.842,2.849,2.76,0.0,2.958,2.42,25767000.0,46100.0,72116971.6,127237.0,0.0,0.0,20230828,20230828,95601808,2.689,0.0,0.0,2.76,2.759,2.758,2.757,2.756,0.0,0.0,0.0,0.0,0.0,2.761,2.762,2.763,2.764,2.765,0.0,0.0,0.0,0.0,0.0,64800.0,103800.0,638500.0,347400.0,258300.0,0.0,0.0,0.0,0.0,0.0,138100.0,90000.0,307100.0,496200.0,88800.0,0.0,0.0,0.0,0.0,0.0
20230828095604856,SZSE,SZSE.ETF.159901,2.761,2.842,2.849,2.76,0.0,2.958,2.42,25827500.0,60500.0,72284011.6,167040.0,0.0,0.0,20230828,20230828,95604856,2.689,0.0,0.0,2.76,2.759,2.758,2.757,2.756,0.0,0.0,0.0,0.0,0.0,2.761,2.762,2.763,2.764,2.765,0.0,0.0,0.0,0.0,0.0,120900.0,53800.0,588500.0,334100.0,221600.0,0.0,0.0,0.0,0.0,0.0,83400.0,90000.0,870400.0,532900.0,88800.0,0.0,0.0,0.0,0.0,0.0
20230828095607828,SZSE,SZSE.ETF.159901,2.761,2.842,2.849,2.76,0.0,2.958,2.42,25827500.0,0.0,72284011.6,0.0,0.0,0.0,20230828,20230828,95607829,2.689,0.0,0.0,2.76,2.759,2.758,2.757,2.756,0.0,0.0,0.0,0.0,0.0,2.761,2.762,2.763,2.764,2.765,0.0,0.0,0.0,0.0,0.0,60900.0,303800.0,498500.0,484100.0,121600.0,0.0,0.0,0.0,0.0,0.0,78900.0,240000.0,240400.0,569400.0,132200.0,0.0,0.0,0.0,0.0,0.0
20230828095610804,SZSE,SZSE.ETF.159901,2.761,2.842,2.849,2.76,0.0,2.958,2.42,25905300.0,77800.0,72498817.4,214805.80000001192,0.0,0.0,20230828,20230828,95610804,2.689,0.0,0.0,2.76,2.759,2.758,2.757,2.756,0.0,0.0,0.0,0.0,0.0,2.761,2.762,2.763,2.764,2.765,0.0,0.0,0.0,0.0,0.0,305900.0,213800.0,448500.0,284100.0,121600.0,0.0,0.0,0.0,0.0,0.0,5700.0,140000.0,140400.0,479400.0,132200.0,0.0,0.0,0.0,0.0,0.0
20230828095613800,SZSE,SZSE.ETF.159901,2.761,2.842,2.849,2.76,0.0,2.958,2.42,25914700.0,9400.0,72524770.8,25953.39999999106,0.0,0.0,20230828,20230828,95613800,2.689,0.0,0.0,2.761,2.76,2.759,2.758,2.757,0.0,0.0,0.0,0.0,0.0,2.762,2.763,2.764,2.765,2.766,0.0,0.0,0.0,0.0,0.0,36600.0,265900.0,243800.0,358500.0,527700.0,0.0,0.0,0.0,0.0,0.0,303600.0,180400.0,532700.0,168900.0,128500.0,0.0,0.0,0.0,0.0,0.0
20230828095616820,SZSE,SZSE.ETF.159901,2.761,2.842,2.849,2.76,0.0,2.958,2.42,25914700.0,0.0,72524770.8,0.0,0.0,0.0,20230828,20230828,95616820,2.689,0.0,0.0,2.761,2.76,2.759,2.758,2.757,0.0,0.0,0.0,0.0,0.0,2.762,2.763,2.764,2.765,2.766,0.0,0.0,0.0,0.0,0.0,48600.0,466900.0,243800.0,438400.0,475700.0,0.0,0.0,0.0,0.0,0.0,320300.0,80400.0,372800.0,274200.0,206400.0,0.0,0.0,0.0,0.0,0.0
20230828095619820,SZSE,SZSE.ETF.159901,2.76,2.842,2.849,2.76,0.0,2.958,2.42,25981800.0,67100.0,72710015.4,185244.60000000894,0.0,0.0,20230828,20230828,95619821,2.689,0.0,0.0,2.761,2.76,2.759,2.758,2.757,0.0,0.0,0.0,0.0,0.0,2.762,2.763,2.764,2.765,2.766,0.0,0.0,0.0,0.0,0.0,228000.0,431100.0,373800.0,525100.0,439000.0,0.0,0.0,0.0,0.0,0.0,320800.0,190400.0,362800.0,270900.0,206400.0,0.0,0.0,0.0,0.0,0.0
20230828095622804,SZSE,SZSE.ETF.159901,2.762,2.842,2.849,2.76,0.0,2.958,2.42,25983800.0,2000.0,72715539.4,5524.0,0.0,0.0,20230828,20230828,95622803,2.689,0.0,0.0,2.761,2.76,2.759,2.758,2.757,0.0,0.0,0.0,0.0,0.0,2.762,2.763,2.764,2.765,2.766,0.0,0.0,0.0,0.0,0.0,231600.0,377500.0,363800.0,275100.0,439000.0,0.0,0.0,0.0,0.0,0.0,330800.0,190400.0,952800.0,177500.0,249800.0,0.0,0.0,0.0,0.0,0.0
20230828095625772,SZSE,SZSE.ETF.159901,2.761,2.842,2.849,2.76,0.0,2.958,2.42,25993800.0,10000.0,72743149.4,27610.0,0.0,0.0,20230828,20230828,95625771,2.689,0.0,0.0,2.761,2.76,2.759,2.758,2.757,0.0,0.0,0.0,0.0,0.0,2.762,2.763,2.764,2.765,2.766,0.0,0.0,0.0,0.0,0.0,301600.0,487500.0,353800.0,375200.0,489100.0,0.0,0.0,0.0,0.0,0.0,318800.0,180400.0,1062800.0,227500.0,249800.0,0.0,0.0,0.0,0.0,0.0
20230828095628768,SZSE,SZSE.ETF.159901,2.761,2.842,2.849,2.76,0.0,2.958,2.42,25993800.0,0.0,72743149.4,0.0,0.0,0.0,20230828,20230828,95628768,2.689,0.0,0.0,2.761,2.76,2.759,2.758,2.757,0.0,0.0,0.0,0.0,0.0,2.762,2.763,2.764,2.765,2.766,0.0,0.0,0.0,0.0,0.0,308400.0,437500.0,263800.0,475100.0,289100.0,0.0,0.0,0.0,0.0,0.0,318800.0,80400.0,372800.0,217500.0,249800.0,0.0,0.0,0.0,0.0,0.0
20230828095631768,SZSE,SZSE.ETF.159901,2.761,2.842,2.849,2.76,0.0,2.958,2.42,25993800.0,0.0,72743149.4,0.0,0.0,0.0,20230828,20230828,95631767,2.689,0.0,0.0,2.761,2.76,2.759,2.758,2.757,0.0,0.0,0.0,0.0,0.0,2.762,2.763,2.764,2.765,2.766,0.0,0.0,0.0,0.0,0.0,308400.0,487700.0,390500.0,288400.0,489100.0,0.0,0.0,0.0,0.0,0.0,330800.0,130400.0,1062800.0,190800.0,286500.0,0.0,0.0,0.0,0.0,0.0
20230828095634796,SZSE,SZSE.ETF.159901,2.762,2.842,2.849,2.76,0.0,2.958,2.42,25995800.0,2000.0,72748673.4,5524.0,0.0,0.0,20230828,20230828,95634796,2.689,0.0,0.0,2.761,2.76,2.759,2.758,2.757,0.0,0.0,0.0,0.0,0.0,2.762,2.763,2.764,2.765,2.766,0.0,0.0,0.0,0.0,0.0,338400.0,377700.0,400500.0,238400.0,489100.0,0.0,0.0,0.0,0.0,0.0,329200.0,190400.0,952800.0,140800.0,286500.0,0.0,0.0,0.0,0.0,0.0
20230828095637776,SZSE,SZSE.ETF.159901,2.762,2.842,2.849,2.76,0.0,2.958,2.42,25995800.0,0.0,72748673.4,0.0,0.0,0.0,20230828,20230828,95637778,2.689,0.0,0.0,2.761,2.76,2.759,2.758,2.757,0.0,0.0,0.0,0.0,0.0,2.762,2.763,2.764,2.765,2.766,0.0,0.0,0.0,0.0,0.0,336800.0,427700.0,373800.0,365100.0,494600.0,0.0,0.0,0.0,0.0,0.0,329200.0,580400.0,362800.0,227500.0,249800.0,0.0,0.0,0.0,0.0,0.0
20230828095640756,SZSE,SZSE.ETF.159901,2.762,2.842,2.849,2.76,0.0,2.958,2.42,26022200.0,26400.0,72821565.6,72892.19999998808,0.0,0.0,20230828,20230828,95640757,2.689,0.0,0.0,2.761,2.76,2.759,2.758,2.757,0.0,0.0,0.0,0.0,0.0,2.762,2.763,2.764,2.765,2.766,0.0,0.0,0.0,0.0,0.0,342200.0,337700.0,263800.0,475100.0,494600.0,0.0,0.0,0.0,0.0,0.0,315400.0,80400.0,972800.0,177500.0,249800.0,0.0,0.0,0.0,0.0,0.0
20230828095643768,SZSE,SZSE.ETF.159901,2.762,2.842,2.849,2.76,0.0,2.958,2.42,26022200.0,0.0,72821565.6,0.0,0.0,0.0,20230828,20230828,95643770,2.689,0.0,0.0,2.761,2.76,2.759,2.758,2.757,0.0,0.0,0.0,0.0,0.0,2.762,2.763,2.764,2.765,2.766,0.0,0.0,0.0,0.0,0.0,342200.0,387700.0,263800.0,665100.0,394600.0,0.0,0.0,0.0,0.0,0.0,315400.0,176000.0,1022800.0,277500.0,249800.0,0.0,0.0,0.0,0.0,0.0
20230828095646768,SZSE,SZSE.ETF.159901,2.762,2.842,2.849,2.76,0.0,2.958,2.42,26022200.0,0.0,72821565.6,0.0,0.0,0.0,20230828,20230828,95646766,2.689,0.0,0.0,2.761,2.76,2.759,2.758,2.757,0.0,0.0,0.0,0.0,0.0,2.762,2.763,2.764,2.765,2.766,0.0,0.0,0.0,0.0,0.0,342200.0,337700.0,163800.0,575100.0,394600.0,0.0,0.0,0.0,0.0,0.0,315400.0,136000.0,972800.0,177500.0,249800.0,0.0,0.0,0.0,0.0,0.0
20230828095649768,SZSE,SZSE.ETF.159901,2.762,2.842,2.849,2.76,0.0,2.958,2.42,26022200.0,0.0,72821565.6,0.0,0.0,0.0,20230828,20230828,95649766,2.689,0.0,0.0,2.761,2.76,2.759,2.758,2.757,0.0,0.0,0.0,0.0,0.0,2.762,2.763,2.764,2.765,2.766,0.0,0.0,0.0,0.0,0.0,342200.0,327700.0,273800.0,665100.0,394600.0,0.0,0.0,0.0,0.0,0.0,315400.0,286000.0,962800.0,227500.0,249800.0,0.0,0.0,0.0,0.0,0.0
20230828095652752,SZSE,SZSE.ETF.159901,2.762,2.842,2.849,2.76,0.0,2.958,2.42,26024200.0,2000.0,72827089.6,5524.0,0.0,0.0,20230828,20230828,95652750,2.689,0.0,0.0,2.761,2.76,2.759,2.758,2.757,0.0,0.0,0.0,0.0,0.0,2.762,2.763,2.764,2.765,2.766,0.0,0.0,0.0,0.0,0.0,342200.0,277700.0,263800.0,375100.0,394600.0,0.0,0.0,0.0,0.0,0.0,325400.0,146000.0,952800.0,177500.0,249800.0,0.0,0.0,0.0,0.0,0.0
20230828095655744,SZSE,SZSE.ETF.159901,2.762,2.842,2.849,2.76,0.0,2.958,2.42,26024200.0,0.0,72827089.6,0.0,0.0,0.0,20230828,20230828,95655745,2.689,0.0,0.0,2.761,2.76,2.759,2.758,2.757,0.0,0.0,0.0,0.0,0.0,2.762,2.763,2.764,2.765,2.766,0.0,0.0,0.0,0.0,0.0,342200.0,327700.0,313800.0,425100.0,394600.0,0.0,0.0,0.0,0.0,0.0,325400.0,296000.0,1002800.0,227500.0,249800.0,0.0,0.0,0.0,0.0,0.0
20230828095658736,SZSE,SZSE.ETF.159901,2.762,2.842,2.849,2.76,0.0,2.958,2.42,26024200.0,0.0,72827089.6,0.0,0.0,0.0,20230828,20230828,95658735,2.689,0.0,0.0,2.761,2.76,2.759,2.758,2.757,0.0,0.0,0.0,0.0,0.0,2.762,2.763,2.764,2.765,2.766,0.0,0.0,0.0,0.0,0.0,342200.0,437700.0,203800.0,575100.0,394600.0,0.0,0.0,0.0,0.0,0.0,213400.0,336000.0,912800.0,277500.0,249800.0,0.0,0.0,0.0,0.0,0.0
20230828095701776,SZSE,SZSE.ETF.159901,2.762,2.842,2.849,2.76,0.0,2.958,2.42,26024200.0,0.0,72827089.6,0.0,0.0,0.0,20230828,20230828,95701775,2.689,0.0,0.0,2.761,2.76,2.759,2.758,2.757,0.0,0.0,0.0,0.0,0.0,2.762,2.763,2.764,2.765,2.766,0.0,0.0,0.0,0.0,0.0,702200.0,427700.0,273800.0,425100.0,394600.0,0.0,0.0,0.0,0.0,0.0,118800.0,446000.0,862800.0,327500.0,249800.0,0.0,0.0,0.0,0.0,0.0
20230828095704768,SZSE,SZSE.ETF.159901,2.761,2.842,2.849,2.76,0.0,2.958,2.42,26030500.0,6300.0,72844489.7,17400.10000000894,0.0,0.0,20230828,20230828,95704769,2.689,0.0,0.0,2.761,2.76,2.759,2.758,2.757,0.0,0.0,0.0,0.0,0.0,2.762,2.763,2.764,2.765,2.766,0.0,0.0,0.0,0.0,0.0,801700.0,327700.0,223800.0,460200.0,151000.0,0.0,0.0,0.0,0.0,0.0,153300.0,939600.0,362800.0,227500.0,249800.0,0.0,0.0,0.0,0.0,0.0
20230828095707808,SZSE,SZSE.ETF.159901,2.762,2.842,2.849,2.76,0.0,2.958,2.42,26280300.0,249800.0,73534437.3,689947.599999994,0.0,0.0,20230828,20230828,95707810,2.689,0.0,0.0,2.761,2.76,2.759,2.758,2.757,0.0,0.0,0.0,0.0,0.0,2.762,2.763,2.764,2.765,2.766,0.0,0.0,0.0,0.0,0.0,801700.0,377700.0,273800.0,510200.0,100900.0,0.0,0.0,0.0,0.0,0.0,11500.0,1039600.0,262800.0,277500.0,249800.0,0.0,0.0,0.0,0.0,0.0
20230828095710788,SZSE,SZSE.ETF.159901,2.762,2.842,2.849,2.76,0.0,2.958,2.42,26280300.0,0.0,73534437.3,0.0,0.0,0.0,20230828,20230828,95710788,2.689,0.0,0.0,2.761,2.76,2.759,2.758,2.757,0.0,0.0,0.0,0.0,0.0,2.762,2.763,2.764,2.765,2.766,0.0,0.0,0.0,0.0,0.0,801700.0,387700.0,313800.0,410200.0,400900.0,0.0,0.0,0.0,0.0,0.0,101000.0,929600.0,472800.0,227500.0,249800.0,0.0,0.0,0.0,0.0,0.0
20230828095713784,SZSE,SZSE.ETF.159901,2.762,2.842,2.849,2.76,0.0,2.958,2.42,26280300.0,0.0,73534437.3,0.0,0.0,0.0,20230828,20230828,95713785,2.689,0.0,0.0,2.761,2.76,2.759,2.758,2.757,0.0,0.0,0.0,0.0,0.0,2.762,2.763,2.764,2.765,2.766,0.0,0.0,0.0,0.0,0.0,801700.0,277700.0,323800.0,360200.0,400900.0,0.0,0.0,0.0,0.0,0.0,106000.0,889700.0,362800.0,177500.0,249800.0,0.0,0.0,0.0,0.0,0.0
20230828095716796,SZSE,SZSE.ETF.159901,2.762,2.842,2.849,2.76,0.0,2.958,2.42,26280300.0,0.0,73534437.3,0.0,0.0,0.0,20230828,20230828,95716797,2.689,0.0,0.0,2.761,2.76,2.759,2.758,2.757,0.0,0.0,0.0,0.0,0.0,2.762,2.763,2.764,2.765,2.766,0.0,0.0,0.0,0.0,0.0,813700.0,487700.0,213800.0,710200.0,300900.0,0.0,0.0,0.0,0.0,0.0,6000.0,379700.0,372800.0,327500.0,249800.0,0.0,0.0,0.0,0.0,0.0
20230828095719776,SZSE,SZSE.ETF.159901,2.762,2.842,2.849,2.76,0.0,2.958,2.42,26280300.0,0.0,73534437.3,0.0,0.0,0.0,20230828,20230828,95719776,2.689,0.0,0.0,2.761,2.76,2.759,2.758,2.757,0.0,0.0,0.0,0.0,0.0,2.762,2.763,2.764,2.765,2.766,0.0,0.0,0.0,0.0,0.0,814700.0,377700.0,220200.0,460200.0,300900.0,0.0,0.0,0.0,0.0,0.0,6400.0,1039700.0,262800.0,277500.0,249800.0,0.0,0.0,0.0,0.0,0.0
20230828095722804,SZSE,SZSE.ETF.159901,2.762,2.842,2.849,2.76,0.0,2.958,2.42,26280300.0,0.0,73534437.3,0.0,0.0,0.0,20230828,20230828,95722804,2.689,0.0,0.0,2.761,2.76,2.759,2.758,2.757,0.0,0.0,0.0,0.0,0.0,2.762,2.763,2.764,2.765,2.766,0.0,0.0,0.0,0.0,0.0,814700.0,487700.0,250200.0,670200.0,300900.0,0.0,0.0,0.0,0.0,0.0,6400.0,389700.0,1012800.0,327500.0,249800.0,0.0,0.0,0.0,0.0,0.0
20230828095725772,SZSE,SZSE.ETF.159901,2.762,2.842,2.849,2.76,0.0,2.958,2.42,26286700.0,6400.0,73552114.1,17676.79999999702,0.0,0.0,20230828,20230828,95725772,2.689,0.0,0.0,2.762,2.761,2.76,2.759,2.758,0.0,0.0,0.0,0.0,0.0,2.763,2.764,2.765,2.766,2.767,0.0,0.0,0.0,0.0,0.0,12000.0,918700.0,377700.0,460200.0,520200.0,0.0,0.0,0.0,0.0,0.0,177700.0,322800.0,317500.0,249800.0,120600.0,0.0,0.0,0.0,0.0,0.0
20230828095728776,SZSE,SZSE.ETF.159901,2.762,2.842,2.849,2.76,0.0,2.958,2.42,26286700.0,0.0,73552114.1,0.0,0.0,0.0,20230828,20230828,95728778,2.689,0.0,0.0,2.762,2.761,2.76,2.759,2.758,0.0,0.0,0.0,0.0,0.0,2.763,2.764,2.765,2.766,2.767,0.0,0.0,0.0,0.0,0.0,139500.0,878700.0,667700.0,426800.0,241600.0,0.0,0.0,0.0,0.0,0.0,177700.0,402800.0,860800.0,398600.0,198500.0,0.0,0.0,0.0,0.0,0.0
20230828095731760,SZSE,SZSE.ETF.159901,2.763,2.842,2.849,2.76,0.0,2.958,2.42,26296100.0,9400.0,73578086.3,25972.20000000298,0.0,0.0,20230828,20230828,95731762,2.689,0.0,0.0,2.762,2.761,2.76,2.759,2.758,0.0,0.0,0.0,0.0,0.0,2.763,2.764,2.765,2.766,2.767,0.0,0.0,0.0,0.0,0.0,343100.0,826100.0,459600.0,186800.0,291700.0,0.0,0.0,0.0,0.0,0.0,168300.0,312800.0,710800.0,355200.0,141900.0,0.0,0.0,0.0,0.0,0.0
20230828095734792,SZSE,SZSE.ETF.159901,2.763,2.842,2.849,2.76,0.0,2.958,2.42,26356100.0,60000.0,73743866.3,165780.0,0.0,0.0,20230828,20230828,95734794,2.689,0.0,0.0,2.762,2.761,2.76,2.759,2.758,0.0,0.0,0.0,0.0,0.0,2.763,2.764,2.765,2.766,2.767,0.0,0.0,0.0,0.0,0.0,384100.0,876200.0,509600.0,330400.0,248100.0,0.0,0.0,0.0,0.0,0.0,108300.0,362800.0,160800.0,305200.0,281900.0,0.0,0.0,0.0,0.0,0.0
20230828095737800,SZSE,SZSE.ETF.159901,2.762,2.842,2.849,2.76,0.0,2.958,2.42,26408900.0,52800.0,73889700.3,145834.0,0.0,0.0,20230828,20230828,95737798,2.689,0.0,0.0,2.762,2.761,2.76,2.759,2.758,0.0,0.0,0.0,0.0,0.0,2.763,2.764,2.765,2.766,2.767,0.0,0.0,0.0,0.0,0.0,317600.0,1116200.0,459600.0,280400.0,248100.0,0.0,0.0,0.0,0.0,0.0,113900.0,312800.0,110800.0,295200.0,241900.0,0.0,0.0,0.0,0.0,0.0
20230828095740780,SZSE,SZSE.ETF.159901,2.763,2.842,2.849,2.76,0.0,2.958,2.42,26412700.0,3800.0,73900199.7,10499.40000000596,0.0,0.0,20230828,20230828,95740781,2.689,0.0,0.0,2.762,2.761,2.76,2.759,2.758,0.0,0.0,0.0,0.0,0.0,2.763,2.764,2.765,2.766,2.767,0.0,0.0,0.0,0.0,0.0,317600.0,1126200.0,596300.0,293700.0,198000.0,0.0,0.0,0.0,0.0,0.0,115700.0,362800.0,160800.0,268500.0,318500.0,0.0,0.0,0.0,0.0,0.0
20230828095743768,SZSE,SZSE.ETF.159901,2.763,2.842,2.849,2.76,0.0,2.958,2.42,26412700.0,0.0,73900199.7,0.0,0.0,0.0,20230828,20230828,95743767,2.689,0.0,0.0,2.762,2.761,2.76,2.759,2.758,0.0,0.0,0.0,0.0,0.0,2.763,2.764,2.765,2.766,2.767,0.0,0.0,0.0,0.0,0.0,381200.0,1006200.0,346300.0,243700.0,198000.0,0.0,0.0,0.0,0.0,0.0,120700.0,312800.0,50800.0,318500.0,278500.0,0.0,0.0,0.0,0.0,0.0
20230828095746784,SZSE,SZSE.ETF.159901,2.763,2.842,2.849,2.76,0.0,2.958,2.42,26472700.0,60000.0,74065979.7,165780.0,0.0,0.0,20230828,20230828,95746783,2.689,0.0,0.0,2.762,2.761,2.76,2.759,2.758,0.0,0.0,0.0,0.0,0.0,2.763,2.764,2.765,2.766,2.767,0.0,0.0,0.0,0.0,0.0,382200.0,1016200.0,346200.0,293700.0,248100.0,0.0,0.0,0.0,0.0,0.0,60700.0,362800.0,100800.0,328500.0,318500.0,0.0,0.0,0.0,0.0,0.0
20230828095749752,SZSE,SZSE.ETF.159901,2.763,2.842,2.849,2.76,0.0,2.958,2.42,26482900.0,10200.0,74094152.3,28172.59999999404,0.0,0.0,20230828,20230828,95749753,2.689,0.0,0.0,2.762,2.761,2.76,2.759,2.758,0.0,0.0,0.0,0.0,0.0,2.763,2.764,2.765,2.766,2.767,0.0,0.0,0.0,0.0,0.0,312200.0,916200.0,546300.0,243700.0,198000.0,0.0,0.0,0.0,0.0,0.0,56900.0,316400.0,110800.0,258500.0,278500.0,0.0,0.0,0.0,0.0,0.0
20230828095752800,SZSE,SZSE.ETF.159901,2.763,2.842,2.849,2.76,0.0,2.958,2.42,26482900.0,0.0,74094152.3,0.0,0.0,0.0,20230828,20230828,95752801,2.689,0.0,0.0,2.762,2.761,2.76,2.759,2.758,0.0,0.0,0.0,0.0,0.0,2.763,2.764,2.765,2.766,2.767,0.0,0.0,0.0,0.0,0.0,300200.0,806200.0,396300.0,553700.0,398000.0,0.0,0.0,0.0,0.0,0.0,56900.0,366400.0,100800.0,408500.0,178500.0,0.0,0.0,0.0,0.0,0.0
20230828095755776,SZSE,SZSE.ETF.159901,2.763,2.842,2.849,2.76,0.0,2.958,2.42,26483100.0,200.0,74094704.9,552.6000000089407,0.0,0.0,20230828,20230828,95755775,2.689,0.0,0.0,2.762,2.761,2.76,2.759,2.758,0.0,0.0,0.0,0.0,0.0,2.763,2.764,2.765,2.766,2.767,0.0,0.0,0.0,0.0,0.0,300200.0,706200.0,340800.0,503700.0,448100.0,0.0,0.0,0.0,0.0,0.0,128700.0,316400.0,50800.0,408500.0,178500.0,0.0,0.0,0.0,0.0,0.0
20230828095758800,SZSE,SZSE.ETF.159901,2.763,2.842,2.849,2.76,0.0,2.958,2.42,26507000.0,23900.0,74160740.6,66035.69999998808,0.0,0.0,20230828,20230828,95758801,2.689,0.0,0.0,2.762,2.761,2.76,2.759,2.758,0.0,0.0,0.0,0.0,0.0,2.763,2.764,2.765,2.766,2.767,0.0,0.0,0.0,0.0,0.0,300200.0,756200.0,340800.0,553700.0,448100.0,0.0,0.0,0.0,0.0,0.0,98100.0,362800.0,100800.0,408500.0,178500.0,0.0,0.0,0.0,0.0,0.0
20230828095801760,SZSE,SZSE.ETF.159901,2.763,2.842,2.849,2.76,0.0,2.958,2.42,26515000.0,8000.0,74182844.6,22104.0,0.0,0.0,20230828,20230828,95801762,2.689,0.0,0.0,2.762,2.761,2.76,2.759,2.758,0.0,0.0,0.0,0.0,0.0,2.763,2.764,2.765,2.766,2.767,0.0,0.0,0.0,0.0,0.0,312200.0,726200.0,550800.0,443700.0,248100.0,0.0,0.0,0.0,0.0,0.0,30100.0,372800.0,50800.0,358500.0,178500.0,0.0,0.0,0.0,0.0,0.0
20230828095804772,SZSE,SZSE.ETF.159901,2.763,2.842,2.849,2.76,0.0,2.958,2.42,26541000.0,26000.0,74254682.6,71838.0,0.0,0.0,20230828,20230828,95804772,2.689,0.0,0.0,2.762,2.761,2.76,2.759,2.758,0.0,0.0,0.0,0.0,0.0,2.763,2.764,2.765,2.766,2.767,0.0,0.0,0.0,0.0,0.0,312200.0,966200.0,580800.0,293700.0,248100.0,0.0,0.0,0.0,0.0,0.0,600.0,366400.0,205800.0,368500.0,178500.0,0.0,0.0,0.0,0.0,0.0
20230828095807796,SZSE,SZSE.ETF.159901,2.763,2.842,2.849,2.76,0.0,2.958,2.42,26541800.0,800.0,74256893.0,2210.4000000059605,0.0,0.0,20230828,20230828,95807797,2.689,0.0,0.0,2.763,2.762,2.761,2.76,2.759,0.0,0.0,0.0,0.0,0.0,2.764,2.765,2.766,2.767,2.768,0.0,0.0,0.0,0.0,0.0,16000.0,317200.0,616200.0,550800.0,243700.0,0.0,0.0,0.0,0.0,0.0,376400.0,55800.0,358500.0,178500.0,212000.0,0.0,0.0,0.0,0.0,0.0
20230828095810788,SZSE,SZSE.ETF.159901,2.763,2.842,2.849,2.76,0.0,2.958,2.42,26541800.0,0.0,74256893.0,0.0,0.0,0.0,20230828,20230828,95810787,2.689,0.0,0.0,2.763,2.762,2.761,2.76,2.759,0.0,0.0,0.0,0.0,0.0,2.764,2.765,2.766,2.767,2.768,0.0,0.0,0.0,0.0,0.0,132700.0,267200.0,916200.0,430700.0,201800.0,0.0,0.0,0.0,0.0,0.0,316400.0,165800.0,318500.0,240600.0,289900.0,0.0,0.0,0.0,0.0,0.0
20230828095813752,SZSE,SZSE.ETF.159901,2.763,2.842,2.849,2.76,0.0,2.958,2.42,26541800.0,0.0,74256893.0,0.0,0.0,0.0,20230828,20230828,95813750,2.689,0.0,0.0,2.763,2.762,2.761,2.76,2.759,0.0,0.0,0.0,0.0,0.0,2.764,2.765,2.766,2.767,2.768,0.0,0.0,0.0,0.0,0.0,336300.0,258600.0,875300.0,440700.0,201800.0,0.0,0.0,0.0,0.0,0.0,316400.0,55800.0,268500.0,254000.0,326500.0,0.0,0.0,0.0,0.0,0.0
20230828095816796,SZSE,SZSE.ETF.159901,2.764,2.842,2.849,2.76,0.0,2.958,2.42,26551800.0,10000.0,74284533.0,27640.0,0.0,0.0,20230828,20230828,95816795,2.689,0.0,0.0,2.763,2.762,2.761,2.76,2.759,0.0,0.0,0.0,0.0,0.0,2.764,2.765,2.766,2.767,2.768,0.0,0.0,0.0,0.0,0.0,436500.0,308600.0,985300.0,394100.0,201800.0,0.0,0.0,0.0,0.0,0.0,306400.0,165800.0,318500.0,210600.0,333300.0,0.0,0.0,0.0,0.0,0.0
20230828095819780,SZSE,SZSE.ETF.159901,2.763,2.842,2.849,2.76,0.0,2.958,2.42,26556200.0,4400.0,74296690.2,12157.20000000298,0.0,0.0,20230828,20230828,95819780,2.689,0.0,0.0,2.763,2.762,2.761,2.76,2.759,0.0,0.0,0.0,0.0,0.0,2.764,2.765,2.766,2.767,2.768,0.0,0.0,0.0,0.0,0.0,464100.0,248600.0,845300.0,380700.0,201800.0,0.0,0.0,0.0,0.0,0.0,306500.0,115800.0,128500.0,337200.0,233300.0,0.0,0.0,0.0,0.0,0.0
20230828095822816,SZSE,SZSE.ETF.159901,2.763,2.842,2.849,2.76,0.0,2.958,2.42,26556200.0,0.0,74296690.2,0.0,0.0,0.0,20230828,20230828,95822816,2.689,0.0,0.0,2.763,2.762,2.761,2.76,2.759,0.0,0.0,0.0,0.0,0.0,2.764,2.765,2.766,2.767,2.768,0.0,0.0,0.0,0.0,0.0,444100.0,258600.0,931900.0,244200.0,201800.0,0.0,0.0,0.0,0.0,0.0,306500.0,165800.0,178500.0,310600.0,269900.0,0.0,0.0,0.0,0.0,0.0
20230828095825768,SZSE,SZSE.ETF.159901,2.764,2.842,2.849,2.76,0.0,2.958,2.42,26586200.0,30000.0,74379610.2,82920.0,0.0,0.0,20230828,20230828,95825770,2.689,0.0,0.0,2.763,2.762,2.761,2.76,2.759,0.0,0.0,0.0,0.0,0.0,2.764,2.765,2.766,2.767,2.768,0.0,0.0,0.0,0.0,0.0,444100.0,498600.0,931900.0,194200.0,201800.0,0.0,0.0,0.0,0.0,0.0,276500.0,115800.0,128500.0,300600.0,269900.0,0.0,0.0,0.0,0.0,0.0
20230828095828760,SZSE,SZSE.ETF.159901,2.763,2.842,2.849,2.76,0.0,2.958,2.42,26616500.0,30300.0,74463356.4,83746.20000000298,0.0,0.0,20230828,20230828,95828762,2.689,0.0,0.0,2.763,2.762,2.761,2.76,2.759,0.0,0.0,0.0,0.0,0.0,2.764,2.765,2.766,2.767,2.768,0.0,0.0,0.0,0.0,0.0,441100.0,608600.0,921900.0,244200.0,201800.0,0.0,0.0,0.0,0.0,0.0,249200.0,105800.0,238500.0,350600.0,269900.0,0.0,0.0,0.0,0.0,0.0
20230828095831776,SZSE,SZSE.ETF.159901,2.763,2.842,2.849,2.76,0.0,2.958,2.42,26616500.0,0.0,74463356.4,0.0,0.0,0.0,20230828,20230828,95831774,2.689,0.0,0.0,2.763,2.762,2.761,2.76,2.759,0.0,0.0,0.0,0.0,0.0,2.764,2.765,2.766,2.767,2.768,0.0,0.0,0.0,0.0,0.0,441100.0,508600.0,821900.0,194200.0,201800.0,0.0,0.0,0.0,0.0,0.0,249200.0,55800.0,188500.0,300600.0,269900.0,0.0,0.0,0.0,0.0,0.0
20230828095834756,SZSE,SZSE.ETF.159901,2.764,2.842,2.849,2.76,0.0,2.958,2.42,26636500.0,20000.0,74518636.4,55280.0,0.0,0.0,20230828,20230828,95834756,2.689,0.0,0.0,2.763,2.762,2.761,2.76,2.759,0.0,0.0,0.0,0.0,0.0,2.764,2.765,2.766,2.767,2.768,0.0,0.0,0.0,0.0,0.0,441100.0,558600.0,511900.0,244200.0,201800.0,0.0,0.0,0.0,0.0,0.0,229300.0,105800.0,238500.0,350600.0,269900.0,0.0,0.0,0.0,0.0,0.0
20230828095837792,SZSE,SZSE.ETF.159901,2.764,2.842,2.849,2.76,0.0,2.958,2.42,26636500.0,0.0,74518636.4,0.0,0.0,0.0,20230828,20230828,95837793,2.689,0.0,0.0,2.763,2.762,2.761,2.76,2.759,0.0,0.0,0.0,0.0,0.0,2.764,2.765,2.766,2.767,2.768,0.0,0.0,0.0,0.0,0.0,741100.0,458600.0,311900.0,237700.0,158300.0,0.0,0.0,0.0,0.0,0.0,229300.0,55800.0,128500.0,320600.0,309900.0,0.0,0.0,0.0,0.0,0.0
20230828095840772,SZSE,SZSE.ETF.159901,2.764,2.842,2.849,2.76,0.0,2.958,2.42,26656500.0,20000.0,74573916.4,55280.0,0.0,0.0,20230828,20230828,95840773,2.689,0.0,0.0,2.763,2.762,2.761,2.76,2.759,0.0,0.0,0.0,0.0,0.0,2.764,2.765,2.766,2.767,2.768,0.0,0.0,0.0,0.0,0.0,481100.0,568600.0,412000.0,287700.0,108200.0,0.0,0.0,0.0,0.0,0.0,209300.0,105800.0,238500.0,210600.0,409900.0,0.0,0.0,0.0,0.0,0.0
20230828095843788,SZSE,SZSE.ETF.159901,2.764,2.842,2.849,2.76,0.0,2.958,2.42,26656500.0,0.0,74573916.4,0.0,0.0,0.0,20230828,20230828,95843789,2.689,0.0,0.0,2.763,2.762,2.761,2.76,2.759,0.0,0.0,0.0,0.0,0.0,2.764,2.765,2.766,2.767,2.768,0.0,0.0,0.0,0.0,0.0,482100.0,518700.0,312000.0,187600.0,108200.0,0.0,0.0,0.0,0.0,0.0,209300.0,55800.0,188500.0,160600.0,409900.0,0.0,0.0,0.0,0.0,0.0
20230828095846764,SZSE,SZSE.ETF.159901,2.764,2.842,2.849,2.76,0.0,2.958,2.42,26701500.0,45000.0,74698296.4,124380.0,0.0,0.0,20230828,20230828,95846763,2.689,0.0,0.0,2.763,2.762,2.761,2.76,2.759,0.0,0.0,0.0,0.0,0.0,2.764,2.765,2.766,2.767,2.768,0.0,0.0,0.0,0.0,0.0,442100.0,568700.0,362000.0,237600.0,108200.0,0.0,0.0,0.0,0.0,0.0,164300.0,105800.0,238500.0,210600.0,369900.0,0.0,0.0,0.0,0.0,0.0
20230828095849760,SZSE,SZSE.ETF.159901,2.764,2.842,2.849,2.76,0.0,2.958,2.42,26701500.0,0.0,74698296.4,0.0,0.0,0.0,20230828,20230828,95849762,2.689,0.0,0.0,2.763,2.762,2.761,2.76,2.759,0.0,0.0,0.0,0.0,0.0,2.764,2.765,2.766,2.767,2.768,0.0,0.0,0.0,0.0,0.0,642100.0,558600.0,362000.0,237700.0,108200.0,0.0,0.0,0.0,0.0,0.0,172300.0,55800.0,138500.0,200600.0,369900.0,0.0,0.0,0.0,0.0,0.0
20230828095852780,SZSE,SZSE.ETF.159901,2.764,2.842,2.849,2.76,0.0,2.958,2.42,26874800.0,173300.0,75177297.6,479001.1999999881,0.0,0.0,20230828,20230828,95852779,2.689,0.0,0.0,2.764,2.763,2.762,2.761,2.76,0.0,0.0,0.0,0.0,0.0,2.765,2.766,2.767,2.768,2.769,0.0,0.0,0.0,0.0,0.0,13000.0,702100.0,398700.0,412000.0,237600.0,0.0,0.0,0.0,0.0,0.0,105800.0,128500.0,310600.0,369900.0,18000.0,0.0,0.0,0.0,0.0,0.0
20230828095855764,SZSE,SZSE.ETF.159901,2.764,2.842,2.849,2.76,0.0,2.958,2.42,26875800.0,1000.0,75180061.6,2764.0,0.0,0.0,20230828,20230828,95855764,2.689,0.0,0.0,2.764,2.763,2.762,2.761,2.76,0.0,0.0,0.0,0.0,0.0,2.765,2.766,2.767,2.768,2.769,0.0,0.0,0.0,0.0,0.0,380600.0,575400.0,335300.0,165200.0,131700.0,0.0,0.0,0.0,0.0,0.0,109400.0,55200.0,110600.0,454700.0,181800.0,0.0,0.0,0.0,0.0,0.0
20230828095858768,SZSE,SZSE.ETF.159901,2.765,2.842,2.849,2.76,0.0,2.958,2.42,26885200.0,9400.0,75206052.6,25991.0,0.0,0.0,20230828,20230828,95858770,2.689,0.0,0.0,2.765,2.764,2.763,2.762,2.761,0.0,0.0,0.0,0.0,0.0,2.766,2.767,2.768,2.769,2.77,0.0,0.0,0.0,0.0,0.0,57800.0,584200.0,571800.0,385300.0,263700.0,0.0,0.0,0.0,0.0,0.0,105200.0,160600.0,361300.0,325200.0,27000.0,0.0,0.0,0.0,0.0,0.0
20230828095901768,SZSE,SZSE.ETF.159901,2.765,2.842,2.849,2.76,0.0,2.958,2.42,26905000.0,19800.0,75260799.6,54747.0,0.0,0.0,20230828,20230828,95901767,2.689,0.0,0.0,2.765,2.764,2.763,2.762,2.761,0.0,0.0,0.0,0.0,0.0,2.766,2.767,2.768,2.769,2.77,0.0,0.0,0.0,0.0,0.0,142000.0,537800.0,898400.0,198500.0,171900.0,0.0,0.0,0.0,0.0,0.0,108800.0,130600.0,201900.0,258100.0,185500.0,0.0,0.0,0.0,0.0,0.0
20230828095904788,SZSE,SZSE.ETF.159901,2.766,2.842,2.849,2.76,0.0,2.958,2.42,26915200.0,10200.0,75289012.8,28213.20000000298,0.0,0.0,20230828,20230828,95904789,2.689,0.0,0.0,2.766,2.765,2.764,2.763,2.762,0.0,0.0,0.0,0.0,0.0,2.767,2.768,2.769,2.77,2.771,0.0,0.0,0.0,0.0,0.0,201800.0,142000.0,507800.0,558400.0,238500.0,0.0,0.0,0.0,0.0,0.0,200300.0,311300.0,307400.0,185500.0,112000.0,0.0,0.0,0.0,0.0,0.0
20230828095907812,SZSE,SZSE.ETF.159901,2.766,2.842,2.849,2.76,0.0,2.958,2.42,26959400.0,44200.0,75411270.0,122257.20000000298,0.0,0.0,20230828,20230828,95907811,2.689,0.0,0.0,2.766,2.765,2.764,2.763,2.762,0.0,0.0,0.0,0.0,0.0,2.767,2.768,2.769,2.77,2.771,0.0,0.0,0.0,0.0,0.0,276200.0,88600.0,547800.0,448200.0,190200.0,0.0,0.0,0.0,0.0,0.0,205900.0,260200.0,216400.0,204300.0,233200.0,0.0,0.0,0.0,0.0,0.0
20230828095910816,SZSE,SZSE.ETF.159901,2.766,2.842,2.849,2.76,0.0,2.958,2.42,27135600.0,176200.0,75898639.2,487369.200000003,0.0,0.0,20230828,20230828,95910818,2.689,0.0,0.0,2.765,2.764,2.763,2.762,2.761,0.0,0.0,0.0,0.0,0.0,2.766,2.767,2.768,2.769,2.77,0.0,0.0,0.0,0.0,0.0,196600.0,397800.0,288200.0,190200.0,290400.0,0.0,0.0,0.0,0.0,0.0,14400.0,217900.0,961300.0,117400.0,317700.0,0.0,0.0,0.0,0.0,0.0
20230828095913864,SZSE,SZSE.ETF.159901,2.766,2.842,2.849,2.76,0.0,2.958,2.42,27196600.0,61000.0,76067305.2,168666.0,0.0,0.0,20230828,20230828,95913863,2.689,0.0,0.0,2.765,2.764,2.763,2.762,2.761,0.0,0.0,0.0,0.0,0.0,2.766,2.767,2.768,2.769,2.77,0.0,0.0,0.0,0.0,0.0,91200.0,334800.0,298400.0,212100.0,208200.0,0.0,0.0,0.0,0.0,0.0,151400.0,67900.0,1011300.0,247200.0,259100.0,0.0,0.0,0.0,0.0,0.0
20230828095916832,SZSE,SZSE.ETF.159901,2.766,2.842,2.849,2.76,0.0,2.958,2.42,27217200.0,20600.0,76124284.8,56979.59999999404,0.0,0.0,20230828,20230828,95916834,2.689,0.0,0.0,2.765,2.764,2.763,2.762,2.761,0.0,0.0,0.0,0.0,0.0,2.766,2.767,2.768,2.769,2.77,0.0,0.0,0.0,0.0,0.0,106500.0,184800.0,111800.0,218600.0,288300.0,0.0,0.0,0.0,0.0,0.0,147000.0,64300.0,911300.0,197200.0,209100.0,0.0,0.0,0.0,0.0,0.0
20230828095919800,SZSE,SZSE.ETF.159901,2.765,2.842,2.849,2.76,0.0,2.958,2.42,27259600.0,42400.0,76241522.8,117238.0,0.0,0.0,20230828,20230828,95919802,2.689,0.0,0.0,2.765,2.764,2.763,2.762,2.761,0.0,0.0,0.0,0.0,0.0,2.766,2.767,2.768,2.769,2.77,0.0,0.0,0.0,0.0,0.0,66100.0,184800.0,117200.0,158600.0,258200.0,0.0,0.0,0.0,0.0,0.0,105000.0,764300.0,247900.0,297200.0,109100.0,0.0,0.0,0.0,0.0,0.0
20230828095922808,SZSE,SZSE.ETF.159901,2.766,2.842,2.849,2.76,0.0,2.958,2.42,27755500.0,495900.0,77613089.9,1371567.100000009,0.0,0.0,20230828,20230828,95922807,2.689,0.0,0.0,2.764,2.763,2.762,2.761,2.76,0.0,0.0,0.0,0.0,0.0,2.767,2.768,2.769,2.77,2.771,0.0,0.0,0.0,0.0,0.0,184800.0,150600.0,308600.0,198200.0,59000.0,0.0,0.0,0.0,0.0,0.0,864300.0,265800.0,315200.0,109100.0,12000.0,0.0,0.0,0.0,0.0,0.0
20230828095925808,SZSE,SZSE.ETF.159901,2.765,2.842,2.849,2.76,0.0,2.958,2.42,27760400.0,4900.0,77626638.4,13548.5,0.0,0.0,20230828,20230828,95925810,2.689,0.0,0.0,2.764,2.763,2.762,2.761,2.76,0.0,0.0,0.0,0.0,0.0,2.765,2.766,2.767,2.768,2.769,0.0,0.0,0.0,0.0,0.0,88400.0,210600.0,168600.0,270300.0,216800.0,0.0,0.0,0.0,0.0,0.0,700.0,642000.0,224300.0,337700.0,310800.0,0.0,0.0,0.0,0.0,0.0
20230828095928788,SZSE,SZSE.ETF.159901,2.764,2.842,2.849,2.76,0.0,2.958,2.42,27760600.0,200.0,77627191.2,552.7999999970198,0.0,0.0,20230828,20230828,95928789,2.689,0.0,0.0,2.764,2.763,2.762,2.761,2.76,0.0,0.0,0.0,0.0,0.0,2.765,2.766,2.767,2.768,2.769,0.0,0.0,0.0,0.0,0.0,88200.0,260600.0,107600.0,282800.0,163300.0,0.0,0.0,0.0,0.0,0.0,961100.0,105600.0,14300.0,328400.0,99400.0,0.0,0.0,0.0,0.0,0.0
20230828095931816,SZSE,SZSE.ETF.159901,2.764,2.842,2.849,2.76,0.0,2.958,2.42,27805100.0,44500.0,77750205.1,123013.89999999106,0.0,0.0,20230828,20230828,95931814,2.689,0.0,0.0,2.763,2.762,2.761,2.76,2.759,0.0,0.0,0.0,0.0,0.0,2.765,2.766,2.767,2.768,2.769,0.0,0.0,0.0,0.0,0.0,110200.0,195600.0,139300.0,306800.0,20200.0,0.0,0.0,0.0,0.0,0.0,1048800.0,60000.0,150900.0,235200.0,56000.0,0.0,0.0,0.0,0.0,0.0
20230828095934800,SZSE,SZSE.ETF.159901,2.764,2.842,2.849,2.76,0.0,2.958,2.42,27805100.0,0.0,77750205.1,0.0,0.0,0.0,20230828,20230828,95934801,2.689,0.0,0.0,2.763,2.762,2.761,2.76,2.759,0.0,0.0,0.0,0.0,0.0,2.764,2.765,2.767,2.768,2.769,0.0,0.0,0.0,0.0,0.0,106600.0,109200.0,129300.0,185500.0,241500.0,0.0,0.0,0.0,0.0,0.0,704000.0,420400.0,284100.0,102000.0,56000.0,0.0,0.0,0.0,0.0,0.0
20230828095937808,SZSE,SZSE.ETF.159901,2.763,2.842,2.849,2.76,0.0,2.958,2.42,27909500.0,104400.0,78038662.3,288457.200000003,0.0,0.0,20230828,20230828,95937808,2.689,0.0,0.0,2.763,2.762,2.761,2.76,2.759,0.0,0.0,0.0,0.0,0.0,2.764,2.765,2.766,2.767,2.768,0.0,0.0,0.0,0.0,0.0,2200.0,109200.0,129300.0,210900.0,218300.0,0.0,0.0,0.0,0.0,0.0,644000.0,480400.0,36700.0,247600.0,140000.0,0.0,0.0,0.0,0.0,0.0
20230828095940756,SZSE,SZSE.ETF.159901,2.763,2.842,2.849,2.76,0.0,2.958,2.42,27909500.0,0.0,78038662.3,0.0,0.0,0.0,20230828,20230828,95940756,2.689,0.0,0.0,2.763,2.762,2.761,2.76,2.759,0.0,0.0,0.0,0.0,0.0,2.764,2.765,2.766,2.767,2.768,0.0,0.0,0.0,0.0,0.0,2200.0,109400.0,129300.0,210900.0,218300.0,0.0,0.0,0.0,0.0,0.0,644000.0,480400.0,36700.0,287600.0,100000.0,0.0,0.0,0.0,0.0,0.0
20230828095943752,SZSE,SZSE.ETF.159901,2.763,2.842,2.849,2.76,0.0,2.958,2.42,27909500.0,0.0,78038662.3,0.0,0.0,0.0,20230828,20230828,95943753,2.689,0.0,0.0,2.763,2.762,2.761,2.76,2.759,0.0,0.0,0.0,0.0,0.0,2.764,2.765,2.766,2.767,2.768,0.0,0.0,0.0,0.0,0.0,2200.0,9400.0,189300.0,150900.0,218300.0,0.0,0.0,0.0,0.0,0.0,744000.0,320400.0,196700.0,187600.0,100000.0,0.0,0.0,0.0,0.0,0.0
20230828095946780,SZSE,SZSE.ETF.159901,2.762,2.842,2.849,2.76,0.0,2.958,2.42,27959500.0,50000.0,78176764.5,138102.20000000298,0.0,0.0,20230828,20230828,95946781,2.689,0.0,0.0,2.761,2.76,2.759,2.758,2.757,0.0,0.0,0.0,0.0,0.0,2.764,2.765,2.766,2.767,2.768,0.0,0.0,0.0,0.0,0.0,177300.0,153900.0,218300.0,410000.0,212900.0,0.0,0.0,0.0,0.0,0.0,744000.0,320400.0,196700.0,187600.0,100000.0,0.0,0.0,0.0,0.0,0.0
20230828095949740,SZSE,SZSE.ETF.159901,2.762,2.842,2.849,2.76,0.0,2.958,2.42,27959500.0,0.0,78176764.5,0.0,0.0,0.0,20230828,20230828,95949739,2.689,0.0,0.0,2.761,2.76,2.759,2.758,2.757,0.0,0.0,0.0,0.0,0.0,2.762,2.763,2.764,2.765,2.766,0.0,0.0,0.0,0.0,0.0,85900.0,163900.0,100200.0,450000.0,421200.0,0.0,0.0,0.0,0.0,0.0,3600.0,300100.0,140400.0,397000.0,253400.0,0.0,0.0,0.0,0.0,0.0
20230828095952772,SZSE,SZSE.ETF.159901,2.762,2.842,2.849,2.76,0.0,2.958,2.42,27959500.0,0.0,78176764.5,0.0,0.0,0.0,20230828,20230828,95952771,2.689,0.0,0.0,2.761,2.76,2.759,2.758,2.757,0.0,0.0,0.0,0.0,0.0,2.763,2.764,2.765,2.766,2.767,0.0,0.0,0.0,0.0,0.0,85900.0,113900.0,150200.0,633500.0,287600.0,0.0,0.0,0.0,0.0,0.0,218700.0,640400.0,510400.0,218000.0,14300.0,0.0,0.0,0.0,0.0,0.0
20230828095955744,SZSE,SZSE.ETF.159901,2.762,2.842,2.849,2.76,0.0,2.958,2.42,27963100.0,3600.0,78186707.7,9943.20000000298,0.0,0.0,20230828,20230828,95955746,2.689,0.0,0.0,2.762,2.761,2.76,2.759,2.758,0.0,0.0,0.0,0.0,0.0,2.763,2.764,2.765,2.766,2.767,0.0,0.0,0.0,0.0,0.0,72000.0,137900.0,13900.0,450200.0,451000.0,0.0,0.0,0.0,0.0,0.0,115400.0,640400.0,547000.0,83400.0,212300.0,0.0,0.0,0.0,0.0,0.0
20230828095958780,SZSE,SZSE.ETF.159901,2.763,2.842,2.849,2.76,0.0,2.958,2.42,28082100.0,119000.0,78515504.7,328797.0,0.0,0.0,20230828,20230828,95958779,2.689,0.0,0.0,2.763,2.762,2.761,2.76,2.759,0.0,0.0,0.0,0.0,0.0,2.764,2.765,2.766,2.767,2.768,0.0,0.0,0.0,0.0,0.0,12000.0,175600.0,34300.0,243900.0,260200.0,0.0,0.0,0.0,0.0,0.0,600400.0,497600.0,129900.0,255700.0,62000.0,0.0,0.0,0.0,0.0,0.0
20230828100001792,SZSE,SZSE.ETF.159901,2.763,2.842,2.849,2.76,0.0,2.958,2.42,28082100.0,0.0,78515504.7,0.0,0.0,0.0,20230828,20230828,100001792,2.689,0.0,0.0,2.763,2.762,2.761,2.76,2.759,0.0,0.0,0.0,0.0,0.0,2.764,2.765,2.766,2.767,2.768,0.0,0.0,0.0,0.0,0.0,112000.0,75600.0,264300.0,251000.0,341600.0,0.0,0.0,0.0,0.0,0.0,4000.0,357600.0,740000.0,247600.0,200000.0,0.0,0.0,0.0,0.0,0.0
20230828100004824,SZSE,SZSE.ETF.159901,2.764,2.842,2.849,2.76,0.0,2.958,2.42,28086400.0,4300.0,78527389.9,11885.20000000298,0.0,0.0,20230828,20230828,100004826,2.689,0.0,0.0,2.764,2.763,2.762,2.761,2.76,0.0,0.0,0.0,0.0,0.0,2.765,2.766,2.767,2.768,2.769,0.0,0.0,0.0,0.0,0.0,95700.0,145600.0,72000.0,224300.0,94500.0,0.0,0.0,0.0,0.0,0.0,924500.0,176700.0,204200.0,243400.0,18000.0,0.0,0.0,0.0,0.0,0.0
20230828100007888,SZSE,SZSE.ETF.159901,2.764,2.842,2.849,2.76,0.0,2.958,2.42,28095800.0,9400.0,78553371.5,25981.59999999404,0.0,0.0,20230828,20230828,100007886,2.689,0.0,0.0,2.764,2.763,2.762,2.761,2.76,0.0,0.0,0.0,0.0,0.0,2.765,2.766,2.767,2.768,2.769,0.0,0.0,0.0,0.0,0.0,98300.0,105600.0,202000.0,114300.0,468900.0,0.0,0.0,0.0,0.0,0.0,424500.0,640000.0,150900.0,295200.0,56000.0,0.0,0.0,0.0,0.0,0.0
20230828100010832,SZSE,SZSE.ETF.159901,2.764,2.842,2.849,2.76,0.0,2.958,2.42,28095800.0,0.0,78553371.5,0.0,0.0,0.0,20230828,20230828,100010831,2.689,0.0,0.0,2.764,2.763,2.762,2.761,2.76,0.0,0.0,0.0,0.0,0.0,2.765,2.766,2.767,2.768,2.769,0.0,0.0,0.0,0.0,0.0,101900.0,202000.0,102000.0,414300.0,168900.0,0.0,0.0,0.0,0.0,0.0,4100.0,740000.0,50900.0,395200.0,56000.0,0.0,0.0,0.0,0.0,0.0
20230828100013824,SZSE,SZSE.ETF.159901,2.764,2.842,2.849,2.76,0.0,2.958,2.42,28095900.0,100.0,78553647.9,276.40000000596046,0.0,0.0,20230828,20230828,100013822,2.689,0.0,0.0,2.764,2.763,2.762,2.761,2.76,0.0,0.0,0.0,0.0,0.0,2.765,2.766,2.767,2.768,2.769,0.0,0.0,0.0,0.0,0.0,101800.0,202000.0,102000.0,257800.0,325400.0,0.0,0.0,0.0,0.0,0.0,500.0,443600.0,14300.0,388400.0,99400.0,0.0,0.0,0.0,0.0,0.0
20230828100016840,SZSE,SZSE.ETF.159901,2.764,2.842,2.849,2.76,0.0,2.958,2.42,28095900.0,0.0,78553647.9,0.0,0.0,0.0,20230828,20230828,100016839,2.689,0.0,0.0,2.764,2.763,2.762,2.761,2.76,0.0,0.0,0.0,0.0,0.0,2.765,2.766,2.767,2.768,2.769,0.0,0.0,0.0,0.0,0.0,89800.0,202000.0,102000.0,257800.0,325400.0,0.0,0.0,0.0,0.0,0.0,500.0,843600.0,14300.0,351800.0,136000.0,0.0,0.0,0.0,0.0,0.0
20230828100019804,SZSE,SZSE.ETF.159901,2.764,2.842,2.849,2.76,0.0,2.958,2.42,28095900.0,0.0,78553647.9,0.0,0.0,0.0,20230828,20230828,100019803,2.689,0.0,0.0,2.764,2.763,2.762,2.761,2.76,0.0,0.0,0.0,0.0,0.0,2.765,2.766,2.767,2.768,2.769,0.0,0.0,0.0,0.0,0.0,89800.0,142000.0,162000.0,257800.0,125400.0,0.0,0.0,0.0,0.0,0.0,800.0,543600.0,74300.0,328400.0,99400.0,0.0,0.0,0.0,0.0,0.0
20230828100022840,SZSE,SZSE.ETF.159901,2.764,2.842,2.849,2.76,0.0,2.958,2.42,28150500.0,54600.0,78704562.3,150914.39999999106,0.0,0.0,20230828,20230828,100022838,2.689,0.0,0.0,2.764,2.763,2.762,2.761,2.76,0.0,0.0,0.0,0.0,0.0,2.765,2.766,2.767,2.768,2.769,0.0,0.0,0.0,0.0,0.0,35400.0,30000.0,202000.0,177800.0,188800.0,0.0,0.0,0.0,0.0,0.0,605800.0,263600.0,14300.0,328400.0,99400.0,0.0,0.0,0.0,0.0,0.0
20230828100025840,SZSE,SZSE.ETF.159901,2.765,2.842,2.849,2.76,0.0,2.958,2.42,28192300.0,41800.0,78820102.5,115540.20000000298,0.0,0.0,20230828,20230828,100025839,2.689,0.0,0.0,2.763,2.762,2.761,2.76,2.759,0.0,0.0,0.0,0.0,0.0,2.764,2.765,2.766,2.767,2.768,0.0,0.0,0.0,0.0,0.0,33600.0,102000.0,234300.0,168900.0,120200.0,0.0,0.0,0.0,0.0,0.0,50700.0,744400.0,160000.0,114300.0,235200.0,0.0,0.0,0.0,0.0,0.0
20230828100028840,SZSE,SZSE.ETF.159901,2.763,2.842,2.849,2.76,0.0,2.958,2.42,28229100.0,36800.0,78921783.9,101681.40000000596,0.0,0.0,20230828,20230828,100028840,2.689,0.0,0.0,2.761,2.76,2.759,2.758,2.757,0.0,0.0,0.0,0.0,0.0,2.763,2.764,2.765,2.766,2.767,0.0,0.0,0.0,0.0,0.0,212300.0,187600.0,241600.0,111000.0,263000.0,0.0,0.0,0.0,0.0,0.0,66200.0,754100.0,105000.0,200000.0,144200.0,0.0,0.0,0.0,0.0,0.0
20230828100031772,SZSE,SZSE.ETF.159901,2.763,2.842,2.849,2.76,0.0,2.958,2.42,28279900.0,50800.0,79062096.6,140312.69999998808,0.0,0.0,20230828,20230828,100031773,2.689,0.0,0.0,2.762,2.761,2.76,2.759,2.758,0.0,0.0,0.0,0.0,0.0,2.763,2.764,2.765,2.766,2.767,0.0,0.0,0.0,0.0,0.0,315900.0,122300.0,111000.0,246900.0,194600.0,0.0,0.0,0.0,0.0,0.0,666700.0,102800.0,194900.0,240000.0,132400.0,0.0,0.0,0.0,0.0,0.0
20230828100034776,SZSE,SZSE.ETF.159901,2.763,2.842,2.849,2.76,0.0,2.958,2.42,28279900.0,0.0,79062096.6,0.0,0.0,0.0,20230828,20230828,100034776,2.689,0.0,0.0,2.762,2.761,2.76,2.759,2.758,0.0,0.0,0.0,0.0,0.0,2.763,2.764,2.765,2.766,2.767,0.0,0.0,0.0,0.0,0.0,315900.0,122300.0,201000.0,160200.0,269200.0,0.0,0.0,0.0,0.0,0.0,666700.0,102800.0,105000.0,410000.0,52300.0,0.0,0.0,0.0,0.0,0.0
20230828100037792,SZSE,SZSE.ETF.159901,2.763,2.842,2.849,2.76,0.0,2.958,2.42,28279900.0,0.0,79062096.6,0.0,0.0,0.0,20230828,20230828,100037793,2.689,0.0,0.0,2.762,2.761,2.76,2.759,2.758,0.0,0.0,0.0,0.0,0.0,2.763,2.764,2.765,2.766,2.767,0.0,0.0,0.0,0.0,0.0,315900.0,22300.0,261000.0,60200.0,369200.0,0.0,0.0,0.0,0.0,0.0,766700.0,2800.0,165000.0,310000.0,52300.0,0.0,0.0,0.0,0.0,0.0
20230828100040748,SZSE,SZSE.ETF.159901,2.763,2.842,2.849,2.76,0.0,2.958,2.42,28279900.0,0.0,79062096.6,0.0,0.0,0.0,20230828,20230828,100040747,2.689,0.0,0.0,2.762,2.761,2.76,2.759,2.758,0.0,0.0,0.0,0.0,0.0,2.763,2.764,2.765,2.766,2.767,0.0,0.0,0.0,0.0,0.0,415900.0,22300.0,252800.0,100200.0,369200.0,0.0,0.0,0.0,0.0,0.0,766700.0,42800.0,165000.0,210000.0,52300.0,0.0,0.0,0.0,0.0,0.0
20230828100043752,SZSE,SZSE.ETF.159901,2.763,2.842,2.849,2.76,0.0,2.958,2.42,28279900.0,0.0,79062096.6,0.0,0.0,0.0,20230828,20230828,100043754,2.689,0.0,0.0,2.762,2.761,2.76,2.759,2.758,0.0,0.0,0.0,0.0,0.0,2.763,2.764,2.765,2.766,2.767,0.0,0.0,0.0,0.0,0.0,415900.0,22300.0,192800.0,160200.0,369200.0,0.0,0.0,0.0,0.0,0.0,766700.0,100000.0,105000.0,210000.0,52300.0,0.0,0.0,0.0,0.0,0.0
20230828100046792,SZSE,SZSE.ETF.159901,2.763,2.842,2.849,2.76,0.0,2.958,2.42,28460800.0,180900.0,79561923.3,499826.700000003,0.0,0.0,20230828,20230828,100046792,2.689,0.0,0.0,2.762,2.761,2.76,2.759,2.758,0.0,0.0,0.0,0.0,0.0,2.763,2.765,2.766,2.767,2.768,0.0,0.0,0.0,0.0,0.0,315900.0,22300.0,92800.0,60200.0,429200.0,0.0,0.0,0.0,0.0,0.0,645800.0,105000.0,210000.0,102400.0,112100.0,0.0,0.0,0.0,0.0,0.0
20230828100049768,SZSE,SZSE.ETF.159901,2.762,2.842,2.849,2.76,0.0,2.958,2.42,28461300.0,500.0,79563304.3,1381.0,0.0,0.0,20230828,20230828,100049770,2.689,0.0,0.0,2.762,2.761,2.76,2.759,2.758,0.0,0.0,0.0,0.0,0.0,2.763,2.765,2.766,2.767,2.768,0.0,0.0,0.0,0.0,0.0,315400.0,22300.0,92800.0,60200.0,429200.0,0.0,0.0,0.0,0.0,0.0,652200.0,105000.0,133300.0,179100.0,112100.0,0.0,0.0,0.0,0.0,0.0
20230828100052784,SZSE,SZSE.ETF.159901,2.762,2.842,2.849,2.76,0.0,2.958,2.42,28507300.0,46000.0,79690356.3,127052.0,0.0,0.0,20230828,20230828,100052786,2.689,0.0,0.0,2.762,2.761,2.76,2.759,2.758,0.0,0.0,0.0,0.0,0.0,2.763,2.764,2.765,2.766,2.767,0.0,0.0,0.0,0.0,0.0,269400.0,22300.0,92800.0,100200.0,429200.0,0.0,0.0,0.0,0.0,0.0,652900.0,40000.0,105000.0,133300.0,179100.0,0.0,0.0,0.0,0.0,0.0
20230828100055776,SZSE,SZSE.ETF.159901,2.762,2.842,2.849,2.76,0.0,2.958,2.42,28507300.0,0.0,79690356.3,0.0,0.0,0.0,20230828,20230828,100055774,2.689,0.0,0.0,2.762,2.761,2.76,2.759,2.758,0.0,0.0,0.0,0.0,0.0,2.763,2.764,2.765,2.766,2.767,0.0,0.0,0.0,0.0,0.0,269400.0,22300.0,92800.0,160200.0,469200.0,0.0,0.0,0.0,0.0,0.0,692900.0,100000.0,205000.0,173300.0,139100.0,0.0,0.0,0.0,0.0,0.0
20230828100058784,SZSE,SZSE.ETF.159901,2.762,2.842,2.849,2.76,0.0,2.958,2.42,28507300.0,0.0,79690356.3,0.0,0.0,0.0,20230828,20230828,100058786,2.689,0.0,0.0,2.762,2.761,2.76,2.759,2.758,0.0,0.0,0.0,0.0,0.0,2.763,2.764,2.765,2.766,2.767,0.0,0.0,0.0,0.0,0.0,269400.0,22300.0,92800.0,120200.0,409200.0,0.0,0.0,0.0,0.0,0.0,632900.0,60000.0,105000.0,210000.0,102400.0,0.0,0.0,0.0,0.0,0.0
20230828100101800,SZSE,SZSE.ETF.159901,2.762,2.842,2.849,2.76,0.0,2.958,2.42,28507300.0,0.0,79690356.3,0.0,0.0,0.0,20230828,20230828,100101799,2.689,0.0,0.0,2.762,2.761,2.76,2.759,2.758,0.0,0.0,0.0,0.0,0.0,2.763,2.764,2.765,2.766,2.767,0.0,0.0,0.0,0.0,0.0,360500.0,22500.0,193300.0,120200.0,369200.0,0.0,0.0,0.0,0.0,0.0,592900.0,60000.0,105000.0,210000.0,102400.0,0.0,0.0,0.0,0.0,0.0
20230828100104836,SZSE,SZSE.ETF.159901,2.763,2.842,2.849,2.76,0.0,2.958,2.42,28611100.0,103800.0,79977066.5,286710.200000003,0.0,0.0,20230828,20230828,100104836,2.689,0.0,0.0,2.762,2.761,2.76,2.759,2.758,0.0,0.0,0.0,0.0,0.0,2.763,2.764,2.765,2.766,2.767,0.0,0.0,0.0,0.0,0.0,313900.0,122500.0,153300.0,160200.0,469200.0,0.0,0.0,0.0,0.0,0.0,7300.0,100000.0,65000.0,229900.0,182500.0,0.0,0.0,0.0,0.0,0.0
20230828100107872,SZSE,SZSE.ETF.159901,2.763,2.842,2.849,2.76,0.0,2.958,2.42,28614800.0,3700.0,79987289.6,10223.09999999404,0.0,0.0,20230828,20230828,100107874,2.689,0.0,0.0,2.763,2.762,2.761,2.76,2.759,0.0,0.0,0.0,0.0,0.0,2.764,2.765,2.766,2.767,2.768,0.0,0.0,0.0,0.0,0.0,12000.0,333900.0,222500.0,93300.0,403700.0,0.0,0.0,0.0,0.0,0.0,103600.0,605000.0,329900.0,182500.0,112100.0,0.0,0.0,0.0,0.0,0.0
20230828100110840,SZSE,SZSE.ETF.159901,2.763,2.842,2.849,2.76,0.0,2.958,2.42,28614800.0,0.0,79987289.6,0.0,0.0,0.0,20230828,20230828,100110838,2.689,0.0,0.0,2.763,2.762,2.761,2.76,2.759,0.0,0.0,0.0,0.0,0.0,2.764,2.765,2.766,2.767,2.768,0.0,0.0,0.0,0.0,0.0,12000.0,473900.0,172500.0,143300.0,178300.0,0.0,0.0,0.0,0.0,0.0,3600.0,705000.0,96700.0,287600.0,100000.0,0.0,0.0,0.0,0.0,0.0
20230828100113808,SZSE,SZSE.ETF.159901,2.762,2.842,2.849,2.76,0.0,2.958,2.42,28630800.0,16000.0,80031497.2,44207.60000000894,0.0,0.0,20230828,20230828,100113806,2.689,0.0,0.0,2.763,2.762,2.761,2.76,2.759,0.0,0.0,0.0,0.0,0.0,2.764,2.765,2.767,2.768,2.769,0.0,0.0,0.0,0.0,0.0,12000.0,569900.0,172500.0,286900.0,334800.0,0.0,0.0,0.0,0.0,0.0,3600.0,805000.0,420900.0,143400.0,88100.0,0.0,0.0,0.0,0.0,0.0
20230828100116828,SZSE,SZSE.ETF.159901,2.762,2.842,2.849,2.76,0.0,2.958,2.42,28630800.0,0.0,80031497.2,0.0,0.0,0.0,20230828,20230828,100116829,2.689,0.0,0.0,2.763,2.762,2.761,2.76,2.759,0.0,0.0,0.0,0.0,0.0,2.764,2.765,2.767,2.768,2.769,0.0,0.0,0.0,0.0,0.0,15600.0,529900.0,112500.0,223500.0,298100.0,0.0,0.0,0.0,0.0,0.0,3600.0,705000.0,340800.0,183400.0,38000.0,0.0,0.0,0.0,0.0,0.0
20230828100119784,SZSE,SZSE.ETF.159901,2.762,2.842,2.849,2.76,0.0,2.958,2.42,28932800.0,302000.0,80865748.8,834251.599999994,0.0,0.0,20230828,20230828,100119786,2.689,0.0,0.0,2.763,2.762,2.761,2.76,2.759,0.0,0.0,0.0,0.0,0.0,2.764,2.765,2.766,2.767,2.768,0.0,0.0,0.0,0.0,0.0,112000.0,215500.0,212500.0,123500.0,98100.0,0.0,0.0,0.0,0.0,0.0,3800.0,5000.0,100000.0,200800.0,283400.0,0.0,0.0,0.0,0.0,0.0
20230828100122796,SZSE,SZSE.ETF.159901,2.762,2.842,2.849,2.76,0.0,2.958,2.42,28932800.0,0.0,80865748.8,0.0,0.0,0.0,20230828,20230828,100122796,2.689,0.0,0.0,2.763,2.762,2.761,2.76,2.759,0.0,0.0,0.0,0.0,0.0,2.764,2.765,2.766,2.767,2.768,0.0,0.0,0.0,0.0,0.0,103600.0,116400.0,272500.0,86900.0,134800.0,0.0,0.0,0.0,0.0,0.0,200.0,608600.0,160000.0,184200.0,280100.0,0.0,0.0,0.0,0.0,0.0
20230828100125816,SZSE,SZSE.ETF.159901,2.764,2.842,2.849,2.76,0.0,2.958,2.42,28934800.0,2000.0,80871276.8,5528.0,0.0,0.0,20230828,20230828,100125818,2.689,0.0,0.0,2.763,2.762,2.761,2.76,2.759,0.0,0.0,0.0,0.0,0.0,2.764,2.765,2.766,2.767,2.768,0.0,0.0,0.0,0.0,0.0,3600.0,164400.0,152500.0,246900.0,134800.0,0.0,0.0,0.0,0.0,0.0,601900.0,168600.0,40000.0,244200.0,180100.0,0.0,0.0,0.0,0.0,0.0
20230828100128792,SZSE,SZSE.ETF.159901,2.764,2.842,2.849,2.76,0.0,2.958,2.42,28934800.0,0.0,80871276.8,0.0,0.0,0.0,20230828,20230828,100128793,2.689,0.0,0.0,2.762,2.761,2.76,2.759,2.758,0.0,0.0,0.0,0.0,0.0,2.764,2.765,2.766,2.767,2.768,0.0,0.0,0.0,0.0,0.0,168000.0,152500.0,203400.0,178300.0,111000.0,0.0,0.0,0.0,0.0,0.0,605500.0,165000.0,40000.0,287600.0,136700.0,0.0,0.0,0.0,0.0,0.0
20230828100131784,SZSE,SZSE.ETF.159901,2.764,2.842,2.849,2.76,0.0,2.958,2.42,28934800.0,0.0,80871276.8,0.0,0.0,0.0,20230828,20230828,100131785,2.689,0.0,0.0,2.762,2.761,2.76,2.759,2.758,0.0,0.0,0.0,0.0,0.0,2.763,2.764,2.765,2.766,2.767,0.0,0.0,0.0,0.0,0.0,168000.0,62500.0,253400.0,60200.0,469200.0,0.0,0.0,0.0,0.0,0.0,3600.0,601900.0,165000.0,89900.0,234400.0,0.0,0.0,0.0,0.0,0.0
20230828100134748,SZSE,SZSE.ETF.159901,2.762,2.842,2.849,2.76,0.0,2.958,2.42,28947800.0,13000.0,80907192.8,35916.0,0.0,0.0,20230828,20230828,100134748,2.689,0.0,0.0,2.762,2.761,2.76,2.759,2.758,0.0,0.0,0.0,0.0,0.0,2.763,2.764,2.765,2.766,2.767,0.0,0.0,0.0,0.0,0.0,77000.0,122500.0,193400.0,303700.0,525600.0,0.0,0.0,0.0,0.0,0.0,200.0,703600.0,55000.0,329900.0,132400.0,0.0,0.0,0.0,0.0,0.0
20230828100137784,SZSE,SZSE.ETF.159901,2.762,2.842,2.849,2.76,0.0,2.958,2.42,28947800.0,0.0,80907192.8,0.0,0.0,0.0,20230828,20230828,100137786,2.689,0.0,0.0,2.762,2.761,2.76,2.759,2.758,0.0,0.0,0.0,0.0,0.0,2.763,2.764,2.765,2.766,2.767,0.0,0.0,0.0,0.0,0.0,77000.0,122500.0,193400.0,203700.0,625600.0,0.0,0.0,0.0,0.0,0.0,200.0,703600.0,55000.0,366600.0,195700.0,0.0,0.0,0.0,0.0,0.0
20230828100140792,SZSE,SZSE.ETF.159901,2.763,2.842,2.849,2.76,0.0,2.958,2.42,28948600.0,800.0,80909403.2,2210.4000000059605,0.0,0.0,20230828,20230828,100140791,2.689,0.0,0.0,2.763,2.762,2.761,2.76,2.759,0.0,0.0,0.0,0.0,0.0,2.764,2.765,2.766,2.767,2.768,0.0,0.0,0.0,0.0,0.0,12000.0,77000.0,222500.0,93400.0,503700.0,0.0,0.0,0.0,0.0,0.0,3600.0,755000.0,266600.0,295700.0,62000.0,0.0,0.0,0.0,0.0,0.0
20230828100143796,SZSE,SZSE.ETF.159901,2.763,2.842,2.849,2.76,0.0,2.958,2.42,28948600.0,0.0,80909403.2,0.0,0.0,0.0,20230828,20230828,100143797,2.689,0.0,0.0,2.763,2.762,2.761,2.76,2.759,0.0,0.0,0.0,0.0,0.0,2.764,2.765,2.766,2.767,2.768,0.0,0.0,0.0,0.0,0.0,15600.0,173400.0,212500.0,186900.0,434800.0,0.0,0.0,0.0,0.0,0.0,3600.0,755000.0,96700.0,344200.0,143400.0,0.0,0.0,0.0,0.0,0.0
20230828100146788,SZSE,SZSE.ETF.159901,2.762,2.842,2.849,2.76,0.0,2.958,2.42,28987800.0,39200.0,81017677.2,108274.0,0.0,0.0,20230828,20230828,100146788,2.689,0.0,0.0,2.762,2.761,2.76,2.759,2.758,0.0,0.0,0.0,0.0,0.0,2.764,2.765,2.766,2.767,2.768,0.0,0.0,0.0,0.0,0.0,125800.0,172500.0,186900.0,234800.0,411000.0,0.0,0.0,0.0,0.0,0.0,3600.0,755000.0,60000.0,320900.0,143400.0,0.0,0.0,0.0,0.0,0.0
20230828100149752,SZSE,SZSE.ETF.159901,2.764,2.842,2.849,2.76,0.0,2.958,2.42,29066900.0,79100.0,81236309.6,218632.39999999106,0.0,0.0,20230828,20230828,100149752,2.689,0.0,0.0,2.763,2.762,2.761,2.76,2.759,0.0,0.0,0.0,0.0,0.0,2.764,2.765,2.766,2.767,2.768,0.0,0.0,0.0,0.0,0.0,3600.0,25800.0,162500.0,138900.0,260200.0,0.0,0.0,0.0,0.0,0.0,524600.0,158600.0,189900.0,291000.0,143400.0,0.0,0.0,0.0,0.0,0.0
20230828100152792,SZSE,SZSE.ETF.159901,2.764,2.842,2.849,2.76,0.0,2.958,2.42,29066900.0,0.0,81236309.6,0.0,0.0,0.0,20230828,20230828,100152790,2.689,0.0,0.0,2.763,2.762,2.761,2.76,2.759,0.0,0.0,0.0,0.0,0.0,2.764,2.765,2.766,2.767,2.768,0.0,0.0,0.0,0.0,0.0,300.0,101400.0,252500.0,45400.0,578300.0,0.0,0.0,0.0,0.0,0.0,528300.0,155000.0,40000.0,484300.0,100000.0,0.0,0.0,0.0,0.0,0.0
20230828100155812,SZSE,SZSE.ETF.159901,2.761,2.842,2.849,2.76,0.0,2.958,2.42,29366900.0,300000.0,82064735.6,828426.0,0.0,0.0,20230828,20230828,100155812,2.689,0.0,0.0,2.762,2.761,2.76,2.759,2.758,0.0,0.0,0.0,0.0,0.0,2.764,2.765,2.766,2.767,2.768,0.0,0.0,0.0,0.0,0.0,15600.0,110000.0,145400.0,478300.0,211000.0,0.0,0.0,0.0,0.0,0.0,127600.0,695000.0,160000.0,184300.0,240000.0,0.0,0.0,0.0,0.0,0.0
20230828100158788,SZSE,SZSE.ETF.159901,2.763,2.842,2.849,2.76,0.0,2.958,2.42,29370540.0,3640.0,82074792.92,10057.320000007749,0.0,0.0,20230828,20230828,100158788,2.689,0.0,0.0,2.763,2.762,2.761,2.76,2.759,0.0,0.0,0.0,0.0,0.0,2.764,2.765,2.766,2.767,2.768,0.0,0.0,0.0,0.0,0.0,20360.0,12200.0,63600.0,495400.0,320200.0,0.0,0.0,0.0,0.0,0.0,124000.0,695000.0,293300.0,51000.0,240000.0,0.0,0.0,0.0,0.0,0.0
20230828100201788,SZSE,SZSE.ETF.159901,2.763,2.842,2.849,2.76,0.0,2.958,2.42,29370540.0,0.0,82074792.92,0.0,0.0,0.0,20230828,20230828,100201787,2.689,0.0,0.0,2.763,2.762,2.761,2.76,2.759,0.0,0.0,0.0,0.0,0.0,2.764,2.765,2.766,2.767,2.768,0.0,0.0,0.0,0.0,0.0,20360.0,75800.0,90000.0,405400.0,278300.0,0.0,0.0,0.0,0.0,0.0,127600.0,55000.0,176900.0,207600.0,200000.0,0.0,0.0,0.0,0.0,0.0
20230828100204796,SZSE,SZSE.ETF.159901,2.763,2.842,2.849,2.76,0.0,2.958,2.42,29370840.0,300.0,82075621.82,828.8999999910593,0.0,0.0,20230828,20230828,100204796,2.689,0.0,0.0,2.763,2.762,2.761,2.76,2.759,0.0,0.0,0.0,0.0,0.0,2.764,2.765,2.766,2.767,2.768,0.0,0.0,0.0,0.0,0.0,80060.0,15800.0,390000.0,405400.0,278300.0,0.0,0.0,0.0,0.0,0.0,127600.0,55000.0,740200.0,147600.0,196700.0,0.0,0.0,0.0,0.0,0.0
20230828100207828,SZSE,SZSE.ETF.159901,2.764,2.842,2.849,2.76,0.0,2.958,2.42,29402040.0,31200.0,82161858.62,86236.80000001192,0.0,0.0,20230828,20230828,100207827,2.689,0.0,0.0,2.764,2.763,2.762,2.761,2.76,0.0,0.0,0.0,0.0,0.0,2.765,2.766,2.767,2.768,2.769,0.0,0.0,0.0,0.0,0.0,3100.0,123660.0,112200.0,450000.0,105400.0,0.0,0.0,0.0,0.0,0.0,155000.0,200.0,240900.0,243400.0,38000.0,0.0,0.0,0.0,0.0,0.0
20230828100210876,SZSE,SZSE.ETF.159901,2.764,2.842,2.849,2.76,0.0,2.958,2.42,29402040.0,0.0,82161858.62,0.0,0.0,0.0,20230828,20230828,100210875,2.689,0.0,0.0,2.764,2.763,2.762,2.761,2.76,0.0,0.0,0.0,0.0,0.0,2.765,2.766,2.767,2.768,2.769,0.0,0.0,0.0,0.0,0.0,65100.0,263660.0,362200.0,439800.0,173600.0,0.0,0.0,0.0,0.0,0.0,58600.0,200.0,114300.0,195400.0,312400.0,0.0,0.0,0.0,0.0,0.0
20230828100213816,SZSE,SZSE.ETF.159901,2.764,2.842,2.849,2.76,0.0,2.958,2.42,29402040.0,0.0,82161858.62,0.0,0.0,0.0,20230828,20230828,100213815,2.689,0.0,0.0,2.764,2.763,2.762,2.761,2.76,0.0,0.0,0.0,0.0,0.0,2.765,2.766,2.767,2.768,2.769,0.0,0.0,0.0,0.0,0.0,8700.0,321660.0,162200.0,526600.0,137000.0,0.0,0.0,0.0,0.0,0.0,58600.0,200.0,114300.0,212000.0,295800.0,0.0,0.0,0.0,0.0,0.0
20230828100216808,SZSE,SZSE.ETF.159901,2.764,2.842,2.849,2.76,0.0,2.958,2.42,29402040.0,0.0,82161858.62,0.0,0.0,0.0,20230828,20230828,100216810,2.689,0.0,0.0,2.764,2.763,2.762,2.761,2.76,0.0,0.0,0.0,0.0,0.0,2.765,2.766,2.767,2.768,2.769,0.0,0.0,0.0,0.0,0.0,2000.0,305260.0,202200.0,566600.0,137000.0,0.0,0.0,0.0,0.0,0.0,58600.0,200.0,114300.0,255400.0,252400.0,0.0,0.0,0.0,0.0,0.0
20230828100219784,SZSE,SZSE.ETF.159901,2.764,2.842,2.849,2.76,0.0,2.958,2.42,29402340.0,300.0,82162687.82,829.1999999880791,0.0,0.0,20230828,20230828,100219786,2.689,0.0,0.0,2.764,2.763,2.762,2.761,2.76,0.0,0.0,0.0,0.0,0.0,2.765,2.766,2.767,2.768,2.769,0.0,0.0,0.0,0.0,0.0,4800.0,245260.0,402200.0,566600.0,237000.0,0.0,0.0,0.0,0.0,0.0,58600.0,200.0,114300.0,295400.0,252400.0,0.0,0.0,0.0,0.0,0.0
20230828100222772,SZSE,SZSE.ETF.159901,2.765,2.842,2.849,2.76,0.0,2.958,2.42,29432340.0,30000.0,82245637.82,82950.0,0.0,0.0,20230828,20230828,100222772,2.689,0.0,0.0,2.764,2.763,2.762,2.761,2.76,0.0,0.0,0.0,0.0,0.0,2.765,2.766,2.767,2.768,2.769,0.0,0.0,0.0,0.0,0.0,4800.0,345260.0,402200.0,566600.0,137000.0,0.0,0.0,0.0,0.0,0.0,28600.0,200.0,114300.0,295400.0,252400.0,0.0,0.0,0.0,0.0,0.0
20230828100225792,SZSE,SZSE.ETF.159901,2.765,2.842,2.849,2.76,0.0,2.958,2.42,29432340.0,0.0,82245637.82,0.0,0.0,0.0,20230828,20230828,100225790,2.689,0.0,0.0,2.764,2.763,2.762,2.761,2.76,0.0,0.0,0.0,0.0,0.0,2.765,2.766,2.767,2.768,2.769,0.0,0.0,0.0,0.0,0.0,64800.0,385260.0,402200.0,466600.0,137000.0,0.0,0.0,0.0,0.0,0.0,28600.0,600.0,14300.0,435400.0,212400.0,0.0,0.0,0.0,0.0,0.0
20230828100228792,SZSE,SZSE.ETF.159901,2.765,2.842,2.849,2.76,0.0,2.958,2.42,29432340.0,0.0,82245637.82,0.0,0.0,0.0,20230828,20230828,100228790,2.689,0.0,0.0,2.764,2.763,2.762,2.761,2.76,0.0,0.0,0.0,0.0,0.0,2.765,2.766,2.767,2.768,2.769,0.0,0.0,0.0,0.0,0.0,169400.0,181660.0,502200.0,310100.0,93500.0,0.0,0.0,0.0,0.0,0.0,28600.0,600.0,14300.0,292000.0,255800.0,0.0,0.0,0.0,0.0,0.0
20230828100231768,SZSE,SZSE.ETF.159901,2.763,2.842,2.849,2.76,0.0,2.958,2.42,29790940.0,358600.0,83236619.02,990981.200000003,0.0,0.0,20230828,20230828,100231770,2.689,0.0,0.0,2.764,2.762,2.761,2.76,2.759,0.0,0.0,0.0,0.0,0.0,2.765,2.766,2.767,2.768,2.769,0.0,0.0,0.0,0.0,0.0,3600.0,262200.0,650100.0,193500.0,160200.0,0.0,0.0,0.0,0.0,0.0,26000.0,144200.0,74300.0,252000.0,195800.0,0.0,0.0,0.0,0.0,0.0
20230828100234736,SZSE,SZSE.ETF.159901,2.765,2.842,2.849,2.76,0.0,2.958,2.42,29900940.0,110000.0,83540769.02,304150.0,0.0,0.0,20230828,20230828,100234738,2.689,0.0,0.0,2.763,2.762,2.761,2.76,2.759,0.0,0.0,0.0,0.0,0.0,2.764,2.765,2.766,2.767,2.768,0.0,0.0,0.0,0.0,0.0,63600.0,402200.0,530000.0,313600.0,160200.0,0.0,0.0,0.0,0.0,0.0,300.0,3600.0,100600.0,57300.0,355400.0,0.0,0.0,0.0,0.0,0.0
20230828100237744,SZSE,SZSE.ETF.159901,2.765,2.842,2.849,2.76,0.0,2.958,2.42,29900940.0,0.0,83540769.02,0.0,0.0,0.0,20230828,20230828,100237744,2.689,0.0,0.0,2.763,2.762,2.761,2.76,2.759,0.0,0.0,0.0,0.0,0.0,2.764,2.765,2.766,2.767,2.768,0.0,0.0,0.0,0.0,0.0,63600.0,312200.0,540200.0,315500.0,158200.0,0.0,0.0,0.0,0.0,0.0,300.0,103600.0,600.0,207300.0,279900.0,0.0,0.0,0.0,0.0,0.0
20230828100240772,SZSE,SZSE.ETF.159901,2.764,2.842,2.849,2.76,0.0,2.958,2.42,29901240.0,300.0,83541598.22,829.2000000029802,0.0,0.0,20230828,20230828,100240772,2.689,0.0,0.0,2.764,2.763,2.762,2.761,2.76,0.0,0.0,0.0,0.0,0.0,2.765,2.766,2.767,2.768,2.769,0.0,0.0,0.0,0.0,0.0,20500.0,363600.0,352200.0,340200.0,257500.0,0.0,0.0,0.0,0.0,0.0,103600.0,600.0,247300.0,279900.0,38000.0,0.0,0.0,0.0,0.0,0.0
20230828100243736,SZSE,SZSE.ETF.159901,2.764,2.842,2.849,2.76,0.0,2.958,2.42,29901240.0,0.0,83541598.22,0.0,0.0,0.0,20230828,20230828,100243738,2.689,0.0,0.0,2.764,2.763,2.762,2.761,2.76,0.0,0.0,0.0,0.0,0.0,2.765,2.766,2.767,2.768,2.769,0.0,0.0,0.0,0.0,0.0,20500.0,63600.0,442200.0,366600.0,179000.0,0.0,0.0,0.0,0.0,0.0,103600.0,600.0,157300.0,255400.0,152400.0,0.0,0.0,0.0,0.0,0.0
20230828100246720,SZSE,SZSE.ETF.159901,2.762,2.842,2.849,2.76,0.0,2.958,2.42,30201240.0,300000.0,84370302.82,828704.599999994,0.0,0.0,20230828,20230828,100246720,2.689,0.0,0.0,2.762,2.761,2.76,2.759,2.758,0.0,0.0,0.0,0.0,0.0,2.763,2.765,2.766,2.767,2.768,0.0,0.0,0.0,0.0,0.0,386300.0,330000.0,275600.0,120200.0,111000.0,0.0,0.0,0.0,0.0,0.0,700.0,103600.0,600.0,217300.0,195400.0,0.0,0.0,0.0,0.0,0.0
20230828100249728,SZSE,SZSE.ETF.159901,2.763,2.842,2.849,2.76,0.0,2.958,2.42,30202140.0,900.0,84372789.52,2486.7000000029802,0.0,0.0,20230828,20230828,100249727,2.689,0.0,0.0,2.763,2.762,2.761,2.76,2.759,0.0,0.0,0.0,0.0,0.0,2.764,2.765,2.766,2.767,2.768,0.0,0.0,0.0,0.0,0.0,208500.0,203600.0,250200.0,327400.0,240400.0,0.0,0.0,0.0,0.0,0.0,3600.0,100000.0,50600.0,338700.0,138600.0,0.0,0.0,0.0,0.0,0.0
20230828100252732,SZSE,SZSE.ETF.159901,2.763,2.842,2.849,2.76,0.0,2.958,2.42,30202140.0,0.0,84372789.52,0.0,0.0,0.0,20230828,20230828,100252732,2.689,0.0,0.0,2.763,2.761,2.76,2.759,2.758,0.0,0.0,0.0,0.0,0.0,2.765,2.766,2.767,2.768,2.769,0.0,0.0,0.0,0.0,0.0,212100.0,440200.0,480900.0,294900.0,111000.0,0.0,0.0,0.0,0.0,0.0,103600.0,100600.0,207300.0,220000.0,138000.0,0.0,0.0,0.0,0.0,0.0
20230828100255760,SZSE,SZSE.ETF.159901,2.764,2.842,2.849,2.76,0.0,2.958,2.42,30270640.0,68500.0,84562058.62,189269.10000000894,0.0,0.0,20230828,20230828,100255759,2.689,0.0,0.0,2.763,2.761,2.76,2.759,2.758,0.0,0.0,0.0,0.0,0.0,2.764,2.765,2.766,2.767,2.768,0.0,0.0,0.0,0.0,0.0,143600.0,440000.0,477600.0,538200.0,111000.0,0.0,0.0,0.0,0.0,0.0,10800.0,103600.0,100600.0,167300.0,145400.0,0.0,0.0,0.0,0.0,0.0
20230828100258752,SZSE,SZSE.ETF.159901,2.764,2.842,2.849,2.76,0.0,2.958,2.42,30271340.0,700.0,84563993.42,1934.7999999970198,0.0,0.0,20230828,20230828,100258753,2.689,0.0,0.0,2.763,2.761,2.76,2.759,2.758,0.0,0.0,0.0,0.0,0.0,2.764,2.765,2.766,2.767,2.768,0.0,0.0,0.0,0.0,0.0,147200.0,350100.0,517500.0,388300.0,111000.0,0.0,0.0,0.0,0.0,0.0,10100.0,103600.0,100600.0,207300.0,219900.0,0.0,0.0,0.0,0.0,0.0
20230828100301744,SZSE,SZSE.ETF.159901,2.764,2.842,2.849,2.76,0.0,2.958,2.42,30271340.0,0.0,84563993.42,0.0,0.0,0.0,20230828,20230828,100301744,2.689,0.0,0.0,2.763,2.762,2.761,2.76,2.759,0.0,0.0,0.0,0.0,0.0,2.764,2.765,2.766,2.767,2.768,0.0,0.0,0.0,0.0,0.0,147200.0,200.0,410100.0,757700.0,248300.0,0.0,0.0,0.0,0.0,0.0,210100.0,43600.0,260600.0,107300.0,219900.0,0.0,0.0,0.0,0.0,0.0
20230828100304748,SZSE,SZSE.ETF.159901,2.764,2.842,2.849,2.76,0.0,2.958,2.42,30339240.0,67900.0,84751668.72,187675.29999999702,0.0,0.0,20230828,20230828,100304748,2.689,0.0,0.0,2.763,2.762,2.761,2.76,2.759,0.0,0.0,0.0,0.0,0.0,2.764,2.765,2.766,2.767,2.768,0.0,0.0,0.0,0.0,0.0,146900.0,100200.0,350100.0,414200.0,251800.0,0.0,0.0,0.0,0.0,0.0,19200.0,40000.0,60600.0,107300.0,219900.0,0.0,0.0,0.0,0.0,0.0
20230828100307800,SZSE,SZSE.ETF.159901,2.764,2.842,2.849,2.76,0.0,2.958,2.42,30339240.0,0.0,84751668.72,0.0,0.0,0.0,20230828,20230828,100307798,2.689,0.0,0.0,2.763,2.762,2.761,2.76,2.759,0.0,0.0,0.0,0.0,0.0,2.764,2.765,2.766,2.767,2.768,0.0,0.0,0.0,0.0,0.0,146900.0,131000.0,150100.0,657700.0,408300.0,0.0,0.0,0.0,0.0,0.0,15600.0,43600.0,760600.0,107300.0,419900.0,0.0,0.0,0.0,0.0,0.0
20230828100310804,SZSE,SZSE.ETF.159901,2.764,2.842,2.849,2.76,0.0,2.958,2.42,30339240.0,0.0,84751668.72,0.0,0.0,0.0,20230828,20230828,100310804,2.689,0.0,0.0,2.763,2.762,2.761,2.76,2.759,0.0,0.0,0.0,0.0,0.0,2.764,2.765,2.766,2.767,2.768,0.0,0.0,0.0,0.0,0.0,146900.0,391000.0,290100.0,407600.0,208300.0,0.0,0.0,0.0,0.0,0.0,25600.0,43600.0,100600.0,167300.0,319900.0,0.0,0.0,0.0,0.0,0.0
20230828100313812,SZSE,SZSE.ETF.159901,2.764,2.842,2.849,2.76,0.0,2.958,2.42,30365140.0,25900.0,84823256.32,71587.59999999404,0.0,0.0,20230828,20230828,100313812,2.689,0.0,0.0,2.763,2.762,2.761,2.76,2.759,0.0,0.0,0.0,0.0,0.0,2.765,2.766,2.767,2.768,2.769,0.0,0.0,0.0,0.0,0.0,446900.0,291200.0,330100.0,317700.0,108300.0,0.0,0.0,0.0,0.0,0.0,3600.0,40600.0,267300.0,219900.0,138000.0,0.0,0.0,0.0,0.0,0.0
20230828100316808,SZSE,SZSE.ETF.159901,2.764,2.842,2.849,2.76,0.0,2.958,2.42,30365140.0,0.0,84823256.32,0.0,0.0,0.0,20230828,20230828,100316809,2.689,0.0,0.0,2.764,2.763,2.762,2.761,2.76,0.0,0.0,0.0,0.0,0.0,2.766,2.767,2.768,2.769,2.77,0.0,0.0,0.0,0.0,0.0,3600.0,100000.0,391200.0,500100.0,197700.0,0.0,0.0,0.0,0.0,0.0,44200.0,227300.0,102000.0,295800.0,129000.0,0.0,0.0,0.0,0.0,0.0
20230828100319812,SZSE,SZSE.ETF.159901,2.763,2.842,2.849,2.76,0.0,2.958,2.42,30365540.0,400.0,84824361.52,1105.2000000029802,0.0,0.0,20230828,20230828,100319813,2.689,0.0,0.0,2.764,2.763,2.762,2.761,2.76,0.0,0.0,0.0,0.0,0.0,2.765,2.766,2.767,2.768,2.769,0.0,0.0,0.0,0.0,0.0,100000.0,3600.0,661000.0,390200.0,175800.0,0.0,0.0,0.0,0.0,0.0,3900.0,600.0,117300.0,255400.0,78000.0,0.0,0.0,0.0,0.0,0.0
20230828100322780,SZSE,SZSE.ETF.159901,2.763,2.842,2.849,2.76,0.0,2.958,2.42,30365540.0,0.0,84824361.52,0.0,0.0,0.0,20230828,20230828,100322779,2.689,0.0,0.0,2.764,2.763,2.762,2.761,2.76,0.0,0.0,0.0,0.0,0.0,2.765,2.766,2.767,2.768,2.769,0.0,0.0,0.0,0.0,0.0,6600.0,260000.0,461200.0,410100.0,95700.0,0.0,0.0,0.0,0.0,0.0,300.0,4200.0,57300.0,312000.0,195800.0,0.0,0.0,0.0,0.0,0.0
20230828100325788,SZSE,SZSE.ETF.159901,2.763,2.842,2.849,2.76,0.0,2.958,2.42,30365540.0,0.0,84824361.52,0.0,0.0,0.0,20230828,20230828,100325787,2.689,0.0,0.0,2.764,2.763,2.762,2.761,2.76,0.0,0.0,0.0,0.0,0.0,2.765,2.766,2.767,2.768,2.769,0.0,0.0,0.0,0.0,0.0,106600.0,400000.0,571300.0,310300.0,85600.0,0.0,0.0,0.0,0.0,0.0,300.0,4200.0,17300.0,352000.0,195800.0,0.0,0.0,0.0,0.0,0.0
20230828100328776,SZSE,SZSE.ETF.159901,2.763,2.842,2.849,2.76,0.0,2.958,2.42,30491840.0,126300.0,85173435.02,349073.5,0.0,0.0,20230828,20230828,100328776,2.689,0.0,0.0,2.764,2.763,2.762,2.761,2.76,0.0,0.0,0.0,0.0,0.0,2.765,2.766,2.767,2.768,2.769,0.0,0.0,0.0,0.0,0.0,303600.0,380300.0,407900.0,173700.0,45600.0,0.0,0.0,0.0,0.0,0.0,300.0,4200.0,17300.0,352000.0,195800.0,0.0,0.0,0.0,0.0,0.0
20230828100331748,SZSE,SZSE.ETF.159901,2.765,2.842,2.849,2.76,0.0,2.958,2.42,30504440.0,12600.0,85208274.02,34839.0,0.0,0.0,20230828,20230828,100331749,2.689,0.0,0.0,2.765,2.764,2.763,2.762,2.761,0.0,0.0,0.0,0.0,0.0,2.766,2.767,2.768,2.769,2.77,0.0,0.0,0.0,0.0,0.0,518700.0,554100.0,150100.0,407900.0,163600.0,0.0,0.0,0.0,0.0,0.0,4200.0,17300.0,152000.0,395800.0,29000.0,0.0,0.0,0.0,0.0,0.0
20230828100334756,SZSE,SZSE.ETF.159901,2.765,2.842,2.849,2.76,0.0,2.958,2.42,30504440.0,0.0,85208274.02,0.0,0.0,0.0,20230828,20230828,100334756,2.689,0.0,0.0,2.765,2.764,2.763,2.762,2.761,0.0,0.0,0.0,0.0,0.0,2.766,2.767,2.768,2.769,2.77,0.0,0.0,0.0,0.0,0.0,422300.0,410500.0,416700.0,304600.0,78300.0,0.0,0.0,0.0,0.0,0.0,900.0,8900.0,102000.0,288000.0,186800.0,0.0,0.0,0.0,0.0,0.0
20230828100337760,SZSE,SZSE.ETF.159901,2.766,2.842,2.849,2.76,0.0,2.958,2.42,30505340.0,900.0,85210763.42,2489.4000000059605,0.0,0.0,20230828,20230828,100337761,2.689,0.0,0.0,2.766,2.765,2.764,2.763,2.762,0.0,0.0,0.0,0.0,0.0,2.767,2.768,2.769,2.77,2.771,0.0,0.0,0.0,0.0,0.0,5000.0,682300.0,390500.0,376700.0,204600.0,0.0,0.0,0.0,0.0,0.0,8900.0,62000.0,268000.0,246800.0,112000.0,0.0,0.0,0.0,0.0,0.0
20230828100340780,SZSE,SZSE.ETF.159901,2.766,2.842,2.849,2.76,0.0,2.958,2.42,30505340.0,0.0,85210763.42,0.0,0.0,0.0,20230828,20230828,100340779,2.689,0.0,0.0,2.766,2.765,2.764,2.763,2.762,0.0,0.0,0.0,0.0,0.0,2.767,2.768,2.769,2.77,2.771,0.0,0.0,0.0,0.0,0.0,8600.0,578700.0,517100.0,329900.0,202800.0,0.0,0.0,0.0,0.0,0.0,8900.0,62000.0,178000.0,179000.0,269800.0,0.0,0.0,0.0,0.0,0.0
20230828100343748,SZSE,SZSE.ETF.159901,2.766,2.842,2.849,2.76,0.0,2.958,2.42,30505340.0,0.0,85210763.42,0.0,0.0,0.0,20230828,20230828,100343748,2.689,0.0,0.0,2.766,2.765,2.764,2.763,2.762,0.0,0.0,0.0,0.0,0.0,2.767,2.768,2.769,2.77,2.771,0.0,0.0,0.0,0.0,0.0,108600.0,678700.0,621700.0,229900.0,152700.0,0.0,0.0,0.0,0.0,0.0,8900.0,62000.0,38000.0,279000.0,169800.0,0.0,0.0,0.0,0.0,0.0
20230828100346776,SZSE,SZSE.ETF.159901,2.766,2.842,2.849,2.76,0.0,2.958,2.42,30505340.0,0.0,85210763.42,0.0,0.0,0.0,20230828,20230828,100346775,2.689,0.0,0.0,2.766,2.765,2.764,2.763,2.762,0.0,0.0,0.0,0.0,0.0,2.767,2.768,2.769,2.77,2.771,0.0,0.0,0.0,0.0,0.0,328600.0,718700.0,421700.0,273400.0,69200.0,0.0,0.0,0.0,0.0,0.0,5300.0,53600.0,38000.0,319000.0,169800.0,0.0,0.0,0.0,0.0,0.0
20230828100349760,SZSE,SZSE.ETF.159901,2.766,2.842,2.849,2.76,0.0,2.958,2.42,30511140.0,5800.0,85226811.02,16047.59999999404,0.0,0.0,20230828,20230828,100349760,2.689,0.0,0.0,2.766,2.765,2.764,2.763,2.762,0.0,0.0,0.0,0.0,0.0,2.767,2.768,2.769,2.77,2.771,0.0,0.0,0.0,0.0,0.0,387600.0,659700.0,421700.0,313400.0,69200.0,0.0,0.0,0.0,0.0,0.0,500.0,53600.0,38000.0,259000.0,229800.0,0.0,0.0,0.0,0.0,0.0
20230828100352792,SZSE,SZSE.ETF.159901,2.767,2.842,2.849,2.76,0.0,2.958,2.42,30511640.0,500.0,85228194.52,1383.5,0.0,0.0,20230828,20230828,100352792,2.689,0.0,0.0,2.767,2.766,2.765,2.764,2.763,0.0,0.0,0.0,0.0,0.0,2.768,2.769,2.77,2.771,2.772,0.0,0.0,0.0,0.0,0.0,200000.0,487600.0,509800.0,421700.0,163300.0,0.0,0.0,0.0,0.0,0.0,53600.0,26000.0,159000.0,329800.0,500.0,0.0,0.0,0.0,0.0,0.0
20230828100355828,SZSE,SZSE.ETF.159901,2.767,2.842,2.849,2.76,0.0,2.958,2.42,30511640.0,0.0,85228194.52,0.0,0.0,0.0,20230828,20230828,100355829,2.689,0.0,0.0,2.767,2.766,2.765,2.764,2.763,0.0,0.0,0.0,0.0,0.0,2.768,2.769,2.77,2.771,2.772,0.0,0.0,0.0,0.0,0.0,203600.0,384000.0,481100.0,318400.0,78000.0,0.0,0.0,0.0,0.0,0.0,53600.0,26000.0,69000.0,398600.0,121600.0,0.0,0.0,0.0,0.0,0.0
20230828100358792,SZSE,SZSE.ETF.159901,2.767,2.842,2.849,2.76,0.0,2.958,2.42,30511640.0,0.0,85228194.52,0.0,0.0,0.0,20230828,20230828,100358793,2.689,0.0,0.0,2.767,2.766,2.765,2.764,2.763,0.0,0.0,0.0,0.0,0.0,2.768,2.769,2.77,2.771,2.772,0.0,0.0,0.0,0.0,0.0,103600.0,124000.0,577700.0,318400.0,38000.0,0.0,0.0,0.0,0.0,0.0,53600.0,26000.0,89000.0,202000.0,158200.0,0.0,0.0,0.0,0.0,0.0
20230828100401784,SZSE,SZSE.ETF.159901,2.767,2.842,2.849,2.76,0.0,2.958,2.42,30511640.0,0.0,85228194.52,0.0,0.0,0.0,20230828,20230828,100401785,2.689,0.0,0.0,2.767,2.766,2.765,2.764,2.763,0.0,0.0,0.0,0.0,0.0,2.768,2.769,2.77,2.771,2.772,0.0,0.0,0.0,0.0,0.0,103600.0,124000.0,641100.0,355000.0,78000.0,0.0,0.0,0.0,0.0,0.0,53600.0,26000.0,129000.0,202000.0,158200.0,0.0,0.0,0.0,0.0,0.0
20230828100404788,SZSE,SZSE.ETF.159901,2.767,2.842,2.849,2.76,0.0,2.958,2.42,30520240.0,8600.0,85251995.72,23801.20000000298,0.0,0.0,20230828,20230828,100404787,2.689,0.0,0.0,2.766,2.765,2.764,2.763,2.762,0.0,0.0,0.0,0.0,0.0,2.767,2.768,2.769,2.77,2.771,0.0,0.0,0.0,0.0,0.0,124000.0,141100.0,455000.0,378000.0,31200.0,0.0,0.0,0.0,0.0,0.0,39000.0,48900.0,26000.0,801400.0,102000.0,0.0,0.0,0.0,0.0,0.0
20230828100407836,SZSE,SZSE.ETF.159901,2.767,2.842,2.849,2.76,0.0,2.958,2.42,30521340.0,1100.0,85255039.42,3043.7000000029802,0.0,0.0,20230828,20230828,100407835,2.689,0.0,0.0,2.766,2.765,2.764,2.763,2.762,0.0,0.0,0.0,0.0,0.0,2.767,2.768,2.769,2.77,2.771,0.0,0.0,0.0,0.0,0.0,29600.0,211100.0,525100.0,559900.0,169200.0,0.0,0.0,0.0,0.0,0.0,53500.0,45300.0,166000.0,857800.0,269800.0,0.0,0.0,0.0,0.0,0.0
20230828100410820,SZSE,SZSE.ETF.159901,2.767,2.842,2.849,2.76,0.0,2.958,2.42,30541940.0,20600.0,85312039.62,57000.20000000298,0.0,0.0,20230828,20230828,100410819,2.689,0.0,0.0,2.766,2.765,2.764,2.763,2.762,0.0,0.0,0.0,0.0,0.0,2.767,2.768,2.769,2.77,2.771,0.0,0.0,0.0,0.0,0.0,29600.0,101000.0,285100.0,406500.0,452700.0,0.0,0.0,0.0,0.0,0.0,32900.0,85300.0,126000.0,834400.0,233200.0,0.0,0.0,0.0,0.0,0.0
20230828100413824,SZSE,SZSE.ETF.159901,2.767,2.842,2.849,2.76,0.0,2.958,2.42,30551940.0,10000.0,85339709.62,27670.0,0.0,0.0,20230828,20230828,100413822,2.689,0.0,0.0,2.766,2.765,2.764,2.763,2.762,0.0,0.0,0.0,0.0,0.0,2.767,2.768,2.769,2.77,2.771,0.0,0.0,0.0,0.0,0.0,29600.0,101000.0,135000.0,429900.0,499400.0,0.0,0.0,0.0,0.0,0.0,22900.0,145300.0,126000.0,234400.0,233200.0,0.0,0.0,0.0,0.0,0.0
20230828100416776,SZSE,SZSE.ETF.159901,2.766,2.842,2.849,2.76,0.0,2.958,2.42,30591440.0,39500.0,85448976.52,109266.89999999106,0.0,0.0,20230828,20230828,100416775,2.689,0.0,0.0,2.765,2.764,2.763,2.762,2.761,0.0,0.0,0.0,0.0,0.0,2.766,2.767,2.768,2.769,2.77,0.0,0.0,0.0,0.0,0.0,1000.0,235000.0,269900.0,459400.0,100300.0,0.0,0.0,0.0,0.0,0.0,302800.0,85000.0,185300.0,626000.0,297800.0,0.0,0.0,0.0,0.0,0.0
20230828100419792,SZSE,SZSE.ETF.159901,2.766,2.842,2.849,2.76,0.0,2.958,2.42,30633040.0,41600.0,85564040.12,115063.60000000894,0.0,0.0,20230828,20230828,100419791,2.689,0.0,0.0,2.764,2.763,2.762,2.761,2.76,0.0,0.0,0.0,0.0,0.0,2.766,2.767,2.768,2.769,2.77,0.0,0.0,0.0,0.0,0.0,148600.0,90000.0,368800.0,368300.0,247600.0,0.0,0.0,0.0,0.0,0.0,327100.0,67400.0,145300.0,835800.0,245800.0,0.0,0.0,0.0,0.0,0.0
20230828100422788,SZSE,SZSE.ETF.159901,2.764,2.842,2.849,2.76,0.0,2.958,2.42,30675440.0,42400.0,85681233.72,117193.59999999404,0.0,0.0,20230828,20230828,100422788,2.689,0.0,0.0,2.764,2.762,2.761,2.76,2.759,0.0,0.0,0.0,0.0,0.0,2.765,2.766,2.767,2.768,2.769,0.0,0.0,0.0,0.0,0.0,106200.0,478800.0,390400.0,465500.0,20200.0,0.0,0.0,0.0,0.0,0.0,3600.0,263500.0,127400.0,835100.0,146000.0,0.0,0.0,0.0,0.0,0.0
20230828100425800,SZSE,SZSE.ETF.159901,2.766,2.842,2.849,2.76,0.0,2.958,2.42,30677440.0,2000.0,85686765.72,5532.0,0.0,0.0,20230828,20230828,100425802,2.689,0.0,0.0,2.764,2.763,2.762,2.761,2.76,0.0,0.0,0.0,0.0,0.0,2.766,2.767,2.768,2.769,2.77,0.0,0.0,0.0,0.0,0.0,6200.0,103000.0,248700.0,613700.0,312300.0,0.0,0.0,0.0,0.0,0.0,305100.0,187400.0,771900.0,247200.0,207800.0,0.0,0.0,0.0,0.0,0.0
20230828100428780,SZSE,SZSE.ETF.159901,2.766,2.842,2.849,2.76,0.0,2.958,2.42,30687440.0,10000.0,85714425.72,27660.0,0.0,0.0,20230828,20230828,100428780,2.689,0.0,0.0,2.764,2.763,2.762,2.761,2.76,0.0,0.0,0.0,0.0,0.0,2.765,2.766,2.767,2.768,2.769,0.0,0.0,0.0,0.0,0.0,2600.0,106600.0,128700.0,390400.0,515600.0,0.0,0.0,0.0,0.0,0.0,3600.0,351500.0,127400.0,815100.0,166000.0,0.0,0.0,0.0,0.0,0.0
20230828100431784,SZSE,SZSE.ETF.159901,2.765,2.842,2.849,2.76,0.0,2.958,2.42,30688340.0,900.0,85716914.22,2488.5,0.0,0.0,20230828,20230828,100431784,2.689,0.0,0.0,2.764,2.763,2.762,2.761,2.76,0.0,0.0,0.0,0.0,0.0,2.765,2.766,2.767,2.768,2.769,0.0,0.0,0.0,0.0,0.0,6200.0,103000.0,188700.0,330400.0,515600.0,0.0,0.0,0.0,0.0,0.0,2700.0,291500.0,787400.0,211700.0,307400.0,0.0,0.0,0.0,0.0,0.0
20230828100434772,SZSE,SZSE.ETF.159901,2.765,2.842,2.849,2.76,0.0,2.958,2.42,30701340.0,13000.0,85752868.42,35954.20000000298,0.0,0.0,20230828,20230828,100434772,2.689,0.0,0.0,2.764,2.763,2.762,2.761,2.76,0.0,0.0,0.0,0.0,0.0,2.765,2.766,2.767,2.768,2.769,0.0,0.0,0.0,0.0,0.0,9600.0,3000.0,228700.0,243800.0,572100.0,0.0,0.0,0.0,0.0,0.0,2800.0,402300.0,664000.0,275100.0,207400.0,0.0,0.0,0.0,0.0,0.0
20230828100437768,SZSE,SZSE.ETF.159901,2.765,2.842,2.849,2.76,0.0,2.958,2.42,30701340.0,0.0,85752868.42,0.0,0.0,0.0,20230828,20230828,100437767,2.689,0.0,0.0,2.764,2.763,2.762,2.761,2.76,0.0,0.0,0.0,0.0,0.0,2.765,2.766,2.767,2.768,2.769,0.0,0.0,0.0,0.0,0.0,9600.0,3000.0,228700.0,183800.0,632100.0,0.0,0.0,0.0,0.0,0.0,62800.0,342300.0,664000.0,275100.0,207400.0,0.0,0.0,0.0,0.0,0.0
20230828100440784,SZSE,SZSE.ETF.159901,2.765,2.842,2.849,2.76,0.0,2.958,2.42,30701340.0,0.0,85752868.42,0.0,0.0,0.0,20230828,20230828,100440785,2.689,0.0,0.0,2.764,2.763,2.762,2.761,2.76,0.0,0.0,0.0,0.0,0.0,2.765,2.766,2.767,2.768,2.769,0.0,0.0,0.0,0.0,0.0,8000.0,6600.0,228700.0,240300.0,617600.0,0.0,0.0,0.0,0.0,0.0,2800.0,442300.0,664000.0,318500.0,164000.0,0.0,0.0,0.0,0.0,0.0
20230828100443752,SZSE,SZSE.ETF.159901,2.764,2.842,2.849,2.76,0.0,2.958,2.42,30721440.0,20100.0,85808434.82,55566.39999999106,0.0,0.0,20230828,20230828,100443752,2.689,0.0,0.0,2.764,2.763,2.762,2.761,2.76,0.0,0.0,0.0,0.0,0.0,2.765,2.766,2.767,2.768,2.769,0.0,0.0,0.0,0.0,0.0,1500.0,3000.0,228700.0,123800.0,434100.0,0.0,0.0,0.0,0.0,0.0,63600.0,382300.0,64000.0,375100.0,107400.0,0.0,0.0,0.0,0.0,0.0
20230828100446756,SZSE,SZSE.ETF.159901,2.762,2.842,2.849,2.76,0.0,2.958,2.42,30736240.0,14800.0,85849319.02,40884.20000000298,0.0,0.0,20230828,20230828,100446757,2.689,0.0,0.0,2.762,2.761,2.76,2.759,2.758,0.0,0.0,0.0,0.0,0.0,2.765,2.766,2.767,2.768,2.769,0.0,0.0,0.0,0.0,0.0,220500.0,40300.0,517600.0,370300.0,411000.0,0.0,0.0,0.0,0.0,0.0,103600.0,342300.0,27400.0,418500.0,100600.0,0.0,0.0,0.0,0.0,0.0
20230828100449764,SZSE,SZSE.ETF.159901,2.763,2.842,2.849,2.76,0.0,2.958,2.42,30916940.0,180700.0,86348416.02,499097.0,0.0,0.0,20230828,20230828,100449764,2.689,0.0,0.0,2.761,2.76,2.759,2.758,2.757,0.0,0.0,0.0,0.0,0.0,2.763,2.764,2.765,2.766,2.767,0.0,0.0,0.0,0.0,0.0,50300.0,293000.0,407000.0,339100.0,12900.0,0.0,0.0,0.0,0.0,0.0,46400.0,10000.0,243900.0,871600.0,177400.0,0.0,0.0,0.0,0.0,0.0
20230828100452744,SZSE,SZSE.ETF.159901,2.763,2.842,2.849,2.76,0.0,2.958,2.42,30933540.0,16600.0,86394281.82,45865.79999999702,0.0,0.0,20230828,20230828,100452744,2.689,0.0,0.0,2.762,2.761,2.76,2.759,2.758,0.0,0.0,0.0,0.0,0.0,2.763,2.764,2.765,2.766,2.767,0.0,0.0,0.0,0.0,0.0,10700.0,303900.0,409600.0,220300.0,341400.0,0.0,0.0,0.0,0.0,0.0,33400.0,110000.0,130200.0,551700.0,65400.0,0.0,0.0,0.0,0.0,0.0
20230828100455816,SZSE,SZSE.ETF.159901,2.763,2.842,2.849,2.76,0.0,2.958,2.42,30966940.0,33400.0,86486566.02,92284.20000000298,0.0,0.0,20230828,20230828,100455817,2.689,0.0,0.0,2.762,2.761,2.76,2.759,2.758,0.0,0.0,0.0,0.0,0.0,2.764,2.765,2.766,2.767,2.768,0.0,0.0,0.0,0.0,0.0,214300.0,400300.0,299600.0,250200.0,419400.0,0.0,0.0,0.0,0.0,0.0,110000.0,40300.0,605000.0,142000.0,45300.0,0.0,0.0,0.0,0.0,0.0
20230828100458828,SZSE,SZSE.ETF.159901,2.765,2.842,2.849,2.76,0.0,2.958,2.42,31078340.0,111400.0,86794573.42,308007.40000000596,0.0,0.0,20230828,20230828,100458827,2.689,0.0,0.0,2.763,2.762,2.761,2.76,2.759,0.0,0.0,0.0,0.0,0.0,2.765,2.766,2.767,2.768,2.769,0.0,0.0,0.0,0.0,0.0,3600.0,411200.0,400500.0,289600.0,290500.0,0.0,0.0,0.0,0.0,0.0,42500.0,321600.0,310800.0,159900.0,26000.0,0.0,0.0,0.0,0.0,0.0
20230828100501808,SZSE,SZSE.ETF.159901,2.763,2.842,2.849,2.76,0.0,2.958,2.42,31078440.0,100.0,86794849.72,276.29999999701977,0.0,0.0,20230828,20230828,100501808,2.689,0.0,0.0,2.762,2.761,2.76,2.759,2.758,0.0,0.0,0.0,0.0,0.0,2.764,2.766,2.767,2.768,2.769,0.0,0.0,0.0,0.0,0.0,414800.0,530300.0,236300.0,251800.0,111000.0,0.0,0.0,0.0,0.0,0.0,3600.0,371600.0,220800.0,185300.0,140400.0,0.0,0.0,0.0,0.0,0.0
20230828100504796,SZSE,SZSE.ETF.159901,2.764,2.842,2.849,2.76,0.0,2.958,2.42,31082340.0,3900.0,86805629.32,10779.59999999404,0.0,0.0,20230828,20230828,100504797,2.689,0.0,0.0,2.764,2.763,2.762,2.761,2.76,0.0,0.0,0.0,0.0,0.0,2.765,2.766,2.767,2.768,2.769,0.0,0.0,0.0,0.0,0.0,2000.0,143800.0,171400.0,290500.0,969800.0,0.0,0.0,0.0,0.0,0.0,133000.0,309600.0,187400.0,206700.0,102500.0,0.0,0.0,0.0,0.0,0.0
20230828100507808,SZSE,SZSE.ETF.159901,2.764,2.842,2.849,2.76,0.0,2.958,2.42,31082540.0,200.0,86806182.12,552.8000000119209,0.0,0.0,20230828,20230828,100507808,2.689,0.0,0.0,2.764,2.763,2.762,2.761,2.76,0.0,0.0,0.0,0.0,0.0,2.765,2.766,2.767,2.768,2.769,0.0,0.0,0.0,0.0,0.0,1800.0,203800.0,351500.0,230400.0,267700.0,0.0,0.0,0.0,0.0,0.0,33000.0,359600.0,27400.0,378700.0,140400.0,0.0,0.0,0.0,0.0,0.0
20230828100510820,SZSE,SZSE.ETF.159901,2.764,2.842,2.849,2.76,0.0,2.958,2.42,31082540.0,0.0,86806182.12,0.0,0.0,0.0,20230828,20230828,100510819,2.689,0.0,0.0,2.764,2.763,2.762,2.761,2.76,0.0,0.0,0.0,0.0,0.0,2.765,2.766,2.767,2.768,2.769,0.0,0.0,0.0,0.0,0.0,1800.0,403800.0,351500.0,230400.0,227700.0,0.0,0.0,0.0,0.0,0.0,33000.0,330300.0,27400.0,388500.0,140400.0,0.0,0.0,0.0,0.0,0.0
20230828100513800,SZSE,SZSE.ETF.159901,2.764,2.842,2.849,2.76,0.0,2.958,2.42,31082540.0,0.0,86806182.12,0.0,0.0,0.0,20230828,20230828,100513799,2.689,0.0,0.0,2.764,2.763,2.762,2.761,2.76,0.0,0.0,0.0,0.0,0.0,2.765,2.766,2.767,2.768,2.769,0.0,0.0,0.0,0.0,0.0,1800.0,43800.0,611500.0,230400.0,367700.0,0.0,0.0,0.0,0.0,0.0,45000.0,330300.0,87400.0,328500.0,140400.0,0.0,0.0,0.0,0.0,0.0
20230828100516800,SZSE,SZSE.ETF.159901,2.764,2.842,2.849,2.76,0.0,2.958,2.42,31082540.0,0.0,86806182.12,0.0,0.0,0.0,20230828,20230828,100516801,2.689,0.0,0.0,2.764,2.763,2.762,2.761,2.76,0.0,0.0,0.0,0.0,0.0,2.765,2.766,2.767,2.768,2.769,0.0,0.0,0.0,0.0,0.0,211800.0,303800.0,321400.0,230400.0,417800.0,0.0,0.0,0.0,0.0,0.0,33000.0,330300.0,27400.0,388500.0,140400.0,0.0,0.0,0.0,0.0,0.0
20230828100519800,SZSE,SZSE.ETF.159901,2.764,2.842,2.849,2.76,0.0,2.958,2.42,31082540.0,0.0,86806182.12,0.0,0.0,0.0,20230828,20230828,100519801,2.689,0.0,0.0,2.764,2.763,2.762,2.761,2.76,0.0,0.0,0.0,0.0,0.0,2.765,2.766,2.767,2.768,2.769,0.0,0.0,0.0,0.0,0.0,215400.0,400200.0,371500.0,273900.0,147600.0,0.0,0.0,0.0,0.0,0.0,29700.0,333900.0,27400.0,345100.0,147200.0,0.0,0.0,0.0,0.0,0.0
20230828100522768,SZSE,SZSE.ETF.159901,2.764,2.842,2.849,2.76,0.0,2.958,2.42,31082540.0,0.0,86806182.12,0.0,0.0,0.0,20230828,20230828,100522768,2.689,0.0,0.0,2.764,2.763,2.762,2.761,2.76,0.0,0.0,0.0,0.0,0.0,2.765,2.766,2.767,2.768,2.769,0.0,0.0,0.0,0.0,0.0,215400.0,360200.0,371500.0,310500.0,187800.0,0.0,0.0,0.0,0.0,0.0,29700.0,333900.0,27400.0,305100.0,183800.0,0.0,0.0,0.0,0.0,0.0
20230828100525760,SZSE,SZSE.ETF.159901,2.764,2.842,2.849,2.76,0.0,2.958,2.42,31101640.0,19100.0,86858974.52,52792.39999999106,0.0,0.0,20230828,20230828,100525759,2.689,0.0,0.0,2.764,2.763,2.762,2.761,2.76,0.0,0.0,0.0,0.0,0.0,2.765,2.766,2.767,2.768,2.769,0.0,0.0,0.0,0.0,0.0,256300.0,200200.0,511500.0,310500.0,387800.0,0.0,0.0,0.0,0.0,0.0,29700.0,433900.0,67400.0,345100.0,183800.0,0.0,0.0,0.0,0.0,0.0
20230828100528744,SZSE,SZSE.ETF.159901,2.763,2.842,2.849,2.76,0.0,2.958,2.42,31321240.0,219600.0,87465936.82,606962.299999997,0.0,0.0,20230828,20230828,100528743,2.689,0.0,0.0,2.764,2.763,2.762,2.761,2.76,0.0,0.0,0.0,0.0,0.0,2.765,2.766,2.767,2.768,2.769,0.0,0.0,0.0,0.0,0.0,3600.0,282500.0,371500.0,310500.0,147800.0,0.0,0.0,0.0,0.0,0.0,24100.0,333900.0,27400.0,345100.0,183800.0,0.0,0.0,0.0,0.0,0.0
20230828100531744,SZSE,SZSE.ETF.159901,2.765,2.842,2.849,2.76,0.0,2.958,2.42,31323240.0,2000.0,87471466.82,5530.0,0.0,0.0,20230828,20230828,100531743,2.689,0.0,0.0,2.763,2.762,2.761,2.76,2.759,0.0,0.0,0.0,0.0,0.0,2.765,2.766,2.767,2.768,2.769,0.0,0.0,0.0,0.0,0.0,326100.0,431500.0,230400.0,267900.0,20200.0,0.0,0.0,0.0,0.0,0.0,25700.0,330300.0,87400.0,328500.0,140400.0,0.0,0.0,0.0,0.0,0.0
20230828100534724,SZSE,SZSE.ETF.159901,2.765,2.842,2.849,2.76,0.0,2.958,2.42,31323240.0,0.0,87471466.82,0.0,0.0,0.0,20230828,20230828,100534724,2.689,0.0,0.0,2.764,2.762,2.761,2.76,2.759,0.0,0.0,0.0,0.0,0.0,2.765,2.766,2.767,2.768,2.769,0.0,0.0,0.0,0.0,0.0,3600.0,381500.0,323900.0,526400.0,58200.0,0.0,0.0,0.0,0.0,0.0,42700.0,333900.0,177400.0,195100.0,183800.0,0.0,0.0,0.0,0.0,0.0
20230828100537764,SZSE,SZSE.ETF.159901,2.764,2.842,2.849,2.76,0.0,2.958,2.42,31326840.0,3600.0,87481417.22,9950.40000000596,0.0,0.0,20230828,20230828,100537763,2.689,0.0,0.0,2.763,2.762,2.761,2.76,2.759,0.0,0.0,0.0,0.0,0.0,2.764,2.765,2.766,2.767,2.768,0.0,0.0,0.0,0.0,0.0,3600.0,271500.0,390400.0,467900.0,120200.0,0.0,0.0,0.0,0.0,0.0,4400.0,156300.0,290300.0,167400.0,188500.0,0.0,0.0,0.0,0.0,0.0
20230828100540752,SZSE,SZSE.ETF.159901,2.765,2.842,2.849,2.76,0.0,2.958,2.42,31377540.0,50700.0,87621594.72,140177.5,0.0,0.0,20230828,20230828,100540753,2.689,0.0,0.0,2.763,2.762,2.761,2.76,2.759,0.0,0.0,0.0,0.0,0.0,2.765,2.766,2.767,2.768,2.769,0.0,0.0,0.0,0.0,0.0,3600.0,171400.0,600600.0,476400.0,241700.0,0.0,0.0,0.0,0.0,0.0,110000.0,230300.0,257400.0,213000.0,26000.0,0.0,0.0,0.0,0.0,0.0
20230828100543768,SZSE,SZSE.ETF.159901,2.765,2.842,2.849,2.76,0.0,2.958,2.42,31377540.0,0.0,87621594.72,0.0,0.0,0.0,20230828,20230828,100543770,2.689,0.0,0.0,2.763,2.762,2.761,2.76,2.759,0.0,0.0,0.0,0.0,0.0,2.764,2.765,2.766,2.767,2.768,0.0,0.0,0.0,0.0,0.0,38800.0,435000.0,580400.0,236500.0,241700.0,0.0,0.0,0.0,0.0,0.0,3600.0,110000.0,230300.0,320800.0,95100.0,0.0,0.0,0.0,0.0,0.0
20230828100546748,SZSE,SZSE.ETF.159901,2.765,2.842,2.849,2.76,0.0,2.958,2.42,31377540.0,0.0,87621594.72,0.0,0.0,0.0,20230828,20230828,100546747,2.689,0.0,0.0,2.763,2.762,2.761,2.76,2.759,0.0,0.0,0.0,0.0,0.0,2.765,2.766,2.767,2.768,2.769,0.0,0.0,0.0,0.0,0.0,42400.0,31400.0,477200.0,483300.0,138200.0,0.0,0.0,0.0,0.0,0.0,113600.0,330300.0,217400.0,213000.0,26000.0,0.0,0.0,0.0,0.0,0.0
20230828100549752,SZSE,SZSE.ETF.159901,2.765,2.842,2.849,2.76,0.0,2.958,2.42,31377540.0,0.0,87621594.72,0.0,0.0,0.0,20230828,20230828,100549752,2.689,0.0,0.0,2.763,2.762,2.761,2.76,2.759,0.0,0.0,0.0,0.0,0.0,2.764,2.765,2.766,2.767,2.768,0.0,0.0,0.0,0.0,0.0,42400.0,31400.0,480400.0,236500.0,521700.0,0.0,0.0,0.0,0.0,0.0,3700.0,110000.0,330300.0,177400.0,138500.0,0.0,0.0,0.0,0.0,0.0
20230828100552764,SZSE,SZSE.ETF.159901,2.765,2.842,2.849,2.76,0.0,2.958,2.42,31377540.0,0.0,87621594.72,0.0,0.0,0.0,20230828,20230828,100552765,2.689,0.0,0.0,2.763,2.762,2.761,2.76,2.759,0.0,0.0,0.0,0.0,0.0,2.764,2.765,2.766,2.767,2.768,0.0,0.0,0.0,0.0,0.0,42400.0,31400.0,230500.0,643300.0,425000.0,0.0,0.0,0.0,0.0,0.0,100100.0,73600.0,370300.0,717400.0,213100.0,0.0,0.0,0.0,0.0,0.0
20230828100555752,SZSE,SZSE.ETF.159901,2.765,2.842,2.849,2.76,0.0,2.958,2.42,31377540.0,0.0,87621594.72,0.0,0.0,0.0,20230828,20230828,100555752,2.689,0.0,0.0,2.763,2.762,2.761,2.76,2.759,0.0,0.0,0.0,0.0,0.0,2.764,2.765,2.766,2.767,2.768,0.0,0.0,0.0,0.0,0.0,42400.0,31400.0,90500.0,644800.0,468500.0,0.0,0.0,0.0,0.0,0.0,103700.0,110000.0,930300.0,197500.0,233000.0,0.0,0.0,0.0,0.0,0.0
20230828100558796,SZSE,SZSE.ETF.159901,2.76,2.842,2.849,2.76,0.0,2.958,2.42,31678240.0,300700.0,88451821.62,830226.900000006,0.0,0.0,20230828,20230828,100558796,2.689,0.0,0.0,2.761,2.76,2.759,2.758,2.757,0.0,0.0,0.0,0.0,0.0,2.762,2.764,2.765,2.766,2.767,0.0,0.0,0.0,0.0,0.0,250000.0,520400.0,268500.0,401100.0,12900.0,0.0,0.0,0.0,0.0,0.0,50000.0,180100.0,110000.0,967000.0,120800.0,0.0,0.0,0.0,0.0,0.0
20230828100601768,SZSE,SZSE.ETF.159901,2.762,2.842,2.849,2.76,0.0,2.958,2.42,31728240.0,50000.0,88589921.62,138100.0,0.0,0.0,20230828,20230828,100601769,2.689,0.0,0.0,2.762,2.761,2.76,2.759,2.758,0.0,0.0,0.0,0.0,0.0,2.763,2.764,2.765,2.766,2.767,0.0,0.0,0.0,0.0,0.0,17100.0,63600.0,445000.0,276900.0,444700.0,0.0,0.0,0.0,0.0,0.0,3600.0,180000.0,50000.0,1108400.0,67300.0,0.0,0.0,0.0,0.0,0.0
20230828100604764,SZSE,SZSE.ETF.159901,2.762,2.842,2.849,2.76,0.0,2.958,2.42,31728440.0,200.0,88590474.02,552.3999999910593,0.0,0.0,20230828,20230828,100604765,2.689,0.0,0.0,2.762,2.761,2.76,2.759,2.758,0.0,0.0,0.0,0.0,0.0,2.763,2.764,2.765,2.766,2.767,0.0,0.0,0.0,0.0,0.0,20500.0,60000.0,335000.0,333800.0,375700.0,0.0,0.0,0.0,0.0,0.0,100000.0,83600.0,150000.0,1056900.0,108800.0,0.0,0.0,0.0,0.0,0.0
20230828100607784,SZSE,SZSE.ETF.159901,2.762,2.842,2.849,2.76,0.0,2.958,2.42,31748940.0,20500.0,88647111.92,56637.90000000596,0.0,0.0,20230828,20230828,100607783,2.689,0.0,0.0,2.761,2.76,2.759,2.758,2.757,0.0,0.0,0.0,0.0,0.0,2.762,2.763,2.764,2.765,2.766,0.0,0.0,0.0,0.0,0.0,269200.0,335000.0,290300.0,419300.0,152900.0,0.0,0.0,0.0,0.0,0.0,86400.0,3600.0,180000.0,50000.0,1200300.0,0.0,0.0,0.0,0.0,0.0
20230828100610796,SZSE,SZSE.ETF.159901,2.762,2.842,2.849,2.76,0.0,2.958,2.42,31808940.0,60000.0,88812831.92,165720.0,0.0,0.0,20230828,20230828,100610797,2.689,0.0,0.0,2.761,2.76,2.759,2.758,2.757,0.0,0.0,0.0,0.0,0.0,2.762,2.763,2.764,2.765,2.766,0.0,0.0,0.0,0.0,0.0,69200.0,245000.0,340300.0,381400.0,190800.0,0.0,0.0,0.0,0.0,0.0,30000.0,100000.0,80000.0,229900.0,1008400.0,0.0,0.0,0.0,0.0,0.0
20230828100613816,SZSE,SZSE.ETF.159901,2.762,2.842,2.849,2.76,0.0,2.958,2.42,31808940.0,0.0,88812831.92,0.0,0.0,0.0,20230828,20230828,100613815,2.689,0.0,0.0,2.761,2.76,2.759,2.758,2.757,0.0,0.0,0.0,0.0,0.0,2.762,2.763,2.764,2.765,2.766,0.0,0.0,0.0,0.0,0.0,9200.0,405000.0,340300.0,381400.0,230800.0,0.0,0.0,0.0,0.0,0.0,110000.0,100000.0,80000.0,339900.0,948400.0,0.0,0.0,0.0,0.0,0.0
20230828100616784,SZSE,SZSE.ETF.159901,2.762,2.842,2.849,2.76,0.0,2.958,2.42,31820340.0,11400.0,88844318.72,31486.79999999702,0.0,0.0,20230828,20230828,100616782,2.689,0.0,0.0,2.761,2.76,2.759,2.758,2.757,0.0,0.0,0.0,0.0,0.0,2.762,2.763,2.765,2.766,2.767,0.0,0.0,0.0,0.0,0.0,205600.0,308600.0,340300.0,337800.0,374400.0,0.0,0.0,0.0,0.0,0.0,98600.0,100000.0,383300.0,905000.0,127400.0,0.0,0.0,0.0,0.0,0.0
20230828100619800,SZSE,SZSE.ETF.159901,2.76,2.842,2.849,2.76,0.0,2.958,2.42,32120540.0,300200.0,89673080.12,828761.400000006,0.0,0.0,20230828,20230828,100619798,2.689,0.0,0.0,2.76,2.759,2.758,2.757,2.756,0.0,0.0,0.0,0.0,0.0,2.762,2.763,2.765,2.766,2.767,0.0,0.0,0.0,0.0,0.0,314200.0,440300.0,381400.0,290800.0,60700.0,0.0,0.0,0.0,0.0,0.0,98600.0,200000.0,399900.0,988400.0,27400.0,0.0,0.0,0.0,0.0,0.0
20230828100622784,SZSE,SZSE.ETF.159901,2.762,2.842,2.849,2.76,0.0,2.958,2.42,32254240.0,133700.0,90042296.52,369216.39999999106,0.0,0.0,20230828,20230828,100622785,2.689,0.0,0.0,2.762,2.761,2.76,2.759,2.758,0.0,0.0,0.0,0.0,0.0,2.764,2.765,2.766,2.767,2.768,0.0,0.0,0.0,0.0,0.0,488400.0,203600.0,282700.0,150300.0,1127800.0,0.0,0.0,0.0,0.0,0.0,100000.0,49900.0,588400.0,27400.0,61100.0,0.0,0.0,0.0,0.0,0.0
20230828100625784,SZSE,SZSE.ETF.159901,2.762,2.842,2.849,2.76,0.0,2.958,2.42,32254240.0,0.0,90042296.52,0.0,0.0,0.0,20230828,20230828,100625785,2.689,0.0,0.0,2.763,2.762,2.76,2.759,2.758,0.0,0.0,0.0,0.0,0.0,2.764,2.765,2.766,2.767,2.768,0.0,0.0,0.0,0.0,0.0,3600.0,528900.0,466400.0,127000.0,289000.0,0.0,0.0,0.0,0.0,0.0,3600.0,170000.0,280300.0,207400.0,219100.0,0.0,0.0,0.0,0.0,0.0
20230828100628780,SZSE,SZSE.ETF.159901,2.764,2.842,2.849,2.76,0.0,2.958,2.42,32301440.0,47200.0,90172757.32,130460.79999999702,0.0,0.0,20230828,20230828,100628781,2.689,0.0,0.0,2.763,2.762,2.761,2.76,2.759,0.0,0.0,0.0,0.0,0.0,2.764,2.765,2.766,2.767,2.768,0.0,0.0,0.0,0.0,0.0,3600.0,481700.0,292000.0,382900.0,168500.0,0.0,0.0,0.0,0.0,0.0,3600.0,160000.0,230300.0,207400.0,219100.0,0.0,0.0,0.0,0.0,0.0
20230828100631780,SZSE,SZSE.ETF.159901,2.764,2.842,2.849,2.76,0.0,2.958,2.42,32301440.0,0.0,90172757.32,0.0,0.0,0.0,20230828,20230828,100631780,2.689,0.0,0.0,2.763,2.762,2.761,2.76,2.759,0.0,0.0,0.0,0.0,0.0,2.764,2.765,2.766,2.767,2.768,0.0,0.0,0.0,0.0,0.0,3600.0,481700.0,502300.0,259500.0,221700.0,0.0,0.0,0.0,0.0,0.0,3600.0,100000.0,290300.0,257400.0,219000.0,0.0,0.0,0.0,0.0,0.0
20230828100634744,SZSE,SZSE.ETF.159901,2.762,2.842,2.849,2.76,0.0,2.958,2.42,32386340.0,84900.0,90407254.72,234497.40000000596,0.0,0.0,20230828,20230828,100634746,2.689,0.0,0.0,2.762,2.761,2.76,2.759,2.758,0.0,0.0,0.0,0.0,0.0,2.764,2.765,2.766,2.767,2.768,0.0,0.0,0.0,0.0,0.0,400600.0,192200.0,319500.0,271800.0,111000.0,0.0,0.0,0.0,0.0,0.0,3600.0,160000.0,230300.0,257400.0,219000.0,0.0,0.0,0.0,0.0,0.0
20230828100637752,SZSE,SZSE.ETF.159901,2.762,2.842,2.849,2.76,0.0,2.958,2.42,32386340.0,0.0,90407254.72,0.0,0.0,0.0,20230828,20230828,100637752,2.689,0.0,0.0,2.763,2.762,2.761,2.76,2.759,0.0,0.0,0.0,0.0,0.0,2.764,2.765,2.766,2.767,2.768,0.0,0.0,0.0,0.0,0.0,3600.0,360600.0,192300.0,233700.0,436900.0,0.0,0.0,0.0,0.0,0.0,60000.0,108600.0,270300.0,167400.0,219100.0,0.0,0.0,0.0,0.0,0.0
20230828100640736,SZSE,SZSE.ETF.159901,2.762,2.842,2.849,2.76,0.0,2.958,2.42,32386340.0,0.0,90407254.72,0.0,0.0,0.0,20230828,20230828,100640737,2.689,0.0,0.0,2.762,2.761,2.76,2.759,2.758,0.0,0.0,0.0,0.0,0.0,2.764,2.765,2.766,2.767,2.768,0.0,0.0,0.0,0.0,0.0,364200.0,382300.0,441000.0,218400.0,211000.0,0.0,0.0,0.0,0.0,0.0,163600.0,5000.0,370300.0,160800.0,175700.0,0.0,0.0,0.0,0.0,0.0
20230828100643744,SZSE,SZSE.ETF.159901,2.762,2.842,2.849,2.76,0.0,2.958,2.42,32386340.0,0.0,90407254.72,0.0,0.0,0.0,20230828,20230828,100643744,2.689,0.0,0.0,2.763,2.762,2.761,2.76,2.759,0.0,0.0,0.0,0.0,0.0,2.764,2.765,2.766,2.767,2.768,0.0,0.0,0.0,0.0,0.0,3600.0,360600.0,242200.0,587600.0,173800.0,0.0,0.0,0.0,0.0,0.0,103600.0,65000.0,370300.0,67400.0,219000.0,0.0,0.0,0.0,0.0,0.0
20230828100646756,SZSE,SZSE.ETF.159901,2.762,2.842,2.849,2.76,0.0,2.958,2.42,32483440.0,97100.0,90675448.52,268193.799999997,0.0,0.0,20230828,20230828,100646757,2.689,0.0,0.0,2.762,2.761,2.76,2.759,2.758,0.0,0.0,0.0,0.0,0.0,2.764,2.765,2.766,2.767,2.768,0.0,0.0,0.0,0.0,0.0,270700.0,332200.0,537600.0,131800.0,211000.0,0.0,0.0,0.0,0.0,0.0,103600.0,65000.0,370300.0,160800.0,175600.0,0.0,0.0,0.0,0.0,0.0
20230828100649708,SZSE,SZSE.ETF.159901,2.762,2.842,2.849,2.76,0.0,2.958,2.42,32483440.0,0.0,90675448.52,0.0,0.0,0.0,20230828,20230828,100649707,2.689,0.0,0.0,2.763,2.762,2.761,2.76,2.759,0.0,0.0,0.0,0.0,0.0,2.764,2.765,2.766,2.767,2.768,0.0,0.0,0.0,0.0,0.0,3600.0,700.0,242200.0,587600.0,173800.0,0.0,0.0,0.0,0.0,0.0,103600.0,65000.0,370300.0,67400.0,219000.0,0.0,0.0,0.0,0.0,0.0
20230828100652720,SZSE,SZSE.ETF.159901,2.762,2.842,2.849,2.76,0.0,2.958,2.42,32483440.0,0.0,90675448.52,0.0,0.0,0.0,20230828,20230828,100652722,2.689,0.0,0.0,2.762,2.761,2.76,2.759,2.758,0.0,0.0,0.0,0.0,0.0,2.764,2.765,2.766,2.767,2.768,0.0,0.0,0.0,0.0,0.0,4300.0,132200.0,501000.0,208500.0,211000.0,0.0,0.0,0.0,0.0,0.0,103600.0,65000.0,370300.0,160800.0,175700.0,0.0,0.0,0.0,0.0,0.0
20230828100655700,SZSE,SZSE.ETF.159901,2.762,2.842,2.849,2.76,0.0,2.958,2.42,32483440.0,0.0,90675448.52,0.0,0.0,0.0,20230828,20230828,100655699,2.689,0.0,0.0,2.762,2.761,2.76,2.759,2.758,0.0,0.0,0.0,0.0,0.0,2.763,2.764,2.765,2.766,2.767,0.0,0.0,0.0,0.0,0.0,700.0,45800.0,511100.0,330200.0,329300.0,0.0,0.0,0.0,0.0,0.0,3600.0,100000.0,65000.0,413700.0,107300.0,0.0,0.0,0.0,0.0,0.0
20230828100658740,SZSE,SZSE.ETF.159901,2.762,2.842,2.849,2.76,0.0,2.958,2.42,32483440.0,0.0,90675448.52,0.0,0.0,0.0,20230828,20230828,100658739,2.689,0.0,0.0,2.762,2.761,2.76,2.759,2.758,0.0,0.0,0.0,0.0,0.0,2.763,2.764,2.765,2.766,2.767,0.0,0.0,0.0,0.0,0.0,900.0,45800.0,311100.0,370200.0,329300.0,0.0,0.0,0.0,0.0,0.0,3600.0,100000.0,65000.0,503700.0,142000.0,0.0,0.0,0.0,0.0,0.0
20230828100701708,SZSE,SZSE.ETF.159901,2.764,2.842,2.849,2.76,0.0,2.958,2.42,32522540.0,39100.0,90783517.32,108068.79999999702,0.0,0.0,20230828,20230828,100701707,2.689,0.0,0.0,2.762,2.761,2.76,2.759,2.758,0.0,0.0,0.0,0.0,0.0,2.764,2.765,2.766,2.767,2.768,0.0,0.0,0.0,0.0,0.0,4500.0,2200.0,351100.0,170200.0,529300.0,0.0,0.0,0.0,0.0,0.0,64500.0,105000.0,463700.0,142000.0,61100.0,0.0,0.0,0.0,0.0,0.0
20230828100704732,SZSE,SZSE.ETF.159901,2.764,2.842,2.849,2.76,0.0,2.958,2.42,32522540.0,0.0,90783517.32,0.0,0.0,0.0,20230828,20230828,100704732,2.689,0.0,0.0,2.762,2.761,2.76,2.759,2.758,0.0,0.0,0.0,0.0,0.0,2.763,2.764,2.765,2.766,2.767,0.0,0.0,0.0,0.0,0.0,900.0,5800.0,251100.0,430200.0,429300.0,0.0,0.0,0.0,0.0,0.0,3900.0,100000.0,105000.0,423700.0,107300.0,0.0,0.0,0.0,0.0,0.0
20230828100707760,SZSE,SZSE.ETF.159901,2.764,2.842,2.849,2.76,0.0,2.958,2.42,32522540.0,0.0,90783517.32,0.0,0.0,0.0,20230828,20230828,100707758,2.689,0.0,0.0,2.762,2.761,2.76,2.759,2.758,0.0,0.0,0.0,0.0,0.0,2.763,2.764,2.765,2.766,2.767,0.0,0.0,0.0,0.0,0.0,4900.0,2200.0,101000.0,330200.0,519400.0,0.0,0.0,0.0,0.0,0.0,103900.0,100000.0,105000.0,363700.0,142000.0,0.0,0.0,0.0,0.0,0.0
20230828100710792,SZSE,SZSE.ETF.159901,2.762,2.842,2.849,2.76,0.0,2.958,2.42,32523840.0,1300.0,90787107.92,3590.6000000089407,0.0,0.0,20230828,20230828,100710791,2.689,0.0,0.0,2.761,2.76,2.759,2.758,2.757,0.0,0.0,0.0,0.0,0.0,2.763,2.764,2.765,2.766,2.767,0.0,0.0,0.0,0.0,0.0,11800.0,101000.0,270200.0,339400.0,112900.0,0.0,0.0,0.0,0.0,0.0,163900.0,40000.0,705000.0,363700.0,142000.0,0.0,0.0,0.0,0.0,0.0
20230828100713796,SZSE,SZSE.ETF.159901,2.761,2.842,2.849,2.76,0.0,2.958,2.42,32529840.0,6000.0,90803673.92,16566.0,0.0,0.0,20230828,20230828,100713795,2.689,0.0,0.0,2.761,2.76,2.759,2.758,2.757,0.0,0.0,0.0,0.0,0.0,2.762,2.763,2.764,2.765,2.766,0.0,0.0,0.0,0.0,0.0,22200.0,14600.0,180300.0,361100.0,211100.0,0.0,0.0,0.0,0.0,0.0,3800.0,160300.0,40000.0,788300.0,316800.0,0.0,0.0,0.0,0.0,0.0
20230828100716768,SZSE,SZSE.ETF.159901,2.761,2.842,2.849,2.76,0.0,2.958,2.42,32529840.0,0.0,90803673.92,0.0,0.0,0.0,20230828,20230828,100716766,2.689,0.0,0.0,2.761,2.76,2.759,2.758,2.757,0.0,0.0,0.0,0.0,0.0,2.762,2.763,2.764,2.765,2.766,0.0,0.0,0.0,0.0,0.0,25800.0,11000.0,90200.0,404700.0,377600.0,0.0,0.0,0.0,0.0,0.0,100200.0,63900.0,100000.0,734900.0,358200.0,0.0,0.0,0.0,0.0,0.0
20230828100719756,SZSE,SZSE.ETF.159901,2.761,2.842,2.849,2.76,0.0,2.958,2.42,32555640.0,25800.0,90874907.72,71233.79999999702,0.0,0.0,20230828,20230828,100719755,2.689,0.0,0.0,2.76,2.759,2.758,2.757,2.756,0.0,0.0,0.0,0.0,0.0,2.761,2.762,2.763,2.764,2.765,0.0,0.0,0.0,0.0,0.0,11000.0,90200.0,401100.0,421200.0,200700.0,0.0,0.0,0.0,0.0,0.0,230800.0,103800.0,100300.0,700000.0,178300.0,0.0,0.0,0.0,0.0,0.0
20230828100722764,SZSE,SZSE.ETF.159901,2.761,2.842,2.849,2.76,0.0,2.958,2.42,32555640.0,0.0,90874907.72,0.0,0.0,0.0,20230828,20230828,100722765,2.689,0.0,0.0,2.76,2.759,2.758,2.757,2.756,0.0,0.0,0.0,0.0,0.0,2.761,2.762,2.763,2.764,2.765,0.0,0.0,0.0,0.0,0.0,11000.0,3800.0,401000.0,303000.0,409000.0,0.0,0.0,0.0,0.0,0.0,234400.0,100200.0,100300.0,860100.0,43000.0,0.0,0.0,0.0,0.0,0.0
20230828100725740,SZSE,SZSE.ETF.159901,2.761,2.842,2.849,2.76,0.0,2.958,2.42,32555640.0,0.0,90874907.72,0.0,0.0,0.0,20230828,20230828,100725741,2.689,0.0,0.0,2.76,2.759,2.758,2.757,2.756,0.0,0.0,0.0,0.0,0.0,2.761,2.762,2.763,2.764,2.765,0.0,0.0,0.0,0.0,0.0,18000.0,3800.0,301000.0,203000.0,469000.0,0.0,0.0,0.0,0.0,0.0,334400.0,200.0,200300.0,810100.0,43000.0,0.0,0.0,0.0,0.0,0.0
20230828100728760,SZSE,SZSE.ETF.159901,2.761,2.842,2.849,2.76,0.0,2.958,2.42,32555640.0,0.0,90874907.72,0.0,0.0,0.0,20230828,20230828,100728758,2.689,0.0,0.0,2.76,2.759,2.758,2.757,2.756,0.0,0.0,0.0,0.0,0.0,2.761,2.762,2.763,2.764,2.765,0.0,0.0,0.0,0.0,0.0,18000.0,4000.0,261000.0,443000.0,469000.0,0.0,0.0,0.0,0.0,0.0,334400.0,40200.0,160300.0,810100.0,43000.0,0.0,0.0,0.0,0.0,0.0
20230828100731760,SZSE,SZSE.ETF.159901,2.76,2.842,2.849,2.76,0.0,2.958,2.42,32573640.0,18000.0,90924587.72,49680.0,0.0,0.0,20230828,20230828,100731762,2.689,0.0,0.0,2.759,2.758,2.757,2.756,2.755,0.0,0.0,0.0,0.0,0.0,2.76,2.761,2.762,2.763,2.764,0.0,0.0,0.0,0.0,0.0,4000.0,201000.0,251400.0,469000.0,109000.0,0.0,0.0,0.0,0.0,0.0,394700.0,334400.0,40200.0,100300.0,210100.0,0.0,0.0,0.0,0.0,0.0
