time,exchg,code,price,open,high,low,settle_price,upper_limit,lower_limit,total_volume,volume,total_turnover,turnover,open_interest,diff_interest,trading_date,action_date,action_time,pre_close,pre_settle,pre_interest,bid_price_0,bid_price_1,bid_price_2,bid_price_3,bid_price_4,bid_price_5,bid_price_6,bid_price_7,bid_price_8,bid_price_9,ask_price_0,ask_price_1,ask_price_2,ask_price_3,ask_price_4,ask_price_5,ask_price_6,ask_price_7,ask_price_8,ask_price_9,bid_qty_0,bid_qty_1,bid_qty_2,bid_qty_3,bid_qty_4,bid_qty_5,bid_qty_6,bid_qty_7,bid_qty_8,bid_qty_9,ask_qty_0,ask_qty_1,ask_qty_2,ask_qty_3,ask_qty_4,ask_qty_5,ask_qty_6,ask_qty_7,ask_qty_8,ask_qty_9
20230823093659056,SZSE,SZSE.ETF.159901,2.716,2.717,2.722,2.713,0.0,3.0,2.454,4103216.0,103600.0,11150703.708,281377.6000000015,0.0,0.0,20230823,20230823,93659054,2.727,0.0,0.0,2.715,2.714,2.713,2.712,2.711,0.0,0.0,0.0,0.0,0.0,2.716,2.717,2.718,2.719,2.72,0.0,0.0,0.0,0.0,0.0,261300.0,428700.0,814000.0,229600.0,207900.0,0.0,0.0,0.0,0.0,0.0,43800.0,203600.0,242800.0,397300.0,272200.0,0.0,0.0,0.0,0.0,0.0
20230823093702092,SZSE,SZSE.ETF.159901,2.716,2.717,2.722,2.713,0.0,3.0,2.454,4303216.0,200000.0,11693903.708,543200.0,0.0,0.0,20230823,20230823,93702091,2.727,0.0,0.0,2.715,2.714,2.713,2.712,2.711,0.0,0.0,0.0,0.0,0.0,2.716,2.717,2.718,2.719,2.72,0.0,0.0,0.0,0.0,0.0,346300.0,306200.0,1361300.0,342400.0,207900.0,0.0,0.0,0.0,0.0,0.0,43800.0,203600.0,290100.0,358000.0,268900.0,0.0,0.0,0.0,0.0,0.0
20230823093705164,SZSE,SZSE.ETF.159901,2.716,2.717,2.722,2.713,0.0,3.0,2.454,4447016.0,143800.0,12084464.508,390560.7999999989,0.0,0.0,20230823,20230823,93705164,2.727,0.0,0.0,2.716,2.715,2.714,2.713,2.712,0.0,0.0,0.0,0.0,0.0,2.717,2.718,2.719,2.72,2.721,0.0,0.0,0.0,0.0,0.0,67400.0,386300.0,506100.0,461300.0,442400.0,0.0,0.0,0.0,0.0,0.0,203600.0,230100.0,318000.0,268900.0,80000.0,0.0,0.0,0.0,0.0,0.0
20230823093708264,SZSE,SZSE.ETF.159901,2.716,2.717,2.722,2.713,0.0,3.0,2.454,4447016.0,0.0,12084464.508,0.0,0.0,0.0,20230823,20230823,93708263,2.727,0.0,0.0,2.716,2.715,2.714,2.713,2.712,0.0,0.0,0.0,0.0,0.0,2.717,2.718,2.719,2.72,2.721,0.0,0.0,0.0,0.0,0.0,3600.0,240100.0,358600.0,774000.0,289600.0,0.0,0.0,0.0,0.0,0.0,203600.0,242800.0,397300.0,232200.0,354600.0,0.0,0.0,0.0,0.0,0.0
20230823093711188,SZSE,SZSE.ETF.159901,2.716,2.717,2.722,2.713,0.0,3.0,2.454,4450616.0,3600.0,12094242.108,9777.599999999627,0.0,0.0,20230823,20230823,93711189,2.727,0.0,0.0,2.715,2.714,2.713,2.712,2.711,0.0,0.0,0.0,0.0,0.0,2.717,2.718,2.719,2.72,2.721,0.0,0.0,0.0,0.0,0.0,266300.0,506100.0,817100.0,306500.0,167900.0,0.0,0.0,0.0,0.0,0.0,203600.0,240100.0,320000.0,549000.0,317800.0,0.0,0.0,0.0,0.0,0.0
20230823093714188,SZSE,SZSE.ETF.159901,2.716,2.717,2.722,2.713,0.0,3.0,2.454,4450616.0,0.0,12094242.108,0.0,0.0,0.0,20230823,20230823,93714189,2.727,0.0,0.0,2.715,2.714,2.713,2.712,2.711,0.0,0.0,0.0,0.0,0.0,2.716,2.717,2.718,2.719,2.72,0.0,0.0,0.0,0.0,0.0,263700.0,388700.0,701900.0,291700.0,167900.0,0.0,0.0,0.0,0.0,0.0,10000.0,263600.0,260100.0,260000.0,466300.0,0.0,0.0,0.0,0.0,0.0
20230823093717064,SZSE,SZSE.ETF.159901,2.716,2.717,2.722,2.713,0.0,3.0,2.454,4450616.0,0.0,12094242.108,0.0,0.0,0.0,20230823,20230823,93717063,2.727,0.0,0.0,2.715,2.714,2.713,2.712,2.711,0.0,0.0,0.0,0.0,0.0,2.716,2.717,2.718,2.719,2.72,0.0,0.0,0.0,0.0,0.0,106300.0,366100.0,461300.0,682400.0,207900.0,0.0,0.0,0.0,0.0,0.0,110000.0,263600.0,180100.0,258000.0,548900.0,0.0,0.0,0.0,0.0,0.0
20230823093946660,SZSE,SZSE.ETF.159901,2.712,2.717,2.722,2.712,0.0,3.0,2.454,4961116.0,10400.0,13479837.708,28204.800000000745,0.0,0.0,20230823,20230823,93946661,2.727,0.0,0.0,2.711,2.71,2.709,2.708,2.707,0.0,0.0,0.0,0.0,0.0,2.713,2.714,2.715,2.716,2.717,0.0,0.0,0.0,0.0,0.0,171500.0,365300.0,728900.0,557300.0,107000.0,0.0,0.0,0.0,0.0,0.0,261800.0,344300.0,319300.0,496200.0,40600.0,0.0,0.0,0.0,0.0,0.0
20230823093947460,SZSE,SZSE.ETF.159901,2.712,2.717,2.722,2.712,0.0,3.0,2.454,4961116.0,0.0,13479837.708,0.0,0.0,0.0,20230823,20230823,93947461,2.727,0.0,0.0,2.711,2.71,2.709,2.708,2.707,0.0,0.0,0.0,0.0,0.0,2.712,2.713,2.714,2.715,2.716,0.0,0.0,0.0,0.0,0.0,171500.0,363300.0,530900.0,555300.0,107000.0,0.0,0.0,0.0,0.0,0.0,100000.0,261800.0,344300.0,559300.0,456200.0,0.0,0.0,0.0,0.0,0.0
20230823093951204,SZSE,SZSE.ETF.159901,2.711,2.717,2.722,2.711,0.0,3.0,2.454,5061116.0,100000.0,13750937.708,271100.0,0.0,0.0,20230823,20230823,93951205,2.727,0.0,0.0,2.711,2.71,2.709,2.708,2.707,0.0,0.0,0.0,0.0,0.0,2.712,2.713,2.714,2.715,2.716,0.0,0.0,0.0,0.0,0.0,83600.0,285700.0,447900.0,558600.0,144400.0,0.0,0.0,0.0,0.0,0.0,3600.0,337500.0,186900.0,674700.0,461500.0,0.0,0.0,0.0,0.0,0.0
20230823093953912,SZSE,SZSE.ETF.159901,2.711,2.717,2.722,2.711,0.0,3.0,2.454,5061116.0,0.0,13750937.708,0.0,0.0,0.0,20230823,20230823,93953913,2.727,0.0,0.0,2.712,2.711,2.71,2.709,2.708,0.0,0.0,0.0,0.0,0.0,2.713,2.714,2.715,2.716,2.717,0.0,0.0,0.0,0.0,0.0,2000.0,184200.0,285700.0,647900.0,635900.0,0.0,0.0,0.0,0.0,0.0,341100.0,186900.0,357300.0,498800.0,80000.0,0.0,0.0,0.0,0.0,0.0
20230823093958296,SZSE,SZSE.ETF.159901,2.711,2.717,2.722,2.711,0.0,3.0,2.454,5061116.0,0.0,13750937.708,0.0,0.0,0.0,20230823,20230823,93958296,2.727,0.0,0.0,2.712,2.711,2.71,2.709,2.708,0.0,0.0,0.0,0.0,0.0,2.713,2.714,2.715,2.716,2.717,0.0,0.0,0.0,0.0,0.0,2000.0,164200.0,299800.0,828900.0,557300.0,0.0,0.0,0.0,0.0,0.0,303600.0,404300.0,419300.0,496200.0,40600.0,0.0,0.0,0.0,0.0,0.0
20230823094000288,SZSE,SZSE.ETF.159901,2.711,2.717,2.722,2.711,0.0,3.0,2.454,5061116.0,0.0,13750937.708,0.0,0.0,0.0,20230823,20230823,94000287,2.727,0.0,0.0,2.712,2.711,2.71,2.709,2.708,0.0,0.0,0.0,0.0,0.0,2.713,2.714,2.715,2.716,2.717,0.0,0.0,0.0,0.0,0.0,2000.0,104200.0,360800.0,726200.0,520000.0,0.0,0.0,0.0,0.0,0.0,263600.0,344300.0,319300.0,458900.0,77900.0,0.0,0.0,0.0,0.0,0.0
20230823094003264,SZSE,SZSE.ETF.159901,2.711,2.717,2.722,2.711,0.0,3.0,2.454,5061116.0,0.0,13750937.708,0.0,0.0,0.0,20230823,20230823,94003264,2.727,0.0,0.0,2.712,2.711,2.71,2.709,2.708,0.0,0.0,0.0,0.0,0.0,2.713,2.714,2.715,2.716,2.717,0.0,0.0,0.0,0.0,0.0,2000.0,104200.0,360800.0,688900.0,557300.0,0.0,0.0,0.0,0.0,0.0,263600.0,344300.0,319300.0,496200.0,40600.0,0.0,0.0,0.0,0.0,0.0
20230823094005688,SZSE,SZSE.ETF.159901,2.711,2.717,2.722,2.711,0.0,3.0,2.454,5061116.0,0.0,13750937.708,0.0,0.0,0.0,20230823,20230823,94005689,2.727,0.0,0.0,2.712,2.711,2.71,2.709,2.708,0.0,0.0,0.0,0.0,0.0,2.713,2.714,2.715,2.716,2.717,0.0,0.0,0.0,0.0,0.0,2000.0,164200.0,300800.0,728900.0,557300.0,0.0,0.0,0.0,0.0,0.0,253600.0,324300.0,319300.0,376200.0,240600.0,0.0,0.0,0.0,0.0,0.0
20230823094008516,SZSE,SZSE.ETF.159901,2.711,2.717,2.722,2.711,0.0,3.0,2.454,5061116.0,0.0,13750937.708,0.0,0.0,0.0,20230823,20230823,94008515,2.727,0.0,0.0,2.712,2.711,2.71,2.709,2.708,0.0,0.0,0.0,0.0,0.0,2.713,2.714,2.715,2.716,2.717,0.0,0.0,0.0,0.0,0.0,2000.0,104200.0,400800.0,488900.0,517300.0,0.0,0.0,0.0,0.0,0.0,313600.0,344300.0,519300.0,496200.0,40600.0,0.0,0.0,0.0,0.0,0.0
20230823094014332,SZSE,SZSE.ETF.159901,2.712,2.717,2.722,2.711,0.0,3.0,2.454,5063116.0,400.0,13756361.708,1084.800000000745,0.0,0.0,20230823,20230823,94014331,2.727,0.0,0.0,2.711,2.71,2.709,2.708,2.707,0.0,0.0,0.0,0.0,0.0,2.712,2.713,2.714,2.715,2.716,0.0,0.0,0.0,0.0,0.0,4200.0,300900.0,508900.0,559300.0,187000.0,0.0,0.0,0.0,0.0,0.0,60000.0,333600.0,344300.0,340000.0,496200.0,0.0,0.0,0.0,0.0,0.0
20230823094017160,SZSE,SZSE.ETF.159901,2.712,2.717,2.722,2.711,0.0,3.0,2.454,5063116.0,0.0,13756361.708,0.0,0.0,0.0,20230823,20230823,94017161,2.727,0.0,0.0,2.711,2.71,2.709,2.708,2.707,0.0,0.0,0.0,0.0,0.0,2.712,2.713,2.714,2.715,2.716,0.0,0.0,0.0,0.0,0.0,600.0,146900.0,467900.0,395900.0,509000.0,0.0,0.0,0.0,0.0,0.0,263600.0,407500.0,266900.0,579700.0,297100.0,0.0,0.0,0.0,0.0,0.0
20230823094020556,SZSE,SZSE.ETF.159901,2.711,2.717,2.722,2.711,0.0,3.0,2.454,5065716.0,2600.0,13763410.308,7048.5999999996275,0.0,0.0,20230823,20230823,94020555,2.727,0.0,0.0,2.71,2.709,2.708,2.707,2.706,0.0,0.0,0.0,0.0,0.0,2.711,2.712,2.713,2.714,2.715,0.0,0.0,0.0,0.0,0.0,146900.0,467900.0,498600.0,546400.0,59700.0,0.0,0.0,0.0,0.0,0.0,98400.0,241100.0,330000.0,306900.0,577100.0,0.0,0.0,0.0,0.0,0.0
20230823094023144,SZSE,SZSE.ETF.159901,2.711,2.717,2.722,2.711,0.0,3.0,2.454,5065716.0,0.0,13763410.308,0.0,0.0,0.0,20230823,20230823,94023142,2.727,0.0,0.0,2.71,2.709,2.708,2.707,2.706,0.0,0.0,0.0,0.0,0.0,2.711,2.712,2.713,2.714,2.715,0.0,0.0,0.0,0.0,0.0,146900.0,317800.0,564100.0,534500.0,159700.0,0.0,0.0,0.0,0.0,0.0,102000.0,417500.0,230000.0,644900.0,359100.0,0.0,0.0,0.0,0.0,0.0
20230823094026152,SZSE,SZSE.ETF.159901,2.71,2.717,2.722,2.71,0.0,3.0,2.454,5164116.0,98400.0,14030074.308,266664.0,0.0,0.0,20230823,20230823,94026150,2.727,0.0,0.0,2.71,2.709,2.708,2.707,2.706,0.0,0.0,0.0,0.0,0.0,2.711,2.712,2.713,2.714,2.715,0.0,0.0,0.0,0.0,0.0,184700.0,180200.0,621700.0,497100.0,197100.0,0.0,0.0,0.0,0.0,0.0,63600.0,277500.0,230000.0,762300.0,321700.0,0.0,0.0,0.0,0.0,0.0
20230823094029068,SZSE,SZSE.ETF.159901,2.711,2.717,2.722,2.71,0.0,3.0,2.454,5164216.0,100.0,14030345.408,271.09999999962747,0.0,0.0,20230823,20230823,94029069,2.727,0.0,0.0,2.71,2.709,2.708,2.707,2.706,0.0,0.0,0.0,0.0,0.0,2.711,2.712,2.713,2.714,2.715,0.0,0.0,0.0,0.0,0.0,84700.0,317800.0,444100.0,574500.0,159700.0,0.0,0.0,0.0,0.0,0.0,3500.0,337500.0,150000.0,624900.0,439100.0,0.0,0.0,0.0,0.0,0.0
20230823094032216,SZSE,SZSE.ETF.159901,2.71,2.717,2.722,2.71,0.0,3.0,2.454,5169216.0,5000.0,14043895.408,13550.0,0.0,0.0,20230823,20230823,94032214,2.727,0.0,0.0,2.709,2.708,2.707,2.706,2.705,0.0,0.0,0.0,0.0,0.0,2.711,2.712,2.713,2.714,2.715,0.0,0.0,0.0,0.0,0.0,257800.0,584100.0,534500.0,159700.0,11100.0,0.0,0.0,0.0,0.0,0.0,60000.0,203600.0,227500.0,544900.0,439100.0,0.0,0.0,0.0,0.0,0.0
20230823094035432,SZSE,SZSE.ETF.159901,2.71,2.717,2.722,2.71,0.0,3.0,2.454,5169216.0,0.0,14043895.408,0.0,0.0,0.0,20230823,20230823,94035434,2.727,0.0,0.0,2.71,2.709,2.708,2.707,2.706,0.0,0.0,0.0,0.0,0.0,2.711,2.712,2.713,2.714,2.715,0.0,0.0,0.0,0.0,0.0,3600.0,257800.0,464100.0,502100.0,312100.0,0.0,0.0,0.0,0.0,0.0,63600.0,277500.0,190000.0,579200.0,364800.0,0.0,0.0,0.0,0.0,0.0
20230823094038752,SZSE,SZSE.ETF.159901,2.71,2.717,2.722,2.71,0.0,3.0,2.454,5172816.0,3600.0,14053651.408,9756.0,0.0,0.0,20230823,20230823,94038751,2.727,0.0,0.0,2.709,2.708,2.707,2.706,2.705,0.0,0.0,0.0,0.0,0.0,2.711,2.712,2.713,2.714,2.715,0.0,0.0,0.0,0.0,0.0,103800.0,541700.0,513100.0,521100.0,11100.0,0.0,0.0,0.0,0.0,0.0,163600.0,357700.0,230000.0,626100.0,78000.0,0.0,0.0,0.0,0.0,0.0
20230823094041952,SZSE,SZSE.ETF.159901,2.71,2.717,2.722,2.71,0.0,3.0,2.454,5172816.0,0.0,14053651.408,0.0,0.0,0.0,20230823,20230823,94041951,2.727,0.0,0.0,2.709,2.708,2.707,2.706,2.705,0.0,0.0,0.0,0.0,0.0,2.71,2.711,2.712,2.713,2.714,0.0,0.0,0.0,0.0,0.0,103800.0,401700.0,457700.0,676500.0,11100.0,0.0,0.0,0.0,0.0,0.0,60000.0,183600.0,357700.0,230000.0,583500.0,0.0,0.0,0.0,0.0,0.0
20230823094044704,SZSE,SZSE.ETF.159901,2.71,2.717,2.722,2.71,0.0,3.0,2.454,5174816.0,2000.0,14059071.408,5420.0,0.0,0.0,20230823,20230823,94044703,2.727,0.0,0.0,2.709,2.708,2.707,2.706,2.705,0.0,0.0,0.0,0.0,0.0,2.71,2.711,2.712,2.713,2.714,0.0,0.0,0.0,0.0,0.0,103800.0,338100.0,697100.0,547200.0,151100.0,0.0,0.0,0.0,0.0,0.0,3600.0,337500.0,100200.0,488000.0,566100.0,0.0,0.0,0.0,0.0,0.0
20230823094047660,SZSE,SZSE.ETF.159901,2.71,2.717,2.722,2.71,0.0,3.0,2.454,5174816.0,0.0,14059071.408,0.0,0.0,0.0,20230823,20230823,94047661,2.727,0.0,0.0,2.709,2.708,2.707,2.706,2.705,0.0,0.0,0.0,0.0,0.0,2.71,2.711,2.712,2.713,2.714,0.0,0.0,0.0,0.0,0.0,183800.0,278100.0,677100.0,547200.0,151100.0,0.0,0.0,0.0,0.0,0.0,60000.0,203600.0,227700.0,408000.0,526100.0,0.0,0.0,0.0,0.0,0.0
20230823094050528,SZSE,SZSE.ETF.159901,2.71,2.717,2.722,2.71,0.0,3.0,2.454,5175116.0,300.0,14059884.408,813.0,0.0,0.0,20230823,20230823,94050529,2.727,0.0,0.0,2.709,2.708,2.707,2.706,2.705,0.0,0.0,0.0,0.0,0.0,2.71,2.711,2.712,2.713,2.714,0.0,0.0,0.0,0.0,0.0,103800.0,278100.0,477100.0,587200.0,157100.0,0.0,0.0,0.0,0.0,0.0,63300.0,200000.0,307700.0,688000.0,486100.0,0.0,0.0,0.0,0.0,0.0
20230823094053380,SZSE,SZSE.ETF.159901,2.71,2.717,2.722,2.71,0.0,3.0,2.454,5175116.0,0.0,14059884.408,0.0,0.0,0.0,20230823,20230823,94053381,2.727,0.0,0.0,2.709,2.708,2.707,2.706,2.705,0.0,0.0,0.0,0.0,0.0,2.71,2.711,2.712,2.713,2.714,0.0,0.0,0.0,0.0,0.0,3800.0,198500.0,594800.0,687200.0,157100.0,0.0,0.0,0.0,0.0,0.0,163300.0,277700.0,230200.0,348000.0,486100.0,0.0,0.0,0.0,0.0,0.0
20230823094056340,SZSE,SZSE.ETF.159901,2.71,2.717,2.722,2.71,0.0,3.0,2.454,5175116.0,0.0,14059884.408,0.0,0.0,0.0,20230823,20230823,94056339,2.727,0.0,0.0,2.709,2.708,2.707,2.706,2.705,0.0,0.0,0.0,0.0,0.0,2.71,2.711,2.712,2.713,2.714,0.0,0.0,0.0,0.0,0.0,200.0,122100.0,674800.0,725800.0,318500.0,0.0,0.0,0.0,0.0,0.0,163600.0,357700.0,270200.0,349200.0,404900.0,0.0,0.0,0.0,0.0,0.0
20230823094059300,SZSE,SZSE.ETF.159901,2.71,2.717,2.722,2.71,0.0,3.0,2.454,5175116.0,0.0,14059884.408,0.0,0.0,0.0,20230823,20230823,94059301,2.727,0.0,0.0,2.709,2.708,2.707,2.706,2.705,0.0,0.0,0.0,0.0,0.0,2.71,2.711,2.712,2.713,2.714,0.0,0.0,0.0,0.0,0.0,200.0,122100.0,424700.0,685800.0,368600.0,0.0,0.0,0.0,0.0,0.0,163600.0,357700.0,270200.0,349200.0,404900.0,0.0,0.0,0.0,0.0,0.0
20230823094102036,SZSE,SZSE.ETF.159901,2.709,2.717,2.722,2.709,0.0,3.0,2.454,5175316.0,200.0,14060426.208,541.8000000007451,0.0,0.0,20230823,20230823,94102037,2.727,0.0,0.0,2.708,2.707,2.706,2.705,2.704,0.0,0.0,0.0,0.0,0.0,2.71,2.711,2.712,2.713,2.714,0.0,0.0,0.0,0.0,0.0,122100.0,324700.0,545800.0,468600.0,235000.0,0.0,0.0,0.0,0.0,0.0,263600.0,257700.0,370200.0,449200.0,404900.0,0.0,0.0,0.0,0.0,0.0
20230823094105292,SZSE,SZSE.ETF.159901,2.709,2.717,2.722,2.709,0.0,3.0,2.454,5175316.0,0.0,14060426.208,0.0,0.0,0.0,20230823,20230823,94105291,2.727,0.0,0.0,2.708,2.707,2.706,2.705,2.704,0.0,0.0,0.0,0.0,0.0,2.709,2.71,2.711,2.712,2.713,0.0,0.0,0.0,0.0,0.0,122100.0,363700.0,709800.0,544700.0,155000.0,0.0,0.0,0.0,0.0,0.0,3600.0,260000.0,257700.0,370200.0,527300.0,0.0,0.0,0.0,0.0,0.0
20230823094108164,SZSE,SZSE.ETF.159901,2.709,2.717,2.722,2.709,0.0,3.0,2.454,5175316.0,0.0,14060426.208,0.0,0.0,0.0,20230823,20230823,94108163,2.727,0.0,0.0,2.708,2.707,2.706,2.705,2.704,0.0,0.0,0.0,0.0,0.0,2.709,2.71,2.711,2.712,2.713,0.0,0.0,0.0,0.0,0.0,22100.0,324600.0,669800.0,684700.0,155000.0,0.0,0.0,0.0,0.0,0.0,100000.0,363600.0,177700.0,408200.0,489300.0,0.0,0.0,0.0,0.0,0.0
20230823094111040,SZSE,SZSE.ETF.159901,2.709,2.717,2.722,2.709,0.0,3.0,2.454,5175316.0,0.0,14060426.208,0.0,0.0,0.0,20230823,20230823,94111041,2.727,0.0,0.0,2.708,2.707,2.706,2.705,2.704,0.0,0.0,0.0,0.0,0.0,2.709,2.71,2.711,2.712,2.713,0.0,0.0,0.0,0.0,0.0,22100.0,166900.0,707500.0,645900.0,353800.0,0.0,0.0,0.0,0.0,0.0,103600.0,417500.0,220200.0,386800.0,290700.0,0.0,0.0,0.0,0.0,0.0
20230823094114244,SZSE,SZSE.ETF.159901,2.709,2.717,2.722,2.709,0.0,3.0,2.454,5175316.0,0.0,14060426.208,0.0,0.0,0.0,20230823,20230823,94114244,2.727,0.0,0.0,2.708,2.707,2.706,2.705,2.704,0.0,0.0,0.0,0.0,0.0,2.709,2.71,2.711,2.712,2.713,0.0,0.0,0.0,0.0,0.0,18500.0,170500.0,467400.0,823300.0,266500.0,0.0,0.0,0.0,0.0,0.0,203600.0,367500.0,320200.0,249400.0,328100.0,0.0,0.0,0.0,0.0,0.0
20230823094117020,SZSE,SZSE.ETF.159901,2.708,2.717,2.722,2.708,0.0,3.0,2.454,5180316.0,5000.0,14073966.208,13540.0,0.0,0.0,20230823,20230823,94117021,2.727,0.0,0.0,2.708,2.707,2.706,2.705,2.704,0.0,0.0,0.0,0.0,0.0,2.709,2.71,2.711,2.712,2.713,0.0,0.0,0.0,0.0,0.0,13500.0,110500.0,327400.0,783300.0,266500.0,0.0,0.0,0.0,0.0,0.0,263600.0,307500.0,320200.0,249400.0,328100.0,0.0,0.0,0.0,0.0,0.0
20230823094120260,SZSE,SZSE.ETF.159901,2.708,2.717,2.722,2.708,0.0,3.0,2.454,5191116.0,10800.0,14103212.608,29246.39999999851,0.0,0.0,20230823,20230823,94120261,2.727,0.0,0.0,2.708,2.707,2.706,2.705,2.704,0.0,0.0,0.0,0.0,0.0,2.709,2.71,2.711,2.712,2.713,0.0,0.0,0.0,0.0,0.0,2700.0,170500.0,467400.0,823300.0,266500.0,0.0,0.0,0.0,0.0,0.0,203600.0,317500.0,320200.0,249400.0,328100.0,0.0,0.0,0.0,0.0,0.0
20230823094123512,SZSE,SZSE.ETF.159901,2.709,2.717,2.722,2.708,0.0,3.0,2.454,5394716.0,203600.0,14654765.008,551552.4000000004,0.0,0.0,20230823,20230823,94123510,2.727,0.0,0.0,2.708,2.707,2.706,2.705,2.704,0.0,0.0,0.0,0.0,0.0,2.71,2.711,2.712,2.713,2.714,0.0,0.0,0.0,0.0,0.0,262700.0,568200.0,269700.0,543300.0,186500.0,0.0,0.0,0.0,0.0,0.0,227500.0,160200.0,369400.0,208100.0,36900.0,0.0,0.0,0.0,0.0,0.0
20230823094126956,SZSE,SZSE.ETF.159901,2.71,2.717,2.722,2.708,0.0,3.0,2.454,5437716.0,43000.0,14771295.008,116530.0,0.0,0.0,20230823,20230823,94126956,2.727,0.0,0.0,2.709,2.708,2.707,2.706,2.705,0.0,0.0,0.0,0.0,0.0,2.71,2.711,2.712,2.713,2.714,0.0,0.0,0.0,0.0,0.0,100000.0,623900.0,386900.0,1097800.0,226600.0,0.0,0.0,0.0,0.0,0.0,10600.0,160200.0,387700.0,389200.0,165000.0,0.0,0.0,0.0,0.0,0.0
20230823094129484,SZSE,SZSE.ETF.159901,2.71,2.717,2.722,2.708,0.0,3.0,2.454,5456716.0,19000.0,14822785.008,51490.0,0.0,0.0,20230823,20230823,94129485,2.727,0.0,0.0,2.709,2.708,2.707,2.706,2.705,0.0,0.0,0.0,0.0,0.0,2.71,2.711,2.712,2.713,2.714,0.0,0.0,0.0,0.0,0.0,81200.0,542700.0,506900.0,487200.0,67200.0,0.0,0.0,0.0,0.0,0.0,41600.0,163800.0,290200.0,245500.0,426100.0,0.0,0.0,0.0,0.0,0.0
20230823094132616,SZSE,SZSE.ETF.159901,2.709,2.717,2.722,2.708,0.0,3.0,2.454,5462716.0,6000.0,14839039.008,16254.0,0.0,0.0,20230823,20230823,94132614,2.727,0.0,0.0,2.709,2.708,2.707,2.706,2.705,0.0,0.0,0.0,0.0,0.0,2.71,2.711,2.712,2.713,2.714,0.0,0.0,0.0,0.0,0.0,181200.0,420300.0,391900.0,567200.0,67200.0,0.0,0.0,0.0,0.0,0.0,45200.0,160200.0,327700.0,388000.0,426100.0,0.0,0.0,0.0,0.0,0.0
20230823094135316,SZSE,SZSE.ETF.159901,2.709,2.717,2.722,2.708,0.0,3.0,2.454,5462716.0,0.0,14839039.008,0.0,0.0,0.0,20230823,20230823,94135317,2.727,0.0,0.0,2.709,2.708,2.707,2.706,2.705,0.0,0.0,0.0,0.0,0.0,2.71,2.711,2.712,2.713,2.714,0.0,0.0,0.0,0.0,0.0,283600.0,520300.0,491900.0,467200.0,67200.0,0.0,0.0,0.0,0.0,0.0,45200.0,160200.0,227700.0,408000.0,326100.0,0.0,0.0,0.0,0.0,0.0
20230823094138072,SZSE,SZSE.ETF.159901,2.71,2.717,2.722,2.708,0.0,3.0,2.454,5498816.0,36100.0,14936870.008,97831.0,0.0,0.0,20230823,20230823,94138072,2.727,0.0,0.0,2.709,2.708,2.707,2.706,2.705,0.0,0.0,0.0,0.0,0.0,2.71,2.711,2.712,2.713,2.714,0.0,0.0,0.0,0.0,0.0,361200.0,442700.0,542000.0,427200.0,17300.0,0.0,0.0,0.0,0.0,0.0,5500.0,163800.0,227700.0,408000.0,326100.0,0.0,0.0,0.0,0.0,0.0
20230823094141008,SZSE,SZSE.ETF.159901,2.71,2.717,2.722,2.708,0.0,3.0,2.454,5503216.0,4400.0,14948794.008,11924.0,0.0,0.0,20230823,20230823,94141009,2.727,0.0,0.0,2.709,2.708,2.707,2.706,2.705,0.0,0.0,0.0,0.0,0.0,2.71,2.711,2.712,2.713,2.714,0.0,0.0,0.0,0.0,0.0,361200.0,442700.0,622000.0,347200.0,17300.0,0.0,0.0,0.0,0.0,0.0,1100.0,163800.0,227700.0,408000.0,326100.0,0.0,0.0,0.0,0.0,0.0
20230823094144076,SZSE,SZSE.ETF.159901,2.71,2.717,2.722,2.708,0.0,3.0,2.454,5504016.0,800.0,14950962.008,2168.0,0.0,0.0,20230823,20230823,94144077,2.727,0.0,0.0,2.709,2.708,2.707,2.706,2.705,0.0,0.0,0.0,0.0,0.0,2.71,2.711,2.712,2.713,2.714,0.0,0.0,0.0,0.0,0.0,361200.0,282700.0,582000.0,347200.0,17300.0,0.0,0.0,0.0,0.0,0.0,300.0,163800.0,227700.0,358000.0,326100.0,0.0,0.0,0.0,0.0,0.0
20230823094147004,SZSE,SZSE.ETF.159901,2.71,2.717,2.722,2.708,0.0,3.0,2.454,5519016.0,15000.0,14991612.008,40650.0,0.0,0.0,20230823,20230823,94147004,2.727,0.0,0.0,2.709,2.708,2.707,2.706,2.705,0.0,0.0,0.0,0.0,0.0,2.711,2.712,2.713,2.714,2.715,0.0,0.0,0.0,0.0,0.0,283600.0,520300.0,662000.0,347200.0,17300.0,0.0,0.0,0.0,0.0,0.0,163800.0,227700.0,358000.0,326100.0,381400.0,0.0,0.0,0.0,0.0,0.0
20230823094150188,SZSE,SZSE.ETF.159901,2.71,2.717,2.722,2.708,0.0,3.0,2.454,5519016.0,0.0,14991612.008,0.0,0.0,0.0,20230823,20230823,94150188,2.727,0.0,0.0,2.709,2.708,2.707,2.706,2.705,0.0,0.0,0.0,0.0,0.0,2.711,2.712,2.713,2.714,2.715,0.0,0.0,0.0,0.0,0.0,421200.0,462700.0,1322600.0,306600.0,17300.0,0.0,0.0,0.0,0.0,0.0,253800.0,277700.0,320000.0,363500.0,142000.0,0.0,0.0,0.0,0.0,0.0
20230823094153088,SZSE,SZSE.ETF.159901,2.71,2.717,2.722,2.708,0.0,3.0,2.454,5519016.0,0.0,14991612.008,0.0,0.0,0.0,20230823,20230823,94153086,2.727,0.0,0.0,2.71,2.709,2.708,2.707,2.706,0.0,0.0,0.0,0.0,0.0,2.711,2.712,2.713,2.714,2.715,0.0,0.0,0.0,0.0,0.0,100000.0,461200.0,422700.0,982600.0,306600.0,0.0,0.0,0.0,0.0,0.0,153800.0,200200.0,317500.0,463500.0,222000.0,0.0,0.0,0.0,0.0,0.0
20230823094156016,SZSE,SZSE.ETF.159901,2.71,2.717,2.722,2.708,0.0,3.0,2.454,5519016.0,0.0,14991612.008,0.0,0.0,0.0,20230823,20230823,94156017,2.727,0.0,0.0,2.71,2.709,2.708,2.707,2.706,0.0,0.0,0.0,0.0,0.0,2.711,2.712,2.713,2.714,2.715,0.0,0.0,0.0,0.0,0.0,103600.0,377600.0,552700.0,1138000.0,191200.0,0.0,0.0,0.0,0.0,0.0,153800.0,200200.0,357500.0,466100.0,179400.0,0.0,0.0,0.0,0.0,0.0
20230823094159348,SZSE,SZSE.ETF.159901,2.71,2.717,2.722,2.708,0.0,3.0,2.454,5519016.0,0.0,14991612.008,0.0,0.0,0.0,20230823,20230823,94159349,2.727,0.0,0.0,2.71,2.709,2.708,2.707,2.706,0.0,0.0,0.0,0.0,0.0,2.711,2.712,2.713,2.714,2.715,0.0,0.0,0.0,0.0,0.0,243600.0,597600.0,524700.0,1057600.0,141500.0,0.0,0.0,0.0,0.0,0.0,153800.0,140200.0,417500.0,466600.0,178900.0,0.0,0.0,0.0,0.0,0.0
20230823094202052,SZSE,SZSE.ETF.159901,2.711,2.717,2.722,2.708,0.0,3.0,2.454,5542316.0,23300.0,15054778.308,63166.300000000745,0.0,0.0,20230823,20230823,94202051,2.727,0.0,0.0,2.71,2.709,2.708,2.707,2.706,0.0,0.0,0.0,0.0,0.0,2.711,2.712,2.713,2.714,2.715,0.0,0.0,0.0,0.0,0.0,321200.0,520000.0,324700.0,1099400.0,59700.0,0.0,0.0,0.0,0.0,0.0,30500.0,140200.0,337500.0,384900.0,340500.0,0.0,0.0,0.0,0.0,0.0
20230823094205164,SZSE,SZSE.ETF.159901,2.711,2.717,2.722,2.708,0.0,3.0,2.454,5572816.0,30500.0,15137463.808,82685.5,0.0,0.0,20230823,20230823,94205164,2.727,0.0,0.0,2.71,2.709,2.708,2.707,2.706,0.0,0.0,0.0,0.0,0.0,2.712,2.713,2.714,2.715,2.716,0.0,0.0,0.0,0.0,0.0,521200.0,562000.0,284700.0,1139400.0,59700.0,0.0,0.0,0.0,0.0,0.0,143800.0,337500.0,304900.0,260500.0,145800.0,0.0,0.0,0.0,0.0,0.0
20230823094208188,SZSE,SZSE.ETF.159901,2.711,2.717,2.722,2.708,0.0,3.0,2.454,5572816.0,0.0,15137463.808,0.0,0.0,0.0,20230823,20230823,94208189,2.727,0.0,0.0,2.711,2.71,2.709,2.708,2.707,0.0,0.0,0.0,0.0,0.0,2.712,2.713,2.714,2.715,2.716,0.0,0.0,0.0,0.0,0.0,3600.0,517600.0,562000.0,409700.0,314400.0,0.0,0.0,0.0,0.0,0.0,143800.0,260000.0,304300.0,333700.0,230600.0,0.0,0.0,0.0,0.0,0.0
20230823094211052,SZSE,SZSE.ETF.159901,2.711,2.717,2.722,2.708,0.0,3.0,2.454,5572816.0,0.0,15137463.808,0.0,0.0,0.0,20230823,20230823,94211053,2.727,0.0,0.0,2.71,2.709,2.708,2.707,2.706,0.0,0.0,0.0,0.0,0.0,2.712,2.713,2.714,2.715,2.716,0.0,0.0,0.0,0.0,0.0,561200.0,402000.0,1180600.0,223400.0,59700.0,0.0,0.0,0.0,0.0,0.0,63800.0,220000.0,484300.0,160500.0,243700.0,0.0,0.0,0.0,0.0,0.0
20230823094214020,SZSE,SZSE.ETF.159901,2.711,2.717,2.722,2.708,0.0,3.0,2.454,5572816.0,0.0,15137463.808,0.0,0.0,0.0,20230823,20230823,94214019,2.727,0.0,0.0,2.711,2.71,2.709,2.708,2.707,0.0,0.0,0.0,0.0,0.0,2.712,2.713,2.714,2.715,2.716,0.0,0.0,0.0,0.0,0.0,106400.0,697600.0,382200.0,447000.0,177000.0,0.0,0.0,0.0,0.0,0.0,200.0,203600.0,404300.0,216300.0,367900.0,0.0,0.0,0.0,0.0,0.0
20230823094217152,SZSE,SZSE.ETF.159901,2.711,2.717,2.722,2.708,0.0,3.0,2.454,5572816.0,0.0,15137463.808,0.0,0.0,0.0,20230823,20230823,94217152,2.727,0.0,0.0,2.711,2.71,2.709,2.708,2.707,0.0,0.0,0.0,0.0,0.0,2.712,2.713,2.714,2.715,2.716,0.0,0.0,0.0,0.0,0.0,106400.0,497600.0,462200.0,482000.0,62000.0,0.0,0.0,0.0,0.0,0.0,50200.0,203600.0,364300.0,219400.0,404800.0,0.0,0.0,0.0,0.0,0.0
20230823094219992,SZSE,SZSE.ETF.159901,2.711,2.717,2.722,2.708,0.0,3.0,2.454,5579216.0,6400.0,15154814.208,17350.400000000373,0.0,0.0,20230823,20230823,94219990,2.727,0.0,0.0,2.71,2.709,2.708,2.707,2.706,0.0,0.0,0.0,0.0,0.0,2.712,2.713,2.714,2.715,2.716,0.0,0.0,0.0,0.0,0.0,397600.0,562200.0,442000.0,62000.0,59700.0,0.0,0.0,0.0,0.0,0.0,113800.0,140000.0,444300.0,199400.0,524800.0,0.0,0.0,0.0,0.0,0.0
20230823094223080,SZSE,SZSE.ETF.159901,2.711,2.717,2.722,2.708,0.0,3.0,2.454,5582816.0,3600.0,15164573.808,9759.599999999627,0.0,0.0,20230823,20230823,94223081,2.727,0.0,0.0,2.71,2.709,2.708,2.707,2.706,0.0,0.0,0.0,0.0,0.0,2.711,2.712,2.713,2.714,2.715,0.0,0.0,0.0,0.0,0.0,280000.0,339900.0,762600.0,221400.0,59700.0,0.0,0.0,0.0,0.0,0.0,56400.0,153800.0,217500.0,406900.0,396300.0,0.0,0.0,0.0,0.0,0.0
20230823094226068,SZSE,SZSE.ETF.159901,2.711,2.717,2.722,2.708,0.0,3.0,2.454,5583016.0,200.0,15165116.008,542.1999999992549,0.0,0.0,20230823,20230823,94226069,2.727,0.0,0.0,2.71,2.709,2.708,2.707,2.706,0.0,0.0,0.0,0.0,0.0,2.711,2.712,2.713,2.714,2.715,0.0,0.0,0.0,0.0,0.0,203600.0,299900.0,804700.0,299400.0,59700.0,0.0,0.0,0.0,0.0,0.0,56200.0,143800.0,177500.0,404900.0,440500.0,0.0,0.0,0.0,0.0,0.0
20230823094229040,SZSE,SZSE.ETF.159901,2.71,2.717,2.722,2.708,0.0,3.0,2.454,5588316.0,5300.0,15179479.508,14363.5,0.0,0.0,20230823,20230823,94229041,2.727,0.0,0.0,2.71,2.709,2.708,2.707,2.706,0.0,0.0,0.0,0.0,0.0,2.711,2.712,2.713,2.714,2.715,0.0,0.0,0.0,0.0,0.0,198800.0,299900.0,565700.0,499400.0,68700.0,0.0,0.0,0.0,0.0,0.0,59300.0,140200.0,257500.0,684900.0,360500.0,0.0,0.0,0.0,0.0,0.0
20230823094232204,SZSE,SZSE.ETF.159901,2.71,2.717,2.722,2.708,0.0,3.0,2.454,5855516.0,267200.0,15903591.508,724112.0,0.0,0.0,20230823,20230823,94232204,2.727,0.0,0.0,2.709,2.708,2.707,2.706,2.705,0.0,0.0,0.0,0.0,0.0,2.711,2.712,2.713,2.714,2.715,0.0,0.0,0.0,0.0,0.0,239900.0,445700.0,642000.0,106100.0,21800.0,0.0,0.0,0.0,0.0,0.0,203600.0,317700.0,280000.0,242300.0,323100.0,0.0,0.0,0.0,0.0,0.0
20230823094235156,SZSE,SZSE.ETF.159901,2.71,2.717,2.722,2.708,0.0,3.0,2.454,5861516.0,6000.0,15919851.508,16260.0,0.0,0.0,20230823,20230823,94235157,2.727,0.0,0.0,2.709,2.708,2.707,2.706,2.705,0.0,0.0,0.0,0.0,0.0,2.71,2.711,2.712,2.713,2.714,0.0,0.0,0.0,0.0,0.0,65900.0,343200.0,602600.0,315600.0,21800.0,0.0,0.0,0.0,0.0,0.0,94000.0,401100.0,280200.0,100000.0,246600.0,0.0,0.0,0.0,0.0,0.0
20230823094238040,SZSE,SZSE.ETF.159901,2.71,2.717,2.722,2.708,0.0,3.0,2.454,5868516.0,7000.0,15938821.508,18970.0,0.0,0.0,20230823,20230823,94238040,2.727,0.0,0.0,2.709,2.708,2.707,2.706,2.705,0.0,0.0,0.0,0.0,0.0,2.71,2.711,2.712,2.713,2.714,0.0,0.0,0.0,0.0,0.0,65900.0,265600.0,599700.0,474800.0,103200.0,0.0,0.0,0.0,0.0,0.0,190600.0,297500.0,330200.0,259200.0,128000.0,0.0,0.0,0.0,0.0,0.0
20230823094241032,SZSE,SZSE.ETF.159901,2.71,2.717,2.722,2.708,0.0,3.0,2.454,5868516.0,0.0,15938821.508,0.0,0.0,0.0,20230823,20230823,94241032,2.727,0.0,0.0,2.709,2.708,2.707,2.706,2.705,0.0,0.0,0.0,0.0,0.0,2.71,2.711,2.712,2.713,2.714,0.0,0.0,0.0,0.0,0.0,7900.0,245600.0,549600.0,594800.0,153300.0,0.0,0.0,0.0,0.0,0.0,203600.0,297500.0,390200.0,199200.0,128000.0,0.0,0.0,0.0,0.0,0.0
20230823094244024,SZSE,SZSE.ETF.159901,2.71,2.717,2.722,2.708,0.0,3.0,2.454,5868516.0,0.0,15938821.508,0.0,0.0,0.0,20230823,20230823,94244026,2.727,0.0,0.0,2.709,2.708,2.707,2.706,2.705,0.0,0.0,0.0,0.0,0.0,2.71,2.711,2.712,2.713,2.714,0.0,0.0,0.0,0.0,0.0,4300.0,249200.0,519700.0,594800.0,183200.0,0.0,0.0,0.0,0.0,0.0,203600.0,297500.0,390200.0,199200.0,328000.0,0.0,0.0,0.0,0.0,0.0
20230823094246992,SZSE,SZSE.ETF.159901,2.709,2.717,2.722,2.708,0.0,3.0,2.454,5875916.0,7400.0,15958868.108,20046.599999999627,0.0,0.0,20230823,20230823,94246994,2.727,0.0,0.0,2.708,2.707,2.706,2.705,2.704,0.0,0.0,0.0,0.0,0.0,2.709,2.71,2.711,2.712,2.713,0.0,0.0,0.0,0.0,0.0,209200.0,319700.0,674800.0,183200.0,240000.0,0.0,0.0,0.0,0.0,0.0,29500.0,203600.0,297500.0,390200.0,199200.0,0.0,0.0,0.0,0.0,0.0
20230823094250036,SZSE,SZSE.ETF.159901,2.709,2.717,2.722,2.708,0.0,3.0,2.454,5875916.0,0.0,15958868.108,0.0,0.0,0.0,20230823,20230823,94250035,2.727,0.0,0.0,2.708,2.707,2.706,2.705,2.704,0.0,0.0,0.0,0.0,0.0,2.709,2.71,2.711,2.712,2.713,0.0,0.0,0.0,0.0,0.0,289200.0,359700.0,638800.0,259300.0,160000.0,0.0,0.0,0.0,0.0,0.0,29500.0,203600.0,217500.0,428200.0,439300.0,0.0,0.0,0.0,0.0,0.0
20230823094253032,SZSE,SZSE.ETF.159901,2.709,2.717,2.722,2.708,0.0,3.0,2.454,5875916.0,0.0,15958868.108,0.0,0.0,0.0,20230823,20230823,94253033,2.727,0.0,0.0,2.708,2.707,2.706,2.705,2.704,0.0,0.0,0.0,0.0,0.0,2.709,2.71,2.711,2.712,2.713,0.0,0.0,0.0,0.0,0.0,209200.0,309600.0,718800.0,309400.0,160000.0,0.0,0.0,0.0,0.0,0.0,81400.0,203600.0,217500.0,428200.0,439300.0,0.0,0.0,0.0,0.0,0.0
20230823094255992,SZSE,SZSE.ETF.159901,2.709,2.717,2.722,2.708,0.0,3.0,2.454,5879216.0,3300.0,15967807.808,8939.700000001118,0.0,0.0,20230823,20230823,94255990,2.727,0.0,0.0,2.708,2.707,2.706,2.705,2.704,0.0,0.0,0.0,0.0,0.0,2.709,2.71,2.711,2.712,2.713,0.0,0.0,0.0,0.0,0.0,49200.0,369600.0,478800.0,509400.0,160000.0,0.0,0.0,0.0,0.0,0.0,81700.0,240000.0,317500.0,348200.0,359300.0,0.0,0.0,0.0,0.0,0.0
20230823094259352,SZSE,SZSE.ETF.159901,2.709,2.717,2.722,2.708,0.0,3.0,2.454,5910616.0,31400.0,16052870.408,85062.59999999963,0.0,0.0,20230823,20230823,94259352,2.727,0.0,0.0,2.708,2.707,2.706,2.705,2.704,0.0,0.0,0.0,0.0,0.0,2.709,2.71,2.711,2.712,2.713,0.0,0.0,0.0,0.0,0.0,148000.0,211900.0,596500.0,508000.0,241400.0,0.0,0.0,0.0,0.0,0.0,50300.0,397500.0,240000.0,649400.0,278100.0,0.0,0.0,0.0,0.0,0.0
20230823094302104,SZSE,SZSE.ETF.159901,2.708,2.717,2.722,2.708,0.0,3.0,2.454,5940616.0,30000.0,16134110.408,81240.0,0.0,0.0,20230823,20230823,94302104,2.727,0.0,0.0,2.708,2.707,2.706,2.705,2.704,0.0,0.0,0.0,0.0,0.0,2.709,2.71,2.711,2.712,2.713,0.0,0.0,0.0,0.0,0.0,4700.0,303000.0,378800.0,629400.0,260000.0,0.0,0.0,0.0,0.0,0.0,250300.0,217500.0,340000.0,248200.0,359300.0,0.0,0.0,0.0,0.0,0.0
20230823094305032,SZSE,SZSE.ETF.159901,2.709,2.717,2.722,2.708,0.0,3.0,2.454,5965616.0,25000.0,16201835.408,67725.0,0.0,0.0,20230823,20230823,94305031,2.727,0.0,0.0,2.708,2.707,2.706,2.705,2.704,0.0,0.0,0.0,0.0,0.0,2.709,2.71,2.711,2.712,2.713,0.0,0.0,0.0,0.0,0.0,1100.0,115500.0,476500.0,628000.0,421400.0,0.0,0.0,0.0,0.0,0.0,275300.0,357500.0,280000.0,449400.0,278100.0,0.0,0.0,0.0,0.0,0.0
20230823094308344,SZSE,SZSE.ETF.159901,2.708,2.717,2.722,2.708,0.0,3.0,2.454,5966416.0,800.0,16204001.808,2166.4000000003725,0.0,0.0,20230823,20230823,94308346,2.727,0.0,0.0,2.708,2.707,2.706,2.705,2.704,0.0,0.0,0.0,0.0,0.0,2.709,2.71,2.711,2.712,2.713,0.0,0.0,0.0,0.0,0.0,60800.0,155500.0,516400.0,710600.0,308900.0,0.0,0.0,0.0,0.0,0.0,265300.0,307500.0,280000.0,346800.0,240700.0,0.0,0.0,0.0,0.0,0.0
20230823094311024,SZSE,SZSE.ETF.159901,2.708,2.717,2.722,2.708,0.0,3.0,2.454,5966416.0,0.0,16204001.808,0.0,0.0,0.0,20230823,20230823,94311023,2.727,0.0,0.0,2.708,2.707,2.706,2.705,2.704,0.0,0.0,0.0,0.0,0.0,2.709,2.71,2.711,2.712,2.713,0.0,0.0,0.0,0.0,0.0,104400.0,429600.0,448700.0,585000.0,234500.0,0.0,0.0,0.0,0.0,0.0,203600.0,217500.0,280000.0,352500.0,315000.0,0.0,0.0,0.0,0.0,0.0
20230823094314116,SZSE,SZSE.ETF.159901,2.708,2.717,2.722,2.708,0.0,3.0,2.454,5966416.0,0.0,16204001.808,0.0,0.0,0.0,20230823,20230823,94314116,2.727,0.0,0.0,2.708,2.707,2.706,2.705,2.704,0.0,0.0,0.0,0.0,0.0,2.709,2.71,2.711,2.712,2.713,0.0,0.0,0.0,0.0,0.0,104400.0,189600.0,518700.0,585000.0,154500.0,0.0,0.0,0.0,0.0,0.0,203600.0,270000.0,357500.0,272500.0,315000.0,0.0,0.0,0.0,0.0,0.0
20230823094316968,SZSE,SZSE.ETF.159901,2.709,2.717,2.722,2.708,0.0,3.0,2.454,6026416.0,60000.0,16366541.808,162540.0,0.0,0.0,20230823,20230823,94316970,2.727,0.0,0.0,2.708,2.707,2.706,2.705,2.704,0.0,0.0,0.0,0.0,0.0,2.709,2.71,2.711,2.712,2.713,0.0,0.0,0.0,0.0,0.0,55400.0,249600.0,518700.0,485000.0,154500.0,0.0,0.0,0.0,0.0,0.0,103600.0,347500.0,340000.0,252500.0,315000.0,0.0,0.0,0.0,0.0,0.0
20230823094319988,SZSE,SZSE.ETF.159901,2.709,2.717,2.722,2.708,0.0,3.0,2.454,6026416.0,0.0,16366541.808,0.0,0.0,0.0,20230823,20230823,94319988,2.727,0.0,0.0,2.708,2.707,2.706,2.705,2.704,0.0,0.0,0.0,0.0,0.0,2.709,2.71,2.711,2.712,2.713,0.0,0.0,0.0,0.0,0.0,115400.0,469600.0,568700.0,465000.0,154500.0,0.0,0.0,0.0,0.0,0.0,203600.0,217500.0,280000.0,352500.0,115000.0,0.0,0.0,0.0,0.0,0.0
20230823094323020,SZSE,SZSE.ETF.159901,2.709,2.717,2.722,2.708,0.0,3.0,2.454,6066416.0,40000.0,16474901.808,108360.0,0.0,0.0,20230823,20230823,94323020,2.727,0.0,0.0,2.708,2.707,2.706,2.705,2.704,0.0,0.0,0.0,0.0,0.0,2.709,2.71,2.711,2.712,2.713,0.0,0.0,0.0,0.0,0.0,75400.0,389600.0,518700.0,585000.0,154500.0,0.0,0.0,0.0,0.0,0.0,203600.0,150000.0,397500.0,352500.0,115000.0,0.0,0.0,0.0,0.0,0.0
20230823094325968,SZSE,SZSE.ETF.159901,2.709,2.717,2.722,2.708,0.0,3.0,2.454,6066416.0,0.0,16474901.808,0.0,0.0,0.0,20230823,20230823,94325967,2.727,0.0,0.0,2.708,2.707,2.706,2.705,2.704,0.0,0.0,0.0,0.0,0.0,2.709,2.71,2.711,2.712,2.713,0.0,0.0,0.0,0.0,0.0,15400.0,249600.0,518700.0,585000.0,154500.0,0.0,0.0,0.0,0.0,0.0,203600.0,307500.0,380000.0,212500.0,315000.0,0.0,0.0,0.0,0.0,0.0
20230823094328968,SZSE,SZSE.ETF.159901,2.709,2.717,2.722,2.708,0.0,3.0,2.454,6066416.0,0.0,16474901.808,0.0,0.0,0.0,20230823,20230823,94328968,2.727,0.0,0.0,2.708,2.707,2.706,2.705,2.704,0.0,0.0,0.0,0.0,0.0,2.709,2.71,2.711,2.712,2.713,0.0,0.0,0.0,0.0,0.0,11800.0,175500.0,316400.0,708000.0,271500.0,0.0,0.0,0.0,0.0,0.0,163600.0,347500.0,380000.0,249400.0,278100.0,0.0,0.0,0.0,0.0,0.0
20230823094331968,SZSE,SZSE.ETF.159901,2.709,2.717,2.722,2.708,0.0,3.0,2.454,6066416.0,0.0,16474901.808,0.0,0.0,0.0,20230823,20230823,94331968,2.727,0.0,0.0,2.708,2.707,2.706,2.705,2.704,0.0,0.0,0.0,0.0,0.0,2.709,2.71,2.711,2.712,2.713,0.0,0.0,0.0,0.0,0.0,111800.0,215500.0,476400.0,648000.0,271500.0,0.0,0.0,0.0,0.0,0.0,63600.0,307500.0,340000.0,429400.0,78100.0,0.0,0.0,0.0,0.0,0.0
20230823094335044,SZSE,SZSE.ETF.159901,2.709,2.717,2.722,2.708,0.0,3.0,2.454,6170016.0,103600.0,16755554.208,280652.4000000004,0.0,0.0,20230823,20230823,94335045,2.727,0.0,0.0,2.708,2.707,2.706,2.705,2.704,0.0,0.0,0.0,0.0,0.0,2.71,2.711,2.712,2.713,2.714,0.0,0.0,0.0,0.0,0.0,155400.0,309600.0,498800.0,649400.0,60000.0,0.0,0.0,0.0,0.0,0.0,180000.0,277500.0,308200.0,239300.0,250000.0,0.0,0.0,0.0,0.0,0.0
20230823094338316,SZSE,SZSE.ETF.159901,2.708,2.717,2.722,2.708,0.0,3.0,2.454,6170116.0,100.0,16755825.008,270.7999999988824,0.0,0.0,20230823,20230823,94338315,2.727,0.0,0.0,2.708,2.707,2.706,2.705,2.704,0.0,0.0,0.0,0.0,0.0,2.71,2.711,2.712,2.713,2.714,0.0,0.0,0.0,0.0,0.0,332900.0,231900.0,639500.0,268700.0,160000.0,0.0,0.0,0.0,0.0,0.0,293600.0,297500.0,430200.0,196600.0,290700.0,0.0,0.0,0.0,0.0,0.0
20230823094340976,SZSE,SZSE.ETF.159901,2.708,2.717,2.722,2.708,0.0,3.0,2.454,6170116.0,0.0,16755825.008,0.0,0.0,0.0,20230823,20230823,94340976,2.727,0.0,0.0,2.709,2.708,2.707,2.706,2.705,0.0,0.0,0.0,0.0,0.0,2.71,2.711,2.712,2.713,2.714,0.0,0.0,0.0,0.0,0.0,100000.0,295300.0,469600.0,1239500.0,268700.0,0.0,0.0,0.0,0.0,0.0,153600.0,257500.0,430200.0,376600.0,290700.0,0.0,0.0,0.0,0.0,0.0
20230823094343968,SZSE,SZSE.ETF.159901,2.709,2.717,2.722,2.708,0.0,3.0,2.454,6187016.0,16900.0,16801607.108,45782.09999999963,0.0,0.0,20230823,20230823,94343967,2.727,0.0,0.0,2.709,2.708,2.707,2.706,2.705,0.0,0.0,0.0,0.0,0.0,2.71,2.711,2.712,2.713,2.714,0.0,0.0,0.0,0.0,0.0,3600.0,289300.0,271900.0,1394800.0,153300.0,0.0,0.0,0.0,0.0,0.0,193600.0,220000.0,467700.0,199200.0,328000.0,0.0,0.0,0.0,0.0,0.0
20230823094346952,SZSE,SZSE.ETF.159901,2.709,2.717,2.722,2.708,0.0,3.0,2.454,6187016.0,0.0,16801607.108,0.0,0.0,0.0,20230823,20230823,94346954,2.727,0.0,0.0,2.709,2.708,2.707,2.706,2.705,0.0,0.0,0.0,0.0,0.0,2.71,2.711,2.712,2.713,2.714,0.0,0.0,0.0,0.0,0.0,200000.0,252900.0,231900.0,754800.0,233300.0,0.0,0.0,0.0,0.0,0.0,253600.0,337500.0,390200.0,199200.0,328000.0,0.0,0.0,0.0,0.0,0.0
20230823094349956,SZSE,SZSE.ETF.159901,2.709,2.717,2.722,2.708,0.0,3.0,2.454,6187016.0,0.0,16801607.108,0.0,0.0,0.0,20230823,20230823,94349956,2.727,0.0,0.0,2.709,2.708,2.707,2.706,2.705,0.0,0.0,0.0,0.0,0.0,2.71,2.711,2.712,2.713,2.714,0.0,0.0,0.0,0.0,0.0,203600.0,369300.0,524000.0,642800.0,66200.0,0.0,0.0,0.0,0.0,0.0,153600.0,337500.0,390200.0,118000.0,409200.0,0.0,0.0,0.0,0.0,0.0
20230823094353048,SZSE,SZSE.ETF.159901,2.709,2.717,2.722,2.708,0.0,3.0,2.454,6187016.0,0.0,16801607.108,0.0,0.0,0.0,20230823,20230823,94353047,2.727,0.0,0.0,2.709,2.708,2.707,2.706,2.705,0.0,0.0,0.0,0.0,0.0,2.71,2.711,2.712,2.713,2.714,0.0,0.0,0.0,0.0,0.0,212600.0,329300.0,513900.0,787200.0,71900.0,0.0,0.0,0.0,0.0,0.0,253600.0,260000.0,467700.0,118000.0,409200.0,0.0,0.0,0.0,0.0,0.0
20230823094355964,SZSE,SZSE.ETF.159901,2.709,2.717,2.722,2.708,0.0,3.0,2.454,6192316.0,5300.0,16815964.808,14357.699999999255,0.0,0.0,20230823,20230823,94355963,2.727,0.0,0.0,2.709,2.708,2.707,2.706,2.705,0.0,0.0,0.0,0.0,0.0,2.71,2.711,2.712,2.713,2.714,0.0,0.0,0.0,0.0,0.0,207300.0,269300.0,373900.0,665400.0,153700.0,0.0,0.0,0.0,0.0,0.0,333600.0,317500.0,330200.0,355400.0,371800.0,0.0,0.0,0.0,0.0,0.0
20230823094616368,SZSE,SZSE.ETF.159901,2.706,2.717,2.722,2.706,0.0,3.0,2.454,6726716.0,20700.0,18263259.708,56014.199999999255,0.0,0.0,20230823,20230823,94616369,2.727,0.0,0.0,2.705,2.704,2.703,2.702,2.701,0.0,0.0,0.0,0.0,0.0,2.707,2.708,2.709,2.71,2.711,0.0,0.0,0.0,0.0,0.0,288500.0,1012800.0,714100.0,498700.0,92400.0,0.0,0.0,0.0,0.0,0.0,403300.0,307600.0,211300.0,449300.0,378300.0,0.0,0.0,0.0,0.0,0.0
20230823094617288,SZSE,SZSE.ETF.159901,2.706,2.717,2.722,2.706,0.0,3.0,2.454,6727516.0,800.0,18265424.808,2165.099999997765,0.0,0.0,20230823,20230823,94617287,2.727,0.0,0.0,2.705,2.704,2.703,2.702,2.701,0.0,0.0,0.0,0.0,0.0,2.707,2.708,2.709,2.71,2.711,0.0,0.0,0.0,0.0,0.0,288500.0,312800.0,1218700.0,534100.0,12400.0,0.0,0.0,0.0,0.0,0.0,403000.0,307600.0,451300.0,446700.0,140900.0,0.0,0.0,0.0,0.0,0.0
20230823094624284,SZSE,SZSE.ETF.159901,2.706,2.717,2.722,2.706,0.0,3.0,2.454,6727516.0,0.0,18265424.808,0.0,0.0,0.0,20230823,20230823,94624285,2.727,0.0,0.0,2.705,2.704,2.703,2.702,2.701,0.0,0.0,0.0,0.0,0.0,2.707,2.708,2.709,2.71,2.711,0.0,0.0,0.0,0.0,0.0,188500.0,412800.0,1268600.0,634100.0,62500.0,0.0,0.0,0.0,0.0,0.0,403000.0,407600.0,151300.0,546700.0,40900.0,0.0,0.0,0.0,0.0,0.0
20230823094624484,SZSE,SZSE.ETF.159901,2.706,2.717,2.722,2.706,0.0,3.0,2.454,6727516.0,0.0,18265424.808,0.0,0.0,0.0,20230823,20230823,94624485,2.727,0.0,0.0,2.705,2.704,2.703,2.702,2.701,0.0,0.0,0.0,0.0,0.0,2.706,2.707,2.708,2.709,2.71,0.0,0.0,0.0,0.0,0.0,48500.0,372800.0,1268600.0,854100.0,62500.0,0.0,0.0,0.0,0.0,0.0,103600.0,399400.0,407600.0,63200.0,546700.0,0.0,0.0,0.0,0.0,0.0
20230823094627596,SZSE,SZSE.ETF.159901,2.706,2.717,2.722,2.706,0.0,3.0,2.454,6727816.0,300.0,18266236.608,811.8000000007451,0.0,0.0,20230823,20230823,94627595,2.727,0.0,0.0,2.705,2.704,2.703,2.702,2.701,0.0,0.0,0.0,0.0,0.0,2.706,2.707,2.708,2.709,2.71,0.0,0.0,0.0,0.0,0.0,88500.0,332800.0,1280000.0,773200.0,94000.0,0.0,0.0,0.0,0.0,0.0,103300.0,477000.0,330000.0,222500.0,428100.0,0.0,0.0,0.0,0.0,0.0
20230823094630648,SZSE,SZSE.ETF.159901,2.706,2.717,2.722,2.706,0.0,3.0,2.454,6727816.0,0.0,18266236.608,0.0,0.0,0.0,20230823,20230823,94630648,2.727,0.0,0.0,2.705,2.704,2.703,2.702,2.701,0.0,0.0,0.0,0.0,0.0,2.706,2.707,2.708,2.709,2.71,0.0,0.0,0.0,0.0,0.0,48500.0,412800.0,1229900.0,633200.0,144100.0,0.0,0.0,0.0,0.0,0.0,3300.0,399400.0,407600.0,178200.0,472400.0,0.0,0.0,0.0,0.0,0.0
20230823094641032,SZSE,SZSE.ETF.159901,2.706,2.717,2.722,2.706,0.0,3.0,2.454,6748016.0,0.0,18320898.008,0.0,0.0,0.0,20230823,20230823,94641030,2.727,0.0,0.0,2.705,2.704,2.703,2.702,2.701,0.0,0.0,0.0,0.0,0.0,2.706,2.707,2.708,2.709,2.71,0.0,0.0,0.0,0.0,0.0,189000.0,513300.0,1280000.0,514800.0,12400.0,0.0,0.0,0.0,0.0,0.0,105700.0,419200.0,407600.0,321200.0,509400.0,0.0,0.0,0.0,0.0,0.0
20230823094644020,SZSE,SZSE.ETF.159901,2.705,2.717,2.722,2.705,0.0,3.0,2.454,6848016.0,100000.0,18591398.008,270500.0,0.0,0.0,20230823,20230823,94644020,2.727,0.0,0.0,2.705,2.704,2.703,2.702,2.701,0.0,0.0,0.0,0.0,0.0,2.706,2.707,2.708,2.709,2.71,0.0,0.0,0.0,0.0,0.0,3600.0,533300.0,1209900.0,574800.0,62500.0,0.0,0.0,0.0,0.0,0.0,185700.0,319200.0,467600.0,221200.0,509400.0,0.0,0.0,0.0,0.0,0.0
20230823094650068,SZSE,SZSE.ETF.159901,2.705,2.717,2.722,2.705,0.0,3.0,2.454,6852416.0,0.0,18603300.008,0.0,0.0,0.0,20230823,20230823,94650067,2.727,0.0,0.0,2.704,2.703,2.702,2.701,2.7,0.0,0.0,0.0,0.0,0.0,2.705,2.706,2.707,2.708,2.709,0.0,0.0,0.0,0.0,0.0,459200.0,1207700.0,457100.0,300700.0,155400.0,0.0,0.0,0.0,0.0,0.0,120900.0,252500.0,396800.0,508000.0,262600.0,0.0,0.0,0.0,0.0,0.0
20230823094653120,SZSE,SZSE.ETF.159901,2.704,2.717,2.722,2.704,0.0,3.0,2.454,6936316.0,83900.0,18830244.008,226944.0,0.0,0.0,20230823,20230823,94653119,2.727,0.0,0.0,2.704,2.703,2.702,2.701,2.7,0.0,0.0,0.0,0.0,0.0,2.705,2.706,2.707,2.708,2.709,0.0,0.0,0.0,0.0,0.0,393700.0,1268200.0,417100.0,300700.0,155400.0,0.0,0.0,0.0,0.0,0.0,42500.0,252500.0,456800.0,448000.0,262600.0,0.0,0.0,0.0,0.0,0.0
20230823094655968,SZSE,SZSE.ETF.159901,2.704,2.717,2.722,2.704,0.0,3.0,2.454,6936316.0,0.0,18830244.008,0.0,0.0,0.0,20230823,20230823,94655970,2.727,0.0,0.0,2.704,2.703,2.702,2.701,2.7,0.0,0.0,0.0,0.0,0.0,2.705,2.706,2.707,2.708,2.709,0.0,0.0,0.0,0.0,0.0,393700.0,1268200.0,457100.0,300700.0,155400.0,0.0,0.0,0.0,0.0,0.0,38900.0,254000.0,456800.0,368000.0,262600.0,0.0,0.0,0.0,0.0,0.0
20230823094658980,SZSE,SZSE.ETF.159901,2.705,2.717,2.722,2.704,0.0,3.0,2.454,6967416.0,31100.0,18914369.508,84125.5,0.0,0.0,20230823,20230823,94658980,2.727,0.0,0.0,2.704,2.703,2.702,2.701,2.7,0.0,0.0,0.0,0.0,0.0,2.705,2.706,2.707,2.708,2.709,0.0,0.0,0.0,0.0,0.0,531400.0,1135400.0,457100.0,300700.0,155400.0,0.0,0.0,0.0,0.0,0.0,7800.0,254000.0,396800.0,428000.0,262600.0,0.0,0.0,0.0,0.0,0.0
20230823094701996,SZSE,SZSE.ETF.159901,2.705,2.717,2.722,2.704,0.0,3.0,2.454,6979816.0,12400.0,18947911.508,33542.0,0.0,0.0,20230823,20230823,94701995,2.727,0.0,0.0,2.705,2.704,2.703,2.702,2.701,0.0,0.0,0.0,0.0,0.0,2.706,2.707,2.708,2.709,2.71,0.0,0.0,0.0,0.0,0.0,693800.0,471400.0,995400.0,617600.0,300700.0,0.0,0.0,0.0,0.0,0.0,143600.0,379200.0,445600.0,182600.0,430000.0,0.0,0.0,0.0,0.0,0.0
20230823094705028,SZSE,SZSE.ETF.159901,2.705,2.717,2.722,2.704,0.0,3.0,2.454,6981916.0,2100.0,18953592.008,5680.5,0.0,0.0,20230823,20230823,94705028,2.727,0.0,0.0,2.705,2.704,2.703,2.702,2.701,0.0,0.0,0.0,0.0,0.0,2.706,2.707,2.708,2.709,2.71,0.0,0.0,0.0,0.0,0.0,771200.0,350100.0,315400.0,820300.0,63000.0,0.0,0.0,0.0,0.0,0.0,140000.0,322800.0,310000.0,298800.0,629400.0,0.0,0.0,0.0,0.0,0.0
20230823094708092,SZSE,SZSE.ETF.159901,2.705,2.717,2.722,2.704,0.0,3.0,2.454,6981916.0,0.0,18953592.008,0.0,0.0,0.0,20230823,20230823,94708092,2.727,0.0,0.0,2.705,2.704,2.703,2.702,2.701,0.0,0.0,0.0,0.0,0.0,2.706,2.707,2.708,2.709,2.71,0.0,0.0,0.0,0.0,0.0,8000.0,427800.0,515400.0,780300.0,103000.0,0.0,0.0,0.0,0.0,0.0,140000.0,322800.0,387600.0,221200.0,629400.0,0.0,0.0,0.0,0.0,0.0
20230823094710984,SZSE,SZSE.ETF.159901,2.705,2.717,2.722,2.704,0.0,3.0,2.454,6981916.0,0.0,18953592.008,0.0,0.0,0.0,20230823,20230823,94710983,2.727,0.0,0.0,2.705,2.704,2.703,2.702,2.701,0.0,0.0,0.0,0.0,0.0,2.706,2.707,2.708,2.709,2.71,0.0,0.0,0.0,0.0,0.0,4400.0,213700.0,373200.0,698700.0,225100.0,0.0,0.0,0.0,0.0,0.0,183600.0,536800.0,330000.0,222500.0,428100.0,0.0,0.0,0.0,0.0,0.0
20230823094714008,SZSE,SZSE.ETF.159901,2.705,2.717,2.722,2.704,0.0,3.0,2.454,6985416.0,3500.0,18963059.508,9467.5,0.0,0.0,20230823,20230823,94714007,2.727,0.0,0.0,2.705,2.704,2.703,2.702,2.701,0.0,0.0,0.0,0.0,0.0,2.706,2.707,2.708,2.709,2.71,0.0,0.0,0.0,0.0,0.0,1900.0,213700.0,373200.0,778700.0,225100.0,0.0,0.0,0.0,0.0,0.0,183600.0,536800.0,330000.0,422500.0,428100.0,0.0,0.0,0.0,0.0,0.0
20230823094716984,SZSE,SZSE.ETF.159901,2.705,2.717,2.722,2.704,0.0,3.0,2.454,6986916.0,1500.0,18967117.008,4057.5,0.0,0.0,20230823,20230823,94716986,2.727,0.0,0.0,2.705,2.704,2.703,2.702,2.701,0.0,0.0,0.0,0.0,0.0,2.706,2.707,2.708,2.709,2.71,0.0,0.0,0.0,0.0,0.0,47700.0,213700.0,373200.0,698700.0,225100.0,0.0,0.0,0.0,0.0,0.0,183600.0,536800.0,330000.0,422500.0,428100.0,0.0,0.0,0.0,0.0,0.0
20230823094720156,SZSE,SZSE.ETF.159901,2.705,2.717,2.722,2.704,0.0,3.0,2.454,6986916.0,0.0,18967117.008,0.0,0.0,0.0,20230823,20230823,94720155,2.727,0.0,0.0,2.705,2.704,2.703,2.702,2.701,0.0,0.0,0.0,0.0,0.0,2.706,2.707,2.708,2.709,2.71,0.0,0.0,0.0,0.0,0.0,51300.0,110100.0,413200.0,538700.0,565100.0,0.0,0.0,0.0,0.0,0.0,323600.0,576800.0,350000.0,522500.0,128300.0,0.0,0.0,0.0,0.0,0.0
20230823094723536,SZSE,SZSE.ETF.159901,2.705,2.717,2.722,2.704,0.0,3.0,2.454,7038216.0,51300.0,19105883.508,138766.5,0.0,0.0,20230823,20230823,94723538,2.727,0.0,0.0,2.704,2.703,2.702,2.701,2.7,0.0,0.0,0.0,0.0,0.0,2.705,2.706,2.707,2.708,2.709,0.0,0.0,0.0,0.0,0.0,13700.0,373200.0,461300.0,622500.0,438900.0,0.0,0.0,0.0,0.0,0.0,341000.0,333600.0,576800.0,50000.0,559900.0,0.0,0.0,0.0,0.0,0.0
20230823094726304,SZSE,SZSE.ETF.159901,2.704,2.717,2.722,2.704,0.0,3.0,2.454,7049316.0,11100.0,19135898.108,30014.599999997765,0.0,0.0,20230823,20230823,94726303,2.727,0.0,0.0,2.703,2.702,2.701,2.7,2.699,0.0,0.0,0.0,0.0,0.0,2.705,2.706,2.707,2.708,2.709,0.0,0.0,0.0,0.0,0.0,219000.0,600300.0,699600.0,370600.0,1000.0,0.0,0.0,0.0,0.0,0.0,388900.0,367700.0,499200.0,249400.0,401300.0,0.0,0.0,0.0,0.0,0.0
20230823094729172,SZSE,SZSE.ETF.159901,2.703,2.717,2.722,2.703,0.0,3.0,2.454,7152316.0,103000.0,19414310.108,278412.0,0.0,0.0,20230823,20230823,94729171,2.727,0.0,0.0,2.703,2.702,2.701,2.7,2.699,0.0,0.0,0.0,0.0,0.0,2.704,2.705,2.706,2.707,2.708,0.0,0.0,0.0,0.0,0.0,311100.0,1220300.0,663500.0,530500.0,1000.0,0.0,0.0,0.0,0.0,0.0,100400.0,185500.0,371300.0,439200.0,287600.0,0.0,0.0,0.0,0.0,0.0
20230823094732024,SZSE,SZSE.ETF.159901,2.704,2.717,2.722,2.703,0.0,3.0,2.454,7232616.0,80300.0,19631441.308,217131.19999999925,0.0,0.0,20230823,20230823,94732024,2.727,0.0,0.0,2.703,2.702,2.701,2.7,2.699,0.0,0.0,0.0,0.0,0.0,2.704,2.705,2.706,2.707,2.708,0.0,0.0,0.0,0.0,0.0,468900.0,1222500.0,583500.0,450500.0,1000.0,0.0,0.0,0.0,0.0,0.0,23600.0,185500.0,287700.0,517200.0,289600.0,0.0,0.0,0.0,0.0,0.0
20230823094734992,SZSE,SZSE.ETF.159901,2.704,2.717,2.722,2.703,0.0,3.0,2.454,7275016.0,42400.0,19746074.408,114633.10000000149,0.0,0.0,20230823,20230823,94734991,2.727,0.0,0.0,2.703,2.702,2.701,2.7,2.699,0.0,0.0,0.0,0.0,0.0,2.704,2.705,2.706,2.707,2.708,0.0,0.0,0.0,0.0,0.0,356000.0,522500.0,1243500.0,550500.0,3300.0,0.0,0.0,0.0,0.0,0.0,81200.0,226000.0,210000.0,414800.0,289600.0,0.0,0.0,0.0,0.0,0.0
20230823094737984,SZSE,SZSE.ETF.159901,2.704,2.717,2.722,2.703,0.0,3.0,2.454,7275116.0,100.0,19746344.808,270.3999999985099,0.0,0.0,20230823,20230823,94737983,2.727,0.0,0.0,2.703,2.702,2.701,2.7,2.699,0.0,0.0,0.0,0.0,0.0,2.704,2.705,2.706,2.707,2.708,0.0,0.0,0.0,0.0,0.0,278200.0,600300.0,1193400.0,490500.0,53400.0,0.0,0.0,0.0,0.0,0.0,3600.0,182400.0,327700.0,337200.0,289600.0,0.0,0.0,0.0,0.0,0.0
20230823094740984,SZSE,SZSE.ETF.159901,2.703,2.717,2.722,2.703,0.0,3.0,2.454,7345516.0,70400.0,19936636.008,190291.20000000298,0.0,0.0,20230823,20230823,94740984,2.727,0.0,0.0,2.703,2.702,2.701,2.7,2.699,0.0,0.0,0.0,0.0,0.0,2.705,2.706,2.707,2.708,2.709,0.0,0.0,0.0,0.0,0.0,307800.0,540300.0,1303500.0,490500.0,76900.0,0.0,0.0,0.0,0.0,0.0,246000.0,267700.0,437200.0,289600.0,403200.0,0.0,0.0,0.0,0.0,0.0
20230823094743972,SZSE,SZSE.ETF.159901,2.703,2.717,2.722,2.703,0.0,3.0,2.454,7345516.0,0.0,19936636.008,0.0,0.0,0.0,20230823,20230823,94743972,2.727,0.0,0.0,2.703,2.702,2.701,2.7,2.699,0.0,0.0,0.0,0.0,0.0,2.705,2.706,2.707,2.708,2.709,0.0,0.0,0.0,0.0,0.0,231300.0,600300.0,1364200.0,409800.0,76900.0,0.0,0.0,0.0,0.0,0.0,226000.0,367700.0,439200.0,246900.0,363900.0,0.0,0.0,0.0,0.0,0.0
20230823094747004,SZSE,SZSE.ETF.159901,2.703,2.717,2.722,2.703,0.0,3.0,2.454,7345516.0,0.0,19936636.008,0.0,0.0,0.0,20230823,20230823,94747004,2.727,0.0,0.0,2.703,2.702,2.701,2.7,2.699,0.0,0.0,0.0,0.0,0.0,2.705,2.706,2.707,2.708,2.709,0.0,0.0,0.0,0.0,0.0,387100.0,1300300.0,584200.0,409800.0,3300.0,0.0,0.0,0.0,0.0,0.0,226000.0,367700.0,439200.0,246900.0,163900.0,0.0,0.0,0.0,0.0,0.0
20230823094750024,SZSE,SZSE.ETF.159901,2.703,2.717,2.722,2.703,0.0,3.0,2.454,7352016.0,6500.0,19954205.508,17569.5,0.0,0.0,20230823,20230823,94750023,2.727,0.0,0.0,2.703,2.702,2.701,2.7,2.699,0.0,0.0,0.0,0.0,0.0,2.705,2.706,2.707,2.708,2.709,0.0,0.0,0.0,0.0,0.0,458400.0,1222500.0,629200.0,409800.0,3300.0,0.0,0.0,0.0,0.0,0.0,186000.0,250000.0,516800.0,326900.0,154400.0,0.0,0.0,0.0,0.0,0.0
20230823094753048,SZSE,SZSE.ETF.159901,2.703,2.717,2.722,2.703,0.0,3.0,2.454,7352016.0,0.0,19954205.508,0.0,0.0,0.0,20230823,20230823,94753048,2.727,0.0,0.0,2.704,2.703,2.702,2.701,2.7,0.0,0.0,0.0,0.0,0.0,2.705,2.706,2.707,2.708,2.709,0.0,0.0,0.0,0.0,0.0,3600.0,455000.0,1222500.0,589200.0,410100.0,0.0,0.0,0.0,0.0,0.0,226000.0,310000.0,516800.0,326900.0,154400.0,0.0,0.0,0.0,0.0,0.0
20230823094756048,SZSE,SZSE.ETF.159901,2.703,2.717,2.722,2.703,0.0,3.0,2.454,7352016.0,0.0,19954205.508,0.0,0.0,0.0,20230823,20230823,94756050,2.727,0.0,0.0,2.703,2.702,2.701,2.7,2.699,0.0,0.0,0.0,0.0,0.0,2.704,2.705,2.706,2.707,2.708,0.0,0.0,0.0,0.0,0.0,638600.0,1162500.0,544600.0,379600.0,3300.0,0.0,0.0,0.0,0.0,0.0,200000.0,186000.0,447700.0,340000.0,250400.0,0.0,0.0,0.0,0.0,0.0
20230823094759136,SZSE,SZSE.ETF.159901,2.703,2.717,2.722,2.703,0.0,3.0,2.454,7352016.0,0.0,19954205.508,0.0,0.0,0.0,20230823,20230823,94759137,2.727,0.0,0.0,2.703,2.702,2.701,2.7,2.699,0.0,0.0,0.0,0.0,0.0,2.704,2.705,2.706,2.707,2.708,0.0,0.0,0.0,0.0,0.0,380800.0,1300300.0,388500.0,455800.0,3300.0,0.0,0.0,0.0,0.0,0.0,203600.0,142400.0,467700.0,398000.0,290600.0,0.0,0.0,0.0,0.0,0.0
20230823094802124,SZSE,SZSE.ETF.159901,2.703,2.717,2.722,2.703,0.0,3.0,2.454,7552016.0,200000.0,20494805.508,540600.0,0.0,0.0,20230823,20230823,94802125,2.727,0.0,0.0,2.703,2.702,2.701,2.7,2.699,0.0,0.0,0.0,0.0,0.0,2.704,2.705,2.706,2.707,2.708,0.0,0.0,0.0,0.0,0.0,180800.0,1350300.0,248500.0,455800.0,3300.0,0.0,0.0,0.0,0.0,0.0,3600.0,282400.0,427700.0,398000.0,290600.0,0.0,0.0,0.0,0.0,0.0
20230823094805080,SZSE,SZSE.ETF.159901,2.704,2.717,2.722,2.703,0.0,3.0,2.454,7675616.0,123600.0,20828999.908,334194.3999999985,0.0,0.0,20230823,20230823,94805082,2.727,0.0,0.0,2.704,2.703,2.702,2.701,2.7,0.0,0.0,0.0,0.0,0.0,2.705,2.706,2.707,2.708,2.709,0.0,0.0,0.0,0.0,0.0,83800.0,460800.0,420300.0,288500.0,455800.0,0.0,0.0,0.0,0.0,0.0,186000.0,367700.0,378000.0,210600.0,93700.0,0.0,0.0,0.0,0.0,0.0
20230823094808160,SZSE,SZSE.ETF.159901,2.704,2.717,2.722,2.703,0.0,3.0,2.454,7675616.0,0.0,20828999.908,0.0,0.0,0.0,20230823,20230823,94808162,2.727,0.0,0.0,2.704,2.703,2.702,2.701,2.7,0.0,0.0,0.0,0.0,0.0,2.705,2.706,2.707,2.708,2.709,0.0,0.0,0.0,0.0,0.0,707400.0,255000.0,1252500.0,581700.0,262500.0,0.0,0.0,0.0,0.0,0.0,246000.0,487700.0,340000.0,213400.0,328800.0,0.0,0.0,0.0,0.0,0.0
20230823094811056,SZSE,SZSE.ETF.159901,2.705,2.717,2.722,2.703,0.0,3.0,2.454,7921616.0,246000.0,21494429.908,665430.0,0.0,0.0,20230823,20230823,94811055,2.727,0.0,0.0,2.705,2.704,2.703,2.702,2.701,0.0,0.0,0.0,0.0,0.0,2.706,2.707,2.708,2.709,2.71,0.0,0.0,0.0,0.0,0.0,454300.0,785100.0,257200.0,1253100.0,506200.0,0.0,0.0,0.0,0.0,0.0,280000.0,337600.0,249000.0,253100.0,250200.0,0.0,0.0,0.0,0.0,0.0
20230823094814096,SZSE,SZSE.ETF.159901,2.706,2.717,2.722,2.703,0.0,3.0,2.454,8049316.0,127700.0,21839876.608,345446.69999999925,0.0,0.0,20230823,20230823,94814094,2.727,0.0,0.0,2.705,2.704,2.703,2.702,2.701,0.0,0.0,0.0,0.0,0.0,2.706,2.707,2.708,2.709,2.71,0.0,0.0,0.0,0.0,0.0,4600.0,800000.0,437200.0,760900.0,208500.0,0.0,0.0,0.0,0.0,0.0,275400.0,240000.0,231000.0,331700.0,449600.0,0.0,0.0,0.0,0.0,0.0
20230823094816984,SZSE,SZSE.ETF.159901,2.705,2.717,2.722,2.703,0.0,3.0,2.454,8050316.0,1000.0,21842581.608,2705.0,0.0,0.0,20230823,20230823,94816982,2.727,0.0,0.0,2.704,2.703,2.702,2.701,2.7,0.0,0.0,0.0,0.0,0.0,2.706,2.707,2.708,2.709,2.71,0.0,0.0,0.0,0.0,0.0,903600.0,298800.0,409200.0,570100.0,298000.0,0.0,0.0,0.0,0.0,0.0,415400.0,280000.0,351000.0,513000.0,168300.0,0.0,0.0,0.0,0.0,0.0
20230823094820036,SZSE,SZSE.ETF.159901,2.705,2.717,2.722,2.703,0.0,3.0,2.454,8053916.0,3600.0,21852319.608,9738.0,0.0,0.0,20230823,20230823,94820035,2.727,0.0,0.0,2.704,2.703,2.702,2.701,2.7,0.0,0.0,0.0,0.0,0.0,2.705,2.706,2.707,2.708,2.709,0.0,0.0,0.0,0.0,0.0,800000.0,258800.0,493800.0,665500.0,223600.0,0.0,0.0,0.0,0.0,0.0,136400.0,445000.0,280000.0,171000.0,510400.0,0.0,0.0,0.0,0.0,0.0
20230823094822980,SZSE,SZSE.ETF.159901,2.705,2.717,2.722,2.703,0.0,3.0,2.454,8053916.0,0.0,21852319.608,0.0,0.0,0.0,20230823,20230823,94822979,2.727,0.0,0.0,2.704,2.703,2.702,2.701,2.7,0.0,0.0,0.0,0.0,0.0,2.705,2.706,2.707,2.708,2.709,0.0,0.0,0.0,0.0,0.0,803600.0,258800.0,453100.0,746200.0,223600.0,0.0,0.0,0.0,0.0,0.0,181400.0,355000.0,200000.0,449000.0,553100.0,0.0,0.0,0.0,0.0,0.0
20230823094825988,SZSE,SZSE.ETF.159901,2.705,2.717,2.722,2.703,0.0,3.0,2.454,8053916.0,0.0,21852319.608,0.0,0.0,0.0,20230823,20230823,94825988,2.727,0.0,0.0,2.704,2.703,2.702,2.701,2.7,0.0,0.0,0.0,0.0,0.0,2.705,2.706,2.707,2.708,2.709,0.0,0.0,0.0,0.0,0.0,153600.0,356600.0,505100.0,848800.0,301100.0,0.0,0.0,0.0,0.0,0.0,236000.0,451400.0,377600.0,586500.0,515700.0,0.0,0.0,0.0,0.0,0.0
20230823094829000,SZSE,SZSE.ETF.159901,2.704,2.717,2.722,2.703,0.0,3.0,2.454,8216116.0,162200.0,22290912.408,438592.80000000075,0.0,0.0,20230823,20230823,94829002,2.727,0.0,0.0,2.703,2.702,2.701,2.7,2.699,0.0,0.0,0.0,0.0,0.0,2.704,2.705,2.706,2.707,2.708,0.0,0.0,0.0,0.0,0.0,279000.0,442900.0,864300.0,385600.0,3300.0,0.0,0.0,0.0,0.0,0.0,223200.0,372000.0,549100.0,300000.0,550900.0,0.0,0.0,0.0,0.0,0.0
20230823094832012,SZSE,SZSE.ETF.159901,2.704,2.717,2.722,2.703,0.0,3.0,2.454,8216316.0,200.0,22291453.208,540.8000000007451,0.0,0.0,20230823,20230823,94832011,2.727,0.0,0.0,2.703,2.702,2.701,2.7,2.699,0.0,0.0,0.0,0.0,0.0,2.704,2.705,2.706,2.707,2.708,0.0,0.0,0.0,0.0,0.0,363700.0,425100.0,726300.0,466200.0,138500.0,0.0,0.0,0.0,0.0,0.0,369600.0,311100.0,531400.0,538700.0,469900.0,0.0,0.0,0.0,0.0,0.0
20230823094835048,SZSE,SZSE.ETF.159901,2.704,2.717,2.722,2.703,0.0,3.0,2.454,8246316.0,30000.0,22372573.208,81120.0,0.0,0.0,20230823,20230823,94835047,2.727,0.0,0.0,2.703,2.702,2.701,2.7,2.699,0.0,0.0,0.0,0.0,0.0,2.704,2.705,2.706,2.707,2.708,0.0,0.0,0.0,0.0,0.0,283700.0,425100.0,1456200.0,516200.0,188600.0,0.0,0.0,0.0,0.0,0.0,299600.0,431100.0,531400.0,658700.0,469900.0,0.0,0.0,0.0,0.0,0.0
20230823094837988,SZSE,SZSE.ETF.159901,2.704,2.717,2.722,2.703,0.0,3.0,2.454,8251316.0,5000.0,22386093.208,13520.0,0.0,0.0,20230823,20230823,94837987,2.727,0.0,0.0,2.703,2.702,2.701,2.7,2.699,0.0,0.0,0.0,0.0,0.0,2.704,2.705,2.706,2.707,2.708,0.0,0.0,0.0,0.0,0.0,183700.0,542900.0,1138400.0,776200.0,188600.0,0.0,0.0,0.0,0.0,0.0,334600.0,373400.0,649100.0,358700.0,569900.0,0.0,0.0,0.0,0.0,0.0
20230823094841020,SZSE,SZSE.ETF.159901,2.704,2.717,2.722,2.703,0.0,3.0,2.454,8251316.0,0.0,22386093.208,0.0,0.0,0.0,20230823,20230823,94841021,2.727,0.0,0.0,2.703,2.702,2.701,2.7,2.699,0.0,0.0,0.0,0.0,0.0,2.704,2.705,2.706,2.707,2.708,0.0,0.0,0.0,0.0,0.0,183700.0,622900.0,1078400.0,896200.0,188600.0,0.0,0.0,0.0,0.0,0.0,334600.0,391100.0,531400.0,403100.0,525500.0,0.0,0.0,0.0,0.0,0.0
20230823094937084,SZSE,SZSE.ETF.159901,2.705,2.717,2.722,2.703,0.0,3.0,2.454,8788916.0,87600.0,23839740.808,236929.0,0.0,0.0,20230823,20230823,94937083,2.727,0.0,0.0,2.704,2.703,2.702,2.701,2.7,0.0,0.0,0.0,0.0,0.0,2.705,2.706,2.707,2.708,2.709,0.0,0.0,0.0,0.0,0.0,8300.0,946800.0,1114500.0,843800.0,486100.0,0.0,0.0,0.0,0.0,0.0,264600.0,471400.0,437600.0,350900.0,391400.0,0.0,0.0,0.0,0.0,0.0
20230823094938240,SZSE,SZSE.ETF.159901,2.705,2.717,2.722,2.703,0.0,3.0,2.454,8790516.0,1600.0,23844068.808,4328.0,0.0,0.0,20230823,20230823,94938242,2.727,0.0,0.0,2.704,2.703,2.702,2.701,2.7,0.0,0.0,0.0,0.0,0.0,2.705,2.706,2.707,2.708,2.709,0.0,0.0,0.0,0.0,0.0,78700.0,450700.0,364500.0,624100.0,525700.0,0.0,0.0,0.0,0.0,0.0,124600.0,511400.0,337600.0,349400.0,391800.0,0.0,0.0,0.0,0.0,0.0
20230823094942964,SZSE,SZSE.ETF.159901,2.705,2.717,2.722,2.703,0.0,3.0,2.454,8790516.0,0.0,23844068.808,0.0,0.0,0.0,20230823,20230823,94942965,2.727,0.0,0.0,2.704,2.703,2.702,2.701,2.7,0.0,0.0,0.0,0.0,0.0,2.705,2.706,2.707,2.708,2.709,0.0,0.0,0.0,0.0,0.0,188300.0,369300.0,442300.0,791100.0,448600.0,0.0,0.0,0.0,0.0,0.0,224600.0,589100.0,260000.0,512400.0,415100.0,0.0,0.0,0.0,0.0,0.0
20230823094945352,SZSE,SZSE.ETF.159901,2.705,2.717,2.722,2.703,0.0,3.0,2.454,8790516.0,0.0,23844068.808,0.0,0.0,0.0,20230823,20230823,94945353,2.727,0.0,0.0,2.704,2.703,2.702,2.701,2.7,0.0,0.0,0.0,0.0,0.0,2.705,2.706,2.707,2.708,2.709,0.0,0.0,0.0,0.0,0.0,188300.0,350800.0,544500.0,691100.0,468600.0,0.0,0.0,0.0,0.0,0.0,224600.0,589100.0,260000.0,368000.0,359400.0,0.0,0.0,0.0,0.0,0.0
20230823094948716,SZSE,SZSE.ETF.159901,2.705,2.717,2.722,2.703,0.0,3.0,2.454,8797316.0,6800.0,23862462.808,18394.0,0.0,0.0,20230823,20230823,94948717,2.727,0.0,0.0,2.704,2.703,2.702,2.701,2.7,0.0,0.0,0.0,0.0,0.0,2.705,2.706,2.707,2.708,2.709,0.0,0.0,0.0,0.0,0.0,188300.0,290800.0,524500.0,691100.0,588600.0,0.0,0.0,0.0,0.0,0.0,222400.0,649100.0,200000.0,568000.0,359400.0,0.0,0.0,0.0,0.0,0.0
20230823094951108,SZSE,SZSE.ETF.159901,2.704,2.717,2.722,2.703,0.0,3.0,2.454,8877316.0,80000.0,24078782.808,216320.0,0.0,0.0,20230823,20230823,94951107,2.727,0.0,0.0,2.704,2.703,2.702,2.701,2.7,0.0,0.0,0.0,0.0,0.0,2.705,2.706,2.707,2.708,2.709,0.0,0.0,0.0,0.0,0.0,111300.0,353000.0,622300.0,473700.0,506100.0,0.0,0.0,0.0,0.0,0.0,44600.0,589100.0,340000.0,605500.0,322000.0,0.0,0.0,0.0,0.0,0.0
20230823094953104,SZSE,SZSE.ETF.159901,2.704,2.717,2.722,2.703,0.0,3.0,2.454,8877316.0,0.0,24078782.808,0.0,0.0,0.0,20230823,20230823,94953103,2.727,0.0,0.0,2.704,2.703,2.702,2.701,2.7,0.0,0.0,0.0,0.0,0.0,2.705,2.706,2.707,2.708,2.709,0.0,0.0,0.0,0.0,0.0,111300.0,530800.0,504500.0,518200.0,501600.0,0.0,0.0,0.0,0.0,0.0,44600.0,509100.0,340000.0,685500.0,322000.0,0.0,0.0,0.0,0.0,0.0
20230823094955972,SZSE,SZSE.ETF.159901,2.704,2.717,2.722,2.703,0.0,3.0,2.454,8877316.0,0.0,24078782.808,0.0,0.0,0.0,20230823,20230823,94955972,2.727,0.0,0.0,2.704,2.703,2.702,2.701,2.7,0.0,0.0,0.0,0.0,0.0,2.705,2.706,2.707,2.708,2.709,0.0,0.0,0.0,0.0,0.0,211300.0,530800.0,744600.0,518200.0,501600.0,0.0,0.0,0.0,0.0,0.0,44600.0,431400.0,337600.0,585500.0,402000.0,0.0,0.0,0.0,0.0,0.0
20230823095014040,SZSE,SZSE.ETF.159901,2.705,2.717,2.722,2.703,0.0,3.0,2.454,8925416.0,16500.0,24208893.308,44632.5,0.0,0.0,20230823,20230823,95014039,2.727,0.0,0.0,2.704,2.703,2.702,2.701,2.7,0.0,0.0,0.0,0.0,0.0,2.705,2.706,2.707,2.708,2.709,0.0,0.0,0.0,0.0,0.0,228200.0,664200.0,1150700.0,669600.0,404100.0,0.0,0.0,0.0,0.0,0.0,54000.0,673200.0,417600.0,250000.0,599300.0,0.0,0.0,0.0,0.0,0.0
20230823095017048,SZSE,SZSE.ETF.159901,2.705,2.717,2.722,2.703,0.0,3.0,2.454,8927516.0,2100.0,24214573.808,5680.5,0.0,0.0,20230823,20230823,95017050,2.727,0.0,0.0,2.704,2.703,2.702,2.701,2.7,0.0,0.0,0.0,0.0,0.0,2.705,2.706,2.707,2.708,2.709,0.0,0.0,0.0,0.0,0.0,228200.0,424200.0,414600.0,775700.0,324100.0,0.0,0.0,0.0,0.0,0.0,70000.0,499600.0,227600.0,598000.0,639400.0,0.0,0.0,0.0,0.0,0.0
20230823095020056,SZSE,SZSE.ETF.159901,2.705,2.717,2.722,2.703,0.0,3.0,2.454,8927516.0,0.0,24214573.808,0.0,0.0,0.0,20230823,20230823,95020057,2.727,0.0,0.0,2.704,2.703,2.702,2.701,2.7,0.0,0.0,0.0,0.0,0.0,2.705,2.706,2.707,2.708,2.709,0.0,0.0,0.0,0.0,0.0,348200.0,386900.0,1062400.0,468300.0,551600.0,0.0,0.0,0.0,0.0,0.0,70000.0,487300.0,240000.0,685500.0,552000.0,0.0,0.0,0.0,0.0,0.0
20230823095023080,SZSE,SZSE.ETF.159901,2.704,2.717,2.722,2.703,0.0,3.0,2.454,9099216.0,171700.0,24679021.308,464447.5,0.0,0.0,20230823,20230823,95023081,2.727,0.0,0.0,2.704,2.703,2.702,2.701,2.7,0.0,0.0,0.0,0.0,0.0,2.705,2.706,2.707,2.708,2.709,0.0,0.0,0.0,0.0,0.0,227200.0,504700.0,1164900.0,455700.0,474100.0,0.0,0.0,0.0,0.0,0.0,125000.0,463200.0,227600.0,598000.0,589400.0,0.0,0.0,0.0,0.0,0.0
20230823095026056,SZSE,SZSE.ETF.159901,2.704,2.717,2.722,2.703,0.0,3.0,2.454,9099216.0,0.0,24679021.308,0.0,0.0,0.0,20230823,20230823,95026054,2.727,0.0,0.0,2.704,2.703,2.702,2.701,2.7,0.0,0.0,0.0,0.0,0.0,2.705,2.706,2.707,2.708,2.709,0.0,0.0,0.0,0.0,0.0,229200.0,424700.0,464900.0,785700.0,514100.0,0.0,0.0,0.0,0.0,0.0,128600.0,509600.0,357600.0,648000.0,509400.0,0.0,0.0,0.0,0.0,0.0
20230823095029064,SZSE,SZSE.ETF.159901,2.704,2.717,2.722,2.703,0.0,3.0,2.454,9099216.0,0.0,24679021.308,0.0,0.0,0.0,20230823,20230823,95029063,2.727,0.0,0.0,2.704,2.703,2.702,2.701,2.7,0.0,0.0,0.0,0.0,0.0,2.705,2.706,2.707,2.708,2.709,0.0,0.0,0.0,0.0,0.0,330200.0,504700.0,1114900.0,418300.0,551600.0,0.0,0.0,0.0,0.0,0.0,128600.0,537300.0,430000.0,635500.0,272000.0,0.0,0.0,0.0,0.0,0.0
20230823095032028,SZSE,SZSE.ETF.159901,2.704,2.717,2.722,2.703,0.0,3.0,2.454,9157316.0,58100.0,24836123.708,157102.40000000224,0.0,0.0,20230823,20230823,95032029,2.727,0.0,0.0,2.704,2.703,2.702,2.701,2.7,0.0,0.0,0.0,0.0,0.0,2.705,2.706,2.707,2.708,2.709,0.0,0.0,0.0,0.0,0.0,205400.0,324700.0,604600.0,535600.0,574100.0,0.0,0.0,0.0,0.0,0.0,228600.0,469600.0,557600.0,648000.0,209400.0,0.0,0.0,0.0,0.0,0.0
20230823095035052,SZSE,SZSE.ETF.159901,2.704,2.717,2.722,2.703,0.0,3.0,2.454,9157516.0,200.0,24836664.508,540.8000000007451,0.0,0.0,20230823,20230823,95035051,2.727,0.0,0.0,2.704,2.703,2.702,2.701,2.7,0.0,0.0,0.0,0.0,0.0,2.705,2.706,2.707,2.708,2.709,0.0,0.0,0.0,0.0,0.0,205400.0,246900.0,572400.0,463700.0,696100.0,0.0,0.0,0.0,0.0,0.0,368600.0,517300.0,350000.0,555500.0,172000.0,0.0,0.0,0.0,0.0,0.0
20230823095109960,SZSE,SZSE.ETF.159901,2.704,2.717,2.722,2.703,0.0,3.0,2.454,9648616.0,60000.0,26164382.808,162240.0,0.0,0.0,20230823,20230823,95109962,2.727,0.0,0.0,2.703,2.702,2.701,2.7,2.699,0.0,0.0,0.0,0.0,0.0,2.704,2.705,2.706,2.707,2.708,0.0,0.0,0.0,0.0,0.0,244600.0,502400.0,1228000.0,677700.0,86200.0,0.0,0.0,0.0,0.0,0.0,291000.0,103300.0,407300.0,443100.0,224500.0,0.0,0.0,0.0,0.0,0.0
20230823095111028,SZSE,SZSE.ETF.159901,2.704,2.717,2.722,2.703,0.0,3.0,2.454,9939616.0,291000.0,26951246.808,786864.0,0.0,0.0,20230823,20230823,95111028,2.727,0.0,0.0,2.704,2.703,2.702,2.701,2.7,0.0,0.0,0.0,0.0,0.0,2.705,2.706,2.707,2.708,2.709,0.0,0.0,0.0,0.0,0.0,17000.0,424600.0,1302400.0,548000.0,417700.0,0.0,0.0,0.0,0.0,0.0,103300.0,327300.0,398700.0,248900.0,300000.0,0.0,0.0,0.0,0.0,0.0
20230823095115892,SZSE,SZSE.ETF.159901,2.704,2.717,2.722,2.703,0.0,3.0,2.454,10190816.0,251200.0,27630542.808,679296.0,0.0,0.0,20230823,20230823,95115893,2.727,0.0,0.0,2.704,2.703,2.702,2.701,2.7,0.0,0.0,0.0,0.0,0.0,2.705,2.706,2.707,2.708,2.709,0.0,0.0,0.0,0.0,0.0,239800.0,344600.0,524600.0,744100.0,386700.0,0.0,0.0,0.0,0.0,0.0,103800.0,329600.0,240000.0,249400.0,378100.0,0.0,0.0,0.0,0.0,0.0
20230823095118956,SZSE,SZSE.ETF.159901,2.704,2.717,2.722,2.703,0.0,3.0,2.454,10290816.0,100000.0,27900942.808,270400.0,0.0,0.0,20230823,20230823,95118955,2.727,0.0,0.0,2.704,2.703,2.702,2.701,2.7,0.0,0.0,0.0,0.0,0.0,2.705,2.706,2.707,2.708,2.709,0.0,0.0,0.0,0.0,0.0,424400.0,421000.0,1224600.0,605700.0,225100.0,0.0,0.0,0.0,0.0,0.0,3800.0,209600.0,200000.0,348000.0,539400.0,0.0,0.0,0.0,0.0,0.0
20230823095120572,SZSE,SZSE.ETF.159901,2.705,2.717,2.722,2.703,0.0,3.0,2.454,10293816.0,3000.0,27909057.808,8115.0,0.0,0.0,20230823,20230823,95120571,2.727,0.0,0.0,2.704,2.703,2.702,2.701,2.7,0.0,0.0,0.0,0.0,0.0,2.706,2.707,2.708,2.709,2.71,0.0,0.0,0.0,0.0,0.0,344400.0,421000.0,1354600.0,645700.0,225100.0,0.0,0.0,0.0,0.0,0.0,253200.0,160000.0,268000.0,539400.0,80200.0,0.0,0.0,0.0,0.0,0.0
20230823095123512,SZSE,SZSE.ETF.159901,2.704,2.717,2.722,2.703,0.0,3.0,2.454,10382716.0,88900.0,28149443.408,240385.6000000015,0.0,0.0,20230823,20230823,95123512,2.727,0.0,0.0,2.704,2.703,2.702,2.701,2.7,0.0,0.0,0.0,0.0,0.0,2.706,2.707,2.708,2.709,2.71,0.0,0.0,0.0,0.0,0.0,155500.0,421000.0,1145300.0,605000.0,225100.0,0.0,0.0,0.0,0.0,0.0,403200.0,240000.0,170000.0,496700.0,40900.0,0.0,0.0,0.0,0.0,0.0
20230823095126208,SZSE,SZSE.ETF.159901,2.704,2.717,2.722,2.703,0.0,3.0,2.454,10382716.0,0.0,28149443.408,0.0,0.0,0.0,20230823,20230823,95126207,2.727,0.0,0.0,2.704,2.703,2.702,2.701,2.7,0.0,0.0,0.0,0.0,0.0,2.705,2.706,2.707,2.708,2.709,0.0,0.0,0.0,0.0,0.0,155500.0,418800.0,1145300.0,745000.0,225100.0,0.0,0.0,0.0,0.0,0.0,103600.0,399600.0,317600.0,370000.0,496700.0,0.0,0.0,0.0,0.0,0.0
20230823095129036,SZSE,SZSE.ETF.159901,2.704,2.717,2.722,2.703,0.0,3.0,2.454,10382716.0,0.0,28149443.408,0.0,0.0,0.0,20230823,20230823,95129036,2.727,0.0,0.0,2.704,2.703,2.702,2.701,2.7,0.0,0.0,0.0,0.0,0.0,2.705,2.706,2.707,2.708,2.709,0.0,0.0,0.0,0.0,0.0,155500.0,498800.0,304600.0,745700.0,225100.0,0.0,0.0,0.0,0.0,0.0,103600.0,427300.0,240000.0,448000.0,459400.0,0.0,0.0,0.0,0.0,0.0
20230823095132344,SZSE,SZSE.ETF.159901,2.704,2.717,2.722,2.703,0.0,3.0,2.454,10382716.0,0.0,28149443.408,0.0,0.0,0.0,20230823,20230823,95132345,2.727,0.0,0.0,2.704,2.703,2.702,2.701,2.7,0.0,0.0,0.0,0.0,0.0,2.705,2.706,2.707,2.708,2.709,0.0,0.0,0.0,0.0,0.0,155500.0,321000.0,482400.0,705700.0,265100.0,0.0,0.0,0.0,0.0,0.0,103600.0,487300.0,180000.0,448000.0,459400.0,0.0,0.0,0.0,0.0,0.0
20230823095135388,SZSE,SZSE.ETF.159901,2.704,2.717,2.722,2.703,0.0,3.0,2.454,10382716.0,0.0,28149443.408,0.0,0.0,0.0,20230823,20230823,95135387,2.727,0.0,0.0,2.704,2.703,2.702,2.701,2.7,0.0,0.0,0.0,0.0,0.0,2.705,2.706,2.707,2.708,2.709,0.0,0.0,0.0,0.0,0.0,155500.0,358800.0,444600.0,605700.0,325100.0,0.0,0.0,0.0,0.0,0.0,153600.0,427300.0,240000.0,548000.0,359400.0,0.0,0.0,0.0,0.0,0.0
20230823095138140,SZSE,SZSE.ETF.159901,2.704,2.717,2.722,2.703,0.0,3.0,2.454,10382716.0,0.0,28149443.408,0.0,0.0,0.0,20230823,20230823,95138139,2.727,0.0,0.0,2.704,2.703,2.702,2.701,2.7,0.0,0.0,0.0,0.0,0.0,2.705,2.706,2.707,2.708,2.709,0.0,0.0,0.0,0.0,0.0,155500.0,299000.0,504600.0,361200.0,609600.0,0.0,0.0,0.0,0.0,0.0,193600.0,527300.0,380000.0,468000.0,159400.0,0.0,0.0,0.0,0.0,0.0
20230823095141036,SZSE,SZSE.ETF.159901,2.704,2.717,2.722,2.703,0.0,3.0,2.454,10382716.0,0.0,28149443.408,0.0,0.0,0.0,20230823,20230823,95141036,2.727,0.0,0.0,2.704,2.703,2.702,2.701,2.7,0.0,0.0,0.0,0.0,0.0,2.705,2.706,2.707,2.708,2.709,0.0,0.0,0.0,0.0,0.0,155500.0,221200.0,622400.0,311100.0,609600.0,0.0,0.0,0.0,0.0,0.0,153600.0,567300.0,380000.0,508000.0,159400.0,0.0,0.0,0.0,0.0,0.0
20230823095144020,SZSE,SZSE.ETF.159901,2.704,2.717,2.722,2.703,0.0,3.0,2.454,10382716.0,0.0,28149443.408,0.0,0.0,0.0,20230823,20230823,95144019,2.727,0.0,0.0,2.704,2.703,2.702,2.701,2.7,0.0,0.0,0.0,0.0,0.0,2.705,2.706,2.707,2.708,2.709,0.0,0.0,0.0,0.0,0.0,155500.0,141200.0,582400.0,391100.0,569600.0,0.0,0.0,0.0,0.0,0.0,193600.0,527300.0,380000.0,468000.0,159400.0,0.0,0.0,0.0,0.0,0.0
20230823095146960,SZSE,SZSE.ETF.159901,2.704,2.717,2.722,2.703,0.0,3.0,2.454,10382716.0,0.0,28149443.408,0.0,0.0,0.0,20230823,20230823,95146962,2.727,0.0,0.0,2.704,2.703,2.702,2.701,2.7,0.0,0.0,0.0,0.0,0.0,2.705,2.706,2.707,2.708,2.709,0.0,0.0,0.0,0.0,0.0,155500.0,141200.0,582400.0,391100.0,609600.0,0.0,0.0,0.0,0.0,0.0,273600.0,527300.0,300000.0,468000.0,159400.0,0.0,0.0,0.0,0.0,0.0
20230823095150008,SZSE,SZSE.ETF.159901,2.704,2.717,2.722,2.703,0.0,3.0,2.454,10482716.0,100000.0,28419843.408,270400.0,0.0,0.0,20230823,20230823,95150007,2.727,0.0,0.0,2.704,2.703,2.702,2.701,2.7,0.0,0.0,0.0,0.0,0.0,2.705,2.706,2.707,2.708,2.709,0.0,0.0,0.0,0.0,0.0,55500.0,141200.0,502400.0,391100.0,689600.0,0.0,0.0,0.0,0.0,0.0,273600.0,527300.0,300000.0,512400.0,115100.0,0.0,0.0,0.0,0.0,0.0
20230823095152932,SZSE,SZSE.ETF.159901,2.704,2.717,2.722,2.703,0.0,3.0,2.454,10528116.0,45400.0,28542605.008,122761.60000000149,0.0,0.0,20230823,20230823,95152931,2.727,0.0,0.0,2.704,2.703,2.702,2.701,2.7,0.0,0.0,0.0,0.0,0.0,2.705,2.706,2.707,2.708,2.709,0.0,0.0,0.0,0.0,0.0,6500.0,144800.0,602400.0,353700.0,687100.0,0.0,0.0,0.0,0.0,0.0,243600.0,427300.0,380000.0,549900.0,77700.0,0.0,0.0,0.0,0.0,0.0
20230823095155956,SZSE,SZSE.ETF.159901,2.704,2.717,2.722,2.703,0.0,3.0,2.454,10528116.0,0.0,28542605.008,0.0,0.0,0.0,20230823,20230823,95155957,2.727,0.0,0.0,2.704,2.703,2.702,2.701,2.7,0.0,0.0,0.0,0.0,0.0,2.705,2.706,2.707,2.708,2.709,0.0,0.0,0.0,0.0,0.0,6900.0,144800.0,602400.0,274000.0,726700.0,0.0,0.0,0.0,0.0,0.0,323600.0,427300.0,300000.0,549400.0,78100.0,0.0,0.0,0.0,0.0,0.0
20230823095159324,SZSE,SZSE.ETF.159901,2.704,2.717,2.722,2.703,0.0,3.0,2.454,10535016.0,6900.0,28561262.608,18657.599999997765,0.0,0.0,20230823,20230823,95159324,2.727,0.0,0.0,2.703,2.702,2.701,2.7,2.699,0.0,0.0,0.0,0.0,0.0,2.704,2.705,2.706,2.707,2.708,0.0,0.0,0.0,0.0,0.0,164800.0,542400.0,296600.0,564200.0,331500.0,0.0,0.0,0.0,0.0,0.0,38500.0,383600.0,567300.0,300000.0,386900.0,0.0,0.0,0.0,0.0,0.0
20230823095202672,SZSE,SZSE.ETF.159901,2.704,2.717,2.722,2.703,0.0,3.0,2.454,10535016.0,0.0,28561262.608,0.0,0.0,0.0,20230823,20230823,95202672,2.727,0.0,0.0,2.703,2.702,2.701,2.7,2.699,0.0,0.0,0.0,0.0,0.0,2.704,2.705,2.706,2.707,2.708,0.0,0.0,0.0,0.0,0.0,164800.0,542400.0,337900.0,525400.0,289000.0,0.0,0.0,0.0,0.0,0.0,42100.0,277700.0,409600.0,535500.0,352100.0,0.0,0.0,0.0,0.0,0.0
20230823095205640,SZSE,SZSE.ETF.159901,2.704,2.717,2.722,2.703,0.0,3.0,2.454,10535016.0,0.0,28561262.608,0.0,0.0,0.0,20230823,20230823,95205639,2.727,0.0,0.0,2.703,2.702,2.701,2.7,2.699,0.0,0.0,0.0,0.0,0.0,2.704,2.705,2.706,2.707,2.708,0.0,0.0,0.0,0.0,0.0,172500.0,542400.0,1037900.0,765900.0,289000.0,0.0,0.0,0.0,0.0,0.0,42100.0,200000.0,367300.0,535500.0,272100.0,0.0,0.0,0.0,0.0,0.0
20230823095208448,SZSE,SZSE.ETF.159901,2.704,2.717,2.722,2.703,0.0,3.0,2.454,10568616.0,33600.0,28652117.008,90854.40000000224,0.0,0.0,20230823,20230823,95208449,2.727,0.0,0.0,2.703,2.702,2.701,2.7,2.699,0.0,0.0,0.0,0.0,0.0,2.704,2.705,2.706,2.707,2.708,0.0,0.0,0.0,0.0,0.0,250300.0,465100.0,337900.0,603400.0,251500.0,0.0,0.0,0.0,0.0,0.0,8500.0,200000.0,409600.0,575600.0,389600.0,0.0,0.0,0.0,0.0,0.0
20230823095211012,SZSE,SZSE.ETF.159901,2.704,2.717,2.722,2.703,0.0,3.0,2.454,10570616.0,2000.0,28657525.008,5408.0,0.0,0.0,20230823,20230823,95211012,2.727,0.0,0.0,2.703,2.702,2.701,2.7,2.699,0.0,0.0,0.0,0.0,0.0,2.705,2.706,2.707,2.708,2.709,0.0,0.0,0.0,0.0,0.0,72500.0,322900.0,477900.0,505900.0,389000.0,0.0,0.0,0.0,0.0,0.0,163600.0,567300.0,535500.0,172100.0,100000.0,0.0,0.0,0.0,0.0,0.0
20230823095213984,SZSE,SZSE.ETF.159901,2.704,2.717,2.722,2.703,0.0,3.0,2.454,10570616.0,0.0,28657525.008,0.0,0.0,0.0,20230823,20230823,95213985,2.727,0.0,0.0,2.703,2.702,2.701,2.7,2.699,0.0,0.0,0.0,0.0,0.0,2.704,2.705,2.706,2.707,2.708,0.0,0.0,0.0,0.0,0.0,32500.0,362900.0,397900.0,593300.0,431600.0,0.0,0.0,0.0,0.0,0.0,193600.0,467700.0,289600.0,340000.0,237600.0,0.0,0.0,0.0,0.0,0.0
20230823095216952,SZSE,SZSE.ETF.159901,2.704,2.717,2.722,2.703,0.0,3.0,2.454,10570616.0,0.0,28657525.008,0.0,0.0,0.0,20230823,20230823,95216953,2.727,0.0,0.0,2.703,2.702,2.701,2.7,2.699,0.0,0.0,0.0,0.0,0.0,2.704,2.705,2.706,2.707,2.708,0.0,0.0,0.0,0.0,0.0,28900.0,290600.0,475700.0,431700.0,553200.0,0.0,0.0,0.0,0.0,0.0,273600.0,417700.0,409600.0,499400.0,78200.0,0.0,0.0,0.0,0.0,0.0
20230823095220064,SZSE,SZSE.ETF.159901,2.704,2.717,2.722,2.703,0.0,3.0,2.454,10594716.0,24100.0,28722668.308,65143.29999999702,0.0,0.0,20230823,20230823,95220063,2.727,0.0,0.0,2.703,2.702,2.701,2.7,2.699,0.0,0.0,0.0,0.0,0.0,2.704,2.705,2.706,2.707,2.708,0.0,0.0,0.0,0.0,0.0,5800.0,290600.0,475700.0,511700.0,513200.0,0.0,0.0,0.0,0.0,0.0,192600.0,417700.0,489600.0,499400.0,78200.0,0.0,0.0,0.0,0.0,0.0
20230823095223024,SZSE,SZSE.ETF.159901,2.704,2.717,2.722,2.703,0.0,3.0,2.454,10596216.0,1500.0,28726724.308,4056.0,0.0,0.0,20230823,20230823,95223022,2.727,0.0,0.0,2.703,2.702,2.701,2.7,2.699,0.0,0.0,0.0,0.0,0.0,2.704,2.705,2.706,2.707,2.708,0.0,0.0,0.0,0.0,0.0,5800.0,350600.0,415700.0,511700.0,553200.0,0.0,0.0,0.0,0.0,0.0,191100.0,357700.0,549600.0,499400.0,78200.0,0.0,0.0,0.0,0.0,0.0
20230823095225968,SZSE,SZSE.ETF.159901,2.704,2.717,2.722,2.703,0.0,3.0,2.454,10596216.0,0.0,28726724.308,0.0,0.0,0.0,20230823,20230823,95225969,2.727,0.0,0.0,2.703,2.702,2.701,2.7,2.699,0.0,0.0,0.0,0.0,0.0,2.704,2.705,2.706,2.707,2.708,0.0,0.0,0.0,0.0,0.0,5800.0,350600.0,415700.0,631700.0,553200.0,0.0,0.0,0.0,0.0,0.0,191100.0,357900.0,349600.0,499400.0,78200.0,0.0,0.0,0.0,0.0,0.0
20230823095228960,SZSE,SZSE.ETF.159901,2.704,2.717,2.722,2.703,0.0,3.0,2.454,10596216.0,0.0,28726724.308,0.0,0.0,0.0,20230823,20230823,95228960,2.727,0.0,0.0,2.703,2.702,2.701,2.7,2.699,0.0,0.0,0.0,0.0,0.0,2.704,2.705,2.706,2.707,2.708,0.0,0.0,0.0,0.0,0.0,5800.0,428400.0,377900.0,661700.0,513200.0,0.0,0.0,0.0,0.0,0.0,191100.0,357900.0,349600.0,539400.0,78200.0,0.0,0.0,0.0,0.0,0.0
20230823095232144,SZSE,SZSE.ETF.159901,2.704,2.717,2.722,2.703,0.0,3.0,2.454,10596216.0,0.0,28726724.308,0.0,0.0,0.0,20230823,20230823,95232145,2.727,0.0,0.0,2.703,2.702,2.701,2.7,2.699,0.0,0.0,0.0,0.0,0.0,2.704,2.705,2.706,2.707,2.708,0.0,0.0,0.0,0.0,0.0,500.0,428400.0,337900.0,661700.0,553200.0,0.0,0.0,0.0,0.0,0.0,191100.0,357900.0,349600.0,499400.0,78200.0,0.0,0.0,0.0,0.0,0.0
20230823095235032,SZSE,SZSE.ETF.159901,2.704,2.717,2.722,2.703,0.0,3.0,2.454,10599216.0,3000.0,28734836.308,8112.0,0.0,0.0,20230823,20230823,95235031,2.727,0.0,0.0,2.703,2.702,2.701,2.7,2.699,0.0,0.0,0.0,0.0,0.0,2.704,2.705,2.706,2.707,2.708,0.0,0.0,0.0,0.0,0.0,500.0,428400.0,337900.0,661700.0,553200.0,0.0,0.0,0.0,0.0,0.0,193600.0,357900.0,349600.0,499400.0,78200.0,0.0,0.0,0.0,0.0,0.0
20230823095237912,SZSE,SZSE.ETF.159901,2.703,2.717,2.722,2.703,0.0,3.0,2.454,10599716.0,500.0,28736187.808,1351.5,0.0,0.0,20230823,20230823,95237911,2.727,0.0,0.0,2.702,2.701,2.7,2.699,2.698,0.0,0.0,0.0,0.0,0.0,2.703,2.704,2.705,2.706,2.707,0.0,0.0,0.0,0.0,0.0,366600.0,397900.0,381700.0,513200.0,238900.0,0.0,0.0,0.0,0.0,0.0,26400.0,193600.0,417900.0,489600.0,499400.0,0.0,0.0,0.0,0.0,0.0
20230823095240904,SZSE,SZSE.ETF.159901,2.703,2.717,2.722,2.703,0.0,3.0,2.454,10599716.0,0.0,28736187.808,0.0,0.0,0.0,20230823,20230823,95240906,2.727,0.0,0.0,2.702,2.701,2.7,2.699,2.698,0.0,0.0,0.0,0.0,0.0,2.703,2.704,2.705,2.706,2.707,0.0,0.0,0.0,0.0,0.0,368800.0,475700.0,1005500.0,629500.0,158900.0,0.0,0.0,0.0,0.0,0.0,26400.0,193600.0,337900.0,527600.0,539700.0,0.0,0.0,0.0,0.0,0.0
20230823095243936,SZSE,SZSE.ETF.159901,2.703,2.717,2.722,2.703,0.0,3.0,2.454,10621016.0,21300.0,28793761.708,57573.900000002235,0.0,0.0,20230823,20230823,95243937,2.727,0.0,0.0,2.702,2.701,2.7,2.699,2.698,0.0,0.0,0.0,0.0,0.0,2.703,2.704,2.705,2.706,2.707,0.0,0.0,0.0,0.0,0.0,446600.0,397900.0,305500.0,647300.0,158900.0,0.0,0.0,0.0,0.0,0.0,5100.0,193600.0,337900.0,527600.0,539700.0,0.0,0.0,0.0,0.0,0.0
20230823095246940,SZSE,SZSE.ETF.159901,2.703,2.717,2.722,2.703,0.0,3.0,2.454,10621016.0,0.0,28793761.708,0.0,0.0,0.0,20230823,20230823,95246939,2.727,0.0,0.0,2.702,2.701,2.7,2.699,2.698,0.0,0.0,0.0,0.0,0.0,2.703,2.704,2.705,2.706,2.707,0.0,0.0,0.0,0.0,0.0,288800.0,475700.0,387300.0,607300.0,158900.0,0.0,0.0,0.0,0.0,0.0,5100.0,193600.0,337900.0,527600.0,539700.0,0.0,0.0,0.0,0.0,0.0
20230823095249960,SZSE,SZSE.ETF.159901,2.703,2.717,2.722,2.703,0.0,3.0,2.454,10622016.0,1000.0,28796464.708,2703.0,0.0,0.0,20230823,20230823,95249959,2.727,0.0,0.0,2.702,2.701,2.7,2.699,2.698,0.0,0.0,0.0,0.0,0.0,2.703,2.704,2.705,2.706,2.707,0.0,0.0,0.0,0.0,0.0,368800.0,475700.0,307300.0,647300.0,158900.0,0.0,0.0,0.0,0.0,0.0,4100.0,193600.0,337900.0,527600.0,539700.0,0.0,0.0,0.0,0.0,0.0
20230823095253040,SZSE,SZSE.ETF.159901,2.703,2.717,2.722,2.703,0.0,3.0,2.454,10622016.0,0.0,28796464.708,0.0,0.0,0.0,20230823,20230823,95253039,2.727,0.0,0.0,2.702,2.701,2.7,2.699,2.698,0.0,0.0,0.0,0.0,0.0,2.703,2.704,2.705,2.706,2.707,0.0,0.0,0.0,0.0,0.0,288800.0,475700.0,387300.0,607300.0,198900.0,0.0,0.0,0.0,0.0,0.0,4100.0,193600.0,337900.0,527600.0,539700.0,0.0,0.0,0.0,0.0,0.0
20230823095255908,SZSE,SZSE.ETF.159901,2.703,2.717,2.722,2.703,0.0,3.0,2.454,10622016.0,0.0,28796464.708,0.0,0.0,0.0,20230823,20230823,95255909,2.727,0.0,0.0,2.702,2.701,2.7,2.699,2.698,0.0,0.0,0.0,0.0,0.0,2.703,2.704,2.705,2.706,2.707,0.0,0.0,0.0,0.0,0.0,189000.0,375700.0,487300.0,607300.0,258900.0,0.0,0.0,0.0,0.0,0.0,104100.0,193600.0,337900.0,607600.0,439700.0,0.0,0.0,0.0,0.0,0.0
20230823095259044,SZSE,SZSE.ETF.159901,2.702,2.717,2.722,2.702,0.0,3.0,2.454,10722016.0,100000.0,29066664.708,270200.0,0.0,0.0,20230823,20230823,95259045,2.727,0.0,0.0,2.702,2.701,2.7,2.699,2.698,0.0,0.0,0.0,0.0,0.0,2.703,2.704,2.705,2.706,2.707,0.0,0.0,0.0,0.0,0.0,89000.0,335700.0,527300.0,519700.0,336400.0,0.0,0.0,0.0,0.0,0.0,117700.0,267700.0,340200.0,645100.0,322200.0,0.0,0.0,0.0,0.0,0.0
20230823095301936,SZSE,SZSE.ETF.159901,2.703,2.717,2.722,2.702,0.0,3.0,2.454,10722116.0,100.0,29066935.008,270.30000000074506,0.0,0.0,20230823,20230823,95301936,2.727,0.0,0.0,2.702,2.701,2.7,2.699,2.698,0.0,0.0,0.0,0.0,0.0,2.703,2.704,2.705,2.706,2.707,0.0,0.0,0.0,0.0,0.0,89000.0,257900.0,605200.0,475600.0,380500.0,0.0,0.0,0.0,0.0,0.0,117600.0,347700.0,340200.0,609000.0,278300.0,0.0,0.0,0.0,0.0,0.0
20230823095305180,SZSE,SZSE.ETF.159901,2.702,2.717,2.722,2.702,0.0,3.0,2.454,10727816.0,5700.0,29082336.408,15401.39999999851,0.0,0.0,20230823,20230823,95305181,2.727,0.0,0.0,2.701,2.7,2.699,2.698,2.697,0.0,0.0,0.0,0.0,0.0,2.702,2.703,2.704,2.705,2.706,0.0,0.0,0.0,0.0,0.0,117900.0,665200.0,355600.0,580500.0,115900.0,0.0,0.0,0.0,0.0,0.0,33500.0,197600.0,407700.0,100200.0,609000.0,0.0,0.0,0.0,0.0,0.0
20230823095308064,SZSE,SZSE.ETF.159901,2.702,2.717,2.722,2.702,0.0,3.0,2.454,10729816.0,2000.0,29087740.408,5404.0,0.0,0.0,20230823,20230823,95308066,2.727,0.0,0.0,2.701,2.7,2.699,2.698,2.697,0.0,0.0,0.0,0.0,0.0,2.702,2.703,2.704,2.705,2.706,0.0,0.0,0.0,0.0,0.0,201600.0,585200.0,199300.0,776800.0,115900.0,0.0,0.0,0.0,0.0,0.0,35200.0,154000.0,287700.0,498200.0,649300.0,0.0,0.0,0.0,0.0,0.0
20230823095357000,SZSE,SZSE.ETF.159901,2.702,2.717,2.722,2.7,0.0,3.0,2.454,11560916.0,0.0,31332282.408,0.0,0.0,0.0,20230823,20230823,95357000,2.727,0.0,0.0,2.701,2.7,2.699,2.698,2.697,0.0,0.0,0.0,0.0,0.0,2.702,2.703,2.704,2.705,2.706,0.0,0.0,0.0,0.0,0.0,60000.0,1154300.0,521500.0,633500.0,197500.0,0.0,0.0,0.0,0.0,0.0,158700.0,100000.0,370000.0,339600.0,287900.0,0.0,0.0,0.0,0.0,0.0
20230823095357736,SZSE,SZSE.ETF.159901,2.702,2.717,2.722,2.7,0.0,3.0,2.454,11577916.0,17000.0,31378216.408,45934.0,0.0,0.0,20230823,20230823,95357738,2.727,0.0,0.0,2.701,2.7,2.699,2.698,2.697,0.0,0.0,0.0,0.0,0.0,2.702,2.703,2.704,2.705,2.706,0.0,0.0,0.0,0.0,0.0,143700.0,1230600.0,441500.0,553500.0,197500.0,0.0,0.0,0.0,0.0,0.0,141700.0,100000.0,290000.0,339600.0,367900.0,0.0,0.0,0.0,0.0,0.0
20230823095400500,SZSE,SZSE.ETF.159901,2.702,2.717,2.722,2.7,0.0,3.0,2.454,11594916.0,17000.0,31424150.408,45934.0,0.0,0.0,20230823,20230823,95400500,2.727,0.0,0.0,2.701,2.7,2.699,2.698,2.697,0.0,0.0,0.0,0.0,0.0,2.702,2.703,2.704,2.705,2.706,0.0,0.0,0.0,0.0,0.0,221500.0,1230600.0,1141500.0,550700.0,160400.0,0.0,0.0,0.0,0.0,0.0,107600.0,100000.0,370000.0,335900.0,369300.0,0.0,0.0,0.0,0.0,0.0
20230823095403788,SZSE,SZSE.ETF.159901,2.702,2.717,2.722,2.7,0.0,3.0,2.454,11706216.0,111300.0,31724883.008,300732.6000000015,0.0,0.0,20230823,20230823,95403788,2.727,0.0,0.0,2.702,2.701,2.7,2.699,2.698,0.0,0.0,0.0,0.0,0.0,2.703,2.704,2.705,2.706,2.707,0.0,0.0,0.0,0.0,0.0,54700.0,241500.0,1270600.0,1181500.0,535200.0,0.0,0.0,0.0,0.0,0.0,140000.0,370000.0,435900.0,369300.0,200000.0,0.0,0.0,0.0,0.0,0.0
20230823095406056,SZSE,SZSE.ETF.159901,2.702,2.717,2.722,2.7,0.0,3.0,2.454,11709916.0,3700.0,31734880.408,9997.39999999851,0.0,0.0,20230823,20230823,95406056,2.727,0.0,0.0,2.701,2.7,2.699,2.698,2.697,0.0,0.0,0.0,0.0,0.0,2.702,2.703,2.704,2.705,2.706,0.0,0.0,0.0,0.0,0.0,237800.0,1083000.0,657900.0,458900.0,65800.0,0.0,0.0,0.0,0.0,0.0,196300.0,373600.0,370000.0,237900.0,609000.0,0.0,0.0,0.0,0.0,0.0
20230823095409676,SZSE,SZSE.ETF.159901,2.702,2.717,2.722,2.7,0.0,3.0,2.454,11709916.0,0.0,31734880.408,0.0,0.0,0.0,20230823,20230823,95409677,2.727,0.0,0.0,2.701,2.7,2.699,2.698,2.697,0.0,0.0,0.0,0.0,0.0,2.702,2.703,2.704,2.705,2.706,0.0,0.0,0.0,0.0,0.0,107400.0,1183000.0,1269400.0,450700.0,160400.0,0.0,0.0,0.0,0.0,0.0,200000.0,397700.0,430000.0,218200.0,569300.0,0.0,0.0,0.0,0.0,0.0
20230823095412244,SZSE,SZSE.ETF.159901,2.701,2.717,2.722,2.7,0.0,3.0,2.454,11817316.0,107400.0,32024967.808,290087.3999999985,0.0,0.0,20230823,20230823,95412244,2.727,0.0,0.0,2.7,2.699,2.698,2.697,2.696,0.0,0.0,0.0,0.0,0.0,2.701,2.702,2.703,2.704,2.705,0.0,0.0,0.0,0.0,0.0,1140900.0,1151500.0,670700.0,240400.0,57100.0,0.0,0.0,0.0,0.0,0.0,88900.0,103700.0,320000.0,507700.0,162600.0,0.0,0.0,0.0,0.0,0.0
20230823095414604,SZSE,SZSE.ETF.159901,2.701,2.717,2.722,2.7,0.0,3.0,2.454,11906216.0,88900.0,32265086.708,240118.90000000224,0.0,0.0,20230823,20230823,95414604,2.727,0.0,0.0,2.701,2.7,2.699,2.698,2.697,0.0,0.0,0.0,0.0,0.0,2.702,2.703,2.704,2.705,2.706,0.0,0.0,0.0,0.0,0.0,107900.0,1224600.0,1201600.0,477300.0,303700.0,0.0,0.0,0.0,0.0,0.0,103700.0,317700.0,468000.0,239900.0,489600.0,0.0,0.0,0.0,0.0,0.0
20230823095422928,SZSE,SZSE.ETF.159901,2.702,2.717,2.722,2.7,0.0,3.0,2.454,11914116.0,0.0,32286432.508,0.0,0.0,0.0,20230823,20230823,95422928,2.727,0.0,0.0,2.701,2.7,2.699,2.698,2.697,0.0,0.0,0.0,0.0,0.0,2.702,2.703,2.704,2.705,2.706,0.0,0.0,0.0,0.0,0.0,252500.0,1083000.0,1231500.0,635200.0,115900.0,0.0,0.0,0.0,0.0,0.0,100000.0,243600.0,190000.0,335900.0,649300.0,0.0,0.0,0.0,0.0,0.0
20230823095426008,SZSE,SZSE.ETF.159901,2.702,2.717,2.722,2.7,0.0,3.0,2.454,11916116.0,2000.0,32291836.508,5404.0,0.0,0.0,20230823,20230823,95426008,2.727,0.0,0.0,2.701,2.7,2.699,2.698,2.697,0.0,0.0,0.0,0.0,0.0,2.702,2.703,2.704,2.705,2.706,0.0,0.0,0.0,0.0,0.0,174700.0,1200900.0,1241600.0,595200.0,65800.0,0.0,0.0,0.0,0.0,0.0,103700.0,240000.0,347700.0,258200.0,569300.0,0.0,0.0,0.0,0.0,0.0
20230823095429456,SZSE,SZSE.ETF.159901,2.701,2.717,2.722,2.7,0.0,3.0,2.454,12016116.0,100000.0,32561936.508,270100.0,0.0,0.0,20230823,20230823,95429457,2.727,0.0,0.0,2.701,2.7,2.699,2.698,2.697,0.0,0.0,0.0,0.0,0.0,2.702,2.703,2.704,2.705,2.706,0.0,0.0,0.0,0.0,0.0,274700.0,1408300.0,991500.0,536200.0,115900.0,0.0,0.0,0.0,0.0,0.0,3700.0,240000.0,267700.0,258200.0,449300.0,0.0,0.0,0.0,0.0,0.0
20230823095433024,SZSE,SZSE.ETF.159901,2.702,2.717,2.722,2.7,0.0,3.0,2.454,12019816.0,3700.0,32571933.908,9997.39999999851,0.0,0.0,20230823,20230823,95433022,2.727,0.0,0.0,2.702,2.701,2.7,2.699,2.698,0.0,0.0,0.0,0.0,0.0,2.703,2.704,2.705,2.706,2.707,0.0,0.0,0.0,0.0,0.0,760000.0,572500.0,1230900.0,361600.0,436200.0,0.0,0.0,0.0,0.0,0.0,243600.0,267700.0,218200.0,329300.0,180000.0,0.0,0.0,0.0,0.0,0.0
20230823095436368,SZSE,SZSE.ETF.159901,2.703,2.717,2.722,2.7,0.0,3.0,2.454,12233316.0,213500.0,33149024.408,577090.5,0.0,0.0,20230823,20230823,95436366,2.727,0.0,0.0,2.702,2.701,2.7,2.699,2.698,0.0,0.0,0.0,0.0,0.0,2.703,2.704,2.705,2.706,2.707,0.0,0.0,0.0,0.0,0.0,181500.0,551900.0,1070900.0,419500.0,158300.0,0.0,0.0,0.0,0.0,0.0,60400.0,190000.0,160200.0,485300.0,339700.0,0.0,0.0,0.0,0.0,0.0
20230823095438764,SZSE,SZSE.ETF.159901,2.703,2.717,2.722,2.7,0.0,3.0,2.454,12233316.0,0.0,33149024.408,0.0,0.0,0.0,20230823,20230823,95438764,2.727,0.0,0.0,2.702,2.701,2.7,2.699,2.698,0.0,0.0,0.0,0.0,0.0,2.703,2.704,2.705,2.706,2.707,0.0,0.0,0.0,0.0,0.0,183700.0,629700.0,1041700.0,459500.0,158300.0,0.0,0.0,0.0,0.0,0.0,60400.0,150000.0,277900.0,367600.0,339700.0,0.0,0.0,0.0,0.0,0.0
20230823095441116,SZSE,SZSE.ETF.159901,2.703,2.717,2.722,2.7,0.0,3.0,2.454,12273316.0,40000.0,33257144.408,108120.0,0.0,0.0,20230823,20230823,95441117,2.727,0.0,0.0,2.702,2.701,2.7,2.699,2.698,0.0,0.0,0.0,0.0,0.0,2.703,2.704,2.705,2.706,2.707,0.0,0.0,0.0,0.0,0.0,203700.0,569700.0,1121700.0,359500.0,158300.0,0.0,0.0,0.0,0.0,0.0,74000.0,140000.0,337900.0,447600.0,239700.0,0.0,0.0,0.0,0.0,0.0
20230823095444104,SZSE,SZSE.ETF.159901,2.703,2.717,2.722,2.7,0.0,3.0,2.454,12273316.0,0.0,33257144.408,0.0,0.0,0.0,20230823,20230823,95444105,2.727,0.0,0.0,2.702,2.701,2.7,2.699,2.698,0.0,0.0,0.0,0.0,0.0,2.703,2.704,2.705,2.706,2.707,0.0,0.0,0.0,0.0,0.0,544800.0,509700.0,1091800.0,319500.0,108200.0,0.0,0.0,0.0,0.0,0.0,74000.0,140000.0,317900.0,467600.0,239700.0,0.0,0.0,0.0,0.0,0.0
20230823095446972,SZSE,SZSE.ETF.159901,2.703,2.717,2.722,2.7,0.0,3.0,2.454,12385416.0,112100.0,33560150.708,303006.299999997,0.0,0.0,20230823,20230823,95446972,2.727,0.0,0.0,2.702,2.701,2.7,2.699,2.698,0.0,0.0,0.0,0.0,0.0,2.704,2.705,2.706,2.707,2.708,0.0,0.0,0.0,0.0,0.0,622600.0,1131900.0,391800.0,319500.0,108200.0,0.0,0.0,0.0,0.0,0.0,143600.0,240200.0,471300.0,159700.0,236000.0,0.0,0.0,0.0,0.0,0.0
20230823095450048,SZSE,SZSE.ETF.159901,2.703,2.717,2.722,2.7,0.0,3.0,2.454,12385416.0,0.0,33560150.708,0.0,0.0,0.0,20230823,20230823,95450050,2.727,0.0,0.0,2.703,2.702,2.701,2.7,2.699,0.0,0.0,0.0,0.0,0.0,2.704,2.705,2.706,2.707,2.708,0.0,0.0,0.0,0.0,0.0,3600.0,358900.0,491900.0,1217000.0,234200.0,0.0,0.0,0.0,0.0,0.0,243600.0,300200.0,333300.0,232500.0,521100.0,0.0,0.0,0.0,0.0,0.0
20230823095452984,SZSE,SZSE.ETF.159901,2.704,2.717,2.722,2.7,0.0,3.0,2.454,12390416.0,5000.0,33573670.708,13520.0,0.0,0.0,20230823,20230823,95452985,2.727,0.0,0.0,2.702,2.701,2.7,2.699,2.698,0.0,0.0,0.0,0.0,0.0,2.704,2.705,2.706,2.707,2.708,0.0,0.0,0.0,0.0,0.0,464800.0,1209700.0,548000.0,243200.0,113200.0,0.0,0.0,0.0,0.0,0.0,243600.0,397900.0,355600.0,199400.0,234200.0,0.0,0.0,0.0,0.0,0.0
20230823095456176,SZSE,SZSE.ETF.159901,2.703,2.717,2.722,2.7,0.0,3.0,2.454,12394016.0,3600.0,33583401.508,9730.80000000447,0.0,0.0,20230823,20230823,95456177,2.727,0.0,0.0,2.702,2.701,2.7,2.699,2.698,0.0,0.0,0.0,0.0,0.0,2.703,2.704,2.705,2.706,2.707,0.0,0.0,0.0,0.0,0.0,558900.0,1191900.0,472700.0,278700.0,113200.0,0.0,0.0,0.0,0.0,0.0,96400.0,243600.0,300200.0,413300.0,276900.0,0.0,0.0,0.0,0.0,0.0
20230823095459072,SZSE,SZSE.ETF.159901,2.703,2.717,2.722,2.7,0.0,3.0,2.454,12404016.0,10000.0,33610431.508,27030.0,0.0,0.0,20230823,20230823,95459071,2.727,0.0,0.0,2.702,2.701,2.7,2.699,2.698,0.0,0.0,0.0,0.0,0.0,2.703,2.704,2.705,2.706,2.707,0.0,0.0,0.0,0.0,0.0,482600.0,491900.0,1212000.0,319500.0,113200.0,0.0,0.0,0.0,0.0,0.0,86400.0,143600.0,377900.0,333600.0,239700.0,0.0,0.0,0.0,0.0,0.0
20230823095501952,SZSE,SZSE.ETF.159901,2.703,2.717,2.722,2.7,0.0,3.0,2.454,12429816.0,25800.0,33680168.908,69737.39999999851,0.0,0.0,20230823,20230823,95501952,2.727,0.0,0.0,2.702,2.701,2.7,2.699,2.698,0.0,0.0,0.0,0.0,0.0,2.703,2.704,2.705,2.706,2.707,0.0,0.0,0.0,0.0,0.0,204800.0,569700.0,1172000.0,319500.0,113200.0,0.0,0.0,0.0,0.0,0.0,60600.0,143600.0,377900.0,413600.0,239700.0,0.0,0.0,0.0,0.0,0.0
20230823095505168,SZSE,SZSE.ETF.159901,2.703,2.717,2.722,2.7,0.0,3.0,2.454,12429816.0,0.0,33680168.908,0.0,0.0,0.0,20230823,20230823,95505170,2.727,0.0,0.0,2.702,2.701,2.7,2.699,2.698,0.0,0.0,0.0,0.0,0.0,2.703,2.704,2.705,2.706,2.707,0.0,0.0,0.0,0.0,0.0,304900.0,309700.0,1472000.0,319500.0,133200.0,0.0,0.0,0.0,0.0,0.0,64200.0,200000.0,397900.0,413600.0,359700.0,0.0,0.0,0.0,0.0,0.0
20230823095508252,SZSE,SZSE.ETF.159901,2.703,2.717,2.722,2.7,0.0,3.0,2.454,12429816.0,0.0,33680168.908,0.0,0.0,0.0,20230823,20230823,95508253,2.727,0.0,0.0,2.702,2.701,2.7,2.699,2.698,0.0,0.0,0.0,0.0,0.0,2.703,2.704,2.705,2.706,2.707,0.0,0.0,0.0,0.0,0.0,104900.0,319900.0,1272000.0,699500.0,133200.0,0.0,0.0,0.0,0.0,0.0,220600.0,183600.0,357900.0,313600.0,459700.0,0.0,0.0,0.0,0.0,0.0
20230823095511272,SZSE,SZSE.ETF.159901,2.703,2.717,2.722,2.7,0.0,3.0,2.454,12438916.0,9100.0,33704766.208,24597.29999999702,0.0,0.0,20230823,20230823,95511273,2.727,0.0,0.0,2.702,2.701,2.7,2.699,2.698,0.0,0.0,0.0,0.0,0.0,2.703,2.704,2.705,2.706,2.707,0.0,0.0,0.0,0.0,0.0,104900.0,319900.0,1201900.0,555000.0,307700.0,0.0,0.0,0.0,0.0,0.0,155100.0,447700.0,280200.0,278000.0,415300.0,0.0,0.0,0.0,0.0,0.0
20230823095513948,SZSE,SZSE.ETF.159901,2.703,2.717,2.722,2.7,0.0,3.0,2.454,12438916.0,0.0,33704766.208,0.0,0.0,0.0,20230823,20230823,95513947,2.727,0.0,0.0,2.702,2.701,2.7,2.699,2.698,0.0,0.0,0.0,0.0,0.0,2.703,2.704,2.705,2.706,2.707,0.0,0.0,0.0,0.0,0.0,104900.0,319900.0,1021900.0,755900.0,227700.0,0.0,0.0,0.0,0.0,0.0,195100.0,387700.0,200200.0,278000.0,415300.0,0.0,0.0,0.0,0.0,0.0
20230823095516936,SZSE,SZSE.ETF.159901,2.703,2.717,2.722,2.7,0.0,3.0,2.454,12438916.0,0.0,33704766.208,0.0,0.0,0.0,20230823,20230823,95516937,2.727,0.0,0.0,2.702,2.701,2.7,2.699,2.698,0.0,0.0,0.0,0.0,0.0,2.703,2.704,2.705,2.706,2.707,0.0,0.0,0.0,0.0,0.0,104900.0,319900.0,992000.0,855900.0,457600.0,0.0,0.0,0.0,0.0,0.0,295100.0,337700.0,200200.0,478000.0,415300.0,0.0,0.0,0.0,0.0,0.0
20230823095519972,SZSE,SZSE.ETF.159901,2.702,2.717,2.722,2.7,0.0,3.0,2.454,12490416.0,51500.0,33843919.208,139153.0,0.0,0.0,20230823,20230823,95519973,2.727,0.0,0.0,2.702,2.701,2.7,2.699,2.698,0.0,0.0,0.0,0.0,0.0,2.703,2.704,2.705,2.706,2.707,0.0,0.0,0.0,0.0,0.0,53400.0,279900.0,1032000.0,815900.0,457600.0,0.0,0.0,0.0,0.0,0.0,243600.0,387700.0,200200.0,478000.0,415300.0,0.0,0.0,0.0,0.0,0.0
20230823095523060,SZSE,SZSE.ETF.159901,2.702,2.717,2.722,2.7,0.0,3.0,2.454,12490416.0,0.0,33843919.208,0.0,0.0,0.0,20230823,20230823,95523060,2.727,0.0,0.0,2.702,2.701,2.7,2.699,2.698,0.0,0.0,0.0,0.0,0.0,2.703,2.704,2.705,2.706,2.707,0.0,0.0,0.0,0.0,0.0,53400.0,283600.0,1221900.0,738800.0,344800.0,0.0,0.0,0.0,0.0,0.0,283600.0,347700.0,200200.0,555000.0,378300.0,0.0,0.0,0.0,0.0,0.0
20230823095526156,SZSE,SZSE.ETF.159901,2.702,2.717,2.722,2.7,0.0,3.0,2.454,12490416.0,0.0,33843919.208,0.0,0.0,0.0,20230823,20230823,95526156,2.727,0.0,0.0,2.702,2.701,2.7,2.699,2.698,0.0,0.0,0.0,0.0,0.0,2.703,2.704,2.705,2.706,2.707,0.0,0.0,0.0,0.0,0.0,53600.0,283600.0,1191900.0,678800.0,344800.0,0.0,0.0,0.0,0.0,0.0,183600.0,447700.0,200200.0,315000.0,378300.0,0.0,0.0,0.0,0.0,0.0
20230823095529208,SZSE,SZSE.ETF.159901,2.702,2.717,2.722,2.7,0.0,3.0,2.454,12490416.0,0.0,33843919.208,0.0,0.0,0.0,20230823,20230823,95529209,2.727,0.0,0.0,2.702,2.701,2.7,2.699,2.698,0.0,0.0,0.0,0.0,0.0,2.703,2.704,2.705,2.706,2.707,0.0,0.0,0.0,0.0,0.0,4800.0,319900.0,1201900.0,718800.0,344800.0,0.0,0.0,0.0,0.0,0.0,103600.0,370000.0,257900.0,315000.0,378300.0,0.0,0.0,0.0,0.0,0.0
20230823095532080,SZSE,SZSE.ETF.159901,2.702,2.717,2.722,2.7,0.0,3.0,2.454,12490416.0,0.0,33843919.208,0.0,0.0,0.0,20230823,20230823,95532081,2.727,0.0,0.0,2.702,2.701,2.7,2.699,2.698,0.0,0.0,0.0,0.0,0.0,2.703,2.704,2.705,2.706,2.707,0.0,0.0,0.0,0.0,0.0,208500.0,223600.0,1311900.0,558800.0,344800.0,0.0,0.0,0.0,0.0,0.0,3600.0,370000.0,257900.0,415000.0,278300.0,0.0,0.0,0.0,0.0,0.0
20230823095535036,SZSE,SZSE.ETF.159901,2.702,2.717,2.722,2.7,0.0,3.0,2.454,12490416.0,0.0,33843919.208,0.0,0.0,0.0,20230823,20230823,95535037,2.727,0.0,0.0,2.702,2.701,2.7,2.699,2.698,0.0,0.0,0.0,0.0,0.0,2.703,2.704,2.705,2.706,2.707,0.0,0.0,0.0,0.0,0.0,194100.0,221200.0,1442000.0,660400.0,133100.0,0.0,0.0,0.0,0.0,0.0,100000.0,243600.0,177900.0,313600.0,439700.0,0.0,0.0,0.0,0.0,0.0
20230823095538008,SZSE,SZSE.ETF.159901,2.702,2.717,2.722,2.7,0.0,3.0,2.454,12534016.0,43600.0,33961731.408,117812.20000000298,0.0,0.0,20230823,20230823,95538010,2.727,0.0,0.0,2.702,2.701,2.7,2.699,2.698,0.0,0.0,0.0,0.0,0.0,2.704,2.705,2.706,2.707,2.708,0.0,0.0,0.0,0.0,0.0,77700.0,299000.0,1442000.0,520400.0,133100.0,0.0,0.0,0.0,0.0,0.0,240000.0,257900.0,313600.0,359700.0,156000.0,0.0,0.0,0.0,0.0,0.0
20230823095541012,SZSE,SZSE.ETF.159901,2.702,2.717,2.722,2.7,0.0,3.0,2.454,12534016.0,0.0,33961731.408,0.0,0.0,0.0,20230823,20230823,95541012,2.727,0.0,0.0,2.702,2.701,2.7,2.699,2.698,0.0,0.0,0.0,0.0,0.0,2.703,2.704,2.705,2.706,2.707,0.0,0.0,0.0,0.0,0.0,181400.0,279000.0,1422700.0,515100.0,177600.0,0.0,0.0,0.0,0.0,0.0,3600.0,360000.0,317900.0,255600.0,396900.0,0.0,0.0,0.0,0.0,0.0
20230823095544020,SZSE,SZSE.ETF.159901,2.702,2.717,2.722,2.7,0.0,3.0,2.454,12534016.0,0.0,33961731.408,0.0,0.0,0.0,20230823,20230823,95544019,2.727,0.0,0.0,2.703,2.702,2.701,2.7,2.699,0.0,0.0,0.0,0.0,0.0,2.704,2.705,2.706,2.707,2.708,0.0,0.0,0.0,0.0,0.0,1500.0,183300.0,559000.0,1422000.0,320400.0,0.0,0.0,0.0,0.0,0.0,233600.0,237900.0,413600.0,239700.0,306000.0,0.0,0.0,0.0,0.0,0.0
20230823095546892,SZSE,SZSE.ETF.159901,2.703,2.717,2.722,2.7,0.0,3.0,2.454,12535516.0,1500.0,33965785.908,4054.5,0.0,0.0,20230823,20230823,95546893,2.727,0.0,0.0,2.702,2.701,2.7,2.699,2.698,0.0,0.0,0.0,0.0,0.0,2.703,2.704,2.705,2.706,2.707,0.0,0.0,0.0,0.0,0.0,261100.0,481200.0,1378200.0,244100.0,213100.0,0.0,0.0,0.0,0.0,0.0,98500.0,363600.0,317900.0,215600.0,199400.0,0.0,0.0,0.0,0.0,0.0
20230823095549904,SZSE,SZSE.ETF.159901,2.703,2.717,2.722,2.7,0.0,3.0,2.454,12535516.0,0.0,33965785.908,0.0,0.0,0.0,20230823,20230823,95549906,2.727,0.0,0.0,2.702,2.701,2.7,2.699,2.698,0.0,0.0,0.0,0.0,0.0,2.703,2.704,2.705,2.706,2.707,0.0,0.0,0.0,0.0,0.0,183300.0,599000.0,682000.0,320400.0,133100.0,0.0,0.0,0.0,0.0,0.0,102100.0,180000.0,237900.0,373600.0,279700.0,0.0,0.0,0.0,0.0,0.0
20230823095553096,SZSE,SZSE.ETF.159901,2.702,2.717,2.722,2.7,0.0,3.0,2.454,12634016.0,98500.0,34231932.908,266147.0,0.0,0.0,20230823,20230823,95553097,2.727,0.0,0.0,2.702,2.701,2.7,2.699,2.698,0.0,0.0,0.0,0.0,0.0,2.703,2.704,2.705,2.706,2.707,0.0,0.0,0.0,0.0,0.0,84800.0,1299000.0,782000.0,320400.0,233100.0,0.0,0.0,0.0,0.0,0.0,3600.0,200000.0,397900.0,513600.0,159700.0,0.0,0.0,0.0,0.0,0.0
20230823095555904,SZSE,SZSE.ETF.159901,2.703,2.717,2.722,2.7,0.0,3.0,2.454,12636516.0,2500.0,34238690.408,6757.5,0.0,0.0,20230823,20230823,95555904,2.727,0.0,0.0,2.702,2.701,2.7,2.699,2.698,0.0,0.0,0.0,0.0,0.0,2.704,2.705,2.706,2.707,2.708,0.0,0.0,0.0,0.0,0.0,166200.0,1281200.0,682000.0,320400.0,233100.0,0.0,0.0,0.0,0.0,0.0,103600.0,417900.0,433600.0,239700.0,436000.0,0.0,0.0,0.0,0.0,0.0
20230823095558920,SZSE,SZSE.ETF.159901,2.703,2.717,2.722,2.7,0.0,3.0,2.454,12636516.0,0.0,34238690.408,0.0,0.0,0.0,20230823,20230823,95558919,2.727,0.0,0.0,2.702,2.701,2.7,2.699,2.698,0.0,0.0,0.0,0.0,0.0,2.704,2.705,2.706,2.707,2.708,0.0,0.0,0.0,0.0,0.0,206200.0,1241200.0,762700.0,279600.0,233100.0,0.0,0.0,0.0,0.0,0.0,253600.0,417900.0,435600.0,276900.0,396700.0,0.0,0.0,0.0,0.0,0.0
20230823095602240,SZSE,SZSE.ETF.159901,2.703,2.717,2.722,2.7,0.0,3.0,2.454,12636516.0,0.0,34238690.408,0.0,0.0,0.0,20230823,20230823,95602241,2.727,0.0,0.0,2.702,2.701,2.7,2.699,2.698,0.0,0.0,0.0,0.0,0.0,2.704,2.705,2.706,2.707,2.708,0.0,0.0,0.0,0.0,0.0,208400.0,1319000.0,682700.0,279600.0,233100.0,0.0,0.0,0.0,0.0,0.0,253600.0,497900.0,435600.0,196900.0,196700.0,0.0,0.0,0.0,0.0,0.0
20230823095605800,SZSE,SZSE.ETF.159901,2.703,2.717,2.722,2.7,0.0,3.0,2.454,12636516.0,0.0,34238690.408,0.0,0.0,0.0,20230823,20230823,95605798,2.727,0.0,0.0,2.702,2.701,2.7,2.699,2.698,0.0,0.0,0.0,0.0,0.0,2.704,2.705,2.706,2.707,2.708,0.0,0.0,0.0,0.0,0.0,546400.0,1181200.0,342700.0,279600.0,233100.0,0.0,0.0,0.0,0.0,0.0,3600.0,437900.0,495600.0,196900.0,196700.0,0.0,0.0,0.0,0.0,0.0
20230823095609712,SZSE,SZSE.ETF.159901,2.703,2.717,2.722,2.7,0.0,3.0,2.454,12636516.0,0.0,34238690.408,0.0,0.0,0.0,20230823,20230823,95609713,2.727,0.0,0.0,2.703,2.702,2.701,2.7,2.699,0.0,0.0,0.0,0.0,0.0,2.705,2.706,2.707,2.708,2.709,0.0,0.0,0.0,0.0,0.0,183600.0,1242700.0,201200.0,364300.0,298000.0,0.0,0.0,0.0,0.0,0.0,143800.0,433300.0,315500.0,258100.0,181000.0,0.0,0.0,0.0,0.0,0.0
20230823095613288,SZSE,SZSE.ETF.159901,2.703,2.717,2.722,2.7,0.0,3.0,2.454,12636516.0,0.0,34238690.408,0.0,0.0,0.0,20230823,20230823,95613288,2.727,0.0,0.0,2.704,2.703,2.702,2.701,2.7,0.0,0.0,0.0,0.0,0.0,2.705,2.706,2.707,2.708,2.709,0.0,0.0,0.0,0.0,0.0,100000.0,1261400.0,314900.0,261900.0,419100.0,0.0,0.0,0.0,0.0,0.0,203800.0,295600.0,357600.0,532900.0,41700.0,0.0,0.0,0.0,0.0,0.0
20230823095617016,SZSE,SZSE.ETF.159901,2.705,2.717,2.722,2.7,0.0,3.0,2.454,12753216.0,116700.0,34554363.908,315673.5,0.0,0.0,20230823,20230823,95617015,2.727,0.0,0.0,2.704,2.703,2.702,2.701,2.7,0.0,0.0,0.0,0.0,0.0,2.705,2.706,2.707,2.708,2.709,0.0,0.0,0.0,0.0,0.0,304600.0,477800.0,1094900.0,387100.0,304000.0,0.0,0.0,0.0,0.0,0.0,87100.0,325600.0,317600.0,455900.0,78700.0,0.0,0.0,0.0,0.0,0.0
20230823095619988,SZSE,SZSE.ETF.159901,2.705,2.717,2.722,2.7,0.0,3.0,2.454,13053916.0,300700.0,35367757.408,813393.5,0.0,0.0,20230823,20230823,95619988,2.727,0.0,0.0,2.705,2.704,2.703,2.702,2.701,0.0,0.0,0.0,0.0,0.0,2.706,2.707,2.708,2.709,2.71,0.0,0.0,0.0,0.0,0.0,399300.0,304600.0,1257800.0,445000.0,329000.0,0.0,0.0,0.0,0.0,0.0,345600.0,237600.0,454000.0,240400.0,162500.0,0.0,0.0,0.0,0.0,0.0
20230823095622072,SZSE,SZSE.ETF.159901,2.705,2.717,2.722,2.7,0.0,3.0,2.454,13253916.0,200000.0,35908757.408,541000.0,0.0,0.0,20230823,20230823,95622074,2.727,0.0,0.0,2.705,2.704,2.703,2.702,2.701,0.0,0.0,0.0,0.0,0.0,2.706,2.707,2.708,2.709,2.71,0.0,0.0,0.0,0.0,0.0,212100.0,378700.0,1260000.0,598200.0,95800.0,0.0,0.0,0.0,0.0,0.0,399200.0,240000.0,413600.0,119000.0,321900.0,0.0,0.0,0.0,0.0,0.0
20230823095624320,SZSE,SZSE.ETF.159901,2.705,2.717,2.722,2.7,0.0,3.0,2.454,13355916.0,102000.0,36184667.408,275910.0,0.0,0.0,20230823,20230823,95624318,2.727,0.0,0.0,2.705,2.704,2.703,2.702,2.701,0.0,0.0,0.0,0.0,0.0,2.706,2.707,2.708,2.709,2.71,0.0,0.0,0.0,0.0,0.0,110100.0,378700.0,1260000.0,556300.0,95900.0,0.0,0.0,0.0,0.0,0.0,399200.0,240000.0,413600.0,163300.0,277600.0,0.0,0.0,0.0,0.0,0.0
20230823095626196,SZSE,SZSE.ETF.159901,2.705,2.717,2.722,2.7,0.0,3.0,2.454,13355916.0,0.0,36184667.408,0.0,0.0,0.0,20230823,20230823,95626196,2.727,0.0,0.0,2.705,2.704,2.703,2.702,2.701,0.0,0.0,0.0,0.0,0.0,2.706,2.707,2.708,2.709,2.71,0.0,0.0,0.0,0.0,0.0,130100.0,382200.0,1180000.0,596300.0,175900.0,0.0,0.0,0.0,0.0,0.0,399200.0,317600.0,336000.0,163300.0,277600.0,0.0,0.0,0.0,0.0,0.0
20230823095629036,SZSE,SZSE.ETF.159901,2.705,2.717,2.722,2.7,0.0,3.0,2.454,13355916.0,0.0,36184667.408,0.0,0.0,0.0,20230823,20230823,95629037,2.727,0.0,0.0,2.705,2.704,2.703,2.702,2.701,0.0,0.0,0.0,0.0,0.0,2.706,2.707,2.708,2.709,2.71,0.0,0.0,0.0,0.0,0.0,230100.0,382200.0,1180000.0,596300.0,175900.0,0.0,0.0,0.0,0.0,0.0,349200.0,317600.0,336000.0,163300.0,277600.0,0.0,0.0,0.0,0.0,0.0
20230823095632088,SZSE,SZSE.ETF.159901,2.705,2.717,2.722,2.7,0.0,3.0,2.454,13355916.0,0.0,36184667.408,0.0,0.0,0.0,20230823,20230823,95632086,2.727,0.0,0.0,2.705,2.704,2.703,2.702,2.701,0.0,0.0,0.0,0.0,0.0,2.706,2.707,2.708,2.709,2.71,0.0,0.0,0.0,0.0,0.0,230500.0,382200.0,1260000.0,556300.0,95900.0,0.0,0.0,0.0,0.0,0.0,269200.0,320100.0,413600.0,163300.0,277600.0,0.0,0.0,0.0,0.0,0.0
20230823095635108,SZSE,SZSE.ETF.159901,2.705,2.717,2.722,2.7,0.0,3.0,2.454,13355916.0,0.0,36184667.408,0.0,0.0,0.0,20230823,20230823,95635108,2.727,0.0,0.0,2.705,2.704,2.703,2.702,2.701,0.0,0.0,0.0,0.0,0.0,2.706,2.707,2.708,2.709,2.71,0.0,0.0,0.0,0.0,0.0,230500.0,502200.0,1220000.0,516300.0,95900.0,0.0,0.0,0.0,0.0,0.0,269200.0,320100.0,413700.0,119000.0,321900.0,0.0,0.0,0.0,0.0,0.0
20230823095637924,SZSE,SZSE.ETF.159901,2.706,2.717,2.722,2.7,0.0,3.0,2.454,13356116.0,200.0,36185208.608,541.2000000029802,0.0,0.0,20230823,20230823,95637923,2.727,0.0,0.0,2.705,2.704,2.703,2.702,2.701,0.0,0.0,0.0,0.0,0.0,2.706,2.707,2.708,2.709,2.71,0.0,0.0,0.0,0.0,0.0,230500.0,522200.0,1200000.0,516300.0,95900.0,0.0,0.0,0.0,0.0,0.0,309000.0,220100.0,473700.0,119000.0,321900.0,0.0,0.0,0.0,0.0,0.0
20230823095640944,SZSE,SZSE.ETF.159901,2.706,2.717,2.722,2.7,0.0,3.0,2.454,13455916.0,99800.0,36455267.408,270058.799999997,0.0,0.0,20230823,20230823,95640942,2.727,0.0,0.0,2.705,2.704,2.703,2.702,2.701,0.0,0.0,0.0,0.0,0.0,2.706,2.707,2.708,2.709,2.71,0.0,0.0,0.0,0.0,0.0,233200.0,502200.0,1220000.0,476300.0,95900.0,0.0,0.0,0.0,0.0,0.0,103600.0,320100.0,413700.0,163300.0,277600.0,0.0,0.0,0.0,0.0,0.0
20230823095644104,SZSE,SZSE.ETF.159901,2.706,2.717,2.722,2.7,0.0,3.0,2.454,13455916.0,0.0,36455267.408,0.0,0.0,0.0,20230823,20230823,95644104,2.727,0.0,0.0,2.705,2.704,2.703,2.702,2.701,0.0,0.0,0.0,0.0,0.0,2.706,2.707,2.708,2.709,2.71,0.0,0.0,0.0,0.0,0.0,329000.0,502200.0,1220000.0,481600.0,51400.0,0.0,0.0,0.0,0.0,0.0,103600.0,240100.0,413700.0,299000.0,321900.0,0.0,0.0,0.0,0.0,0.0
20230823095646936,SZSE,SZSE.ETF.159901,2.706,2.717,2.722,2.7,0.0,3.0,2.454,13456116.0,200.0,36455808.608,541.2000000029802,0.0,0.0,20230823,20230823,95646937,2.727,0.0,0.0,2.705,2.704,2.703,2.702,2.701,0.0,0.0,0.0,0.0,0.0,2.706,2.707,2.708,2.709,2.71,0.0,0.0,0.0,0.0,0.0,386700.0,424500.0,1310100.0,481600.0,1300.0,0.0,0.0,0.0,0.0,0.0,103400.0,240100.0,413700.0,339000.0,321900.0,0.0,0.0,0.0,0.0,0.0
20230823095650004,SZSE,SZSE.ETF.159901,2.706,2.717,2.722,2.7,0.0,3.0,2.454,13456116.0,0.0,36455808.608,0.0,0.0,0.0,20230823,20230823,95650003,2.727,0.0,0.0,2.705,2.704,2.703,2.702,2.701,0.0,0.0,0.0,0.0,0.0,2.706,2.707,2.708,2.709,2.71,0.0,0.0,0.0,0.0,0.0,386700.0,427500.0,1370100.0,341600.0,101300.0,0.0,0.0,0.0,0.0,0.0,103400.0,240100.0,313700.0,399000.0,221900.0,0.0,0.0,0.0,0.0,0.0
20230823095652988,SZSE,SZSE.ETF.159901,2.706,2.717,2.722,2.7,0.0,3.0,2.454,13456116.0,0.0,36455808.608,0.0,0.0,0.0,20230823,20230823,95652989,2.727,0.0,0.0,2.705,2.704,2.703,2.702,2.701,0.0,0.0,0.0,0.0,0.0,2.706,2.707,2.708,2.709,2.71,0.0,0.0,0.0,0.0,0.0,386700.0,1124500.0,670100.0,341600.0,101300.0,0.0,0.0,0.0,0.0,0.0,103400.0,240100.0,313700.0,399000.0,221900.0,0.0,0.0,0.0,0.0,0.0
20230823095656008,SZSE,SZSE.ETF.159901,2.706,2.717,2.722,2.7,0.0,3.0,2.454,13476116.0,20000.0,36509928.608,54120.0,0.0,0.0,20230823,20230823,95656006,2.727,0.0,0.0,2.705,2.704,2.703,2.702,2.701,0.0,0.0,0.0,0.0,0.0,2.706,2.707,2.708,2.709,2.71,0.0,0.0,0.0,0.0,0.0,386700.0,1124500.0,710100.0,338000.0,101300.0,0.0,0.0,0.0,0.0,0.0,83400.0,240100.0,313700.0,399000.0,221900.0,0.0,0.0,0.0,0.0,0.0
