time,exchg,code,price,open,high,low,settle_price,upper_limit,lower_limit,total_volume,volume,total_turnover,turnover,open_interest,diff_interest,trading_date,action_date,action_time,pre_close,pre_settle,pre_interest,bid_price_0,bid_price_1,bid_price_2,bid_price_3,bid_price_4,bid_price_5,bid_price_6,bid_price_7,bid_price_8,bid_price_9,ask_price_0,ask_price_1,ask_price_2,ask_price_3,ask_price_4,ask_price_5,ask_price_6,ask_price_7,ask_price_8,ask_price_9,bid_qty_0,bid_qty_1,bid_qty_2,bid_qty_3,bid_qty_4,bid_qty_5,bid_qty_6,bid_qty_7,bid_qty_8,bid_qty_9,ask_qty_0,ask_qty_1,ask_qty_2,ask_qty_3,ask_qty_4,ask_qty_5,ask_qty_6,ask_qty_7,ask_qty_8,ask_qty_9
20230823093149776,SZSE,SZSE.ETF.159859,0.457,0.456,0.459,0.456,0.0,0.505,0.413,7314200.0,50000.0,3344899.9,22850.0,0.0,0.0,20230823,20230823,93149775,0.459,0.0,0.0,0.456,0.455,0.454,0.453,0.452,0.0,0.0,0.0,0.0,0.0,0.457,0.458,0.459,0.46,0.461,0.0,0.0,0.0,0.0,0.0,1245100.0,2289800.0,2094600.0,1294000.0,1097800.0,0.0,0.0,0.0,0.0,0.0,380400.0,1909200.0,3220200.0,1359800.0,798600.0,0.0,0.0,0.0,0.0,0.0
20230823093151968,SZSE,SZSE.ETF.159859,0.457,0.456,0.459,0.456,0.0,0.505,0.413,7430300.0,116100.0,3397957.6,53057.700000000186,0.0,0.0,20230823,20230823,93151966,0.459,0.0,0.0,0.456,0.455,0.454,0.453,0.452,0.0,0.0,0.0,0.0,0.0,0.457,0.458,0.459,0.46,0.461,0.0,0.0,0.0,0.0,0.0,995100.0,2289800.0,2344600.0,1294000.0,1097800.0,0.0,0.0,0.0,0.0,0.0,286300.0,1909200.0,3220200.0,1359800.0,798600.0,0.0,0.0,0.0,0.0,0.0
20230823093154244,SZSE,SZSE.ETF.159859,0.457,0.456,0.459,0.456,0.0,0.505,0.413,7430300.0,0.0,3397957.6,0.0,0.0,0.0,20230823,20230823,93154243,0.459,0.0,0.0,0.456,0.455,0.454,0.453,0.452,0.0,0.0,0.0,0.0,0.0,0.457,0.458,0.459,0.46,0.461,0.0,0.0,0.0,0.0,0.0,1495100.0,2289800.0,2344600.0,1294000.0,1097800.0,0.0,0.0,0.0,0.0,0.0,286500.0,1842000.0,3220200.0,1359800.0,1298600.0,0.0,0.0,0.0,0.0,0.0
20230823093156324,SZSE,SZSE.ETF.159859,0.457,0.456,0.459,0.456,0.0,0.505,0.413,7430300.0,0.0,3397957.6,0.0,0.0,0.0,20230823,20230823,93156324,0.459,0.0,0.0,0.456,0.455,0.454,0.453,0.452,0.0,0.0,0.0,0.0,0.0,0.457,0.458,0.459,0.46,0.461,0.0,0.0,0.0,0.0,0.0,1745100.0,2289800.0,2094600.0,1294000.0,1102600.0,0.0,0.0,0.0,0.0,0.0,296500.0,1842000.0,3220200.0,1359800.0,1298600.0,0.0,0.0,0.0,0.0,0.0
20230823093159940,SZSE,SZSE.ETF.159859,0.456,0.456,0.459,0.456,0.0,0.505,0.413,7468000.0,37700.0,3415153.8,17196.19999999972,0.0,0.0,20230823,20230823,93159939,0.459,0.0,0.0,0.456,0.455,0.454,0.453,0.452,0.0,0.0,0.0,0.0,0.0,0.457,0.458,0.459,0.46,0.461,0.0,0.0,0.0,0.0,0.0,1462400.0,2289800.0,2342600.0,1294000.0,1102600.0,0.0,0.0,0.0,0.0,0.0,358700.0,1812600.0,3220200.0,1359800.0,1298600.0,0.0,0.0,0.0,0.0,0.0
20230823093202736,SZSE,SZSE.ETF.159859,0.457,0.456,0.459,0.456,0.0,0.505,0.413,7623200.0,155200.0,3486080.2,70926.40000000037,0.0,0.0,20230823,20230823,93202736,0.459,0.0,0.0,0.456,0.455,0.454,0.453,0.452,0.0,0.0,0.0,0.0,0.0,0.457,0.458,0.459,0.46,0.461,0.0,0.0,0.0,0.0,0.0,1830400.0,2289800.0,2092600.0,1294000.0,1102600.0,0.0,0.0,0.0,0.0,0.0,204400.0,1812600.0,3220200.0,1359800.0,1298600.0,0.0,0.0,0.0,0.0,0.0
20230823093205584,SZSE,SZSE.ETF.159859,0.457,0.456,0.459,0.456,0.0,0.505,0.413,7770600.0,147400.0,3553442.0,67361.79999999981,0.0,0.0,20230823,20230823,93205586,0.459,0.0,0.0,0.456,0.455,0.454,0.453,0.452,0.0,0.0,0.0,0.0,0.0,0.457,0.458,0.459,0.46,0.461,0.0,0.0,0.0,0.0,0.0,1836600.0,2279800.0,2092600.0,1294000.0,1102600.0,0.0,0.0,0.0,0.0,0.0,63300.0,1742600.0,3200200.0,1359800.0,1298600.0,0.0,0.0,0.0,0.0,0.0
20230823093208144,SZSE,SZSE.ETF.159859,0.457,0.456,0.459,0.456,0.0,0.505,0.413,7833900.0,63300.0,3582370.1,28928.100000000093,0.0,0.0,20230823,20230823,93208144,0.459,0.0,0.0,0.456,0.455,0.454,0.453,0.452,0.0,0.0,0.0,0.0,0.0,0.458,0.459,0.46,0.461,0.462,0.0,0.0,0.0,0.0,0.0,1836600.0,2229800.0,1592600.0,1044000.0,1102600.0,0.0,0.0,0.0,0.0,0.0,662600.0,3230200.0,1359800.0,1298600.0,953900.0,0.0,0.0,0.0,0.0,0.0
20230823093319984,SZSE,SZSE.ETF.159859,0.457,0.456,0.459,0.456,0.0,0.505,0.413,9103000.0,310400.0,4162898.2,141852.80000000028,0.0,0.0,20230823,20230823,93319985,0.459,0.0,0.0,0.456,0.455,0.454,0.453,0.452,0.0,0.0,0.0,0.0,0.0,0.457,0.458,0.459,0.46,0.461,0.0,0.0,0.0,0.0,0.0,2778300.0,3530100.0,2646600.0,1054000.0,1429100.0,0.0,0.0,0.0,0.0,0.0,789600.0,1510800.0,3600200.0,1681800.0,1298600.0,0.0,0.0,0.0,0.0,0.0
20230823093321228,SZSE,SZSE.ETF.159859,0.457,0.456,0.459,0.456,0.0,0.505,0.413,9103000.0,0.0,4162898.2,0.0,0.0,0.0,20230823,20230823,93321228,0.459,0.0,0.0,0.456,0.455,0.454,0.453,0.452,0.0,0.0,0.0,0.0,0.0,0.457,0.458,0.459,0.46,0.461,0.0,0.0,0.0,0.0,0.0,2578300.0,3580100.0,2646600.0,1304000.0,1429100.0,0.0,0.0,0.0,0.0,0.0,789600.0,1810800.0,3050200.0,1481800.0,1298600.0,0.0,0.0,0.0,0.0,0.0
20230823093326616,SZSE,SZSE.ETF.159859,0.457,0.456,0.459,0.456,0.0,0.505,0.413,9105500.0,2500.0,4164040.7,1142.5,0.0,0.0,20230823,20230823,93326617,0.459,0.0,0.0,0.456,0.455,0.454,0.453,0.452,0.0,0.0,0.0,0.0,0.0,0.457,0.458,0.459,0.46,0.461,0.0,0.0,0.0,0.0,0.0,2578300.0,3675100.0,2580500.0,1304000.0,1429100.0,0.0,0.0,0.0,0.0,0.0,1787100.0,2060800.0,3250200.0,1481800.0,1298600.0,0.0,0.0,0.0,0.0,0.0
20230823093329792,SZSE,SZSE.ETF.159859,0.457,0.456,0.459,0.456,0.0,0.505,0.413,9105500.0,0.0,4164040.7,0.0,0.0,0.0,20230823,20230823,93329792,0.459,0.0,0.0,0.456,0.455,0.454,0.453,0.452,0.0,0.0,0.0,0.0,0.0,0.457,0.458,0.459,0.46,0.461,0.0,0.0,0.0,0.0,0.0,2565100.0,3680100.0,2580500.0,1304000.0,1429100.0,0.0,0.0,0.0,0.0,0.0,1787100.0,2060800.0,3250200.0,1481800.0,1298600.0,0.0,0.0,0.0,0.0,0.0
20230823093330932,SZSE,SZSE.ETF.159859,0.457,0.456,0.459,0.456,0.0,0.505,0.413,9105500.0,0.0,4164040.7,0.0,0.0,0.0,20230823,20230823,93330933,0.459,0.0,0.0,0.456,0.455,0.454,0.453,0.452,0.0,0.0,0.0,0.0,0.0,0.457,0.458,0.459,0.46,0.461,0.0,0.0,0.0,0.0,0.0,2565100.0,3680100.0,2580500.0,1304000.0,1429100.0,0.0,0.0,0.0,0.0,0.0,1787100.0,1965000.0,3250200.0,1481800.0,1298600.0,0.0,0.0,0.0,0.0,0.0
20230823093334508,SZSE,SZSE.ETF.159859,0.457,0.456,0.459,0.456,0.0,0.505,0.413,9263300.0,157800.0,4236155.3,72114.59999999963,0.0,0.0,20230823,20230823,93334509,0.459,0.0,0.0,0.456,0.455,0.454,0.453,0.452,0.0,0.0,0.0,0.0,0.0,0.457,0.458,0.459,0.46,0.461,0.0,0.0,0.0,0.0,0.0,2565100.0,3680100.0,2580500.0,1304000.0,1429100.0,0.0,0.0,0.0,0.0,0.0,1629300.0,2005000.0,3250200.0,1481800.0,1298600.0,0.0,0.0,0.0,0.0,0.0
20230823093337700,SZSE,SZSE.ETF.159859,0.457,0.456,0.459,0.456,0.0,0.505,0.413,10892600.0,1629300.0,4980745.4,744590.1000000006,0.0,0.0,20230823,20230823,93337700,0.459,0.0,0.0,0.457,0.456,0.455,0.454,0.453,0.0,0.0,0.0,0.0,0.0,0.458,0.459,0.46,0.461,0.462,0.0,0.0,0.0,0.0,0.0,539200.0,2865100.0,3630100.0,2080500.0,1054000.0,0.0,0.0,0.0,0.0,0.0,955000.0,3550200.0,1481800.0,1298600.0,952700.0,0.0,0.0,0.0,0.0,0.0
20230823093339992,SZSE,SZSE.ETF.159859,0.457,0.456,0.459,0.456,0.0,0.505,0.413,10892600.0,0.0,4980745.4,0.0,0.0,0.0,20230823,20230823,93339990,0.459,0.0,0.0,0.457,0.456,0.455,0.454,0.453,0.0,0.0,0.0,0.0,0.0,0.458,0.459,0.46,0.461,0.462,0.0,0.0,0.0,0.0,0.0,70000.0,2865100.0,3630100.0,2580500.0,1054000.0,0.0,0.0,0.0,0.0,0.0,1455000.0,3600200.0,1681800.0,1298600.0,460700.0,0.0,0.0,0.0,0.0,0.0
20230823093343648,SZSE,SZSE.ETF.159859,0.457,0.456,0.459,0.456,0.0,0.505,0.413,10892600.0,0.0,4980745.4,0.0,0.0,0.0,20230823,20230823,93343648,0.459,0.0,0.0,0.457,0.456,0.455,0.454,0.453,0.0,0.0,0.0,0.0,0.0,0.458,0.459,0.46,0.461,0.462,0.0,0.0,0.0,0.0,0.0,72300.0,2870100.0,3630100.0,2080500.0,1059000.0,0.0,0.0,0.0,0.0,0.0,955000.0,3600200.0,1681800.0,1298600.0,460700.0,0.0,0.0,0.0,0.0,0.0
20230823093346428,SZSE,SZSE.ETF.159859,0.457,0.456,0.459,0.456,0.0,0.505,0.413,10892600.0,0.0,4980745.4,0.0,0.0,0.0,20230823,20230823,93346429,0.459,0.0,0.0,0.457,0.456,0.455,0.454,0.453,0.0,0.0,0.0,0.0,0.0,0.458,0.459,0.46,0.461,0.462,0.0,0.0,0.0,0.0,0.0,104300.0,2870100.0,3630100.0,2580500.0,1059000.0,0.0,0.0,0.0,0.0,0.0,1564500.0,3600200.0,1681800.0,1298600.0,460700.0,0.0,0.0,0.0,0.0,0.0
20230823093349584,SZSE,SZSE.ETF.159859,0.458,0.456,0.459,0.456,0.0,0.505,0.413,10942700.0,50100.0,5003651.1,22905.699999999255,0.0,0.0,20230823,20230823,93349585,0.459,0.0,0.0,0.457,0.456,0.455,0.454,0.453,0.0,0.0,0.0,0.0,0.0,0.458,0.459,0.46,0.461,0.462,0.0,0.0,0.0,0.0,0.0,65400.0,2846800.0,3630100.0,2580500.0,1059000.0,0.0,0.0,0.0,0.0,0.0,1454500.0,3600200.0,1681800.0,1298600.0,460700.0,0.0,0.0,0.0,0.0,0.0
20230823093351892,SZSE,SZSE.ETF.159859,0.457,0.456,0.459,0.456,0.0,0.505,0.413,10980900.0,38200.0,5021111.5,17460.400000000373,0.0,0.0,20230823,20230823,93351892,0.459,0.0,0.0,0.457,0.456,0.455,0.454,0.453,0.0,0.0,0.0,0.0,0.0,0.458,0.459,0.46,0.461,0.462,0.0,0.0,0.0,0.0,0.0,100200.0,2846800.0,3632300.0,2580500.0,1059000.0,0.0,0.0,0.0,0.0,0.0,1744800.0,3600200.0,1681800.0,1298600.0,460700.0,0.0,0.0,0.0,0.0,0.0
20230823093354432,SZSE,SZSE.ETF.159859,0.458,0.456,0.459,0.456,0.0,0.505,0.413,11012100.0,31200.0,5035401.1,14289.599999999627,0.0,0.0,20230823,20230823,93354434,0.459,0.0,0.0,0.457,0.456,0.455,0.454,0.453,0.0,0.0,0.0,0.0,0.0,0.458,0.459,0.46,0.461,0.462,0.0,0.0,0.0,0.0,0.0,100200.0,2846800.0,3632300.0,2580500.0,1059000.0,0.0,0.0,0.0,0.0,0.0,1813600.0,3600200.0,1681800.0,1298600.0,460700.0,0.0,0.0,0.0,0.0,0.0
20230823093357328,SZSE,SZSE.ETF.159859,0.457,0.456,0.459,0.456,0.0,0.505,0.413,11035900.0,23800.0,5046277.7,10876.600000000559,0.0,0.0,20230823,20230823,93357327,0.459,0.0,0.0,0.457,0.456,0.455,0.454,0.453,0.0,0.0,0.0,0.0,0.0,0.458,0.459,0.46,0.461,0.462,0.0,0.0,0.0,0.0,0.0,76400.0,2903800.0,3632300.0,2580500.0,1072200.0,0.0,0.0,0.0,0.0,0.0,1813600.0,3600200.0,1681800.0,1298600.0,460700.0,0.0,0.0,0.0,0.0,0.0
20230823093400428,SZSE,SZSE.ETF.159859,0.458,0.456,0.459,0.456,0.0,0.505,0.413,11040900.0,5000.0,5048567.7,2290.0,0.0,0.0,20230823,20230823,93400427,0.459,0.0,0.0,0.457,0.456,0.455,0.454,0.453,0.0,0.0,0.0,0.0,0.0,0.458,0.459,0.46,0.461,0.462,0.0,0.0,0.0,0.0,0.0,76400.0,2906300.0,3632300.0,2580500.0,1072200.0,0.0,0.0,0.0,0.0,0.0,1808600.0,3600200.0,1681800.0,1298600.0,460700.0,0.0,0.0,0.0,0.0,0.0
20230823093402900,SZSE,SZSE.ETF.159859,0.457,0.456,0.459,0.456,0.0,0.505,0.413,11047300.0,6400.0,5051492.5,2924.7999999998137,0.0,0.0,20230823,20230823,93402900,0.459,0.0,0.0,0.456,0.455,0.454,0.453,0.452,0.0,0.0,0.0,0.0,0.0,0.458,0.459,0.46,0.461,0.462,0.0,0.0,0.0,0.0,0.0,2906300.0,3632300.0,2580500.0,1072200.0,1462000.0,0.0,0.0,0.0,0.0,0.0,1885000.0,3600200.0,1681800.0,1298600.0,460700.0,0.0,0.0,0.0,0.0,0.0
20230823093405484,SZSE,SZSE.ETF.159859,0.457,0.456,0.459,0.456,0.0,0.505,0.413,11047300.0,0.0,5051492.5,0.0,0.0,0.0,20230823,20230823,93405484,0.459,0.0,0.0,0.456,0.455,0.454,0.453,0.452,0.0,0.0,0.0,0.0,0.0,0.458,0.459,0.46,0.461,0.462,0.0,0.0,0.0,0.0,0.0,2906300.0,3632300.0,2580500.0,1072200.0,1462000.0,0.0,0.0,0.0,0.0,0.0,2006200.0,3621100.0,1681800.0,1298600.0,460700.0,0.0,0.0,0.0,0.0,0.0
20230823093408144,SZSE,SZSE.ETF.159859,0.457,0.456,0.459,0.456,0.0,0.505,0.413,11047300.0,0.0,5051492.5,0.0,0.0,0.0,20230823,20230823,93408146,0.459,0.0,0.0,0.457,0.456,0.455,0.454,0.453,0.0,0.0,0.0,0.0,0.0,0.458,0.459,0.46,0.461,0.462,0.0,0.0,0.0,0.0,0.0,12500.0,2916300.0,3632300.0,2580500.0,1072200.0,0.0,0.0,0.0,0.0,0.0,2145400.0,3621100.0,1681800.0,1298600.0,460700.0,0.0,0.0,0.0,0.0,0.0
20230823093417744,SZSE,SZSE.ETF.159859,0.457,0.456,0.459,0.456,0.0,0.505,0.413,11121800.0,0.0,5085539.0,0.0,0.0,0.0,20230823,20230823,93417745,0.459,0.0,0.0,0.456,0.455,0.454,0.453,0.452,0.0,0.0,0.0,0.0,0.0,0.457,0.458,0.459,0.46,0.461,0.0,0.0,0.0,0.0,0.0,2816300.0,3382300.0,2580500.0,1322200.0,1562000.0,0.0,0.0,0.0,0.0,0.0,1439500.0,2168200.0,3371100.0,1481800.0,1298600.0,0.0,0.0,0.0,0.0,0.0
20230823093420648,SZSE,SZSE.ETF.159859,0.457,0.456,0.459,0.456,0.0,0.505,0.413,11161800.0,40000.0,5103819.0,18280.0,0.0,0.0,20230823,20230823,93420646,0.459,0.0,0.0,0.456,0.455,0.454,0.453,0.452,0.0,0.0,0.0,0.0,0.0,0.457,0.458,0.459,0.46,0.461,0.0,0.0,0.0,0.0,0.0,2564000.0,3682300.0,2580500.0,1341500.0,1562000.0,0.0,0.0,0.0,0.0,0.0,1469500.0,2718200.0,3271100.0,1481800.0,1298600.0,0.0,0.0,0.0,0.0,0.0
20230823093423380,SZSE,SZSE.ETF.159859,0.457,0.456,0.459,0.456,0.0,0.505,0.413,11166800.0,5000.0,5106104.0,2285.0,0.0,0.0,20230823,20230823,93423381,0.459,0.0,0.0,0.456,0.455,0.454,0.453,0.452,0.0,0.0,0.0,0.0,0.0,0.457,0.458,0.459,0.46,0.461,0.0,0.0,0.0,0.0,0.0,2564000.0,3682300.0,2580500.0,1341500.0,1562000.0,0.0,0.0,0.0,0.0,0.0,1464500.0,2718200.0,3271100.0,1481800.0,1298600.0,0.0,0.0,0.0,0.0,0.0
20230823093426244,SZSE,SZSE.ETF.159859,0.457,0.456,0.459,0.456,0.0,0.505,0.413,11221800.0,55000.0,5131239.0,25135.0,0.0,0.0,20230823,20230823,93426243,0.459,0.0,0.0,0.456,0.455,0.454,0.453,0.452,0.0,0.0,0.0,0.0,0.0,0.457,0.458,0.459,0.46,0.461,0.0,0.0,0.0,0.0,0.0,2564000.0,3682300.0,2580500.0,1341500.0,1562000.0,0.0,0.0,0.0,0.0,0.0,1409500.0,2718200.0,3271100.0,1481800.0,1298600.0,0.0,0.0,0.0,0.0,0.0
20230823093429292,SZSE,SZSE.ETF.159859,0.457,0.456,0.459,0.456,0.0,0.505,0.413,11241800.0,20000.0,5140379.0,9140.0,0.0,0.0,20230823,20230823,93429291,0.459,0.0,0.0,0.456,0.455,0.454,0.453,0.452,0.0,0.0,0.0,0.0,0.0,0.457,0.458,0.459,0.46,0.461,0.0,0.0,0.0,0.0,0.0,2064000.0,3552300.0,2580500.0,1341500.0,1562000.0,0.0,0.0,0.0,0.0,0.0,1389500.0,2718200.0,3271100.0,1481800.0,798600.0,0.0,0.0,0.0,0.0,0.0
20230823093432192,SZSE,SZSE.ETF.159859,0.457,0.456,0.459,0.456,0.0,0.505,0.413,11264300.0,22500.0,5150661.5,10282.5,0.0,0.0,20230823,20230823,93432194,0.459,0.0,0.0,0.456,0.455,0.454,0.453,0.452,0.0,0.0,0.0,0.0,0.0,0.457,0.458,0.459,0.46,0.461,0.0,0.0,0.0,0.0,0.0,1814000.0,3552300.0,2830500.0,1841500.0,1562000.0,0.0,0.0,0.0,0.0,0.0,2130400.0,2718200.0,3021100.0,1481800.0,798600.0,0.0,0.0,0.0,0.0,0.0
20230823093435296,SZSE,SZSE.ETF.159859,0.457,0.456,0.459,0.456,0.0,0.505,0.413,11289300.0,25000.0,5162086.5,11425.0,0.0,0.0,20230823,20230823,93435296,0.459,0.0,0.0,0.456,0.455,0.454,0.453,0.452,0.0,0.0,0.0,0.0,0.0,0.457,0.458,0.459,0.46,0.461,0.0,0.0,0.0,0.0,0.0,1815000.0,3552300.0,2830500.0,1841500.0,1563200.0,0.0,0.0,0.0,0.0,0.0,2205400.0,2647000.0,2921100.0,1334100.0,798600.0,0.0,0.0,0.0,0.0,0.0
20230823093438112,SZSE,SZSE.ETF.159859,0.457,0.456,0.459,0.456,0.0,0.505,0.413,11382400.0,93100.0,5204554.3,42467.799999999814,0.0,0.0,20230823,20230823,93438113,0.459,0.0,0.0,0.456,0.455,0.454,0.453,0.452,0.0,0.0,0.0,0.0,0.0,0.457,0.458,0.459,0.46,0.461,0.0,0.0,0.0,0.0,0.0,1736100.0,3552200.0,2830500.0,1841500.0,1563200.0,0.0,0.0,0.0,0.0,0.0,3045200.0,2622000.0,2921100.0,1334100.0,798600.0,0.0,0.0,0.0,0.0,0.0
20230823093441212,SZSE,SZSE.ETF.159859,0.457,0.456,0.459,0.456,0.0,0.505,0.413,11471700.0,89300.0,5245277.6,40723.299999999814,0.0,0.0,20230823,20230823,93441211,0.459,0.0,0.0,0.456,0.455,0.454,0.453,0.452,0.0,0.0,0.0,0.0,0.0,0.457,0.458,0.459,0.46,0.461,0.0,0.0,0.0,0.0,0.0,1649300.0,3552200.0,2580500.0,1841500.0,1813200.0,0.0,0.0,0.0,0.0,0.0,2690400.0,2301600.0,2721100.0,1334100.0,798600.0,0.0,0.0,0.0,0.0,0.0
20230823093444244,SZSE,SZSE.ETF.159859,0.456,0.456,0.459,0.456,0.0,0.505,0.413,11482900.0,11200.0,5250394.8,5117.200000000186,0.0,0.0,20230823,20230823,93444243,0.459,0.0,0.0,0.456,0.455,0.454,0.453,0.452,0.0,0.0,0.0,0.0,0.0,0.457,0.458,0.459,0.46,0.461,0.0,0.0,0.0,0.0,0.0,1540500.0,3552200.0,2580500.0,1841500.0,1813200.0,0.0,0.0,0.0,0.0,0.0,2680400.0,2301600.0,2721100.0,1334100.0,798600.0,0.0,0.0,0.0,0.0,0.0
20230823093447896,SZSE,SZSE.ETF.159859,0.456,0.456,0.459,0.456,0.0,0.505,0.413,11485800.0,2900.0,5251717.2,1322.4000000003725,0.0,0.0,20230823,20230823,93447895,0.459,0.0,0.0,0.456,0.455,0.454,0.453,0.452,0.0,0.0,0.0,0.0,0.0,0.457,0.458,0.459,0.46,0.461,0.0,0.0,0.0,0.0,0.0,1537600.0,3252200.0,3130500.0,1841500.0,1563200.0,0.0,0.0,0.0,0.0,0.0,2880400.0,2251600.0,2921100.0,1334100.0,798600.0,0.0,0.0,0.0,0.0,0.0
20230823093450828,SZSE,SZSE.ETF.159859,0.457,0.456,0.459,0.456,0.0,0.505,0.413,11500800.0,15000.0,5258572.2,6855.0,0.0,0.0,20230823,20230823,93450828,0.459,0.0,0.0,0.456,0.455,0.454,0.453,0.452,0.0,0.0,0.0,0.0,0.0,0.457,0.458,0.459,0.46,0.461,0.0,0.0,0.0,0.0,0.0,1537600.0,3252200.0,2880500.0,1841500.0,1699400.0,0.0,0.0,0.0,0.0,0.0,2865400.0,2001600.0,2721100.0,1334100.0,798600.0,0.0,0.0,0.0,0.0,0.0
20230823093453484,SZSE,SZSE.ETF.159859,0.457,0.456,0.459,0.456,0.0,0.505,0.413,11500800.0,0.0,5258572.2,0.0,0.0,0.0,20230823,20230823,93453483,0.459,0.0,0.0,0.456,0.455,0.454,0.453,0.452,0.0,0.0,0.0,0.0,0.0,0.457,0.458,0.459,0.46,0.461,0.0,0.0,0.0,0.0,0.0,1537600.0,3252200.0,2580500.0,1841500.0,1699400.0,0.0,0.0,0.0,0.0,0.0,2919700.0,2201600.0,2721100.0,1334100.0,798600.0,0.0,0.0,0.0,0.0,0.0
20230823093456504,SZSE,SZSE.ETF.159859,0.456,0.456,0.459,0.456,0.0,0.505,0.413,11525800.0,25000.0,5269972.2,11400.0,0.0,0.0,20230823,20230823,93456505,0.459,0.0,0.0,0.456,0.455,0.454,0.453,0.452,0.0,0.0,0.0,0.0,0.0,0.457,0.458,0.459,0.46,0.461,0.0,0.0,0.0,0.0,0.0,1512600.0,3552200.0,2830500.0,1841900.0,1449400.0,0.0,0.0,0.0,0.0,0.0,2669700.0,2501600.0,2721100.0,1334100.0,798600.0,0.0,0.0,0.0,0.0,0.0
20230823093459976,SZSE,SZSE.ETF.159859,0.456,0.456,0.459,0.456,0.0,0.505,0.413,11540800.0,15000.0,5276812.2,6840.0,0.0,0.0,20230823,20230823,93459976,0.459,0.0,0.0,0.456,0.455,0.454,0.453,0.452,0.0,0.0,0.0,0.0,0.0,0.457,0.458,0.459,0.46,0.461,0.0,0.0,0.0,0.0,0.0,1497600.0,3552200.0,2830500.0,1841900.0,1449400.0,0.0,0.0,0.0,0.0,0.0,2669700.0,2551600.0,2923700.0,1334100.0,798600.0,0.0,0.0,0.0,0.0,0.0
20230823093503576,SZSE,SZSE.ETF.159859,0.456,0.456,0.459,0.456,0.0,0.505,0.413,11540800.0,0.0,5276812.2,0.0,0.0,0.0,20230823,20230823,93503574,0.459,0.0,0.0,0.456,0.455,0.454,0.453,0.452,0.0,0.0,0.0,0.0,0.0,0.457,0.458,0.459,0.46,0.461,0.0,0.0,0.0,0.0,0.0,2247600.0,3552200.0,2580500.0,1341900.0,1449400.0,0.0,0.0,0.0,0.0,0.0,2169700.0,2551600.0,2923700.0,1334100.0,1298600.0,0.0,0.0,0.0,0.0,0.0
20230823093507204,SZSE,SZSE.ETF.159859,0.456,0.456,0.459,0.456,0.0,0.505,0.413,11540800.0,0.0,5276812.2,0.0,0.0,0.0,20230823,20230823,93507204,0.459,0.0,0.0,0.456,0.455,0.454,0.453,0.452,0.0,0.0,0.0,0.0,0.0,0.457,0.458,0.459,0.46,0.461,0.0,0.0,0.0,0.0,0.0,2307600.0,3552200.0,2580500.0,1341900.0,1454400.0,0.0,0.0,0.0,0.0,0.0,2174700.0,2551600.0,2923700.0,1334100.0,1298600.0,0.0,0.0,0.0,0.0,0.0
20230823093534636,SZSE,SZSE.ETF.159859,0.456,0.456,0.459,0.456,0.0,0.505,0.413,12710200.0,0.0,5810065.1,0.0,0.0,0.0,20230823,20230823,93534635,0.459,0.0,0.0,0.456,0.455,0.454,0.453,0.452,0.0,0.0,0.0,0.0,0.0,0.457,0.458,0.459,0.46,0.461,0.0,0.0,0.0,0.0,0.0,1391000.0,3565400.0,2690600.0,1328700.0,1450600.0,0.0,0.0,0.0,0.0,0.0,1995200.0,2553600.0,3173700.0,1332100.0,1298600.0,0.0,0.0,0.0,0.0,0.0
20230823093540692,SZSE,SZSE.ETF.159859,0.456,0.456,0.459,0.456,0.0,0.505,0.413,12710200.0,0.0,5810065.1,0.0,0.0,0.0,20230823,20230823,93540693,0.459,0.0,0.0,0.456,0.455,0.454,0.453,0.452,0.0,0.0,0.0,0.0,0.0,0.457,0.458,0.459,0.46,0.461,0.0,0.0,0.0,0.0,0.0,1293900.0,3580400.0,2690600.0,1328700.0,1450600.0,0.0,0.0,0.0,0.0,0.0,2096200.0,2553600.0,3173700.0,1332100.0,1298600.0,0.0,0.0,0.0,0.0,0.0
20230823093544732,SZSE,SZSE.ETF.159859,0.456,0.456,0.459,0.456,0.0,0.505,0.413,12739400.0,29200.0,5823380.3,13315.200000000186,0.0,0.0,20230823,20230823,93544732,0.459,0.0,0.0,0.456,0.455,0.454,0.453,0.452,0.0,0.0,0.0,0.0,0.0,0.457,0.458,0.459,0.46,0.461,0.0,0.0,0.0,0.0,0.0,3124700.0,3830400.0,2690600.0,1328700.0,1450600.0,0.0,0.0,0.0,0.0,0.0,2048500.0,2553600.0,3173700.0,1332100.0,1298600.0,0.0,0.0,0.0,0.0,0.0
20230823093547792,SZSE,SZSE.ETF.159859,0.456,0.456,0.459,0.456,0.0,0.505,0.413,12739400.0,0.0,5823380.3,0.0,0.0,0.0,20230823,20230823,93547794,0.459,0.0,0.0,0.456,0.455,0.454,0.453,0.452,0.0,0.0,0.0,0.0,0.0,0.457,0.458,0.459,0.46,0.461,0.0,0.0,0.0,0.0,0.0,3124700.0,3832400.0,2690600.0,1328700.0,1450600.0,0.0,0.0,0.0,0.0,0.0,2298500.0,2553600.0,2923700.0,1332100.0,1298600.0,0.0,0.0,0.0,0.0,0.0
20230823093550276,SZSE,SZSE.ETF.159859,0.456,0.456,0.459,0.456,0.0,0.505,0.413,12896000.0,156600.0,5894795.9,71415.60000000056,0.0,0.0,20230823,20230823,93550277,0.459,0.0,0.0,0.456,0.455,0.454,0.453,0.452,0.0,0.0,0.0,0.0,0.0,0.457,0.458,0.459,0.46,0.461,0.0,0.0,0.0,0.0,0.0,1184100.0,3837400.0,2690600.0,1330100.0,1450600.0,0.0,0.0,0.0,0.0,0.0,2222500.0,2553600.0,3104900.0,1332100.0,1298600.0,0.0,0.0,0.0,0.0,0.0
20230823093552608,SZSE,SZSE.ETF.159859,0.456,0.456,0.459,0.456,0.0,0.505,0.413,12905600.0,9600.0,5899173.5,4377.5999999996275,0.0,0.0,20230823,20230823,93552606,0.459,0.0,0.0,0.456,0.455,0.454,0.453,0.452,0.0,0.0,0.0,0.0,0.0,0.457,0.458,0.459,0.46,0.461,0.0,0.0,0.0,0.0,0.0,825900.0,3837400.0,2940600.0,1356700.0,1450600.0,0.0,0.0,0.0,0.0,0.0,2222500.0,2553500.0,3104900.0,1332100.0,1298600.0,0.0,0.0,0.0,0.0,0.0
20230823093555612,SZSE,SZSE.ETF.159859,0.456,0.456,0.459,0.456,0.0,0.505,0.413,12916400.0,10800.0,5904099.1,4925.5999999996275,0.0,0.0,20230823,20230823,93555612,0.459,0.0,0.0,0.456,0.455,0.454,0.453,0.452,0.0,0.0,0.0,0.0,0.0,0.457,0.458,0.459,0.46,0.461,0.0,0.0,0.0,0.0,0.0,345900.0,3837500.0,2940600.0,1856700.0,1450600.0,0.0,0.0,0.0,0.0,0.0,2721800.0,2553500.0,3104900.0,1332100.0,798600.0,0.0,0.0,0.0,0.0,0.0
20230823093559568,SZSE,SZSE.ETF.159859,0.456,0.456,0.459,0.456,0.0,0.505,0.413,12916400.0,0.0,5904099.1,0.0,0.0,0.0,20230823,20230823,93559568,0.459,0.0,0.0,0.456,0.455,0.454,0.453,0.452,0.0,0.0,0.0,0.0,0.0,0.457,0.458,0.459,0.46,0.461,0.0,0.0,0.0,0.0,0.0,345900.0,3835500.0,2940600.0,1856700.0,1450600.0,0.0,0.0,0.0,0.0,0.0,2721800.0,2553500.0,3104900.0,1332100.0,798600.0,0.0,0.0,0.0,0.0,0.0
20230823093603504,SZSE,SZSE.ETF.159859,0.456,0.456,0.459,0.456,0.0,0.505,0.413,12916400.0,0.0,5904099.1,0.0,0.0,0.0,20230823,20230823,93603503,0.459,0.0,0.0,0.456,0.455,0.454,0.453,0.452,0.0,0.0,0.0,0.0,0.0,0.457,0.458,0.459,0.46,0.461,0.0,0.0,0.0,0.0,0.0,363700.0,3835500.0,2940600.0,1837400.0,1450600.0,0.0,0.0,0.0,0.0,0.0,2721800.0,2553500.0,3104900.0,1332100.0,798600.0,0.0,0.0,0.0,0.0,0.0
20230823093605656,SZSE,SZSE.ETF.159859,0.456,0.456,0.459,0.456,0.0,0.505,0.413,12916400.0,0.0,5904099.1,0.0,0.0,0.0,20230823,20230823,93605654,0.459,0.0,0.0,0.456,0.455,0.454,0.453,0.452,0.0,0.0,0.0,0.0,0.0,0.457,0.458,0.459,0.46,0.461,0.0,0.0,0.0,0.0,0.0,363700.0,3860500.0,2953800.0,1837400.0,1452700.0,0.0,0.0,0.0,0.0,0.0,2721800.0,2553500.0,3104900.0,1332100.0,798600.0,0.0,0.0,0.0,0.0,0.0
20230823093607664,SZSE,SZSE.ETF.159859,0.456,0.456,0.459,0.456,0.0,0.505,0.413,12920800.0,4400.0,5906105.5,2006.4000000003725,0.0,0.0,20230823,20230823,93607666,0.459,0.0,0.0,0.456,0.455,0.454,0.453,0.452,0.0,0.0,0.0,0.0,0.0,0.457,0.458,0.459,0.46,0.461,0.0,0.0,0.0,0.0,0.0,359300.0,3860500.0,2953800.0,1837400.0,1462700.0,0.0,0.0,0.0,0.0,0.0,2721800.0,2553500.0,2957200.0,1332100.0,798600.0,0.0,0.0,0.0,0.0,0.0
20230823093611544,SZSE,SZSE.ETF.159859,0.456,0.456,0.459,0.456,0.0,0.505,0.413,13172300.0,251500.0,6020789.5,114684.0,0.0,0.0,20230823,20230823,93611546,0.459,0.0,0.0,0.456,0.455,0.454,0.453,0.452,0.0,0.0,0.0,0.0,0.0,0.457,0.458,0.459,0.46,0.461,0.0,0.0,0.0,0.0,0.0,37800.0,3860500.0,2703800.0,1837400.0,1712700.0,0.0,0.0,0.0,0.0,0.0,2721800.0,2303500.0,2757200.0,1422100.0,798600.0,0.0,0.0,0.0,0.0,0.0
20230823093613992,SZSE,SZSE.ETF.159859,0.457,0.456,0.459,0.456,0.0,0.505,0.413,13183300.0,11000.0,6025816.5,5027.0,0.0,0.0,20230823,20230823,93613993,0.459,0.0,0.0,0.456,0.455,0.454,0.453,0.452,0.0,0.0,0.0,0.0,0.0,0.457,0.458,0.459,0.46,0.461,0.0,0.0,0.0,0.0,0.0,37800.0,3460500.0,3103800.0,1811900.0,1712700.0,0.0,0.0,0.0,0.0,0.0,3478500.0,2203500.0,2757200.0,1422100.0,798600.0,0.0,0.0,0.0,0.0,0.0
20230823093617780,SZSE,SZSE.ETF.159859,0.456,0.456,0.459,0.456,0.0,0.505,0.413,13199900.0,16600.0,6033386.1,7569.5999999996275,0.0,0.0,20230823,20230823,93617781,0.459,0.0,0.0,0.456,0.455,0.454,0.453,0.452,0.0,0.0,0.0,0.0,0.0,0.457,0.458,0.459,0.46,0.461,0.0,0.0,0.0,0.0,0.0,23400.0,3460500.0,3105800.0,1811900.0,1712700.0,0.0,0.0,0.0,0.0,0.0,3478500.0,2203500.0,2757200.0,1422100.0,798600.0,0.0,0.0,0.0,0.0,0.0
20230823093619688,SZSE,SZSE.ETF.159859,0.456,0.456,0.459,0.456,0.0,0.505,0.413,13424800.0,224900.0,6135940.5,102554.40000000037,0.0,0.0,20230823,20230823,93619686,0.459,0.0,0.0,0.455,0.454,0.453,0.452,0.451,0.0,0.0,0.0,0.0,0.0,0.456,0.457,0.458,0.459,0.46,0.0,0.0,0.0,0.0,0.0,3030500.0,3105800.0,1811900.0,1714700.0,1222500.0,0.0,0.0,0.0,0.0,0.0,296600.0,3478500.0,1783500.0,2757200.0,922100.0,0.0,0.0,0.0,0.0,0.0
20230823093622936,SZSE,SZSE.ETF.159859,0.456,0.456,0.459,0.456,0.0,0.505,0.413,13461400.0,36600.0,6152630.1,16689.599999999627,0.0,0.0,20230823,20230823,93622938,0.459,0.0,0.0,0.455,0.454,0.453,0.452,0.451,0.0,0.0,0.0,0.0,0.0,0.456,0.457,0.458,0.459,0.46,0.0,0.0,0.0,0.0,0.0,3030500.0,3105800.0,1811900.0,2259700.0,1222500.0,0.0,0.0,0.0,0.0,0.0,1470900.0,3478500.0,1783500.0,2757200.0,922100.0,0.0,0.0,0.0,0.0,0.0
20230823093625168,SZSE,SZSE.ETF.159859,0.456,0.456,0.459,0.456,0.0,0.505,0.413,13465000.0,3600.0,6154271.7,1641.6000000005588,0.0,0.0,20230823,20230823,93625166,0.459,0.0,0.0,0.455,0.454,0.453,0.452,0.451,0.0,0.0,0.0,0.0,0.0,0.456,0.457,0.458,0.459,0.46,0.0,0.0,0.0,0.0,0.0,2780500.0,3105800.0,2061900.0,2259700.0,1222500.0,0.0,0.0,0.0,0.0,0.0,1567300.0,3478500.0,1783500.0,2757200.0,922100.0,0.0,0.0,0.0,0.0,0.0
20230823093626776,SZSE,SZSE.ETF.159859,0.456,0.456,0.459,0.456,0.0,0.505,0.413,13465000.0,0.0,6154271.7,0.0,0.0,0.0,20230823,20230823,93626774,0.459,0.0,0.0,0.455,0.454,0.453,0.452,0.451,0.0,0.0,0.0,0.0,0.0,0.456,0.457,0.458,0.459,0.46,0.0,0.0,0.0,0.0,0.0,2780500.0,3182300.0,1811900.0,2259700.0,1472500.0,0.0,0.0,0.0,0.0,0.0,959800.0,3228500.0,1583500.0,2757200.0,922100.0,0.0,0.0,0.0,0.0,0.0
20230823093629600,SZSE,SZSE.ETF.159859,0.456,0.456,0.459,0.456,0.0,0.505,0.413,13465600.0,600.0,6154545.3,273.59999999962747,0.0,0.0,20230823,20230823,93629600,0.459,0.0,0.0,0.455,0.454,0.453,0.452,0.451,0.0,0.0,0.0,0.0,0.0,0.456,0.457,0.458,0.459,0.46,0.0,0.0,0.0,0.0,0.0,2965500.0,3182300.0,1811900.0,2259700.0,1472500.0,0.0,0.0,0.0,0.0,0.0,1309200.0,3428500.0,1583500.0,2757200.0,922100.0,0.0,0.0,0.0,0.0,0.0
20230823093632112,SZSE,SZSE.ETF.159859,0.456,0.456,0.459,0.456,0.0,0.505,0.413,13465600.0,0.0,6154545.3,0.0,0.0,0.0,20230823,20230823,93632111,0.459,0.0,0.0,0.455,0.454,0.453,0.452,0.451,0.0,0.0,0.0,0.0,0.0,0.456,0.457,0.458,0.459,0.46,0.0,0.0,0.0,0.0,0.0,2985500.0,2682300.0,2080900.0,2259700.0,1222500.0,0.0,0.0,0.0,0.0,0.0,1059200.0,3428500.0,2093500.0,2757200.0,922100.0,0.0,0.0,0.0,0.0,0.0
20230823093635240,SZSE,SZSE.ETF.159859,0.456,0.456,0.459,0.456,0.0,0.505,0.413,13489700.0,24100.0,6165534.9,10989.600000000559,0.0,0.0,20230823,20230823,93635241,0.459,0.0,0.0,0.455,0.454,0.453,0.452,0.451,0.0,0.0,0.0,0.0,0.0,0.456,0.457,0.458,0.459,0.46,0.0,0.0,0.0,0.0,0.0,2985500.0,2682300.0,1830900.0,2259700.0,1472500.0,0.0,0.0,0.0,0.0,0.0,1365100.0,3428500.0,2093500.0,2757200.0,922100.0,0.0,0.0,0.0,0.0,0.0
20230823093638072,SZSE,SZSE.ETF.159859,0.456,0.456,0.459,0.456,0.0,0.505,0.413,13490000.0,300.0,6165671.7,136.79999999981374,0.0,0.0,20230823,20230823,93638072,0.459,0.0,0.0,0.455,0.454,0.453,0.452,0.451,0.0,0.0,0.0,0.0,0.0,0.456,0.457,0.458,0.459,0.46,0.0,0.0,0.0,0.0,0.0,3235500.0,2692300.0,1830900.0,2259700.0,1472500.0,0.0,0.0,0.0,0.0,0.0,1364800.0,3428500.0,2093500.0,2757200.0,922100.0,0.0,0.0,0.0,0.0,0.0
20230823093641136,SZSE,SZSE.ETF.159859,0.456,0.456,0.459,0.456,0.0,0.505,0.413,13490000.0,0.0,6165671.7,0.0,0.0,0.0,20230823,20230823,93641134,0.459,0.0,0.0,0.455,0.454,0.453,0.452,0.451,0.0,0.0,0.0,0.0,0.0,0.456,0.457,0.458,0.459,0.46,0.0,0.0,0.0,0.0,0.0,3222300.0,2392300.0,1830900.0,2259700.0,1472500.0,0.0,0.0,0.0,0.0,0.0,1364800.0,3128500.0,2093500.0,2757200.0,922100.0,0.0,0.0,0.0,0.0,0.0
20230823093644080,SZSE,SZSE.ETF.159859,0.456,0.456,0.459,0.455,0.0,0.505,0.413,13516800.0,26800.0,6177870.7,12199.0,0.0,0.0,20230823,20230823,93644082,0.459,0.0,0.0,0.455,0.454,0.453,0.452,0.451,0.0,0.0,0.0,0.0,0.0,0.456,0.457,0.458,0.459,0.46,0.0,0.0,0.0,0.0,0.0,3200500.0,2392300.0,2130900.0,2259700.0,1472500.0,0.0,0.0,0.0,0.0,0.0,2159800.0,3128500.0,2093500.0,2757200.0,922100.0,0.0,0.0,0.0,0.0,0.0
20230823093647128,SZSE,SZSE.ETF.159859,0.456,0.456,0.459,0.455,0.0,0.505,0.413,13526800.0,10000.0,6182430.7,4560.0,0.0,0.0,20230823,20230823,93647127,0.459,0.0,0.0,0.455,0.454,0.453,0.452,0.451,0.0,0.0,0.0,0.0,0.0,0.456,0.457,0.458,0.459,0.46,0.0,0.0,0.0,0.0,0.0,3200500.0,2392300.0,2480900.0,2509700.0,1472900.0,0.0,0.0,0.0,0.0,0.0,2399800.0,3378500.0,2093500.0,2757200.0,922100.0,0.0,0.0,0.0,0.0,0.0
20230823093650068,SZSE,SZSE.ETF.159859,0.455,0.456,0.459,0.455,0.0,0.505,0.413,13566100.0,39300.0,6200312.2,17881.5,0.0,0.0,20230823,20230823,93650067,0.459,0.0,0.0,0.455,0.454,0.453,0.452,0.451,0.0,0.0,0.0,0.0,0.0,0.456,0.457,0.458,0.459,0.46,0.0,0.0,0.0,0.0,0.0,3161200.0,2392300.0,2480900.0,2509700.0,1472900.0,0.0,0.0,0.0,0.0,0.0,2399800.0,3378500.0,2093500.0,2757200.0,922100.0,0.0,0.0,0.0,0.0,0.0
20230823093653052,SZSE,SZSE.ETF.159859,0.456,0.456,0.459,0.455,0.0,0.505,0.413,13599700.0,33600.0,6215633.8,15321.599999999627,0.0,0.0,20230823,20230823,93653053,0.459,0.0,0.0,0.455,0.454,0.453,0.452,0.451,0.0,0.0,0.0,0.0,0.0,0.456,0.457,0.458,0.459,0.46,0.0,0.0,0.0,0.0,0.0,3166400.0,2412300.0,2480900.0,2534700.0,1472900.0,0.0,0.0,0.0,0.0,0.0,2646300.0,3878500.0,2093500.0,2757200.0,922100.0,0.0,0.0,0.0,0.0,0.0
20230823093659048,SZSE,SZSE.ETF.159859,0.456,0.456,0.459,0.455,0.0,0.505,0.413,13603800.0,0.0,6217503.4,0.0,0.0,0.0,20230823,20230823,93659047,0.459,0.0,0.0,0.455,0.454,0.453,0.452,0.451,0.0,0.0,0.0,0.0,0.0,0.456,0.457,0.458,0.459,0.46,0.0,0.0,0.0,0.0,0.0,3166400.0,2412300.0,2480900.0,2534700.0,1472900.0,0.0,0.0,0.0,0.0,0.0,2684600.0,3774200.0,1757000.0,2757200.0,922100.0,0.0,0.0,0.0,0.0,0.0
20230823093702056,SZSE,SZSE.ETF.159859,0.456,0.456,0.459,0.455,0.0,0.505,0.413,13603800.0,0.0,6217503.4,0.0,0.0,0.0,20230823,20230823,93702057,0.459,0.0,0.0,0.455,0.454,0.453,0.452,0.451,0.0,0.0,0.0,0.0,0.0,0.456,0.457,0.458,0.459,0.46,0.0,0.0,0.0,0.0,0.0,3226400.0,2712300.0,2180900.0,2534700.0,1472900.0,0.0,0.0,0.0,0.0,0.0,2385600.0,4074200.0,1757000.0,2757200.0,924600.0,0.0,0.0,0.0,0.0,0.0
20230823093705164,SZSE,SZSE.ETF.159859,0.456,0.456,0.459,0.455,0.0,0.505,0.413,13675400.0,71600.0,6250083.0,32579.599999999627,0.0,0.0,20230823,20230823,93705164,0.459,0.0,0.0,0.455,0.454,0.453,0.452,0.451,0.0,0.0,0.0,0.0,0.0,0.456,0.457,0.458,0.459,0.46,0.0,0.0,0.0,0.0,0.0,3156400.0,2712300.0,2180900.0,2534700.0,1472900.0,0.0,0.0,0.0,0.0,0.0,2384000.0,4074200.0,1757000.0,2757200.0,924600.0,0.0,0.0,0.0,0.0,0.0
20230823093708076,SZSE,SZSE.ETF.159859,0.456,0.456,0.459,0.455,0.0,0.505,0.413,13675400.0,0.0,6250083.0,0.0,0.0,0.0,20230823,20230823,93708077,0.459,0.0,0.0,0.455,0.454,0.453,0.452,0.451,0.0,0.0,0.0,0.0,0.0,0.456,0.457,0.458,0.459,0.46,0.0,0.0,0.0,0.0,0.0,3161400.0,2712300.0,2180900.0,2534700.0,1472900.0,0.0,0.0,0.0,0.0,0.0,2384000.0,4074200.0,1757000.0,2757200.0,924600.0,0.0,0.0,0.0,0.0,0.0
20230823093711056,SZSE,SZSE.ETF.159859,0.456,0.456,0.459,0.455,0.0,0.505,0.413,13711500.0,36100.0,6266508.6,16425.599999999627,0.0,0.0,20230823,20230823,93711055,0.459,0.0,0.0,0.455,0.454,0.453,0.452,0.451,0.0,0.0,0.0,0.0,0.0,0.456,0.457,0.458,0.459,0.46,0.0,0.0,0.0,0.0,0.0,3155400.0,2604300.0,2430900.0,2534700.0,1227900.0,0.0,0.0,0.0,0.0,0.0,2133900.0,4074200.0,1757000.0,2762200.0,924600.0,0.0,0.0,0.0,0.0,0.0
20230823093714068,SZSE,SZSE.ETF.159859,0.455,0.456,0.459,0.455,0.0,0.505,0.413,13731600.0,20100.0,6275654.2,9145.600000000559,0.0,0.0,20230823,20230823,93714068,0.459,0.0,0.0,0.455,0.454,0.453,0.452,0.451,0.0,0.0,0.0,0.0,0.0,0.456,0.457,0.458,0.459,0.46,0.0,0.0,0.0,0.0,0.0,3135400.0,2604300.0,2180900.0,2554700.0,1477900.0,0.0,0.0,0.0,0.0,0.0,2383800.0,4074200.0,1757000.0,2762200.0,924600.0,0.0,0.0,0.0,0.0,0.0
20230823093945576,SZSE,SZSE.ETF.159859,0.456,0.456,0.459,0.455,0.0,0.505,0.413,16546900.0,60000.0,7558015.7,27360.0,0.0,0.0,20230823,20230823,93945578,0.459,0.0,0.0,0.455,0.454,0.453,0.452,0.451,0.0,0.0,0.0,0.0,0.0,0.456,0.457,0.458,0.459,0.46,0.0,0.0,0.0,0.0,0.0,11194300.0,2910800.0,2124100.0,1829700.0,1899700.0,0.0,0.0,0.0,0.0,0.0,35400.0,4336900.0,2030100.0,2795000.0,1452600.0,0.0,0.0,0.0,0.0,0.0
20230823093947460,SZSE,SZSE.ETF.159859,0.456,0.456,0.459,0.455,0.0,0.505,0.413,16546900.0,0.0,7558015.7,0.0,0.0,0.0,20230823,20230823,93947461,0.459,0.0,0.0,0.455,0.454,0.453,0.452,0.451,0.0,0.0,0.0,0.0,0.0,0.456,0.457,0.458,0.459,0.46,0.0,0.0,0.0,0.0,0.0,11198700.0,2900800.0,2114100.0,1809700.0,1899700.0,0.0,0.0,0.0,0.0,0.0,35400.0,4336900.0,2030100.0,2795000.0,1449900.0,0.0,0.0,0.0,0.0,0.0
20230823093951204,SZSE,SZSE.ETF.159859,0.456,0.456,0.459,0.455,0.0,0.505,0.413,16667000.0,120100.0,7612781.3,54765.59999999963,0.0,0.0,20230823,20230823,93951205,0.459,0.0,0.0,0.455,0.454,0.453,0.452,0.451,0.0,0.0,0.0,0.0,0.0,0.457,0.458,0.459,0.46,0.461,0.0,0.0,0.0,0.0,0.0,11208700.0,2900800.0,2114100.0,1809700.0,1899700.0,0.0,0.0,0.0,0.0,0.0,4336900.0,2030100.0,2795000.0,1449900.0,798600.0,0.0,0.0,0.0,0.0,0.0
20230823093953912,SZSE,SZSE.ETF.159859,0.456,0.456,0.459,0.455,0.0,0.505,0.413,16667000.0,0.0,7612781.3,0.0,0.0,0.0,20230823,20230823,93953913,0.459,0.0,0.0,0.455,0.454,0.453,0.452,0.451,0.0,0.0,0.0,0.0,0.0,0.457,0.458,0.459,0.46,0.461,0.0,0.0,0.0,0.0,0.0,11209800.0,2900800.0,2114100.0,1809700.0,1899700.0,0.0,0.0,0.0,0.0,0.0,4346700.0,2030100.0,2795000.0,1449900.0,798600.0,0.0,0.0,0.0,0.0,0.0
20230823093958296,SZSE,SZSE.ETF.159859,0.456,0.456,0.459,0.455,0.0,0.505,0.413,16677000.0,10000.0,7617341.3,4560.0,0.0,0.0,20230823,20230823,93958296,0.459,0.0,0.0,0.455,0.454,0.453,0.452,0.451,0.0,0.0,0.0,0.0,0.0,0.456,0.457,0.458,0.459,0.46,0.0,0.0,0.0,0.0,0.0,11231800.0,2905800.0,2114100.0,1809700.0,1897700.0,0.0,0.0,0.0,0.0,0.0,56200.0,4396800.0,2030100.0,2795000.0,1449900.0,0.0,0.0,0.0,0.0,0.0
20230823094000288,SZSE,SZSE.ETF.159859,0.456,0.456,0.459,0.455,0.0,0.505,0.413,16677000.0,0.0,7617341.3,0.0,0.0,0.0,20230823,20230823,94000287,0.459,0.0,0.0,0.455,0.454,0.453,0.452,0.451,0.0,0.0,0.0,0.0,0.0,0.456,0.457,0.458,0.459,0.46,0.0,0.0,0.0,0.0,0.0,11231800.0,2905800.0,2114100.0,1809700.0,1898200.0,0.0,0.0,0.0,0.0,0.0,56200.0,4387000.0,2030100.0,2795000.0,1449900.0,0.0,0.0,0.0,0.0,0.0
20230823094002880,SZSE,SZSE.ETF.159859,0.456,0.456,0.459,0.455,0.0,0.505,0.413,16680900.0,3900.0,7619119.7,1778.4000000003725,0.0,0.0,20230823,20230823,94002879,0.459,0.0,0.0,0.455,0.454,0.453,0.452,0.451,0.0,0.0,0.0,0.0,0.0,0.456,0.457,0.458,0.459,0.46,0.0,0.0,0.0,0.0,0.0,11283800.0,2905800.0,2114100.0,1809700.0,1898200.0,0.0,0.0,0.0,0.0,0.0,152300.0,4387000.0,2080200.0,2795000.0,1449900.0,0.0,0.0,0.0,0.0,0.0
20230823094005504,SZSE,SZSE.ETF.159859,0.456,0.456,0.459,0.455,0.0,0.505,0.413,16722000.0,41100.0,7637861.3,18741.599999999627,0.0,0.0,20230823,20230823,94005503,0.459,0.0,0.0,0.455,0.454,0.453,0.452,0.451,0.0,0.0,0.0,0.0,0.0,0.456,0.457,0.458,0.459,0.46,0.0,0.0,0.0,0.0,0.0,11283800.0,2905800.0,2109100.0,1809700.0,1898200.0,0.0,0.0,0.0,0.0,0.0,64000.0,4387000.0,2080200.0,2795000.0,1449900.0,0.0,0.0,0.0,0.0,0.0
20230823094008516,SZSE,SZSE.ETF.159859,0.456,0.456,0.459,0.455,0.0,0.505,0.413,16726200.0,4200.0,7639776.5,1915.2000000001863,0.0,0.0,20230823,20230823,94008515,0.459,0.0,0.0,0.455,0.454,0.453,0.452,0.451,0.0,0.0,0.0,0.0,0.0,0.456,0.457,0.458,0.459,0.46,0.0,0.0,0.0,0.0,0.0,11283800.0,2905800.0,2114100.0,1809700.0,1898200.0,0.0,0.0,0.0,0.0,0.0,59800.0,4387000.0,2080200.0,2795000.0,1449900.0,0.0,0.0,0.0,0.0,0.0
20230823094014332,SZSE,SZSE.ETF.159859,0.456,0.456,0.459,0.455,0.0,0.505,0.413,16726200.0,0.0,7639776.5,0.0,0.0,0.0,20230823,20230823,94014331,0.459,0.0,0.0,0.455,0.454,0.453,0.452,0.451,0.0,0.0,0.0,0.0,0.0,0.456,0.457,0.458,0.459,0.46,0.0,0.0,0.0,0.0,0.0,11287800.0,2905800.0,2114100.0,1815700.0,1918200.0,0.0,0.0,0.0,0.0,0.0,466300.0,4387000.0,2080200.0,2795000.0,1449900.0,0.0,0.0,0.0,0.0,0.0
20230823094017160,SZSE,SZSE.ETF.159859,0.456,0.456,0.459,0.455,0.0,0.505,0.413,16733500.0,7300.0,7643105.3,3328.7999999998137,0.0,0.0,20230823,20230823,94017161,0.459,0.0,0.0,0.455,0.454,0.453,0.452,0.451,0.0,0.0,0.0,0.0,0.0,0.456,0.457,0.458,0.459,0.46,0.0,0.0,0.0,0.0,0.0,11288800.0,2905800.0,2114100.0,1815700.0,1918200.0,0.0,0.0,0.0,0.0,0.0,459000.0,4387000.0,2080200.0,2795000.0,1449900.0,0.0,0.0,0.0,0.0,0.0
20230823094020468,SZSE,SZSE.ETF.159859,0.456,0.456,0.459,0.455,0.0,0.505,0.413,16738500.0,5000.0,7645385.3,2280.0,0.0,0.0,20230823,20230823,94020467,0.459,0.0,0.0,0.455,0.454,0.453,0.452,0.451,0.0,0.0,0.0,0.0,0.0,0.456,0.457,0.458,0.459,0.46,0.0,0.0,0.0,0.0,0.0,11294800.0,2905800.0,2114100.0,1815700.0,1928200.0,0.0,0.0,0.0,0.0,0.0,454000.0,4387000.0,2080200.0,2795000.0,1949900.0,0.0,0.0,0.0,0.0,0.0
20230823094023144,SZSE,SZSE.ETF.159859,0.456,0.456,0.459,0.455,0.0,0.505,0.413,16743500.0,5000.0,7647665.3,2280.0,0.0,0.0,20230823,20230823,94023142,0.459,0.0,0.0,0.455,0.454,0.453,0.452,0.451,0.0,0.0,0.0,0.0,0.0,0.456,0.457,0.458,0.459,0.46,0.0,0.0,0.0,0.0,0.0,11294800.0,2905800.0,2114100.0,1815700.0,1928200.0,0.0,0.0,0.0,0.0,0.0,449000.0,4387000.0,2080200.0,2795000.0,1732600.0,0.0,0.0,0.0,0.0,0.0
20230823094029044,SZSE,SZSE.ETF.159859,0.456,0.456,0.459,0.455,0.0,0.505,0.413,16775800.0,32300.0,7662394.1,14728.799999999814,0.0,0.0,20230823,20230823,94029043,0.459,0.0,0.0,0.455,0.454,0.453,0.452,0.451,0.0,0.0,0.0,0.0,0.0,0.456,0.457,0.458,0.459,0.46,0.0,0.0,0.0,0.0,0.0,11294800.0,2905800.0,2136100.0,1815700.0,1928200.0,0.0,0.0,0.0,0.0,0.0,483900.0,4387000.0,2080200.0,2795000.0,1732600.0,0.0,0.0,0.0,0.0,0.0
20230823094032216,SZSE,SZSE.ETF.159859,0.456,0.456,0.459,0.455,0.0,0.505,0.413,16775800.0,0.0,7662394.1,0.0,0.0,0.0,20230823,20230823,94032214,0.459,0.0,0.0,0.455,0.454,0.453,0.452,0.451,0.0,0.0,0.0,0.0,0.0,0.456,0.457,0.458,0.459,0.46,0.0,0.0,0.0,0.0,0.0,11299800.0,2905800.0,2136100.0,1815700.0,1928200.0,0.0,0.0,0.0,0.0,0.0,483900.0,4387000.0,2080200.0,2795000.0,1732600.0,0.0,0.0,0.0,0.0,0.0
20230823094035432,SZSE,SZSE.ETF.159859,0.455,0.456,0.459,0.455,0.0,0.505,0.413,16925800.0,150000.0,7730644.1,68250.0,0.0,0.0,20230823,20230823,94035434,0.459,0.0,0.0,0.455,0.454,0.453,0.452,0.451,0.0,0.0,0.0,0.0,0.0,0.456,0.457,0.458,0.459,0.46,0.0,0.0,0.0,0.0,0.0,11149800.0,2905900.0,2136100.0,1815700.0,1908200.0,0.0,0.0,0.0,0.0,0.0,483900.0,4437000.0,2080200.0,2795000.0,1732600.0,0.0,0.0,0.0,0.0,0.0
20230823094038752,SZSE,SZSE.ETF.159859,0.456,0.456,0.459,0.455,0.0,0.505,0.413,16934800.0,9000.0,7734748.1,4104.0,0.0,0.0,20230823,20230823,94038751,0.459,0.0,0.0,0.455,0.454,0.453,0.452,0.451,0.0,0.0,0.0,0.0,0.0,0.456,0.457,0.458,0.459,0.46,0.0,0.0,0.0,0.0,0.0,11149800.0,2905900.0,2136100.0,1815700.0,1908200.0,0.0,0.0,0.0,0.0,0.0,474900.0,4437000.0,2080200.0,2795000.0,1732600.0,0.0,0.0,0.0,0.0,0.0
20230823094041952,SZSE,SZSE.ETF.159859,0.456,0.456,0.459,0.455,0.0,0.505,0.413,17065400.0,130600.0,7794301.7,59553.60000000056,0.0,0.0,20230823,20230823,94041951,0.459,0.0,0.0,0.455,0.454,0.453,0.452,0.451,0.0,0.0,0.0,0.0,0.0,0.456,0.457,0.458,0.459,0.46,0.0,0.0,0.0,0.0,0.0,11149800.0,2905900.0,2161100.0,1815700.0,1913200.0,0.0,0.0,0.0,0.0,0.0,344300.0,4271000.0,2080200.0,2795000.0,1732600.0,0.0,0.0,0.0,0.0,0.0
20230823094044704,SZSE,SZSE.ETF.159859,0.456,0.456,0.459,0.455,0.0,0.505,0.413,17065700.0,300.0,7794438.5,136.79999999981374,0.0,0.0,20230823,20230823,94044703,0.459,0.0,0.0,0.455,0.454,0.453,0.452,0.451,0.0,0.0,0.0,0.0,0.0,0.456,0.457,0.458,0.459,0.46,0.0,0.0,0.0,0.0,0.0,11149800.0,2905900.0,2161100.0,1815700.0,1918200.0,0.0,0.0,0.0,0.0,0.0,618500.0,4271000.0,2080200.0,2795000.0,1732600.0,0.0,0.0,0.0,0.0,0.0
20230823094053380,SZSE,SZSE.ETF.159859,0.456,0.456,0.459,0.455,0.0,0.505,0.413,17105700.0,40000.0,7812678.5,18240.0,0.0,0.0,20230823,20230823,94053381,0.459,0.0,0.0,0.455,0.454,0.453,0.452,0.451,0.0,0.0,0.0,0.0,0.0,0.456,0.457,0.458,0.459,0.46,0.0,0.0,0.0,0.0,0.0,11249800.0,3126200.0,2161100.0,1815700.0,1918200.0,0.0,0.0,0.0,0.0,0.0,578500.0,4489900.0,2080200.0,2795000.0,1732600.0,0.0,0.0,0.0,0.0,0.0
20230823094056336,SZSE,SZSE.ETF.159859,0.456,0.456,0.459,0.455,0.0,0.505,0.413,17105700.0,0.0,7812678.5,0.0,0.0,0.0,20230823,20230823,94056338,0.459,0.0,0.0,0.455,0.454,0.453,0.452,0.451,0.0,0.0,0.0,0.0,0.0,0.456,0.457,0.458,0.459,0.46,0.0,0.0,0.0,0.0,0.0,11249800.0,3126200.0,2161100.0,1815700.0,1918200.0,0.0,0.0,0.0,0.0,0.0,578500.0,4496900.0,2080200.0,2795000.0,1732600.0,0.0,0.0,0.0,0.0,0.0
20230823094059048,SZSE,SZSE.ETF.159859,0.456,0.456,0.459,0.455,0.0,0.505,0.413,17105700.0,0.0,7812678.5,0.0,0.0,0.0,20230823,20230823,94059047,0.459,0.0,0.0,0.455,0.454,0.453,0.452,0.451,0.0,0.0,0.0,0.0,0.0,0.456,0.457,0.458,0.459,0.46,0.0,0.0,0.0,0.0,0.0,11149800.0,3126200.0,2161100.0,1837700.0,1923200.0,0.0,0.0,0.0,0.0,0.0,787500.0,4496900.0,2080200.0,2795000.0,1732600.0,0.0,0.0,0.0,0.0,0.0
20230823094102024,SZSE,SZSE.ETF.159859,0.456,0.456,0.459,0.455,0.0,0.505,0.413,17116700.0,11000.0,7817694.5,5016.0,0.0,0.0,20230823,20230823,94102025,0.459,0.0,0.0,0.455,0.454,0.453,0.452,0.451,0.0,0.0,0.0,0.0,0.0,0.456,0.457,0.458,0.459,0.46,0.0,0.0,0.0,0.0,0.0,11149800.0,3126200.0,2151100.0,1837700.0,1923200.0,0.0,0.0,0.0,0.0,0.0,776500.0,4496900.0,2080200.0,2795000.0,1732600.0,0.0,0.0,0.0,0.0,0.0
20230823094105056,SZSE,SZSE.ETF.159859,0.456,0.456,0.459,0.455,0.0,0.505,0.413,17116700.0,0.0,7817694.5,0.0,0.0,0.0,20230823,20230823,94105055,0.459,0.0,0.0,0.455,0.454,0.453,0.452,0.451,0.0,0.0,0.0,0.0,0.0,0.456,0.457,0.458,0.459,0.46,0.0,0.0,0.0,0.0,0.0,11269800.0,3126200.0,2151100.0,1837700.0,1923200.0,0.0,0.0,0.0,0.0,0.0,876500.0,4496900.0,2080200.0,2795000.0,1732600.0,0.0,0.0,0.0,0.0,0.0
20230823094108048,SZSE,SZSE.ETF.159859,0.456,0.456,0.459,0.455,0.0,0.505,0.413,17200100.0,83400.0,7855657.5,37963.0,0.0,0.0,20230823,20230823,94108048,0.459,0.0,0.0,0.455,0.454,0.453,0.452,0.451,0.0,0.0,0.0,0.0,0.0,0.456,0.457,0.458,0.459,0.46,0.0,0.0,0.0,0.0,0.0,11202400.0,3126200.0,2151100.0,1837700.0,1923200.0,0.0,0.0,0.0,0.0,0.0,1037100.0,4496900.0,2080200.0,2795000.0,1732600.0,0.0,0.0,0.0,0.0,0.0
20230823094111052,SZSE,SZSE.ETF.159859,0.456,0.456,0.459,0.455,0.0,0.505,0.413,17203100.0,3000.0,7857025.5,1368.0,0.0,0.0,20230823,20230823,94111052,0.459,0.0,0.0,0.455,0.454,0.453,0.452,0.451,0.0,0.0,0.0,0.0,0.0,0.456,0.457,0.458,0.459,0.46,0.0,0.0,0.0,0.0,0.0,11197400.0,3126200.0,2151100.0,1837700.0,1923200.0,0.0,0.0,0.0,0.0,0.0,1034100.0,4496900.0,2080200.0,2795000.0,1732600.0,0.0,0.0,0.0,0.0,0.0
20230823094114244,SZSE,SZSE.ETF.159859,0.456,0.456,0.459,0.455,0.0,0.505,0.413,17203600.0,500.0,7857253.5,228.0,0.0,0.0,20230823,20230823,94114244,0.459,0.0,0.0,0.455,0.454,0.453,0.452,0.451,0.0,0.0,0.0,0.0,0.0,0.456,0.457,0.458,0.459,0.46,0.0,0.0,0.0,0.0,0.0,11197400.0,3126200.0,2151100.0,1837700.0,1923200.0,0.0,0.0,0.0,0.0,0.0,1033600.0,4496900.0,2080200.0,2795000.0,1732600.0,0.0,0.0,0.0,0.0,0.0
20230823094117020,SZSE,SZSE.ETF.159859,0.456,0.456,0.459,0.455,0.0,0.505,0.413,17251400.0,47800.0,7879050.3,21796.799999999814,0.0,0.0,20230823,20230823,94117021,0.459,0.0,0.0,0.455,0.454,0.453,0.452,0.451,0.0,0.0,0.0,0.0,0.0,0.456,0.457,0.458,0.459,0.46,0.0,0.0,0.0,0.0,0.0,11197400.0,3126200.0,2151100.0,1837700.0,1923200.0,0.0,0.0,0.0,0.0,0.0,1090100.0,4496900.0,2020200.0,2795000.0,1732600.0,0.0,0.0,0.0,0.0,0.0
20230823094120260,SZSE,SZSE.ETF.159859,0.456,0.456,0.459,0.455,0.0,0.505,0.413,17251400.0,0.0,7879050.3,0.0,0.0,0.0,20230823,20230823,94120261,0.459,0.0,0.0,0.455,0.454,0.453,0.452,0.451,0.0,0.0,0.0,0.0,0.0,0.456,0.457,0.458,0.459,0.46,0.0,0.0,0.0,0.0,0.0,11197400.0,3126200.0,2151100.0,1837700.0,1923200.0,0.0,0.0,0.0,0.0,0.0,1278000.0,4496900.0,2020200.0,2795000.0,1732600.0,0.0,0.0,0.0,0.0,0.0
20230823094123512,SZSE,SZSE.ETF.159859,0.456,0.456,0.459,0.455,0.0,0.505,0.413,17547900.0,296500.0,8014254.3,135204.0,0.0,0.0,20230823,20230823,94123510,0.459,0.0,0.0,0.455,0.454,0.453,0.452,0.451,0.0,0.0,0.0,0.0,0.0,0.456,0.457,0.458,0.459,0.46,0.0,0.0,0.0,0.0,0.0,11197400.0,3126200.0,2151100.0,1837700.0,1923200.0,0.0,0.0,0.0,0.0,0.0,981500.0,4396900.0,2120200.0,2795000.0,1732600.0,0.0,0.0,0.0,0.0,0.0
20230823094126956,SZSE,SZSE.ETF.159859,0.456,0.456,0.459,0.455,0.0,0.505,0.413,18529400.0,981500.0,8461818.3,447564.00000000093,0.0,0.0,20230823,20230823,94126956,0.459,0.0,0.0,0.456,0.455,0.454,0.453,0.452,0.0,0.0,0.0,0.0,0.0,0.457,0.458,0.459,0.46,0.461,0.0,0.0,0.0,0.0,0.0,746400.0,11727200.0,2745900.0,1401100.0,1837700.0,0.0,0.0,0.0,0.0,0.0,3428000.0,2338600.0,3045000.0,1732600.0,1299600.0,0.0,0.0,0.0,0.0,0.0
20230823094129484,SZSE,SZSE.ETF.159859,0.456,0.456,0.459,0.455,0.0,0.505,0.413,18529400.0,0.0,8461818.3,0.0,0.0,0.0,20230823,20230823,94129485,0.459,0.0,0.0,0.456,0.455,0.454,0.453,0.452,0.0,0.0,0.0,0.0,0.0,0.457,0.458,0.459,0.46,0.461,0.0,0.0,0.0,0.0,0.0,377200.0,12027200.0,2445900.0,1401100.0,1587700.0,0.0,0.0,0.0,0.0,0.0,2878000.0,2638600.0,3045000.0,1732600.0,799600.0,0.0,0.0,0.0,0.0,0.0
20230823094132616,SZSE,SZSE.ETF.159859,0.456,0.456,0.459,0.455,0.0,0.505,0.413,18529400.0,0.0,8461818.3,0.0,0.0,0.0,20230823,20230823,94132614,0.459,0.0,0.0,0.456,0.455,0.454,0.453,0.452,0.0,0.0,0.0,0.0,0.0,0.457,0.458,0.459,0.46,0.461,0.0,0.0,0.0,0.0,0.0,877200.0,12047200.0,2445900.0,1401100.0,1587700.0,0.0,0.0,0.0,0.0,0.0,2878000.0,2688600.0,3245000.0,1732600.0,1299600.0,0.0,0.0,0.0,0.0,0.0
20230823094135316,SZSE,SZSE.ETF.159859,0.456,0.456,0.459,0.455,0.0,0.505,0.413,18529400.0,0.0,8461818.3,0.0,0.0,0.0,20230823,20230823,94135317,0.459,0.0,0.0,0.456,0.455,0.454,0.453,0.452,0.0,0.0,0.0,0.0,0.0,0.457,0.458,0.459,0.46,0.461,0.0,0.0,0.0,0.0,0.0,2777200.0,12047200.0,2445900.0,1401100.0,1587700.0,0.0,0.0,0.0,0.0,0.0,2878000.0,2688600.0,3245000.0,1732600.0,1299600.0,0.0,0.0,0.0,0.0,0.0
20230823094138072,SZSE,SZSE.ETF.159859,0.456,0.456,0.459,0.455,0.0,0.505,0.413,18529400.0,0.0,8461818.3,0.0,0.0,0.0,20230823,20230823,94138072,0.459,0.0,0.0,0.456,0.455,0.454,0.453,0.452,0.0,0.0,0.0,0.0,0.0,0.457,0.458,0.459,0.46,0.461,0.0,0.0,0.0,0.0,0.0,2992800.0,12047200.0,2445900.0,1401100.0,1562700.0,0.0,0.0,0.0,0.0,0.0,2628000.0,2688600.0,3495000.0,1732600.0,1299600.0,0.0,0.0,0.0,0.0,0.0
20230823094141008,SZSE,SZSE.ETF.159859,0.456,0.456,0.459,0.455,0.0,0.505,0.413,18946700.0,417300.0,8652107.1,190288.79999999888,0.0,0.0,20230823,20230823,94141009,0.459,0.0,0.0,0.456,0.455,0.454,0.453,0.452,0.0,0.0,0.0,0.0,0.0,0.457,0.458,0.459,0.46,0.461,0.0,0.0,0.0,0.0,0.0,2338500.0,12047200.0,2447900.0,1901100.0,1562700.0,0.0,0.0,0.0,0.0,0.0,3128000.0,2682400.0,3495000.0,1732600.0,799600.0,0.0,0.0,0.0,0.0,0.0
20230823094144076,SZSE,SZSE.ETF.159859,0.457,0.456,0.459,0.455,0.0,0.505,0.413,19003700.0,57000.0,8678156.1,26049.0,0.0,0.0,20230823,20230823,94144077,0.459,0.0,0.0,0.456,0.455,0.454,0.453,0.452,0.0,0.0,0.0,0.0,0.0,0.457,0.458,0.459,0.46,0.461,0.0,0.0,0.0,0.0,0.0,2170100.0,12060400.0,2447900.0,1410900.0,1562700.0,0.0,0.0,0.0,0.0,0.0,2770900.0,2682400.0,3245000.0,1732600.0,799600.0,0.0,0.0,0.0,0.0,0.0
20230823094147004,SZSE,SZSE.ETF.159859,0.457,0.456,0.459,0.455,0.0,0.505,0.413,19003700.0,0.0,8678156.1,0.0,0.0,0.0,20230823,20230823,94147004,0.459,0.0,0.0,0.456,0.455,0.454,0.453,0.452,0.0,0.0,0.0,0.0,0.0,0.457,0.458,0.459,0.46,0.461,0.0,0.0,0.0,0.0,0.0,870100.0,12060400.0,2447900.0,1410900.0,1562700.0,0.0,0.0,0.0,0.0,0.0,2520900.0,2682400.0,3495000.0,1732600.0,1299600.0,0.0,0.0,0.0,0.0,0.0
20230823094150188,SZSE,SZSE.ETF.159859,0.457,0.456,0.459,0.455,0.0,0.505,0.413,19003700.0,0.0,8678156.1,0.0,0.0,0.0,20230823,20230823,94150188,0.459,0.0,0.0,0.456,0.455,0.454,0.453,0.452,0.0,0.0,0.0,0.0,0.0,0.457,0.458,0.459,0.46,0.461,0.0,0.0,0.0,0.0,0.0,370200.0,12010400.0,2447900.0,1910900.0,1562700.0,0.0,0.0,0.0,0.0,0.0,3270900.0,2682400.0,3305000.0,1732600.0,799600.0,0.0,0.0,0.0,0.0,0.0
20230823094153088,SZSE,SZSE.ETF.159859,0.457,0.456,0.459,0.455,0.0,0.505,0.413,19003700.0,0.0,8678156.1,0.0,0.0,0.0,20230823,20230823,94153086,0.459,0.0,0.0,0.456,0.455,0.454,0.453,0.452,0.0,0.0,0.0,0.0,0.0,0.457,0.458,0.459,0.46,0.461,0.0,0.0,0.0,0.0,0.0,120200.0,12010400.0,2697900.0,1910900.0,1562700.0,0.0,0.0,0.0,0.0,0.0,3270900.0,2682400.0,3355100.0,1732600.0,799600.0,0.0,0.0,0.0,0.0,0.0
20230823094155992,SZSE,SZSE.ETF.159859,0.457,0.456,0.459,0.455,0.0,0.505,0.413,19003700.0,0.0,8678156.1,0.0,0.0,0.0,20230823,20230823,94155992,0.459,0.0,0.0,0.456,0.455,0.454,0.453,0.452,0.0,0.0,0.0,0.0,0.0,0.457,0.458,0.459,0.46,0.461,0.0,0.0,0.0,0.0,0.0,371000.0,12010400.0,2447900.0,1910900.0,1572700.0,0.0,0.0,0.0,0.0,0.0,3270900.0,2682400.0,3355100.0,1732600.0,799600.0,0.0,0.0,0.0,0.0,0.0
20230823094159348,SZSE,SZSE.ETF.159859,0.457,0.456,0.459,0.455,0.0,0.505,0.413,19003700.0,0.0,8678156.1,0.0,0.0,0.0,20230823,20230823,94159349,0.459,0.0,0.0,0.456,0.455,0.454,0.453,0.452,0.0,0.0,0.0,0.0,0.0,0.457,0.458,0.459,0.46,0.461,0.0,0.0,0.0,0.0,0.0,371000.0,12010400.0,2447900.0,1910900.0,1572700.0,0.0,0.0,0.0,0.0,0.0,3285900.0,2682400.0,3355100.0,1732600.0,799600.0,0.0,0.0,0.0,0.0,0.0
20230823094205164,SZSE,SZSE.ETF.159859,0.457,0.456,0.459,0.455,0.0,0.505,0.413,19003700.0,0.0,8678156.1,0.0,0.0,0.0,20230823,20230823,94205164,0.459,0.0,0.0,0.456,0.455,0.454,0.453,0.452,0.0,0.0,0.0,0.0,0.0,0.457,0.458,0.459,0.46,0.461,0.0,0.0,0.0,0.0,0.0,371200.0,12010400.0,2447900.0,1910900.0,1572700.0,0.0,0.0,0.0,0.0,0.0,3285900.0,2682400.0,3355100.0,1732600.0,799600.0,0.0,0.0,0.0,0.0,0.0
20230823094208188,SZSE,SZSE.ETF.159859,0.457,0.456,0.459,0.455,0.0,0.505,0.413,19003700.0,0.0,8678156.1,0.0,0.0,0.0,20230823,20230823,94208189,0.459,0.0,0.0,0.456,0.455,0.454,0.453,0.452,0.0,0.0,0.0,0.0,0.0,0.457,0.458,0.459,0.46,0.461,0.0,0.0,0.0,0.0,0.0,421200.0,12010400.0,2447900.0,1890900.0,1572700.0,0.0,0.0,0.0,0.0,0.0,3285900.0,2682400.0,3355100.0,1732600.0,799600.0,0.0,0.0,0.0,0.0,0.0
20230823094211040,SZSE,SZSE.ETF.159859,0.457,0.456,0.459,0.455,0.0,0.505,0.413,19003900.0,200.0,8678247.5,91.40000000037253,0.0,0.0,20230823,20230823,94211042,0.459,0.0,0.0,0.456,0.455,0.454,0.453,0.452,0.0,0.0,0.0,0.0,0.0,0.457,0.458,0.459,0.46,0.461,0.0,0.0,0.0,0.0,0.0,421200.0,11997200.0,2447900.0,1890900.0,1572700.0,0.0,0.0,0.0,0.0,0.0,3285700.0,2682400.0,3355100.0,1732600.0,799600.0,0.0,0.0,0.0,0.0,0.0
20230823094214032,SZSE,SZSE.ETF.159859,0.457,0.456,0.459,0.455,0.0,0.505,0.413,19003900.0,0.0,8678247.5,0.0,0.0,0.0,20230823,20230823,94214030,0.459,0.0,0.0,0.456,0.455,0.454,0.453,0.452,0.0,0.0,0.0,0.0,0.0,0.457,0.458,0.459,0.46,0.461,0.0,0.0,0.0,0.0,0.0,421200.0,12134500.0,2447900.0,1890900.0,1572700.0,0.0,0.0,0.0,0.0,0.0,3285700.0,2682400.0,3355100.0,1732600.0,799600.0,0.0,0.0,0.0,0.0,0.0
20230823094217152,SZSE,SZSE.ETF.159859,0.457,0.456,0.459,0.455,0.0,0.505,0.413,19003900.0,0.0,8678247.5,0.0,0.0,0.0,20230823,20230823,94217152,0.459,0.0,0.0,0.456,0.455,0.454,0.453,0.452,0.0,0.0,0.0,0.0,0.0,0.457,0.458,0.459,0.46,0.461,0.0,0.0,0.0,0.0,0.0,421200.0,12134500.0,2447900.0,1890900.0,1286200.0,0.0,0.0,0.0,0.0,0.0,3385700.0,2682400.0,3355100.0,1732600.0,799600.0,0.0,0.0,0.0,0.0,0.0
20230823094219972,SZSE,SZSE.ETF.159859,0.457,0.456,0.459,0.455,0.0,0.505,0.413,19009000.0,5100.0,8680578.2,2330.699999999255,0.0,0.0,20230823,20230823,94219971,0.459,0.0,0.0,0.456,0.455,0.454,0.453,0.452,0.0,0.0,0.0,0.0,0.0,0.457,0.458,0.459,0.46,0.461,0.0,0.0,0.0,0.0,0.0,421200.0,12124500.0,2447900.0,1890900.0,1286200.0,0.0,0.0,0.0,0.0,0.0,3382600.0,2682400.0,3355100.0,1732600.0,799600.0,0.0,0.0,0.0,0.0,0.0
20230823094223080,SZSE,SZSE.ETF.159859,0.456,0.456,0.459,0.455,0.0,0.505,0.413,19259000.0,250000.0,8794578.2,114000.0,0.0,0.0,20230823,20230823,94223081,0.459,0.0,0.0,0.456,0.455,0.454,0.453,0.452,0.0,0.0,0.0,0.0,0.0,0.457,0.458,0.459,0.46,0.461,0.0,0.0,0.0,0.0,0.0,111000.0,12124500.0,2697900.0,1890900.0,1286200.0,0.0,0.0,0.0,0.0,0.0,3382600.0,2682400.0,3355100.0,1732600.0,799600.0,0.0,0.0,0.0,0.0,0.0
20230823094226068,SZSE,SZSE.ETF.159859,0.456,0.456,0.459,0.455,0.0,0.505,0.413,19259000.0,0.0,8794578.2,0.0,0.0,0.0,20230823,20230823,94226069,0.459,0.0,0.0,0.456,0.455,0.454,0.453,0.452,0.0,0.0,0.0,0.0,0.0,0.457,0.458,0.459,0.46,0.461,0.0,0.0,0.0,0.0,0.0,121000.0,12124500.0,2697900.0,1890900.0,1286200.0,0.0,0.0,0.0,0.0,0.0,3382600.0,2682400.0,3355100.0,1732600.0,799600.0,0.0,0.0,0.0,0.0,0.0
20230823094229040,SZSE,SZSE.ETF.159859,0.456,0.456,0.459,0.455,0.0,0.505,0.413,19259000.0,0.0,8794578.2,0.0,0.0,0.0,20230823,20230823,94229041,0.459,0.0,0.0,0.456,0.455,0.454,0.453,0.452,0.0,0.0,0.0,0.0,0.0,0.457,0.458,0.459,0.46,0.461,0.0,0.0,0.0,0.0,0.0,121000.0,12124500.0,2697900.0,1890900.0,1286200.0,0.0,0.0,0.0,0.0,0.0,3412100.0,2682400.0,3355100.0,1733700.0,799600.0,0.0,0.0,0.0,0.0,0.0
20230823094232204,SZSE,SZSE.ETF.159859,0.456,0.456,0.459,0.455,0.0,0.505,0.413,19380000.0,121000.0,8849754.2,55176.0,0.0,0.0,20230823,20230823,94232204,0.459,0.0,0.0,0.455,0.454,0.453,0.452,0.451,0.0,0.0,0.0,0.0,0.0,0.456,0.457,0.458,0.459,0.46,0.0,0.0,0.0,0.0,0.0,11844700.0,2978200.0,1890900.0,1286200.0,1923200.0,0.0,0.0,0.0,0.0,0.0,130500.0,3631000.0,2464000.0,3355100.0,1733700.0,0.0,0.0,0.0,0.0,0.0
20230823094235148,SZSE,SZSE.ETF.159859,0.456,0.456,0.459,0.455,0.0,0.505,0.413,19380400.0,400.0,8849936.6,182.40000000037253,0.0,0.0,20230823,20230823,94235149,0.459,0.0,0.0,0.455,0.454,0.453,0.452,0.451,0.0,0.0,0.0,0.0,0.0,0.456,0.457,0.458,0.459,0.46,0.0,0.0,0.0,0.0,0.0,11294700.0,2728200.0,2140900.0,1536200.0,1923200.0,0.0,0.0,0.0,0.0,0.0,76200.0,3881000.0,1914000.0,2905100.0,1733700.0,0.0,0.0,0.0,0.0,0.0
20230823094238048,SZSE,SZSE.ETF.159859,0.456,0.456,0.459,0.455,0.0,0.505,0.413,19380400.0,0.0,8849936.6,0.0,0.0,0.0,20230823,20230823,94238050,0.459,0.0,0.0,0.455,0.454,0.453,0.452,0.451,0.0,0.0,0.0,0.0,0.0,0.456,0.457,0.458,0.459,0.46,0.0,0.0,0.0,0.0,0.0,11294700.0,3028200.0,2140900.0,1536200.0,1923200.0,0.0,0.0,0.0,0.0,0.0,6200.0,4431000.0,2114000.0,2905100.0,1733700.0,0.0,0.0,0.0,0.0,0.0
20230823094241032,SZSE,SZSE.ETF.159859,0.456,0.456,0.459,0.455,0.0,0.505,0.413,19380400.0,0.0,8849936.6,0.0,0.0,0.0,20230823,20230823,94241032,0.459,0.0,0.0,0.455,0.454,0.453,0.452,0.451,0.0,0.0,0.0,0.0,0.0,0.456,0.457,0.458,0.459,0.46,0.0,0.0,0.0,0.0,0.0,11294700.0,3023200.0,2140900.0,1536200.0,1923200.0,0.0,0.0,0.0,0.0,0.0,86200.0,4431000.0,2114000.0,2855000.0,1733700.0,0.0,0.0,0.0,0.0,0.0
20230823094244024,SZSE,SZSE.ETF.159859,0.456,0.456,0.459,0.455,0.0,0.505,0.413,19384300.0,3900.0,8851715.0,1778.4000000003725,0.0,0.0,20230823,20230823,94244025,0.459,0.0,0.0,0.455,0.454,0.453,0.452,0.451,0.0,0.0,0.0,0.0,0.0,0.456,0.457,0.458,0.459,0.46,0.0,0.0,0.0,0.0,0.0,11294700.0,3023200.0,2140900.0,1536200.0,1923200.0,0.0,0.0,0.0,0.0,0.0,82300.0,4431000.0,2114000.0,2855000.0,1733700.0,0.0,0.0,0.0,0.0,0.0
20230823094246992,SZSE,SZSE.ETF.159859,0.456,0.456,0.459,0.455,0.0,0.505,0.413,19506900.0,122600.0,8907620.6,55905.59999999963,0.0,0.0,20230823,20230823,94246993,0.459,0.0,0.0,0.455,0.454,0.453,0.452,0.451,0.0,0.0,0.0,0.0,0.0,0.456,0.457,0.458,0.459,0.46,0.0,0.0,0.0,0.0,0.0,11194700.0,3123200.0,2140900.0,1536200.0,1923200.0,0.0,0.0,0.0,0.0,0.0,95000.0,4481100.0,2114000.0,2855000.0,1733700.0,0.0,0.0,0.0,0.0,0.0
20230823094250036,SZSE,SZSE.ETF.159859,0.456,0.456,0.459,0.455,0.0,0.505,0.413,19506900.0,0.0,8907620.6,0.0,0.0,0.0,20230823,20230823,94250035,0.459,0.0,0.0,0.455,0.454,0.453,0.452,0.451,0.0,0.0,0.0,0.0,0.0,0.456,0.457,0.458,0.459,0.46,0.0,0.0,0.0,0.0,0.0,11194700.0,3123200.0,2140900.0,1536200.0,1923200.0,0.0,0.0,0.0,0.0,0.0,345000.0,4481100.0,1864000.0,2855000.0,1733700.0,0.0,0.0,0.0,0.0,0.0
20230823094253032,SZSE,SZSE.ETF.159859,0.456,0.456,0.459,0.455,0.0,0.505,0.413,19513800.0,6900.0,8910767.0,3146.4000000003725,0.0,0.0,20230823,20230823,94253033,0.459,0.0,0.0,0.455,0.454,0.453,0.452,0.451,0.0,0.0,0.0,0.0,0.0,0.456,0.457,0.458,0.459,0.46,0.0,0.0,0.0,0.0,0.0,11194700.0,3123200.0,2140900.0,1536200.0,1926200.0,0.0,0.0,0.0,0.0,0.0,508100.0,4481100.0,1764000.0,2855000.0,1733700.0,0.0,0.0,0.0,0.0,0.0
20230823094255976,SZSE,SZSE.ETF.159859,0.456,0.456,0.459,0.455,0.0,0.505,0.413,19515100.0,1300.0,8911359.8,592.8000000007451,0.0,0.0,20230823,20230823,94255976,0.459,0.0,0.0,0.455,0.454,0.453,0.452,0.451,0.0,0.0,0.0,0.0,0.0,0.456,0.457,0.458,0.459,0.46,0.0,0.0,0.0,0.0,0.0,10694700.0,3123200.0,2140900.0,2036200.0,1926200.0,0.0,0.0,0.0,0.0,0.0,1006800.0,4481100.0,1764000.0,2855000.0,1233700.0,0.0,0.0,0.0,0.0,0.0
20230823094259352,SZSE,SZSE.ETF.159859,0.456,0.456,0.459,0.455,0.0,0.505,0.413,19535100.0,20000.0,8920479.8,9120.0,0.0,0.0,20230823,20230823,94259352,0.459,0.0,0.0,0.455,0.454,0.453,0.452,0.451,0.0,0.0,0.0,0.0,0.0,0.456,0.457,0.458,0.459,0.46,0.0,0.0,0.0,0.0,0.0,10695300.0,3123200.0,2140900.0,2036200.0,1926200.0,0.0,0.0,0.0,0.0,0.0,1000800.0,4481100.0,1764000.0,2855000.0,1233700.0,0.0,0.0,0.0,0.0,0.0
20230823094302104,SZSE,SZSE.ETF.159859,0.456,0.456,0.459,0.455,0.0,0.505,0.413,19535100.0,0.0,8920479.8,0.0,0.0,0.0,20230823,20230823,94302104,0.459,0.0,0.0,0.455,0.454,0.453,0.452,0.451,0.0,0.0,0.0,0.0,0.0,0.456,0.457,0.458,0.459,0.46,0.0,0.0,0.0,0.0,0.0,10447300.0,3123200.0,2390900.0,2041200.0,1926200.0,0.0,0.0,0.0,0.0,0.0,1100800.0,4481100.0,1764000.0,2855000.0,1233700.0,0.0,0.0,0.0,0.0,0.0
20230823094308344,SZSE,SZSE.ETF.159859,0.456,0.456,0.459,0.455,0.0,0.505,0.413,19535100.0,0.0,8920479.8,0.0,0.0,0.0,20230823,20230823,94308346,0.459,0.0,0.0,0.455,0.454,0.453,0.452,0.451,0.0,0.0,0.0,0.0,0.0,0.456,0.457,0.458,0.459,0.46,0.0,0.0,0.0,0.0,0.0,10447300.0,2873200.0,2390900.0,2291200.0,1926200.0,0.0,0.0,0.0,0.0,0.0,1280800.0,4481100.0,1514000.0,2855000.0,1233700.0,0.0,0.0,0.0,0.0,0.0
20230823094311024,SZSE,SZSE.ETF.159859,0.456,0.456,0.459,0.455,0.0,0.505,0.413,19535100.0,0.0,8920479.8,0.0,0.0,0.0,20230823,20230823,94311023,0.459,0.0,0.0,0.455,0.454,0.453,0.452,0.451,0.0,0.0,0.0,0.0,0.0,0.456,0.457,0.458,0.459,0.46,0.0,0.0,0.0,0.0,0.0,10806300.0,2873400.0,2140900.0,2291200.0,2177200.0,0.0,0.0,0.0,0.0,0.0,1280800.0,4231100.0,1314000.0,2855000.0,1233700.0,0.0,0.0,0.0,0.0,0.0
20230823094313992,SZSE,SZSE.ETF.159859,0.456,0.456,0.459,0.455,0.0,0.505,0.413,19535100.0,0.0,8920479.8,0.0,0.0,0.0,20230823,20230823,94313990,0.459,0.0,0.0,0.455,0.454,0.453,0.452,0.451,0.0,0.0,0.0,0.0,0.0,0.456,0.457,0.458,0.459,0.46,0.0,0.0,0.0,0.0,0.0,10806300.0,2873400.0,2140900.0,2291200.0,2177200.0,0.0,0.0,0.0,0.0,0.0,1530800.0,4431100.0,1314000.0,2855000.0,1232600.0,0.0,0.0,0.0,0.0,0.0
20230823094316944,SZSE,SZSE.ETF.159859,0.456,0.456,0.459,0.455,0.0,0.505,0.413,19535100.0,0.0,8920479.8,0.0,0.0,0.0,20230823,20230823,94316944,0.459,0.0,0.0,0.455,0.454,0.453,0.452,0.451,0.0,0.0,0.0,0.0,0.0,0.456,0.457,0.458,0.459,0.46,0.0,0.0,0.0,0.0,0.0,10806300.0,2873400.0,2140900.0,2291400.0,2177200.0,0.0,0.0,0.0,0.0,0.0,1530800.0,4431100.0,1314000.0,2835000.0,1232600.0,0.0,0.0,0.0,0.0,0.0
20230823094319988,SZSE,SZSE.ETF.159859,0.455,0.456,0.459,0.455,0.0,0.505,0.413,19582100.0,47000.0,8941864.8,21385.0,0.0,0.0,20230823,20230823,94319988,0.459,0.0,0.0,0.455,0.454,0.453,0.452,0.451,0.0,0.0,0.0,0.0,0.0,0.456,0.457,0.458,0.459,0.46,0.0,0.0,0.0,0.0,0.0,10759300.0,2873400.0,2121900.0,2291400.0,2177200.0,0.0,0.0,0.0,0.0,0.0,1430800.0,4431100.0,1314000.0,2835000.0,1232600.0,0.0,0.0,0.0,0.0,0.0
20230823094323020,SZSE,SZSE.ETF.159859,0.456,0.456,0.459,0.455,0.0,0.505,0.413,19585100.0,3000.0,8943232.8,1368.0,0.0,0.0,20230823,20230823,94323019,0.459,0.0,0.0,0.455,0.454,0.453,0.452,0.451,0.0,0.0,0.0,0.0,0.0,0.456,0.457,0.458,0.459,0.46,0.0,0.0,0.0,0.0,0.0,10759300.0,2873400.0,2371500.0,2291400.0,1927200.0,0.0,0.0,0.0,0.0,0.0,1177800.0,4431100.0,1314000.0,2835000.0,1232600.0,0.0,0.0,0.0,0.0,0.0
20230823094325968,SZSE,SZSE.ETF.159859,0.456,0.456,0.459,0.455,0.0,0.505,0.413,19585100.0,0.0,8943232.8,0.0,0.0,0.0,20230823,20230823,94325966,0.459,0.0,0.0,0.455,0.454,0.453,0.452,0.451,0.0,0.0,0.0,0.0,0.0,0.456,0.457,0.458,0.459,0.46,0.0,0.0,0.0,0.0,0.0,10759300.0,2873400.0,2371500.0,2291400.0,1927200.0,0.0,0.0,0.0,0.0,0.0,1277800.0,4481100.0,1514000.0,2835000.0,1232600.0,0.0,0.0,0.0,0.0,0.0
20230823094328956,SZSE,SZSE.ETF.159859,0.455,0.456,0.459,0.455,0.0,0.505,0.413,19586100.0,1000.0,8943687.8,455.0,0.0,0.0,20230823,20230823,94328957,0.459,0.0,0.0,0.455,0.454,0.453,0.452,0.451,0.0,0.0,0.0,0.0,0.0,0.456,0.457,0.458,0.459,0.46,0.0,0.0,0.0,0.0,0.0,10758300.0,2873400.0,2121500.0,2291400.0,2177200.0,0.0,0.0,0.0,0.0,0.0,1347800.0,4231100.0,1314000.0,2835000.0,1232600.0,0.0,0.0,0.0,0.0,0.0
20230823094331968,SZSE,SZSE.ETF.159859,0.456,0.456,0.459,0.455,0.0,0.505,0.413,19612200.0,26100.0,8955589.4,11901.599999999627,0.0,0.0,20230823,20230823,94331968,0.459,0.0,0.0,0.455,0.454,0.453,0.452,0.451,0.0,0.0,0.0,0.0,0.0,0.456,0.457,0.458,0.459,0.46,0.0,0.0,0.0,0.0,0.0,10758300.0,2873400.0,2471500.0,2291400.0,1927200.0,0.0,0.0,0.0,0.0,0.0,1321700.0,4486100.0,1514000.0,2835000.0,1232600.0,0.0,0.0,0.0,0.0,0.0
20230823094340952,SZSE,SZSE.ETF.159859,0.456,0.456,0.459,0.455,0.0,0.505,0.413,19612200.0,0.0,8955589.4,0.0,0.0,0.0,20230823,20230823,94340954,0.459,0.0,0.0,0.455,0.454,0.453,0.452,0.451,0.0,0.0,0.0,0.0,0.0,0.456,0.457,0.458,0.459,0.46,0.0,0.0,0.0,0.0,0.0,10758300.0,3123400.0,2471500.0,2041400.0,1927200.0,0.0,0.0,0.0,0.0,0.0,901700.0,4486100.0,1764000.0,2835000.0,1232600.0,0.0,0.0,0.0,0.0,0.0
20230823094343956,SZSE,SZSE.ETF.159859,0.456,0.456,0.459,0.455,0.0,0.505,0.413,19613200.0,1000.0,8956045.4,456.0,0.0,0.0,20230823,20230823,94343956,0.459,0.0,0.0,0.455,0.454,0.453,0.452,0.451,0.0,0.0,0.0,0.0,0.0,0.456,0.457,0.458,0.459,0.46,0.0,0.0,0.0,0.0,0.0,10778300.0,3123400.0,2473200.0,2041400.0,1927200.0,0.0,0.0,0.0,0.0,0.0,1000700.0,4486100.0,1764000.0,2835000.0,1232600.0,0.0,0.0,0.0,0.0,0.0
20230823094346964,SZSE,SZSE.ETF.159859,0.456,0.456,0.459,0.455,0.0,0.505,0.413,19617700.0,4500.0,8958097.4,2052.0,0.0,0.0,20230823,20230823,94346965,0.459,0.0,0.0,0.455,0.454,0.453,0.452,0.451,0.0,0.0,0.0,0.0,0.0,0.456,0.457,0.458,0.459,0.46,0.0,0.0,0.0,0.0,0.0,10778300.0,3123400.0,2473200.0,2041400.0,1927200.0,0.0,0.0,0.0,0.0,0.0,996200.0,4996100.0,1764000.0,2835000.0,1232600.0,0.0,0.0,0.0,0.0,0.0
20230823094349968,SZSE,SZSE.ETF.159859,0.456,0.456,0.459,0.455,0.0,0.505,0.413,19630500.0,12800.0,8963934.2,5836.799999998882,0.0,0.0,20230823,20230823,94349970,0.459,0.0,0.0,0.455,0.454,0.453,0.452,0.451,0.0,0.0,0.0,0.0,0.0,0.456,0.457,0.458,0.459,0.46,0.0,0.0,0.0,0.0,0.0,10778300.0,3123400.0,2473200.0,2041400.0,1927200.0,0.0,0.0,0.0,0.0,0.0,883400.0,4996100.0,1764000.0,2835000.0,1232600.0,0.0,0.0,0.0,0.0,0.0
20230823094353048,SZSE,SZSE.ETF.159859,0.456,0.456,0.459,0.455,0.0,0.505,0.413,19630500.0,0.0,8963934.2,0.0,0.0,0.0,20230823,20230823,94353047,0.459,0.0,0.0,0.455,0.454,0.453,0.452,0.451,0.0,0.0,0.0,0.0,0.0,0.456,0.457,0.458,0.459,0.46,0.0,0.0,0.0,0.0,0.0,10778300.0,3123400.0,2473200.0,2041400.0,1927200.0,0.0,0.0,0.0,0.0,0.0,983400.0,4996100.0,1764000.0,2835000.0,1232600.0,0.0,0.0,0.0,0.0,0.0
20230823094355960,SZSE,SZSE.ETF.159859,0.456,0.456,0.459,0.455,0.0,0.505,0.413,19649500.0,19000.0,8972598.2,8664.0,0.0,0.0,20230823,20230823,94355959,0.459,0.0,0.0,0.455,0.454,0.453,0.452,0.451,0.0,0.0,0.0,0.0,0.0,0.456,0.457,0.458,0.459,0.46,0.0,0.0,0.0,0.0,0.0,10788300.0,3123400.0,2473200.0,2041400.0,1927200.0,0.0,0.0,0.0,0.0,0.0,1034400.0,4991100.0,1764000.0,2835000.0,1232600.0,0.0,0.0,0.0,0.0,0.0
20230823094614876,SZSE,SZSE.ETF.159859,0.454,0.456,0.459,0.454,0.0,0.505,0.413,31011200.0,5000.0,14142083.5,2270.0,0.0,0.0,20230823,20230823,94614875,0.459,0.0,0.0,0.454,0.453,0.452,0.451,0.45,0.0,0.0,0.0,0.0,0.0,0.455,0.456,0.457,0.458,0.459,0.0,0.0,0.0,0.0,0.0,1790100.0,2907800.0,2567100.0,2252000.0,1907700.0,0.0,0.0,0.0,0.0,0.0,848100.0,3797700.0,3592100.0,1243100.0,2841000.0,0.0,0.0,0.0,0.0,0.0
20230823094617288,SZSE,SZSE.ETF.159859,0.454,0.456,0.459,0.454,0.0,0.505,0.413,31080700.0,69500.0,14173638.5,31555.0,0.0,0.0,20230823,20230823,94617287,0.459,0.0,0.0,0.454,0.453,0.452,0.451,0.45,0.0,0.0,0.0,0.0,0.0,0.455,0.456,0.457,0.458,0.459,0.0,0.0,0.0,0.0,0.0,1722600.0,2907900.0,2317100.0,2252000.0,1917700.0,0.0,0.0,0.0,0.0,0.0,846100.0,3797700.0,3592100.0,1243100.0,2841000.0,0.0,0.0,0.0,0.0,0.0
20230823094624284,SZSE,SZSE.ETF.159859,0.454,0.456,0.459,0.454,0.0,0.505,0.413,31080700.0,0.0,14173638.5,0.0,0.0,0.0,20230823,20230823,94624285,0.459,0.0,0.0,0.454,0.453,0.452,0.451,0.45,0.0,0.0,0.0,0.0,0.0,0.455,0.456,0.457,0.458,0.459,0.0,0.0,0.0,0.0,0.0,1972600.0,2907900.0,2317100.0,2252000.0,1917700.0,0.0,0.0,0.0,0.0,0.0,748500.0,3797700.0,3444400.0,1243100.0,2841000.0,0.0,0.0,0.0,0.0,0.0
20230823094624484,SZSE,SZSE.ETF.159859,0.454,0.456,0.459,0.454,0.0,0.505,0.413,31080700.0,0.0,14173638.5,0.0,0.0,0.0,20230823,20230823,94624485,0.459,0.0,0.0,0.454,0.453,0.452,0.451,0.45,0.0,0.0,0.0,0.0,0.0,0.455,0.456,0.457,0.458,0.459,0.0,0.0,0.0,0.0,0.0,1973300.0,3060300.0,2317100.0,2252000.0,1917700.0,0.0,0.0,0.0,0.0,0.0,748500.0,3797700.0,3444400.0,1243100.0,2841000.0,0.0,0.0,0.0,0.0,0.0
20230823094627596,SZSE,SZSE.ETF.159859,0.454,0.456,0.459,0.454,0.0,0.505,0.413,31080700.0,0.0,14173638.5,0.0,0.0,0.0,20230823,20230823,94627595,0.459,0.0,0.0,0.454,0.453,0.452,0.451,0.45,0.0,0.0,0.0,0.0,0.0,0.455,0.456,0.457,0.458,0.459,0.0,0.0,0.0,0.0,0.0,1973300.0,3061300.0,2317100.0,2232000.0,1917700.0,0.0,0.0,0.0,0.0,0.0,646200.0,3797700.0,3694400.0,1243100.0,2841000.0,0.0,0.0,0.0,0.0,0.0
20230823094630648,SZSE,SZSE.ETF.159859,0.455,0.456,0.459,0.454,0.0,0.505,0.413,31080800.0,100.0,14173684.0,45.5,0.0,0.0,20230823,20230823,94630648,0.459,0.0,0.0,0.454,0.453,0.452,0.451,0.45,0.0,0.0,0.0,0.0,0.0,0.455,0.456,0.457,0.458,0.459,0.0,0.0,0.0,0.0,0.0,2323300.0,3073300.0,2067100.0,2232000.0,1917700.0,0.0,0.0,0.0,0.0,0.0,683900.0,3547700.0,3694400.0,1493100.0,2841000.0,0.0,0.0,0.0,0.0,0.0
20230823094641016,SZSE,SZSE.ETF.159859,0.455,0.456,0.459,0.454,0.0,0.505,0.413,31204900.0,0.0,14230033.1,0.0,0.0,0.0,20230823,20230823,94641015,0.459,0.0,0.0,0.454,0.453,0.452,0.451,0.45,0.0,0.0,0.0,0.0,0.0,0.455,0.456,0.457,0.458,0.459,0.0,0.0,0.0,0.0,0.0,2262900.0,3073300.0,2117100.0,2252000.0,1917700.0,0.0,0.0,0.0,0.0,0.0,696200.0,3797700.0,3694400.0,1243100.0,2841000.0,0.0,0.0,0.0,0.0,0.0
20230823094644008,SZSE,SZSE.ETF.159859,0.455,0.456,0.459,0.454,0.0,0.505,0.413,31204900.0,0.0,14230033.1,0.0,0.0,0.0,20230823,20230823,94644009,0.459,0.0,0.0,0.454,0.453,0.452,0.451,0.45,0.0,0.0,0.0,0.0,0.0,0.455,0.456,0.457,0.458,0.459,0.0,0.0,0.0,0.0,0.0,2262900.0,3073300.0,2191300.0,2252000.0,1927700.0,0.0,0.0,0.0,0.0,0.0,696200.0,3797700.0,3694400.0,1243100.0,2841000.0,0.0,0.0,0.0,0.0,0.0
20230823094650068,SZSE,SZSE.ETF.159859,0.455,0.456,0.459,0.454,0.0,0.505,0.413,31204900.0,0.0,14230033.1,0.0,0.0,0.0,20230823,20230823,94650067,0.459,0.0,0.0,0.454,0.453,0.452,0.451,0.45,0.0,0.0,0.0,0.0,0.0,0.455,0.456,0.457,0.458,0.459,0.0,0.0,0.0,0.0,0.0,2262900.0,3073300.0,2191300.0,2252000.0,1927700.0,0.0,0.0,0.0,0.0,0.0,655600.0,3797700.0,3694400.0,1243100.0,2841000.0,0.0,0.0,0.0,0.0,0.0
20230823094653120,SZSE,SZSE.ETF.159859,0.454,0.456,0.459,0.454,0.0,0.505,0.413,31229700.0,24800.0,14241302.3,11269.200000001118,0.0,0.0,20230823,20230823,94653119,0.459,0.0,0.0,0.454,0.453,0.452,0.451,0.45,0.0,0.0,0.0,0.0,0.0,0.455,0.456,0.457,0.458,0.459,0.0,0.0,0.0,0.0,0.0,2148100.0,3073300.0,2191300.0,2252000.0,1928600.0,0.0,0.0,0.0,0.0,0.0,645600.0,3797700.0,3694400.0,1243100.0,2791000.0,0.0,0.0,0.0,0.0,0.0
20230823094655968,SZSE,SZSE.ETF.159859,0.455,0.456,0.459,0.454,0.0,0.505,0.413,31235700.0,6000.0,14244032.3,2730.0,0.0,0.0,20230823,20230823,94655966,0.459,0.0,0.0,0.454,0.453,0.452,0.451,0.45,0.0,0.0,0.0,0.0,0.0,0.455,0.456,0.457,0.458,0.459,0.0,0.0,0.0,0.0,0.0,2148100.0,3073300.0,2191300.0,2252000.0,1928600.0,0.0,0.0,0.0,0.0,0.0,639600.0,3797700.0,3694400.0,1243100.0,2791000.0,0.0,0.0,0.0,0.0,0.0
20230823094658980,SZSE,SZSE.ETF.159859,0.455,0.456,0.459,0.454,0.0,0.505,0.413,31235700.0,0.0,14244032.3,0.0,0.0,0.0,20230823,20230823,94658980,0.459,0.0,0.0,0.454,0.453,0.452,0.451,0.45,0.0,0.0,0.0,0.0,0.0,0.455,0.456,0.457,0.458,0.459,0.0,0.0,0.0,0.0,0.0,2148100.0,3074300.0,2191300.0,2252000.0,1928600.0,0.0,0.0,0.0,0.0,0.0,839600.0,3797700.0,3694400.0,1243100.0,2791000.0,0.0,0.0,0.0,0.0,0.0
20230823094701996,SZSE,SZSE.ETF.159859,0.455,0.456,0.459,0.454,0.0,0.505,0.413,31235700.0,0.0,14244032.3,0.0,0.0,0.0,20230823,20230823,94701995,0.459,0.0,0.0,0.454,0.453,0.452,0.451,0.45,0.0,0.0,0.0,0.0,0.0,0.455,0.456,0.457,0.458,0.459,0.0,0.0,0.0,0.0,0.0,2149100.0,3074400.0,2191300.0,2274100.0,1948600.0,0.0,0.0,0.0,0.0,0.0,839600.0,3802700.0,3694400.0,1243100.0,2791000.0,0.0,0.0,0.0,0.0,0.0
20230823094705028,SZSE,SZSE.ETF.159859,0.455,0.456,0.459,0.454,0.0,0.505,0.413,31236800.0,1100.0,14244532.8,500.5,0.0,0.0,20230823,20230823,94705027,0.459,0.0,0.0,0.454,0.453,0.452,0.451,0.45,0.0,0.0,0.0,0.0,0.0,0.455,0.456,0.457,0.458,0.459,0.0,0.0,0.0,0.0,0.0,2150500.0,3074400.0,2191300.0,2274100.0,1948600.0,0.0,0.0,0.0,0.0,0.0,851500.0,3802700.0,3694400.0,1243100.0,2791000.0,0.0,0.0,0.0,0.0,0.0
20230823094708092,SZSE,SZSE.ETF.159859,0.455,0.456,0.459,0.454,0.0,0.505,0.413,31236800.0,0.0,14244532.8,0.0,0.0,0.0,20230823,20230823,94708092,0.459,0.0,0.0,0.454,0.453,0.452,0.451,0.45,0.0,0.0,0.0,0.0,0.0,0.455,0.456,0.457,0.458,0.459,0.0,0.0,0.0,0.0,0.0,2150500.0,3096500.0,2191300.0,2274100.0,1948600.0,0.0,0.0,0.0,0.0,0.0,851500.0,3802700.0,3694400.0,1243100.0,2791000.0,0.0,0.0,0.0,0.0,0.0
20230823094710960,SZSE,SZSE.ETF.159859,0.455,0.456,0.459,0.454,0.0,0.505,0.413,31247300.0,10500.0,14249310.3,4777.5,0.0,0.0,20230823,20230823,94710960,0.459,0.0,0.0,0.454,0.453,0.452,0.451,0.45,0.0,0.0,0.0,0.0,0.0,0.455,0.456,0.457,0.458,0.459,0.0,0.0,0.0,0.0,0.0,2150500.0,3096500.0,2191300.0,2274100.0,1948600.0,0.0,0.0,0.0,0.0,0.0,837900.0,3802700.0,3694400.0,1243100.0,2791000.0,0.0,0.0,0.0,0.0,0.0
20230823094714008,SZSE,SZSE.ETF.159859,0.455,0.456,0.459,0.454,0.0,0.505,0.413,31247400.0,100.0,14249355.8,45.5,0.0,0.0,20230823,20230823,94714006,0.459,0.0,0.0,0.454,0.453,0.452,0.451,0.45,0.0,0.0,0.0,0.0,0.0,0.455,0.456,0.457,0.458,0.459,0.0,0.0,0.0,0.0,0.0,2150500.0,3086500.0,2191300.0,2274100.0,1948600.0,0.0,0.0,0.0,0.0,0.0,837800.0,3802700.0,3694400.0,1243100.0,2791000.0,0.0,0.0,0.0,0.0,0.0
20230823094716984,SZSE,SZSE.ETF.159859,0.455,0.456,0.459,0.454,0.0,0.505,0.413,31250600.0,3200.0,14250811.8,1456.0,0.0,0.0,20230823,20230823,94716986,0.459,0.0,0.0,0.454,0.453,0.452,0.451,0.45,0.0,0.0,0.0,0.0,0.0,0.455,0.456,0.457,0.458,0.459,0.0,0.0,0.0,0.0,0.0,2150500.0,3086500.0,2191300.0,2274100.0,1948600.0,0.0,0.0,0.0,0.0,0.0,834600.0,3802700.0,3674400.0,1223100.0,2791000.0,0.0,0.0,0.0,0.0,0.0
20230823094720156,SZSE,SZSE.ETF.159859,0.455,0.456,0.459,0.454,0.0,0.505,0.413,31250600.0,0.0,14250811.8,0.0,0.0,0.0,20230823,20230823,94720155,0.459,0.0,0.0,0.454,0.453,0.452,0.451,0.45,0.0,0.0,0.0,0.0,0.0,0.455,0.456,0.457,0.458,0.459,0.0,0.0,0.0,0.0,0.0,2150500.0,3086500.0,2191300.0,2274100.0,1948600.0,0.0,0.0,0.0,0.0,0.0,1153200.0,3802700.0,3674400.0,1223100.0,2791000.0,0.0,0.0,0.0,0.0,0.0
20230823094723536,SZSE,SZSE.ETF.159859,0.455,0.456,0.459,0.454,0.0,0.505,0.413,31250600.0,0.0,14250811.8,0.0,0.0,0.0,20230823,20230823,94723538,0.459,0.0,0.0,0.454,0.453,0.452,0.451,0.45,0.0,0.0,0.0,0.0,0.0,0.455,0.456,0.457,0.458,0.459,0.0,0.0,0.0,0.0,0.0,2160500.0,3086500.0,2191300.0,2274100.0,1948600.0,0.0,0.0,0.0,0.0,0.0,1303200.0,3802700.0,3424400.0,1223100.0,2761200.0,0.0,0.0,0.0,0.0,0.0
20230823094726304,SZSE,SZSE.ETF.159859,0.455,0.456,0.459,0.454,0.0,0.505,0.413,31250600.0,0.0,14250811.8,0.0,0.0,0.0,20230823,20230823,94726303,0.459,0.0,0.0,0.454,0.453,0.452,0.451,0.45,0.0,0.0,0.0,0.0,0.0,0.455,0.456,0.457,0.458,0.459,0.0,0.0,0.0,0.0,0.0,2170500.0,3089500.0,2191300.0,2274100.0,1948600.0,0.0,0.0,0.0,0.0,0.0,1303200.0,3802700.0,3424400.0,1223100.0,2761200.0,0.0,0.0,0.0,0.0,0.0
20230823094729172,SZSE,SZSE.ETF.159859,0.455,0.456,0.459,0.454,0.0,0.505,0.413,31250600.0,0.0,14250811.8,0.0,0.0,0.0,20230823,20230823,94729171,0.459,0.0,0.0,0.454,0.453,0.452,0.451,0.45,0.0,0.0,0.0,0.0,0.0,0.455,0.456,0.457,0.458,0.459,0.0,0.0,0.0,0.0,0.0,2094000.0,3067400.0,2191300.0,2274100.0,1948600.0,0.0,0.0,0.0,0.0,0.0,1303200.0,3819700.0,3424400.0,1223100.0,2761200.0,0.0,0.0,0.0,0.0,0.0
20230823094731988,SZSE,SZSE.ETF.159859,0.455,0.456,0.459,0.454,0.0,0.505,0.413,31257100.0,6500.0,14253769.3,2957.5,0.0,0.0,20230823,20230823,94731988,0.459,0.0,0.0,0.454,0.453,0.452,0.451,0.45,0.0,0.0,0.0,0.0,0.0,0.455,0.456,0.457,0.458,0.459,0.0,0.0,0.0,0.0,0.0,2094000.0,3067400.0,2191300.0,2274100.0,1948600.0,0.0,0.0,0.0,0.0,0.0,1296700.0,3819700.0,3424400.0,1223100.0,2761200.0,0.0,0.0,0.0,0.0,0.0
20230823094734980,SZSE,SZSE.ETF.159859,0.455,0.456,0.459,0.454,0.0,0.505,0.413,31257100.0,0.0,14253769.3,0.0,0.0,0.0,20230823,20230823,94734979,0.459,0.0,0.0,0.454,0.453,0.452,0.451,0.45,0.0,0.0,0.0,0.0,0.0,0.455,0.456,0.457,0.458,0.459,0.0,0.0,0.0,0.0,0.0,2109000.0,3067400.0,2191300.0,2274100.0,1948600.0,0.0,0.0,0.0,0.0,0.0,1296700.0,3816700.0,3424400.0,1223100.0,2761200.0,0.0,0.0,0.0,0.0,0.0
20230823094737968,SZSE,SZSE.ETF.159859,0.455,0.456,0.459,0.454,0.0,0.505,0.413,31257100.0,0.0,14253769.3,0.0,0.0,0.0,20230823,20230823,94737968,0.459,0.0,0.0,0.454,0.453,0.452,0.451,0.45,0.0,0.0,0.0,0.0,0.0,0.455,0.456,0.457,0.458,0.459,0.0,0.0,0.0,0.0,0.0,2106400.0,3067400.0,2191300.0,2274100.0,1948600.0,0.0,0.0,0.0,0.0,0.0,1296700.0,3816700.0,3424400.0,1223100.0,2761200.0,0.0,0.0,0.0,0.0,0.0
20230823094743972,SZSE,SZSE.ETF.159859,0.455,0.456,0.459,0.454,0.0,0.505,0.413,31257100.0,0.0,14253769.3,0.0,0.0,0.0,20230823,20230823,94743972,0.459,0.0,0.0,0.454,0.453,0.452,0.451,0.45,0.0,0.0,0.0,0.0,0.0,0.455,0.456,0.457,0.458,0.459,0.0,0.0,0.0,0.0,0.0,2106400.0,3067400.0,2191300.0,2274100.0,1948600.0,0.0,0.0,0.0,0.0,0.0,1296700.0,3818700.0,3424400.0,1223100.0,2761200.0,0.0,0.0,0.0,0.0,0.0
20230823094747004,SZSE,SZSE.ETF.159859,0.455,0.456,0.459,0.454,0.0,0.505,0.413,31263300.0,6200.0,14256590.3,2821.0,0.0,0.0,20230823,20230823,94747004,0.459,0.0,0.0,0.454,0.453,0.452,0.451,0.45,0.0,0.0,0.0,0.0,0.0,0.455,0.456,0.457,0.458,0.459,0.0,0.0,0.0,0.0,0.0,2108400.0,3067400.0,2191300.0,2274100.0,1928600.0,0.0,0.0,0.0,0.0,0.0,1290500.0,3818700.0,3424400.0,1223100.0,2761200.0,0.0,0.0,0.0,0.0,0.0
20230823094750024,SZSE,SZSE.ETF.159859,0.455,0.456,0.459,0.454,0.0,0.505,0.413,31263300.0,0.0,14256590.3,0.0,0.0,0.0,20230823,20230823,94750023,0.459,0.0,0.0,0.454,0.453,0.452,0.451,0.45,0.0,0.0,0.0,0.0,0.0,0.455,0.456,0.457,0.458,0.459,0.0,0.0,0.0,0.0,0.0,2118400.0,3067400.0,2191300.0,2274100.0,1928600.0,0.0,0.0,0.0,0.0,0.0,1290500.0,3818700.0,3424400.0,1223100.0,2761200.0,0.0,0.0,0.0,0.0,0.0
20230823094753048,SZSE,SZSE.ETF.159859,0.455,0.456,0.459,0.454,0.0,0.505,0.413,31263300.0,0.0,14256590.3,0.0,0.0,0.0,20230823,20230823,94753048,0.459,0.0,0.0,0.454,0.453,0.452,0.451,0.45,0.0,0.0,0.0,0.0,0.0,0.455,0.456,0.457,0.458,0.459,0.0,0.0,0.0,0.0,0.0,2117500.0,3070700.0,2191300.0,2313800.0,1928600.0,0.0,0.0,0.0,0.0,0.0,1290500.0,3818700.0,3424400.0,1223100.0,2761200.0,0.0,0.0,0.0,0.0,0.0
20230823094756048,SZSE,SZSE.ETF.159859,0.454,0.456,0.459,0.454,0.0,0.505,0.413,31283300.0,20000.0,14265670.3,9080.0,0.0,0.0,20230823,20230823,94756050,0.459,0.0,0.0,0.454,0.453,0.452,0.451,0.45,0.0,0.0,0.0,0.0,0.0,0.455,0.456,0.457,0.458,0.459,0.0,0.0,0.0,0.0,0.0,2197500.0,3070700.0,2191300.0,2313800.0,1928600.0,0.0,0.0,0.0,0.0,0.0,1040500.0,3718700.0,3674400.0,1223100.0,2761200.0,0.0,0.0,0.0,0.0,0.0
20230823094759136,SZSE,SZSE.ETF.159859,0.454,0.456,0.459,0.454,0.0,0.505,0.413,31283300.0,0.0,14265670.3,0.0,0.0,0.0,20230823,20230823,94759137,0.459,0.0,0.0,0.454,0.453,0.452,0.451,0.45,0.0,0.0,0.0,0.0,0.0,0.455,0.456,0.457,0.458,0.459,0.0,0.0,0.0,0.0,0.0,2097500.0,3070700.0,2191300.0,2313800.0,1903600.0,0.0,0.0,0.0,0.0,0.0,1040500.0,3718700.0,3674400.0,1223100.0,2761200.0,0.0,0.0,0.0,0.0,0.0
20230823094802124,SZSE,SZSE.ETF.159859,0.454,0.456,0.459,0.454,0.0,0.505,0.413,31354100.0,70800.0,14297813.5,32143.199999999255,0.0,0.0,20230823,20230823,94802125,0.459,0.0,0.0,0.454,0.453,0.452,0.451,0.45,0.0,0.0,0.0,0.0,0.0,0.455,0.456,0.457,0.458,0.459,0.0,0.0,0.0,0.0,0.0,2126700.0,3070700.0,2191300.0,2323800.0,1903600.0,0.0,0.0,0.0,0.0,0.0,1040500.0,3718700.0,3674400.0,1223100.0,2761200.0,0.0,0.0,0.0,0.0,0.0
20230823094805080,SZSE,SZSE.ETF.159859,0.455,0.456,0.459,0.454,0.0,0.505,0.413,31863500.0,509400.0,14529590.5,231777.0,0.0,0.0,20230823,20230823,94805082,0.459,0.0,0.0,0.454,0.453,0.452,0.451,0.45,0.0,0.0,0.0,0.0,0.0,0.455,0.456,0.457,0.458,0.459,0.0,0.0,0.0,0.0,0.0,2128100.0,2893300.0,2193900.0,2323800.0,1903600.0,0.0,0.0,0.0,0.0,0.0,531100.0,3718700.0,3674400.0,1223100.0,2761200.0,0.0,0.0,0.0,0.0,0.0
20230823094808160,SZSE,SZSE.ETF.159859,0.455,0.456,0.459,0.454,0.0,0.505,0.413,31874500.0,11000.0,14534595.5,5005.0,0.0,0.0,20230823,20230823,94808162,0.459,0.0,0.0,0.454,0.453,0.452,0.451,0.45,0.0,0.0,0.0,0.0,0.0,0.455,0.456,0.457,0.458,0.459,0.0,0.0,0.0,0.0,0.0,2128100.0,2868800.0,2193900.0,2328000.0,1903600.0,0.0,0.0,0.0,0.0,0.0,590100.0,3718700.0,3674400.0,889800.0,2761200.0,0.0,0.0,0.0,0.0,0.0
20230823094811016,SZSE,SZSE.ETF.159859,0.455,0.456,0.459,0.454,0.0,0.505,0.413,31874500.0,0.0,14534595.5,0.0,0.0,0.0,20230823,20230823,94811017,0.459,0.0,0.0,0.454,0.453,0.452,0.451,0.45,0.0,0.0,0.0,0.0,0.0,0.455,0.456,0.457,0.458,0.459,0.0,0.0,0.0,0.0,0.0,2179800.0,2868900.0,2193900.0,2328000.0,1923600.0,0.0,0.0,0.0,0.0,0.0,590100.0,3718700.0,3674400.0,889800.0,2761200.0,0.0,0.0,0.0,0.0,0.0
20230823094814096,SZSE,SZSE.ETF.159859,0.455,0.456,0.459,0.454,0.0,0.505,0.413,31874500.0,0.0,14534595.5,0.0,0.0,0.0,20230823,20230823,94814094,0.459,0.0,0.0,0.454,0.453,0.452,0.451,0.45,0.0,0.0,0.0,0.0,0.0,0.455,0.456,0.457,0.458,0.459,0.0,0.0,0.0,0.0,0.0,2356800.0,2868900.0,2193900.0,2328000.0,1923600.0,0.0,0.0,0.0,0.0,0.0,590100.0,3718700.0,3674400.0,889800.0,2761200.0,0.0,0.0,0.0,0.0,0.0
20230823094816972,SZSE,SZSE.ETF.159859,0.455,0.456,0.459,0.454,0.0,0.505,0.413,31899900.0,25400.0,14546137.5,11542.0,0.0,0.0,20230823,20230823,94816971,0.459,0.0,0.0,0.454,0.453,0.452,0.451,0.45,0.0,0.0,0.0,0.0,0.0,0.455,0.456,0.457,0.458,0.459,0.0,0.0,0.0,0.0,0.0,2340800.0,2868900.0,2193900.0,2328000.0,1923600.0,0.0,0.0,0.0,0.0,0.0,917200.0,3718700.0,3674400.0,889800.0,2761200.0,0.0,0.0,0.0,0.0,0.0
20230823094820036,SZSE,SZSE.ETF.159859,0.455,0.456,0.459,0.454,0.0,0.505,0.413,31899900.0,0.0,14546137.5,0.0,0.0,0.0,20230823,20230823,94820035,0.459,0.0,0.0,0.454,0.453,0.452,0.451,0.45,0.0,0.0,0.0,0.0,0.0,0.455,0.456,0.457,0.458,0.459,0.0,0.0,0.0,0.0,0.0,2340800.0,2868900.0,2233900.0,2378000.0,1923600.0,0.0,0.0,0.0,0.0,0.0,917200.0,3718700.0,3674400.0,889800.0,2761200.0,0.0,0.0,0.0,0.0,0.0
20230823094822988,SZSE,SZSE.ETF.159859,0.455,0.456,0.459,0.454,0.0,0.505,0.413,31899900.0,0.0,14546137.5,0.0,0.0,0.0,20230823,20230823,94822989,0.459,0.0,0.0,0.454,0.453,0.452,0.451,0.45,0.0,0.0,0.0,0.0,0.0,0.455,0.456,0.457,0.458,0.459,0.0,0.0,0.0,0.0,0.0,2340800.0,2868900.0,2240500.0,2478000.0,1923600.0,0.0,0.0,0.0,0.0,0.0,917200.0,3718700.0,3674400.0,889800.0,2761200.0,0.0,0.0,0.0,0.0,0.0
20230823094825988,SZSE,SZSE.ETF.159859,0.455,0.456,0.459,0.454,0.0,0.505,0.413,31899900.0,0.0,14546137.5,0.0,0.0,0.0,20230823,20230823,94825988,0.459,0.0,0.0,0.454,0.453,0.452,0.451,0.45,0.0,0.0,0.0,0.0,0.0,0.455,0.456,0.457,0.458,0.459,0.0,0.0,0.0,0.0,0.0,2365800.0,2869900.0,2240500.0,2478000.0,1923600.0,0.0,0.0,0.0,0.0,0.0,917200.0,3718700.0,3674400.0,889800.0,2761200.0,0.0,0.0,0.0,0.0,0.0
20230823094828988,SZSE,SZSE.ETF.159859,0.455,0.456,0.459,0.454,0.0,0.505,0.413,31899900.0,0.0,14546137.5,0.0,0.0,0.0,20230823,20230823,94828987,0.459,0.0,0.0,0.454,0.453,0.452,0.451,0.45,0.0,0.0,0.0,0.0,0.0,0.455,0.456,0.457,0.458,0.459,0.0,0.0,0.0,0.0,0.0,2374400.0,2889900.0,2240500.0,2478000.0,2817500.0,0.0,0.0,0.0,0.0,0.0,917200.0,3718700.0,3674400.0,889800.0,2761200.0,0.0,0.0,0.0,0.0,0.0
20230823094835048,SZSE,SZSE.ETF.159859,0.454,0.456,0.459,0.454,0.0,0.505,0.413,31912100.0,12200.0,14551676.3,5538.800000000745,0.0,0.0,20230823,20230823,94835048,0.459,0.0,0.0,0.454,0.453,0.452,0.451,0.45,0.0,0.0,0.0,0.0,0.0,0.455,0.456,0.457,0.458,0.459,0.0,0.0,0.0,0.0,0.0,2362200.0,2890000.0,2240500.0,2478000.0,2827500.0,0.0,0.0,0.0,0.0,0.0,917200.0,3718700.0,2820400.0,889800.0,2761200.0,0.0,0.0,0.0,0.0,0.0
20230823094837960,SZSE,SZSE.ETF.159859,0.455,0.456,0.459,0.454,0.0,0.505,0.413,32021500.0,109400.0,14601453.3,49777.0,0.0,0.0,20230823,20230823,94837960,0.459,0.0,0.0,0.454,0.453,0.452,0.451,0.45,0.0,0.0,0.0,0.0,0.0,0.455,0.456,0.457,0.458,0.459,0.0,0.0,0.0,0.0,0.0,2272200.0,2890000.0,2240500.0,2478000.0,2827500.0,0.0,0.0,0.0,0.0,0.0,807800.0,3718700.0,2820400.0,889800.0,2761200.0,0.0,0.0,0.0,0.0,0.0
20230823094841020,SZSE,SZSE.ETF.159859,0.455,0.456,0.459,0.454,0.0,0.505,0.413,32021500.0,0.0,14601453.3,0.0,0.0,0.0,20230823,20230823,94841021,0.459,0.0,0.0,0.454,0.453,0.452,0.451,0.45,0.0,0.0,0.0,0.0,0.0,0.455,0.456,0.457,0.458,0.459,0.0,0.0,0.0,0.0,0.0,2279200.0,2890000.0,2260500.0,2478000.0,2884500.0,0.0,0.0,0.0,0.0,0.0,1661800.0,3718700.0,2820400.0,889800.0,2761200.0,0.0,0.0,0.0,0.0,0.0
20230823094935748,SZSE,SZSE.ETF.159859,0.454,0.456,0.459,0.454,0.0,0.505,0.413,32047700.0,0.0,14613350.1,0.0,0.0,0.0,20230823,20230823,94935747,0.459,0.0,0.0,0.454,0.453,0.452,0.451,0.45,0.0,0.0,0.0,0.0,0.0,0.455,0.456,0.457,0.458,0.459,0.0,0.0,0.0,0.0,0.0,2586300.0,2895000.0,2265900.0,2517700.0,2908500.0,0.0,0.0,0.0,0.0,0.0,2220700.0,3718700.0,2313200.0,889800.0,2761200.0,0.0,0.0,0.0,0.0,0.0
20230823094938240,SZSE,SZSE.ETF.159859,0.454,0.456,0.459,0.454,0.0,0.505,0.413,32047700.0,0.0,14613350.1,0.0,0.0,0.0,20230823,20230823,94938242,0.459,0.0,0.0,0.454,0.453,0.452,0.451,0.45,0.0,0.0,0.0,0.0,0.0,0.455,0.456,0.457,0.458,0.459,0.0,0.0,0.0,0.0,0.0,2573100.0,2895000.0,2265900.0,2517700.0,2921700.0,0.0,0.0,0.0,0.0,0.0,2220700.0,3718700.0,2313200.0,889800.0,2761200.0,0.0,0.0,0.0,0.0,0.0
20230823094942964,SZSE,SZSE.ETF.159859,0.455,0.456,0.459,0.454,0.0,0.505,0.413,32052700.0,5000.0,14615625.1,2275.0,0.0,0.0,20230823,20230823,94942965,0.459,0.0,0.0,0.454,0.453,0.452,0.451,0.45,0.0,0.0,0.0,0.0,0.0,0.455,0.456,0.457,0.458,0.459,0.0,0.0,0.0,0.0,0.0,2578100.0,2895000.0,2265900.0,2579400.0,2921700.0,0.0,0.0,0.0,0.0,0.0,2215700.0,3748200.0,2313200.0,889800.0,2761200.0,0.0,0.0,0.0,0.0,0.0
20230823094945352,SZSE,SZSE.ETF.159859,0.455,0.456,0.459,0.454,0.0,0.505,0.413,32052700.0,0.0,14615625.1,0.0,0.0,0.0,20230823,20230823,94945353,0.459,0.0,0.0,0.454,0.453,0.452,0.451,0.45,0.0,0.0,0.0,0.0,0.0,0.455,0.456,0.457,0.458,0.459,0.0,0.0,0.0,0.0,0.0,2578100.0,2915300.0,2265900.0,2629400.0,2921700.0,0.0,0.0,0.0,0.0,0.0,2238400.0,3748200.0,2313200.0,889800.0,2761200.0,0.0,0.0,0.0,0.0,0.0
20230823094948716,SZSE,SZSE.ETF.159859,0.455,0.456,0.459,0.454,0.0,0.505,0.413,32052700.0,0.0,14615625.1,0.0,0.0,0.0,20230823,20230823,94948717,0.459,0.0,0.0,0.454,0.453,0.452,0.451,0.45,0.0,0.0,0.0,0.0,0.0,0.455,0.456,0.457,0.458,0.459,0.0,0.0,0.0,0.0,0.0,2584400.0,2915300.0,2265900.0,2609400.0,2921700.0,0.0,0.0,0.0,0.0,0.0,1938400.0,3748200.0,2313200.0,889800.0,2761200.0,0.0,0.0,0.0,0.0,0.0
20230823094951108,SZSE,SZSE.ETF.159859,0.455,0.456,0.459,0.454,0.0,0.505,0.413,32052700.0,0.0,14615625.1,0.0,0.0,0.0,20230823,20230823,94951107,0.459,0.0,0.0,0.454,0.453,0.452,0.451,0.45,0.0,0.0,0.0,0.0,0.0,0.455,0.456,0.457,0.458,0.459,0.0,0.0,0.0,0.0,0.0,2584400.0,2915300.0,2265900.0,2609400.0,2921700.0,0.0,0.0,0.0,0.0,0.0,1938400.0,3748200.0,2313200.0,949800.0,2761200.0,0.0,0.0,0.0,0.0,0.0
20230823094953104,SZSE,SZSE.ETF.159859,0.455,0.456,0.459,0.454,0.0,0.505,0.413,32052700.0,0.0,14615625.1,0.0,0.0,0.0,20230823,20230823,94953103,0.459,0.0,0.0,0.454,0.453,0.452,0.451,0.45,0.0,0.0,0.0,0.0,0.0,0.455,0.456,0.457,0.458,0.459,0.0,0.0,0.0,0.0,0.0,2587000.0,2915300.0,2265900.0,2609400.0,2921700.0,0.0,0.0,0.0,0.0,0.0,1938400.0,3748200.0,2313200.0,949800.0,2761200.0,0.0,0.0,0.0,0.0,0.0
20230823094955952,SZSE,SZSE.ETF.159859,0.455,0.456,0.459,0.454,0.0,0.505,0.413,32052700.0,0.0,14615625.1,0.0,0.0,0.0,20230823,20230823,94955950,0.459,0.0,0.0,0.454,0.453,0.452,0.451,0.45,0.0,0.0,0.0,0.0,0.0,0.455,0.456,0.457,0.458,0.459,0.0,0.0,0.0,0.0,0.0,2585100.0,2915300.0,2265900.0,2613000.0,2925700.0,0.0,0.0,0.0,0.0,0.0,1938400.0,3748200.0,2313200.0,949800.0,2821200.0,0.0,0.0,0.0,0.0,0.0
20230823095014028,SZSE,SZSE.ETF.159859,0.454,0.456,0.459,0.454,0.0,0.505,0.413,32121500.0,8800.0,14646874.6,4000.199999999255,0.0,0.0,20230823,20230823,95014027,0.459,0.0,0.0,0.454,0.453,0.452,0.451,0.45,0.0,0.0,0.0,0.0,0.0,0.455,0.456,0.457,0.458,0.459,0.0,0.0,0.0,0.0,0.0,2522600.0,2918300.0,2265900.0,2619700.0,2970700.0,0.0,0.0,0.0,0.0,0.0,1924100.0,3748200.0,2263200.0,949800.0,2821200.0,0.0,0.0,0.0,0.0,0.0
20230823095017028,SZSE,SZSE.ETF.159859,0.454,0.456,0.459,0.454,0.0,0.505,0.413,32121500.0,0.0,14646874.6,0.0,0.0,0.0,20230823,20230823,95017027,0.459,0.0,0.0,0.454,0.453,0.452,0.451,0.45,0.0,0.0,0.0,0.0,0.0,0.455,0.456,0.457,0.458,0.459,0.0,0.0,0.0,0.0,0.0,2422600.0,2918300.0,2265900.0,2619700.0,2970700.0,0.0,0.0,0.0,0.0,0.0,1934100.0,3748200.0,2263200.0,949800.0,2821200.0,0.0,0.0,0.0,0.0,0.0
20230823095020044,SZSE,SZSE.ETF.159859,0.454,0.456,0.459,0.454,0.0,0.505,0.413,32121500.0,0.0,14646874.6,0.0,0.0,0.0,20230823,20230823,95020045,0.459,0.0,0.0,0.454,0.453,0.452,0.451,0.45,0.0,0.0,0.0,0.0,0.0,0.455,0.456,0.457,0.458,0.459,0.0,0.0,0.0,0.0,0.0,2450000.0,2918300.0,2265900.0,2619700.0,2970700.0,0.0,0.0,0.0,0.0,0.0,1884100.0,3748200.0,2050200.0,949800.0,2821200.0,0.0,0.0,0.0,0.0,0.0
20230823095023056,SZSE,SZSE.ETF.159859,0.454,0.456,0.459,0.454,0.0,0.505,0.413,32121500.0,0.0,14646874.6,0.0,0.0,0.0,20230823,20230823,95023056,0.459,0.0,0.0,0.454,0.453,0.452,0.451,0.45,0.0,0.0,0.0,0.0,0.0,0.455,0.456,0.457,0.458,0.459,0.0,0.0,0.0,0.0,0.0,2450000.0,2918300.0,1965900.0,2619700.0,2970700.0,0.0,0.0,0.0,0.0,0.0,1884100.0,3748200.0,2050200.0,949800.0,2821200.0,0.0,0.0,0.0,0.0,0.0
20230823095026052,SZSE,SZSE.ETF.159859,0.454,0.456,0.459,0.454,0.0,0.505,0.413,32121500.0,0.0,14646874.6,0.0,0.0,0.0,20230823,20230823,95026053,0.459,0.0,0.0,0.454,0.453,0.452,0.451,0.45,0.0,0.0,0.0,0.0,0.0,0.455,0.456,0.457,0.458,0.459,0.0,0.0,0.0,0.0,0.0,2460000.0,2918300.0,1965900.0,2619700.0,2970700.0,0.0,0.0,0.0,0.0,0.0,1884100.0,3748200.0,2050200.0,949800.0,2821200.0,0.0,0.0,0.0,0.0,0.0
20230823095029036,SZSE,SZSE.ETF.159859,0.455,0.456,0.459,0.454,0.0,0.505,0.413,32221500.0,100000.0,14692374.6,45500.0,0.0,0.0,20230823,20230823,95029037,0.459,0.0,0.0,0.454,0.453,0.452,0.451,0.45,0.0,0.0,0.0,0.0,0.0,0.455,0.456,0.457,0.458,0.459,0.0,0.0,0.0,0.0,0.0,2460000.0,2924200.0,1965900.0,2619700.0,2970700.0,0.0,0.0,0.0,0.0,0.0,1954100.0,3748200.0,2050200.0,949800.0,2821200.0,0.0,0.0,0.0,0.0,0.0
20230823095032020,SZSE,SZSE.ETF.159859,0.454,0.456,0.459,0.454,0.0,0.505,0.413,32720100.0,498600.0,14918739.0,226364.40000000037,0.0,0.0,20230823,20230823,95032019,0.459,0.0,0.0,0.454,0.453,0.452,0.451,0.45,0.0,0.0,0.0,0.0,0.0,0.455,0.456,0.457,0.458,0.459,0.0,0.0,0.0,0.0,0.0,1961400.0,2924200.0,1965900.0,2649700.0,2970700.0,0.0,0.0,0.0,0.0,0.0,2204100.0,3748200.0,1800200.0,949800.0,2821200.0,0.0,0.0,0.0,0.0,0.0
20230823095035052,SZSE,SZSE.ETF.159859,0.454,0.456,0.459,0.454,0.0,0.505,0.413,32720100.0,0.0,14918739.0,0.0,0.0,0.0,20230823,20230823,95035051,0.459,0.0,0.0,0.454,0.453,0.452,0.451,0.45,0.0,0.0,0.0,0.0,0.0,0.455,0.456,0.457,0.458,0.459,0.0,0.0,0.0,0.0,0.0,1211400.0,2924200.0,1965900.0,2649700.0,3223700.0,0.0,0.0,0.0,0.0,0.0,2204100.0,3498200.0,1600200.0,949800.0,2321200.0,0.0,0.0,0.0,0.0,0.0
20230823095108576,SZSE,SZSE.ETF.159859,0.455,0.456,0.459,0.454,0.0,0.505,0.413,32857100.0,30000.0,14980954.0,13630.0,0.0,0.0,20230823,20230823,95108577,0.459,0.0,0.0,0.454,0.453,0.452,0.451,0.45,0.0,0.0,0.0,0.0,0.0,0.455,0.456,0.457,0.458,0.459,0.0,0.0,0.0,0.0,0.0,1072800.0,2625200.0,2590100.0,2649700.0,3235000.0,0.0,0.0,0.0,0.0,0.0,2987100.0,2774000.0,1810300.0,1562900.0,2821200.0,0.0,0.0,0.0,0.0,0.0
20230823095110992,SZSE,SZSE.ETF.159859,0.455,0.456,0.459,0.454,0.0,0.505,0.413,32857100.0,0.0,14980954.0,0.0,0.0,0.0,20230823,20230823,95110993,0.459,0.0,0.0,0.454,0.453,0.452,0.451,0.45,0.0,0.0,0.0,0.0,0.0,0.455,0.456,0.457,0.458,0.459,0.0,0.0,0.0,0.0,0.0,1431200.0,2625200.0,2340100.0,2649700.0,3235000.0,0.0,0.0,0.0,0.0,0.0,2637100.0,2774000.0,2060300.0,1562900.0,2821200.0,0.0,0.0,0.0,0.0,0.0
20230823095115892,SZSE,SZSE.ETF.159859,0.455,0.456,0.459,0.454,0.0,0.505,0.413,32857100.0,0.0,14980954.0,0.0,0.0,0.0,20230823,20230823,95115893,0.459,0.0,0.0,0.454,0.453,0.452,0.451,0.45,0.0,0.0,0.0,0.0,0.0,0.455,0.456,0.457,0.458,0.459,0.0,0.0,0.0,0.0,0.0,1700800.0,2625200.0,1790100.0,2649700.0,3235000.0,0.0,0.0,0.0,0.0,0.0,2437100.0,2774000.0,2060300.0,1562900.0,2821200.0,0.0,0.0,0.0,0.0,0.0
20230823095118956,SZSE,SZSE.ETF.159859,0.455,0.456,0.459,0.454,0.0,0.505,0.413,32857100.0,0.0,14980954.0,0.0,0.0,0.0,20230823,20230823,95118955,0.459,0.0,0.0,0.454,0.453,0.452,0.451,0.45,0.0,0.0,0.0,0.0,0.0,0.455,0.456,0.457,0.458,0.459,0.0,0.0,0.0,0.0,0.0,1450800.0,2809600.0,2040100.0,2649700.0,3235000.0,0.0,0.0,0.0,0.0,0.0,2437100.0,2774000.0,2060300.0,1562900.0,2821200.0,0.0,0.0,0.0,0.0,0.0
20230823095120572,SZSE,SZSE.ETF.159859,0.455,0.456,0.459,0.454,0.0,0.505,0.413,32857100.0,0.0,14980954.0,0.0,0.0,0.0,20230823,20230823,95120571,0.459,0.0,0.0,0.454,0.453,0.452,0.451,0.45,0.0,0.0,0.0,0.0,0.0,0.455,0.456,0.457,0.458,0.459,0.0,0.0,0.0,0.0,0.0,1700800.0,2855600.0,1790100.0,2649700.0,3235000.0,0.0,0.0,0.0,0.0,0.0,2437100.0,2774000.0,2060300.0,1562900.0,2949400.0,0.0,0.0,0.0,0.0,0.0
20230823095123512,SZSE,SZSE.ETF.159859,0.455,0.456,0.459,0.454,0.0,0.505,0.413,32857100.0,0.0,14980954.0,0.0,0.0,0.0,20230823,20230823,95123512,0.459,0.0,0.0,0.454,0.453,0.452,0.451,0.45,0.0,0.0,0.0,0.0,0.0,0.455,0.456,0.457,0.458,0.459,0.0,0.0,0.0,0.0,0.0,1690800.0,3155600.0,2040100.0,2649700.0,2986000.0,0.0,0.0,0.0,0.0,0.0,2187100.0,3074000.0,2060300.0,1562900.0,2949400.0,0.0,0.0,0.0,0.0,0.0
20230823095126208,SZSE,SZSE.ETF.159859,0.455,0.456,0.459,0.454,0.0,0.505,0.413,32857100.0,0.0,14980954.0,0.0,0.0,0.0,20230823,20230823,95126207,0.459,0.0,0.0,0.454,0.453,0.452,0.451,0.45,0.0,0.0,0.0,0.0,0.0,0.455,0.456,0.457,0.458,0.459,0.0,0.0,0.0,0.0,0.0,1440800.0,2855600.0,2040300.0,2631700.0,3236000.0,0.0,0.0,0.0,0.0,0.0,2437100.0,2774000.0,2060300.0,1562900.0,2949400.0,0.0,0.0,0.0,0.0,0.0
20230823095129012,SZSE,SZSE.ETF.159859,0.454,0.456,0.459,0.454,0.0,0.505,0.413,32858100.0,1000.0,14981408.0,454.0,0.0,0.0,20230823,20230823,95129012,0.459,0.0,0.0,0.454,0.453,0.452,0.451,0.45,0.0,0.0,0.0,0.0,0.0,0.455,0.456,0.457,0.458,0.459,0.0,0.0,0.0,0.0,0.0,1689800.0,2855600.0,2040300.0,2631700.0,2986000.0,0.0,0.0,0.0,0.0,0.0,2187100.0,2774000.0,2060300.0,1562900.0,2949400.0,0.0,0.0,0.0,0.0,0.0
20230823095132344,SZSE,SZSE.ETF.159859,0.454,0.456,0.459,0.454,0.0,0.505,0.413,32858100.0,0.0,14981408.0,0.0,0.0,0.0,20230823,20230823,95132345,0.459,0.0,0.0,0.454,0.453,0.452,0.451,0.45,0.0,0.0,0.0,0.0,0.0,0.455,0.456,0.457,0.458,0.459,0.0,0.0,0.0,0.0,0.0,1693500.0,3155600.0,1790300.0,2633700.0,3236000.0,0.0,0.0,0.0,0.0,0.0,2437100.0,3074000.0,2055300.0,1562900.0,2949400.0,0.0,0.0,0.0,0.0,0.0
20230823095135388,SZSE,SZSE.ETF.159859,0.454,0.456,0.459,0.454,0.0,0.505,0.413,32858100.0,0.0,14981408.0,0.0,0.0,0.0,20230823,20230823,95135387,0.459,0.0,0.0,0.454,0.453,0.452,0.451,0.45,0.0,0.0,0.0,0.0,0.0,0.455,0.456,0.457,0.458,0.459,0.0,0.0,0.0,0.0,0.0,1595100.0,3155600.0,1790300.0,2633700.0,3236000.0,0.0,0.0,0.0,0.0,0.0,2500800.0,3074000.0,2055300.0,1562900.0,2949400.0,0.0,0.0,0.0,0.0,0.0
20230823095138140,SZSE,SZSE.ETF.159859,0.454,0.456,0.459,0.454,0.0,0.505,0.413,32858100.0,0.0,14981408.0,0.0,0.0,0.0,20230823,20230823,95138139,0.459,0.0,0.0,0.454,0.453,0.452,0.451,0.45,0.0,0.0,0.0,0.0,0.0,0.455,0.456,0.457,0.458,0.459,0.0,0.0,0.0,0.0,0.0,1595100.0,2855600.0,1790300.0,2634000.0,3236000.0,0.0,0.0,0.0,0.0,0.0,2500800.0,2774000.0,2055300.0,1562900.0,2949400.0,0.0,0.0,0.0,0.0,0.0
20230823095141036,SZSE,SZSE.ETF.159859,0.454,0.456,0.459,0.454,0.0,0.505,0.413,32858100.0,0.0,14981408.0,0.0,0.0,0.0,20230823,20230823,95141036,0.459,0.0,0.0,0.454,0.453,0.452,0.451,0.45,0.0,0.0,0.0,0.0,0.0,0.455,0.456,0.457,0.458,0.459,0.0,0.0,0.0,0.0,0.0,1624300.0,3165600.0,1790300.0,2634000.0,3236000.0,0.0,0.0,0.0,0.0,0.0,2500800.0,3074000.0,2055300.0,1562900.0,2949400.0,0.0,0.0,0.0,0.0,0.0
20230823095146960,SZSE,SZSE.ETF.159859,0.454,0.456,0.459,0.454,0.0,0.505,0.413,32860000.0,1900.0,14982270.6,862.5999999996275,0.0,0.0,20230823,20230823,95146962,0.459,0.0,0.0,0.454,0.453,0.452,0.451,0.45,0.0,0.0,0.0,0.0,0.0,0.455,0.456,0.457,0.458,0.459,0.0,0.0,0.0,0.0,0.0,1372400.0,2865600.0,2057800.0,2634000.0,3236000.0,0.0,0.0,0.0,0.0,0.0,2500800.0,2774000.0,2236500.0,1562900.0,2949400.0,0.0,0.0,0.0,0.0,0.0
20230823095150008,SZSE,SZSE.ETF.159859,0.454,0.456,0.459,0.454,0.0,0.505,0.413,32860000.0,0.0,14982270.6,0.0,0.0,0.0,20230823,20230823,95150007,0.459,0.0,0.0,0.454,0.453,0.452,0.451,0.45,0.0,0.0,0.0,0.0,0.0,0.455,0.456,0.457,0.458,0.459,0.0,0.0,0.0,0.0,0.0,1622400.0,3165600.0,1807800.0,2634000.0,3236000.0,0.0,0.0,0.0,0.0,0.0,2500800.0,3074000.0,2236500.0,1562900.0,2949400.0,0.0,0.0,0.0,0.0,0.0
20230823095152932,SZSE,SZSE.ETF.159859,0.454,0.456,0.459,0.454,0.0,0.505,0.413,32860000.0,0.0,14982270.6,0.0,0.0,0.0,20230823,20230823,95152931,0.459,0.0,0.0,0.454,0.453,0.452,0.451,0.45,0.0,0.0,0.0,0.0,0.0,0.455,0.456,0.457,0.458,0.459,0.0,0.0,0.0,0.0,0.0,1622800.0,3165600.0,2057800.0,2634000.0,2986200.0,0.0,0.0,0.0,0.0,0.0,2250800.0,3074000.0,2236500.0,1562900.0,2949400.0,0.0,0.0,0.0,0.0,0.0
20230823095155956,SZSE,SZSE.ETF.159859,0.454,0.456,0.459,0.454,0.0,0.505,0.413,32860000.0,0.0,14982270.6,0.0,0.0,0.0,20230823,20230823,95155957,0.459,0.0,0.0,0.454,0.453,0.452,0.451,0.45,0.0,0.0,0.0,0.0,0.0,0.455,0.456,0.457,0.458,0.459,0.0,0.0,0.0,0.0,0.0,1640800.0,3165600.0,1807800.0,2634000.0,3236200.0,0.0,0.0,0.0,0.0,0.0,2500800.0,3074000.0,2236500.0,1562900.0,3056500.0,0.0,0.0,0.0,0.0,0.0
20230823095205640,SZSE,SZSE.ETF.159859,0.454,0.456,0.459,0.454,0.0,0.505,0.413,32860000.0,0.0,14982270.6,0.0,0.0,0.0,20230823,20230823,95205639,0.459,0.0,0.0,0.454,0.453,0.452,0.451,0.45,0.0,0.0,0.0,0.0,0.0,0.455,0.456,0.457,0.458,0.459,0.0,0.0,0.0,0.0,0.0,1470800.0,2865600.0,1807800.0,2634000.0,3236200.0,0.0,0.0,0.0,0.0,0.0,2500800.0,2774000.0,2236500.0,1562900.0,3056500.0,0.0,0.0,0.0,0.0,0.0
20230823095208448,SZSE,SZSE.ETF.159859,0.454,0.456,0.459,0.454,0.0,0.505,0.413,32860000.0,0.0,14982270.6,0.0,0.0,0.0,20230823,20230823,95208449,0.459,0.0,0.0,0.454,0.453,0.452,0.451,0.45,0.0,0.0,0.0,0.0,0.0,0.455,0.456,0.457,0.458,0.459,0.0,0.0,0.0,0.0,0.0,1721000.0,3165600.0,2107800.0,2634000.0,2986200.0,0.0,0.0,0.0,0.0,0.0,2250800.0,3074000.0,2236500.0,1562900.0,3056500.0,0.0,0.0,0.0,0.0,0.0
20230823095211012,SZSE,SZSE.ETF.159859,0.455,0.456,0.459,0.454,0.0,0.505,0.413,32910200.0,50200.0,15005111.6,22841.0,0.0,0.0,20230823,20230823,95211012,0.459,0.0,0.0,0.454,0.453,0.452,0.451,0.45,0.0,0.0,0.0,0.0,0.0,0.455,0.456,0.457,0.458,0.459,0.0,0.0,0.0,0.0,0.0,1721000.0,2988200.0,2107800.0,2634000.0,2986200.0,0.0,0.0,0.0,0.0,0.0,2200600.0,3124000.0,2255300.0,1562900.0,3056500.0,0.0,0.0,0.0,0.0,0.0
20230823095216952,SZSE,SZSE.ETF.159859,0.455,0.456,0.459,0.454,0.0,0.505,0.413,32910200.0,0.0,15005111.6,0.0,0.0,0.0,20230823,20230823,95216953,0.459,0.0,0.0,0.454,0.453,0.452,0.451,0.45,0.0,0.0,0.0,0.0,0.0,0.455,0.456,0.457,0.458,0.459,0.0,0.0,0.0,0.0,0.0,1721000.0,2988200.0,2117800.0,2645000.0,2991200.0,0.0,0.0,0.0,0.0,0.0,2200600.0,3124000.0,2255300.0,1562900.0,3056500.0,0.0,0.0,0.0,0.0,0.0
20230823095220064,SZSE,SZSE.ETF.159859,0.455,0.456,0.459,0.454,0.0,0.505,0.413,32910200.0,0.0,15005111.6,0.0,0.0,0.0,20230823,20230823,95220063,0.459,0.0,0.0,0.454,0.453,0.452,0.451,0.45,0.0,0.0,0.0,0.0,0.0,0.455,0.456,0.457,0.458,0.459,0.0,0.0,0.0,0.0,0.0,1901000.0,2988200.0,2117800.0,2645300.0,2991200.0,0.0,0.0,0.0,0.0,0.0,2100600.0,3124000.0,2255300.0,1744100.0,3056500.0,0.0,0.0,0.0,0.0,0.0
20230823095223024,SZSE,SZSE.ETF.159859,0.455,0.456,0.459,0.454,0.0,0.505,0.413,32910200.0,0.0,15005111.6,0.0,0.0,0.0,20230823,20230823,95223022,0.459,0.0,0.0,0.454,0.453,0.452,0.451,0.45,0.0,0.0,0.0,0.0,0.0,0.455,0.456,0.457,0.458,0.459,0.0,0.0,0.0,0.0,0.0,1901500.0,3003200.0,2128100.0,2645300.0,2991200.0,0.0,0.0,0.0,0.0,0.0,2100600.0,3124000.0,2255300.0,1744100.0,3056500.0,0.0,0.0,0.0,0.0,0.0
20230823095225940,SZSE,SZSE.ETF.159859,0.455,0.456,0.459,0.454,0.0,0.505,0.413,32910200.0,0.0,15005111.6,0.0,0.0,0.0,20230823,20230823,95225939,0.459,0.0,0.0,0.454,0.453,0.452,0.451,0.45,0.0,0.0,0.0,0.0,0.0,0.455,0.456,0.457,0.458,0.459,0.0,0.0,0.0,0.0,0.0,1901500.0,3003200.0,2117200.0,2645300.0,2991200.0,0.0,0.0,0.0,0.0,0.0,2106600.0,3124000.0,2255300.0,1744100.0,3056500.0,0.0,0.0,0.0,0.0,0.0
20230823095228944,SZSE,SZSE.ETF.159859,0.455,0.456,0.459,0.454,0.0,0.505,0.413,32910200.0,0.0,15005111.6,0.0,0.0,0.0,20230823,20230823,95228945,0.459,0.0,0.0,0.454,0.453,0.452,0.451,0.45,0.0,0.0,0.0,0.0,0.0,0.455,0.456,0.457,0.458,0.459,0.0,0.0,0.0,0.0,0.0,1902000.0,3003200.0,2117200.0,2645300.0,2991200.0,0.0,0.0,0.0,0.0,0.0,2106600.0,3124000.0,2255300.0,1744100.0,3056500.0,0.0,0.0,0.0,0.0,0.0
20230823095232144,SZSE,SZSE.ETF.159859,0.455,0.456,0.459,0.454,0.0,0.505,0.413,33116900.0,206700.0,15099160.1,94048.5,0.0,0.0,20230823,20230823,95232145,0.459,0.0,0.0,0.454,0.453,0.452,0.451,0.45,0.0,0.0,0.0,0.0,0.0,0.455,0.456,0.457,0.458,0.459,0.0,0.0,0.0,0.0,0.0,1902000.0,3003200.0,2117200.0,2645300.0,2996200.0,0.0,0.0,0.0,0.0,0.0,1899900.0,3124000.0,2255300.0,1744100.0,3056500.0,0.0,0.0,0.0,0.0,0.0
20230823095235032,SZSE,SZSE.ETF.159859,0.455,0.456,0.459,0.454,0.0,0.505,0.413,33116900.0,0.0,15099160.1,0.0,0.0,0.0,20230823,20230823,95235031,0.459,0.0,0.0,0.454,0.453,0.452,0.451,0.45,0.0,0.0,0.0,0.0,0.0,0.455,0.456,0.457,0.458,0.459,0.0,0.0,0.0,0.0,0.0,1902000.0,3203200.0,2117200.0,2645300.0,2996200.0,0.0,0.0,0.0,0.0,0.0,1899900.0,3124000.0,2255300.0,1744100.0,3056500.0,0.0,0.0,0.0,0.0,0.0
20230823095237912,SZSE,SZSE.ETF.159859,0.455,0.456,0.459,0.454,0.0,0.505,0.413,33116900.0,0.0,15099160.1,0.0,0.0,0.0,20230823,20230823,95237911,0.459,0.0,0.0,0.454,0.453,0.452,0.451,0.45,0.0,0.0,0.0,0.0,0.0,0.455,0.456,0.457,0.458,0.459,0.0,0.0,0.0,0.0,0.0,1902000.0,3203200.0,2117200.0,2645300.0,2996200.0,0.0,0.0,0.0,0.0,0.0,1999900.0,3124000.0,2255300.0,1744100.0,3056500.0,0.0,0.0,0.0,0.0,0.0
20230823095240880,SZSE,SZSE.ETF.159859,0.455,0.456,0.459,0.454,0.0,0.505,0.413,33116900.0,0.0,15099160.1,0.0,0.0,0.0,20230823,20230823,95240879,0.459,0.0,0.0,0.454,0.453,0.452,0.451,0.45,0.0,0.0,0.0,0.0,0.0,0.455,0.456,0.457,0.458,0.459,0.0,0.0,0.0,0.0,0.0,1902000.0,3203200.0,2117200.0,2850300.0,2996200.0,0.0,0.0,0.0,0.0,0.0,1999900.0,3124000.0,2255300.0,1744100.0,3056500.0,0.0,0.0,0.0,0.0,0.0
20230823095243928,SZSE,SZSE.ETF.159859,0.455,0.456,0.459,0.454,0.0,0.505,0.413,33116900.0,0.0,15099160.1,0.0,0.0,0.0,20230823,20230823,95243930,0.459,0.0,0.0,0.454,0.453,0.452,0.451,0.45,0.0,0.0,0.0,0.0,0.0,0.455,0.456,0.457,0.458,0.459,0.0,0.0,0.0,0.0,0.0,1911300.0,3203200.0,2117200.0,2850300.0,2996200.0,0.0,0.0,0.0,0.0,0.0,1999900.0,3124000.0,2255300.0,1744100.0,3056500.0,0.0,0.0,0.0,0.0,0.0
20230823095246940,SZSE,SZSE.ETF.159859,0.455,0.456,0.459,0.454,0.0,0.505,0.413,33116900.0,0.0,15099160.1,0.0,0.0,0.0,20230823,20230823,95246939,0.459,0.0,0.0,0.454,0.453,0.452,0.451,0.45,0.0,0.0,0.0,0.0,0.0,0.455,0.456,0.457,0.458,0.459,0.0,0.0,0.0,0.0,0.0,1908800.0,3202600.0,2117200.0,2850300.0,3006200.0,0.0,0.0,0.0,0.0,0.0,1999900.0,3124000.0,2255300.0,1744100.0,3056500.0,0.0,0.0,0.0,0.0,0.0
20230823095249936,SZSE,SZSE.ETF.159859,0.455,0.456,0.459,0.454,0.0,0.505,0.413,33127000.0,10100.0,15103755.6,4595.5,0.0,0.0,20230823,20230823,95249935,0.459,0.0,0.0,0.454,0.453,0.452,0.451,0.45,0.0,0.0,0.0,0.0,0.0,0.455,0.456,0.457,0.458,0.459,0.0,0.0,0.0,0.0,0.0,1948800.0,3202600.0,2117200.0,2850300.0,3011900.0,0.0,0.0,0.0,0.0,0.0,1989800.0,3124000.0,2255300.0,1744100.0,3056500.0,0.0,0.0,0.0,0.0,0.0
20230823095253040,SZSE,SZSE.ETF.159859,0.455,0.456,0.459,0.454,0.0,0.505,0.413,33131000.0,4000.0,15105575.6,1820.0,0.0,0.0,20230823,20230823,95253039,0.459,0.0,0.0,0.454,0.453,0.452,0.451,0.45,0.0,0.0,0.0,0.0,0.0,0.455,0.456,0.457,0.458,0.459,0.0,0.0,0.0,0.0,0.0,1956800.0,3202600.0,2117200.0,2850300.0,3011900.0,0.0,0.0,0.0,0.0,0.0,1985800.0,3124000.0,2255300.0,1744100.0,3056500.0,0.0,0.0,0.0,0.0,0.0
20230823095255904,SZSE,SZSE.ETF.159859,0.455,0.456,0.459,0.454,0.0,0.505,0.413,33131000.0,0.0,15105575.6,0.0,0.0,0.0,20230823,20230823,95255906,0.459,0.0,0.0,0.454,0.453,0.452,0.451,0.45,0.0,0.0,0.0,0.0,0.0,0.455,0.456,0.457,0.458,0.459,0.0,0.0,0.0,0.0,0.0,1956800.0,3202500.0,2117200.0,2850300.0,3011900.0,0.0,0.0,0.0,0.0,0.0,1985800.0,3124000.0,2255300.0,1744100.0,3056500.0,0.0,0.0,0.0,0.0,0.0
20230823095258964,SZSE,SZSE.ETF.159859,0.455,0.456,0.459,0.454,0.0,0.505,0.413,33131000.0,0.0,15105575.6,0.0,0.0,0.0,20230823,20230823,95258965,0.459,0.0,0.0,0.454,0.453,0.452,0.451,0.45,0.0,0.0,0.0,0.0,0.0,0.455,0.456,0.457,0.458,0.459,0.0,0.0,0.0,0.0,0.0,1966800.0,3202500.0,2117200.0,2850300.0,3011900.0,0.0,0.0,0.0,0.0,0.0,1885800.0,3124000.0,2255300.0,1744100.0,3056500.0,0.0,0.0,0.0,0.0,0.0
