time,exchg,code,price,open,high,low,settle_price,upper_limit,lower_limit,total_volume,volume,total_turnover,turnover,open_interest,diff_interest,trading_date,action_date,action_time,pre_close,pre_settle,pre_interest,bid_price_0,bid_price_1,bid_price_2,bid_price_3,bid_price_4,bid_price_5,bid_price_6,bid_price_7,bid_price_8,bid_price_9,ask_price_0,ask_price_1,ask_price_2,ask_price_3,ask_price_4,ask_price_5,ask_price_6,ask_price_7,ask_price_8,ask_price_9,bid_qty_0,bid_qty_1,bid_qty_2,bid_qty_3,bid_qty_4,bid_qty_5,bid_qty_6,bid_qty_7,bid_qty_8,bid_qty_9,ask_qty_0,ask_qty_1,ask_qty_2,ask_qty_3,ask_qty_4,ask_qty_5,ask_qty_6,ask_qty_7,ask_qty_8,ask_qty_9
20230823093149776,SZSE,SZSE.ETF.159915,2.025,2.023,2.023,2.023,0.0,2.446,1.63,30094800.0,125500.0,60939885.6,254165.80000000447,0.0,0.0,20230823,20230823,93149775,2.038,0.0,0.0,2.024,2.023,2.022,2.021,2.02,0.0,0.0,0.0,0.0,0.0,2.025,2.026,2.027,2.028,2.029,0.0,0.0,0.0,0.0,0.0,560400.0,2017000.0,1338700.0,1314400.0,2043500.0,0.0,0.0,0.0,0.0,0.0,67900.0,1670499.0,1315400.0,903400.0,1157501.0,0.0,0.0,0.0,0.0,0.0
20230823093151960,SZSE,SZSE.ETF.159915,2.025,2.023,2.023,2.023,0.0,2.446,1.63,30144000.0,49200.0,61039515.6,99630.0,0.0,0.0,20230823,20230823,93151959,2.038,0.0,0.0,2.024,2.023,2.022,2.021,2.02,0.0,0.0,0.0,0.0,0.0,2.025,2.026,2.027,2.028,2.029,0.0,0.0,0.0,0.0,0.0,561700.0,2517400.0,1287700.0,1684400.0,3043500.0,0.0,0.0,0.0,0.0,0.0,615100.0,1608999.0,1115400.0,903400.0,1042101.0,0.0,0.0,0.0,0.0,0.0
20230823093154496,SZSE,SZSE.ETF.159915,2.025,2.023,2.023,2.023,0.0,2.446,1.63,30728000.0,584000.0,62222109.4,1182593.799999997,0.0,0.0,20230823,20230823,93154496,2.038,0.0,0.0,2.024,2.023,2.022,2.021,2.02,0.0,0.0,0.0,0.0,0.0,2.025,2.026,2.027,2.028,2.029,0.0,0.0,0.0,0.0,0.0,530300.0,3027400.0,1348500.0,2692100.0,2043500.0,0.0,0.0,0.0,0.0,0.0,77600.0,1671499.0,891300.0,880500.0,1042101.0,0.0,0.0,0.0,0.0,0.0
20230823093156324,SZSE,SZSE.ETF.159915,2.024,2.023,2.023,2.023,0.0,2.446,1.63,31070300.0,342300.0,62915263.2,693153.8000000045,0.0,0.0,20230823,20230823,93156324,2.038,0.0,0.0,2.025,2.024,2.023,2.022,2.021,0.0,0.0,0.0,0.0,0.0,2.026,2.027,2.028,2.029,2.03,0.0,0.0,0.0,0.0,0.0,80000.0,1239600.0,3481600.0,1264600.0,2573100.0,0.0,0.0,0.0,0.0,0.0,1660899.0,781300.0,990500.0,1158501.0,651400.0,0.0,0.0,0.0,0.0,0.0
20230823093159940,SZSE,SZSE.ETF.159915,2.025,2.023,2.023,2.023,0.0,2.446,1.63,31249900.0,179600.0,63278963.2,363700.0,0.0,0.0,20230823,20230823,93159939,2.038,0.0,0.0,2.025,2.024,2.023,2.022,2.021,0.0,0.0,0.0,0.0,0.0,2.026,2.027,2.028,2.029,2.03,0.0,0.0,0.0,0.0,0.0,873400.0,1912000.0,3531600.0,2264600.0,1573100.0,0.0,0.0,0.0,0.0,0.0,1834199.0,631300.0,2005100.0,1093101.0,651400.0,0.0,0.0,0.0,0.0,0.0
20230823093202736,SZSE,SZSE.ETF.159915,2.026,2.023,2.023,2.023,0.0,2.446,1.63,32533300.0,1283400.0,65878589.9,2599626.6999999955,0.0,0.0,20230823,20230823,93202736,2.038,0.0,0.0,2.025,2.024,2.023,2.022,2.021,0.0,0.0,0.0,0.0,0.0,2.026,2.027,2.028,2.029,2.03,0.0,0.0,0.0,0.0,0.0,562100.0,1787200.0,3581600.0,2660600.0,1549200.0,0.0,0.0,0.0,0.0,0.0,1093799.0,681300.0,1005100.0,2093101.0,651400.0,0.0,0.0,0.0,0.0,0.0
20230823093205584,SZSE,SZSE.ETF.159915,2.025,2.023,2.023,2.023,0.0,2.446,1.63,33219600.0,686300.0,67268990.2,1390400.3000000045,0.0,0.0,20230823,20230823,93205586,2.038,0.0,0.0,2.025,2.024,2.023,2.022,2.021,0.0,0.0,0.0,0.0,0.0,2.026,2.027,2.028,2.029,2.03,0.0,0.0,0.0,0.0,0.0,713500.0,1798200.0,4258800.0,1148500.0,1550800.0,0.0,0.0,0.0,0.0,0.0,450999.0,662900.0,895100.0,1203101.0,651700.0,0.0,0.0,0.0,0.0,0.0
20230823093208144,SZSE,SZSE.ETF.159915,2.026,2.023,2.023,2.023,0.0,2.446,1.63,33727299.0,507699.0,68297551.674,1028561.473999992,0.0,0.0,20230823,20230823,93208144,2.038,0.0,0.0,2.026,2.025,2.024,2.023,2.022,0.0,0.0,0.0,0.0,0.0,2.027,2.028,2.029,2.03,2.031,0.0,0.0,0.0,0.0,0.0,210900.0,741900.0,1810100.0,4156100.0,1548500.0,0.0,0.0,0.0,0.0,0.0,662900.0,895100.0,1203101.0,1651700.0,286900.0,0.0,0.0,0.0,0.0,0.0
20230823093319976,SZSE,SZSE.ETF.159915,2.024,2.023,2.028,2.023,0.0,2.446,1.63,44883999.0,1114500.0,90892877.737,2256186.299999997,0.0,0.0,20230823,20230823,93319977,2.038,0.0,0.0,2.024,2.023,2.022,2.021,2.02,0.0,0.0,0.0,0.0,0.0,2.025,2.026,2.027,2.028,2.029,0.0,0.0,0.0,0.0,0.0,417800.0,3358200.0,2687600.0,1259700.0,1941900.0,0.0,0.0,0.0,0.0,0.0,542000.0,2224100.0,1197000.0,919500.0,1123501.0,0.0,0.0,0.0,0.0,0.0
20230823093321228,SZSE,SZSE.ETF.159915,2.024,2.023,2.028,2.023,0.0,2.446,1.63,45554899.0,670900.0,92250876.037,1357998.299999997,0.0,0.0,20230823,20230823,93321228,2.038,0.0,0.0,2.023,2.022,2.021,2.02,2.019,0.0,0.0,0.0,0.0,0.0,2.025,2.026,2.027,2.028,2.029,0.0,0.0,0.0,0.0,0.0,3208600.0,2685500.0,1259700.0,1942100.0,1783100.0,0.0,0.0,0.0,0.0,0.0,596400.0,2304100.0,1322400.0,924500.0,1063501.0,0.0,0.0,0.0,0.0,0.0
20230823093326616,SZSE,SZSE.ETF.159915,2.024,2.023,2.028,2.023,0.0,2.446,1.63,45783399.0,228500.0,92713213.337,462337.299999997,0.0,0.0,20230823,20230823,93326617,2.038,0.0,0.0,2.024,2.023,2.022,2.021,2.02,0.0,0.0,0.0,0.0,0.0,2.025,2.026,2.027,2.028,2.029,0.0,0.0,0.0,0.0,0.0,87200.0,3058700.0,2431000.0,1319800.0,1892100.0,0.0,0.0,0.0,0.0,0.0,662000.0,2359100.0,1252600.0,934700.0,1063501.0,0.0,0.0,0.0,0.0,0.0
20230823093329792,SZSE,SZSE.ETF.159915,2.024,2.023,2.028,2.023,0.0,2.446,1.63,46198399.0,415000.0,93553498.137,840284.799999997,0.0,0.0,20230823,20230823,93329792,2.038,0.0,0.0,2.024,2.023,2.022,2.021,2.02,0.0,0.0,0.0,0.0,0.0,2.025,2.026,2.027,2.028,2.029,0.0,0.0,0.0,0.0,0.0,53300.0,3124100.0,2447600.0,1209800.0,1893500.0,0.0,0.0,0.0,0.0,0.0,426600.0,2166200.0,1257000.0,984700.0,1063501.0,0.0,0.0,0.0,0.0,0.0
20230823093330932,SZSE,SZSE.ETF.159915,2.025,2.023,2.028,2.023,0.0,2.446,1.63,46897099.0,698700.0,94967949.237,1414451.100000009,0.0,0.0,20230823,20230823,93330933,2.038,0.0,0.0,2.025,2.024,2.023,2.022,2.021,0.0,0.0,0.0,0.0,0.0,2.026,2.027,2.028,2.029,2.03,0.0,0.0,0.0,0.0,0.0,115000.0,242400.0,3139700.0,2447600.0,1209800.0,0.0,0.0,0.0,0.0,0.0,1956200.0,1197000.0,984700.0,1173501.0,534900.0,0.0,0.0,0.0,0.0,0.0
20230823093334508,SZSE,SZSE.ETF.159915,2.025,2.023,2.028,2.023,0.0,2.446,1.63,47204699.0,307600.0,95590706.537,622757.299999997,0.0,0.0,20230823,20230823,93334509,2.038,0.0,0.0,2.025,2.024,2.023,2.022,2.021,0.0,0.0,0.0,0.0,0.0,2.026,2.027,2.028,2.029,2.03,0.0,0.0,0.0,0.0,0.0,70100.0,468600.0,3195800.0,1087600.0,1206800.0,0.0,0.0,0.0,0.0,0.0,1906200.0,1497000.0,874700.0,1283501.0,584900.0,0.0,0.0,0.0,0.0,0.0
20230823093337700,SZSE,SZSE.ETF.159915,2.025,2.023,2.028,2.023,0.0,2.446,1.63,49889799.0,2685100.0,101029318.137,5438611.599999994,0.0,0.0,20230823,20230823,93337700,2.038,0.0,0.0,2.025,2.024,2.023,2.022,2.021,0.0,0.0,0.0,0.0,0.0,2.026,2.027,2.028,2.029,2.03,0.0,0.0,0.0,0.0,0.0,49400.0,1468500.0,3249600.0,1087600.0,1206800.0,0.0,0.0,0.0,0.0,0.0,518900.0,1247600.0,824700.0,2283501.0,584900.0,0.0,0.0,0.0,0.0,0.0
20230823093339992,SZSE,SZSE.ETF.159915,2.026,2.023,2.028,2.023,0.0,2.446,1.63,50853999.0,964200.0,102982110.237,1952792.100000009,0.0,0.0,20230823,20230823,93339990,2.038,0.0,0.0,2.025,2.024,2.023,2.022,2.021,0.0,0.0,0.0,0.0,0.0,2.026,2.027,2.028,2.029,2.03,0.0,0.0,0.0,0.0,0.0,219100.0,1699200.0,3193600.0,2199100.0,1547000.0,0.0,0.0,0.0,0.0,0.0,167400.0,1087600.0,924700.0,2233901.0,644900.0,0.0,0.0,0.0,0.0,0.0
20230823093343648,SZSE,SZSE.ETF.159915,2.025,2.023,2.028,2.023,0.0,2.446,1.63,51144799.0,290800.0,103571110.237,589000.0,0.0,0.0,20230823,20230823,93343648,2.038,0.0,0.0,2.025,2.024,2.023,2.022,2.021,0.0,0.0,0.0,0.0,0.0,2.026,2.027,2.028,2.029,2.03,0.0,0.0,0.0,0.0,0.0,339800.0,1508500.0,3385200.0,1091400.0,2212000.0,0.0,0.0,0.0,0.0,0.0,151200.0,1239600.0,867300.0,1283901.0,584900.0,0.0,0.0,0.0,0.0,0.0
20230823093346428,SZSE,SZSE.ETF.159915,2.025,2.023,2.028,2.023,0.0,2.446,1.63,52904599.0,1759800.0,107134337.137,3563226.899999991,0.0,0.0,20230823,20230823,93346429,2.038,0.0,0.0,2.024,2.023,2.022,2.021,2.02,0.0,0.0,0.0,0.0,0.0,2.025,2.026,2.027,2.028,2.029,0.0,0.0,0.0,0.0,0.0,275100.0,3334200.0,1091400.0,1212000.0,2944000.0,0.0,0.0,0.0,0.0,0.0,1740800.0,151200.0,1389600.0,887300.0,1283901.0,0.0,0.0,0.0,0.0,0.0
20230823093349704,SZSE,SZSE.ETF.159915,2.025,2.023,2.028,2.023,0.0,2.446,1.63,53830599.0,926000.0,109008216.637,1873879.5,0.0,0.0,20230823,20230823,93349706,2.038,0.0,0.0,2.024,2.023,2.022,2.021,2.02,0.0,0.0,0.0,0.0,0.0,2.025,2.026,2.027,2.028,2.029,0.0,0.0,0.0,0.0,0.0,5000.0,2814000.0,1302300.0,1262000.0,1944500.0,0.0,0.0,0.0,0.0,0.0,1734900.0,1208700.0,1599600.0,841400.0,997201.0,0.0,0.0,0.0,0.0,0.0
20230823093352368,SZSE,SZSE.ETF.159915,2.024,2.023,2.028,2.023,0.0,2.446,1.63,54603899.0,773300.0,110573373.637,1565157.0,0.0,0.0,20230823,20230823,93352369,2.038,0.0,0.0,2.023,2.022,2.021,2.02,2.019,0.0,0.0,0.0,0.0,0.0,2.024,2.025,2.026,2.027,2.028,0.0,0.0,0.0,0.0,0.0,2756500.0,1302300.0,1207000.0,2999500.0,785800.0,0.0,0.0,0.0,0.0,0.0,525800.0,1632700.0,438200.0,2484600.0,841400.0,0.0,0.0,0.0,0.0,0.0
20230823093354436,SZSE,SZSE.ETF.159915,2.024,2.023,2.028,2.023,0.0,2.446,1.63,55194499.0,590600.0,111768537.637,1195164.0,0.0,0.0,20230823,20230823,93354435,2.038,0.0,0.0,2.023,2.022,2.021,2.02,2.019,0.0,0.0,0.0,0.0,0.0,2.024,2.025,2.026,2.027,2.028,0.0,0.0,0.0,0.0,0.0,2501000.0,2843000.0,1477000.0,2942500.0,385800.0,0.0,0.0,0.0,0.0,0.0,172800.0,1636100.0,482600.0,2415600.0,730000.0,0.0,0.0,0.0,0.0,0.0
20230823093357328,SZSE,SZSE.ETF.159915,2.024,2.023,2.028,2.023,0.0,2.446,1.63,55532699.0,338200.0,112452903.337,684365.700000003,0.0,0.0,20230823,20230823,93357327,2.038,0.0,0.0,2.024,2.023,2.022,2.021,2.02,0.0,0.0,0.0,0.0,0.0,2.025,2.026,2.027,2.028,2.029,0.0,0.0,0.0,0.0,0.0,13800.0,2364900.0,2844800.0,1377000.0,1932500.0,0.0,0.0,0.0,0.0,0.0,1696600.0,1545000.0,1250200.0,730000.0,1057201.0,0.0,0.0,0.0,0.0,0.0
20230823093400428,SZSE,SZSE.ETF.159915,2.024,2.023,2.028,2.023,0.0,2.446,1.63,55693799.0,161100.0,112778923.237,326019.90000000596,0.0,0.0,20230823,20230823,93400427,2.038,0.0,0.0,2.023,2.022,2.021,2.02,2.019,0.0,0.0,0.0,0.0,0.0,2.025,2.026,2.027,2.028,2.029,0.0,0.0,0.0,0.0,0.0,2394700.0,2950400.0,1326200.0,1947500.0,1325800.0,0.0,0.0,0.0,0.0,0.0,1729700.0,1540600.0,1294600.0,880000.0,1057201.0,0.0,0.0,0.0,0.0,0.0
20230823093402900,SZSE,SZSE.ETF.159915,2.024,2.023,2.028,2.023,0.0,2.446,1.63,55922199.0,228400.0,113241165.537,462242.299999997,0.0,0.0,20230823,20230823,93402900,2.038,0.0,0.0,2.023,2.022,2.021,2.02,2.019,0.0,0.0,0.0,0.0,0.0,2.024,2.025,2.026,2.027,2.028,0.0,0.0,0.0,0.0,0.0,1358000.0,3045400.0,1738600.0,1947500.0,315800.0,0.0,0.0,0.0,0.0,0.0,146900.0,1989200.0,595000.0,1573200.0,830000.0,0.0,0.0,0.0,0.0,0.0
20230823093405484,SZSE,SZSE.ETF.159915,2.023,2.023,2.028,2.023,0.0,2.446,1.63,56036099.0,113900.0,113471640.937,230475.40000000596,0.0,0.0,20230823,20230823,93405484,2.038,0.0,0.0,2.023,2.022,2.021,2.02,2.019,0.0,0.0,0.0,0.0,0.0,2.024,2.025,2.026,2.027,2.028,0.0,0.0,0.0,0.0,0.0,951600.0,2845400.0,1578600.0,2047500.0,370800.0,0.0,0.0,0.0,0.0,0.0,209900.0,2916700.0,860400.0,1433200.0,770000.0,0.0,0.0,0.0,0.0,0.0
20230823093408144,SZSE,SZSE.ETF.159915,2.024,2.023,2.028,2.023,0.0,2.446,1.63,56137499.0,101400.0,113676838.437,205197.5,0.0,0.0,20230823,20230823,93408146,2.038,0.0,0.0,2.023,2.022,2.021,2.02,2.019,0.0,0.0,0.0,0.0,0.0,2.024,2.025,2.026,2.027,2.028,0.0,0.0,0.0,0.0,0.0,929600.0,2854900.0,1573800.0,2083000.0,370800.0,0.0,0.0,0.0,0.0,0.0,1247500.0,1986400.0,755000.0,1483200.0,765000.0,0.0,0.0,0.0,0.0,0.0
20230823093417744,SZSE,SZSE.ETF.159915,2.023,2.023,2.028,2.022,0.0,2.446,1.63,58107199.0,552800.0,117661256.337,1118030.200000003,0.0,0.0,20230823,20230823,93417745,2.038,0.0,0.0,2.022,2.021,2.02,2.019,2.018,0.0,0.0,0.0,0.0,0.0,2.023,2.024,2.025,2.026,2.027,0.0,0.0,0.0,0.0,0.0,775200.0,2477100.0,2024200.0,500900.0,937800.0,0.0,0.0,0.0,0.0,0.0,181900.0,553600.0,2300200.0,362600.0,1373200.0,0.0,0.0,0.0,0.0,0.0
20230823093420648,SZSE,SZSE.ETF.159915,2.023,2.023,2.028,2.022,0.0,2.446,1.63,58309199.0,202000.0,118069735.337,408479.0,0.0,0.0,20230823,20230823,93420646,2.038,0.0,0.0,2.022,2.021,2.02,2.019,2.018,0.0,0.0,0.0,0.0,0.0,2.023,2.024,2.025,2.026,2.027,0.0,0.0,0.0,0.0,0.0,608200.0,2480100.0,2130100.0,400800.0,937700.0,0.0,0.0,0.0,0.0,0.0,212500.0,738300.0,2190200.0,472600.0,1373200.0,0.0,0.0,0.0,0.0,0.0
20230823093423384,SZSE,SZSE.ETF.159915,2.022,2.023,2.028,2.021,0.0,2.446,1.63,59040999.0,731800.0,119549394.637,1479659.299999997,0.0,0.0,20230823,20230823,93423382,2.038,0.0,0.0,2.021,2.02,2.019,2.018,2.017,0.0,0.0,0.0,0.0,0.0,2.022,2.023,2.024,2.025,2.026,0.0,0.0,0.0,0.0,0.0,2425000.0,2024600.0,549900.0,938700.0,279500.0,0.0,0.0,0.0,0.0,0.0,343100.0,250600.0,804300.0,2301300.0,363600.0,0.0,0.0,0.0,0.0,0.0
20230823093426440,SZSE,SZSE.ETF.159915,2.022,2.023,2.028,2.021,0.0,2.446,1.63,59302499.0,261500.0,120077932.137,528537.5,0.0,0.0,20230823,20230823,93426442,2.038,0.0,0.0,2.021,2.02,2.019,2.018,2.017,0.0,0.0,0.0,0.0,0.0,2.022,2.023,2.024,2.025,2.026,0.0,0.0,0.0,0.0,0.0,905100.0,3214200.0,609900.0,988700.0,279500.0,0.0,0.0,0.0,0.0,0.0,480500.0,911826.0,1117500.0,1906900.0,303600.0,0.0,0.0,0.0,0.0,0.0
20230823093429292,SZSE,SZSE.ETF.159915,2.022,2.023,2.028,2.021,0.0,2.446,1.63,59781499.0,479000.0,121046008.937,968076.8000000119,0.0,0.0,20230823,20230823,93429291,2.038,0.0,0.0,2.021,2.02,2.019,2.018,2.017,0.0,0.0,0.0,0.0,0.0,2.022,2.023,2.024,2.025,2.026,0.0,0.0,0.0,0.0,0.0,447200.0,2064200.0,549900.0,1048700.0,279800.0,0.0,0.0,0.0,0.0,0.0,511400.0,898226.0,1175500.0,1904500.0,299800.0,0.0,0.0,0.0,0.0,0.0
20230823093432192,SZSE,SZSE.ETF.159915,2.021,2.023,2.028,2.021,0.0,2.446,1.63,60218499.0,437000.0,121929199.937,883191.0,0.0,0.0,20230823,20230823,93432194,2.038,0.0,0.0,2.02,2.019,2.018,2.017,2.016,0.0,0.0,0.0,0.0,0.0,2.021,2.022,2.023,2.024,2.025,0.0,0.0,0.0,0.0,0.0,1936000.0,723900.0,1364600.0,279900.0,506600.0,0.0,0.0,0.0,0.0,0.0,399200.0,697000.0,855400.0,1291900.0,1855500.0,0.0,0.0,0.0,0.0,0.0
20230823093435520,SZSE,SZSE.ETF.159915,2.021,2.023,2.028,2.02,0.0,2.446,1.63,60432199.0,213700.0,122360950.237,431750.299999997,0.0,0.0,20230823,20230823,93435520,2.038,0.0,0.0,2.02,2.019,2.018,2.017,2.016,0.0,0.0,0.0,0.0,0.0,2.021,2.022,2.023,2.024,2.025,0.0,0.0,0.0,0.0,0.0,1478300.0,959400.0,1099700.0,759900.0,506600.0,0.0,0.0,0.0,0.0,0.0,217100.0,1153600.0,1566200.0,672100.0,1781400.0,0.0,0.0,0.0,0.0,0.0
20230823093438300,SZSE,SZSE.ETF.159915,2.02,2.023,2.028,2.02,0.0,2.446,1.63,61160199.0,728000.0,123831572.737,1470622.5,0.0,0.0,20230823,20230823,93438301,2.038,0.0,0.0,2.02,2.019,2.018,2.017,2.016,0.0,0.0,0.0,0.0,0.0,2.021,2.022,2.023,2.024,2.025,0.0,0.0,0.0,0.0,0.0,863800.0,559400.0,1422300.0,552800.0,506800.0,0.0,0.0,0.0,0.0,0.0,349600.0,1298300.0,1681600.0,705100.0,1781400.0,0.0,0.0,0.0,0.0,0.0
20230823093441212,SZSE,SZSE.ETF.159915,2.021,2.023,2.028,2.019,0.0,2.446,1.63,62323099.0,1162900.0,126180463.437,2348890.700000003,0.0,0.0,20230823,20230823,93441211,2.038,0.0,0.0,2.019,2.018,2.017,2.016,2.015,0.0,0.0,0.0,0.0,0.0,2.021,2.022,2.023,2.024,2.025,0.0,0.0,0.0,0.0,0.0,371200.0,1374200.0,523900.0,566800.0,2463000.0,0.0,0.0,0.0,0.0,0.0,997026.0,1150600.0,1507900.0,567300.0,1782400.0,0.0,0.0,0.0,0.0,0.0
20230823093444244,SZSE,SZSE.ETF.159915,2.02,2.023,2.028,2.019,0.0,2.446,1.63,62810299.0,487200.0,127164285.937,983822.5,0.0,0.0,20230823,20230823,93444243,2.038,0.0,0.0,2.019,2.018,2.017,2.016,2.015,0.0,0.0,0.0,0.0,0.0,2.02,2.021,2.022,2.023,2.024,0.0,0.0,0.0,0.0,0.0,200000.0,2147200.0,744900.0,776800.0,2463000.0,0.0,0.0,0.0,0.0,0.0,88600.0,1180126.0,1164600.0,1188000.0,573300.0,0.0,0.0,0.0,0.0,0.0
20230823093447896,SZSE,SZSE.ETF.159915,2.02,2.023,2.028,2.019,0.0,2.446,1.63,63606899.0,796600.0,128773279.537,1608993.599999994,0.0,0.0,20230823,20230823,93447895,2.038,0.0,0.0,2.02,2.019,2.018,2.017,2.016,0.0,0.0,0.0,0.0,0.0,2.021,2.022,2.023,2.024,2.025,0.0,0.0,0.0,0.0,0.0,206500.0,2506300.0,2961700.0,474900.0,1966800.0,0.0,0.0,0.0,0.0,0.0,265700.0,1225100.0,598000.0,478300.0,1898800.0,0.0,0.0,0.0,0.0,0.0
20230823093451020,SZSE,SZSE.ETF.159915,2.021,2.023,2.028,2.019,0.0,2.446,1.63,64322099.0,715200.0,130218377.537,1445098.0,0.0,0.0,20230823,20230823,93451021,2.038,0.0,0.0,2.02,2.019,2.018,2.017,2.016,0.0,0.0,0.0,0.0,0.0,2.022,2.023,2.024,2.025,2.026,0.0,0.0,0.0,0.0,0.0,348100.0,2566600.0,3133400.0,1714800.0,907800.0,0.0,0.0,0.0,0.0,0.0,650600.0,556600.0,643400.0,1898800.0,215600.0,0.0,0.0,0.0,0.0,0.0
20230823093453484,SZSE,SZSE.ETF.159915,2.02,2.023,2.028,2.019,0.0,2.446,1.63,64804225.0,482126.0,131192296.057,973918.5199999958,0.0,0.0,20230823,20230823,93453483,2.038,0.0,0.0,2.021,2.02,2.019,2.018,2.017,0.0,0.0,0.0,0.0,0.0,2.022,2.023,2.024,2.025,2.026,0.0,0.0,0.0,0.0,0.0,2100.0,1109474.0,2446700.0,4019800.0,760800.0,0.0,0.0,0.0,0.0,0.0,330600.0,816600.0,666900.0,2903400.0,210600.0,0.0,0.0,0.0,0.0,0.0
20230823093456504,SZSE,SZSE.ETF.159915,2.021,2.023,2.028,2.019,0.0,2.446,1.63,65019925.0,215700.0,131628049.057,435753.0,0.0,0.0,20230823,20230823,93456505,2.038,0.0,0.0,2.021,2.02,2.019,2.018,2.017,0.0,0.0,0.0,0.0,0.0,2.022,2.023,2.024,2.025,2.026,0.0,0.0,0.0,0.0,0.0,1000.0,1370774.0,2363200.0,2119800.0,760900.0,0.0,0.0,0.0,0.0,0.0,328900.0,922100.0,1516400.0,2843400.0,386000.0,0.0,0.0,0.0,0.0,0.0
20230823093459976,SZSE,SZSE.ETF.159915,2.02,2.023,2.028,2.019,0.0,2.446,1.63,65197525.0,177600.0,131986971.657,358922.60000000894,0.0,0.0,20230823,20230823,93459976,2.038,0.0,0.0,2.02,2.019,2.018,2.017,2.016,0.0,0.0,0.0,0.0,0.0,2.021,2.022,2.023,2.024,2.025,0.0,0.0,0.0,0.0,0.0,1976474.0,3405500.0,1519700.0,708600.0,521200.0,0.0,0.0,0.0,0.0,0.0,20000.0,210400.0,594700.0,916300.0,1445000.0,0.0,0.0,0.0,0.0,0.0
20230823093503760,SZSE,SZSE.ETF.159915,2.022,2.023,2.028,2.019,0.0,2.446,1.63,65489325.0,291800.0,132576718.257,589746.599999994,0.0,0.0,20230823,20230823,93503759,2.038,0.0,0.0,2.021,2.02,2.019,2.018,2.017,0.0,0.0,0.0,0.0,0.0,2.022,2.023,2.024,2.025,2.026,0.0,0.0,0.0,0.0,0.0,472300.0,2397474.0,3613900.0,1454900.0,303600.0,0.0,0.0,0.0,0.0,0.0,179100.0,279200.0,761900.0,714900.0,370600.0,0.0,0.0,0.0,0.0,0.0
20230823093507204,SZSE,SZSE.ETF.159915,2.022,2.023,2.028,2.019,0.0,2.446,1.63,66366325.0,877000.0,134349067.557,1772349.300000012,0.0,0.0,20230823,20230823,93507204,2.038,0.0,0.0,2.021,2.02,2.019,2.018,2.017,0.0,0.0,0.0,0.0,0.0,2.022,2.023,2.024,2.025,2.026,0.0,0.0,0.0,0.0,0.0,298700.0,3912874.0,3447700.0,1185900.0,304600.0,0.0,0.0,0.0,0.0,0.0,69100.0,384700.0,811300.0,499000.0,1330600.0,0.0,0.0,0.0,0.0,0.0
20230823093534636,SZSE,SZSE.ETF.159915,2.024,2.023,2.028,2.019,0.0,2.446,1.63,70343525.0,316400.0,142393113.857,640322.900000006,0.0,0.0,20230823,20230823,93534635,2.038,0.0,0.0,2.024,2.023,2.022,2.021,2.02,0.0,0.0,0.0,0.0,0.0,2.025,2.026,2.027,2.028,2.029,0.0,0.0,0.0,0.0,0.0,2500.0,443000.0,2581100.0,3854800.0,1835400.0,0.0,0.0,0.0,0.0,0.0,260000.0,647000.0,1578200.0,1641900.0,828300.0,0.0,0.0,0.0,0.0,0.0
20230823093537480,SZSE,SZSE.ETF.159915,2.025,2.023,2.028,2.019,0.0,2.446,1.63,70478225.0,134700.0,142665796.657,272682.8000000119,0.0,0.0,20230823,20230823,93537480,2.038,0.0,0.0,2.024,2.023,2.022,2.021,2.02,0.0,0.0,0.0,0.0,0.0,2.025,2.026,2.027,2.028,2.029,0.0,0.0,0.0,0.0,0.0,106900.0,1031000.0,2377700.0,2092000.0,2164200.0,0.0,0.0,0.0,0.0,0.0,530000.0,493600.0,2463600.0,918300.0,879300.0,0.0,0.0,0.0,0.0,0.0
20230823093541072,SZSE,SZSE.ETF.159915,2.025,2.023,2.028,2.019,0.0,2.446,1.63,70524625.0,46400.0,142759710.957,93914.29999998212,0.0,0.0,20230823,20230823,93541071,2.038,0.0,0.0,2.024,2.023,2.022,2.021,2.02,0.0,0.0,0.0,0.0,0.0,2.025,2.026,2.027,2.028,2.029,0.0,0.0,0.0,0.0,0.0,124500.0,1602600.0,2342900.0,2412000.0,2004200.0,0.0,0.0,0.0,0.0,0.0,294300.0,655800.0,2463600.0,918300.0,829300.0,0.0,0.0,0.0,0.0,0.0
20230823093544732,SZSE,SZSE.ETF.159915,2.025,2.023,2.028,2.019,0.0,2.446,1.63,71007425.0,482800.0,143737298.357,977587.400000006,0.0,0.0,20230823,20230823,93544732,2.038,0.0,0.0,2.024,2.023,2.022,2.021,2.02,0.0,0.0,0.0,0.0,0.0,2.025,2.026,2.027,2.028,2.029,0.0,0.0,0.0,0.0,0.0,160200.0,1831300.0,2451700.0,608200.0,1844000.0,0.0,0.0,0.0,0.0,0.0,539800.0,385800.0,1454600.0,753900.0,830300.0,0.0,0.0,0.0,0.0,0.0
20230823093547792,SZSE,SZSE.ETF.159915,2.025,2.023,2.028,2.019,0.0,2.446,1.63,71157425.0,150000.0,144040927.857,303629.5,0.0,0.0,20230823,20230823,93547794,2.038,0.0,0.0,2.024,2.023,2.022,2.021,2.02,0.0,0.0,0.0,0.0,0.0,2.025,2.026,2.027,2.028,2.029,0.0,0.0,0.0,0.0,0.0,83800.0,1637700.0,2453300.0,601800.0,2921200.0,0.0,0.0,0.0,0.0,0.0,351300.0,1705800.0,1407100.0,813900.0,831000.0,0.0,0.0,0.0,0.0,0.0
20230823093550276,SZSE,SZSE.ETF.159915,2.025,2.023,2.028,2.019,0.0,2.446,1.63,71222625.0,65200.0,144172910.757,131982.90000000596,0.0,0.0,20230823,20230823,93550277,2.038,0.0,0.0,2.024,2.023,2.022,2.021,2.02,0.0,0.0,0.0,0.0,0.0,2.025,2.026,2.027,2.028,2.029,0.0,0.0,0.0,0.0,0.0,144900.0,1652200.0,2016200.0,867800.0,2141100.0,0.0,0.0,0.0,0.0,0.0,576200.0,1546000.0,1467100.0,703900.0,805600.0,0.0,0.0,0.0,0.0,0.0
20230823093553036,SZSE,SZSE.ETF.159915,2.024,2.023,2.028,2.019,0.0,2.446,1.63,71304225.0,81600.0,144338132.257,165221.5,0.0,0.0,20230823,20230823,93553035,2.038,0.0,0.0,2.024,2.023,2.022,2.021,2.02,0.0,0.0,0.0,0.0,0.0,2.025,2.026,2.027,2.028,2.029,0.0,0.0,0.0,0.0,0.0,376000.0,1732200.0,2404300.0,707800.0,2574200.0,0.0,0.0,0.0,0.0,0.0,623600.0,1686000.0,1582500.0,704600.0,805600.0,0.0,0.0,0.0,0.0,0.0
20230823093555612,SZSE,SZSE.ETF.159915,2.024,2.023,2.028,2.019,0.0,2.446,1.63,71910325.0,606100.0,145564889.557,1226757.300000012,0.0,0.0,20230823,20230823,93555612,2.038,0.0,0.0,2.023,2.022,2.021,2.02,2.019,0.0,0.0,0.0,0.0,0.0,2.024,2.025,2.026,2.027,2.028,0.0,0.0,0.0,0.0,0.0,1979200.0,2004300.0,634200.0,2009600.0,295100.0,0.0,0.0,0.0,0.0,0.0,11800.0,270900.0,881400.0,1627100.0,704600.0,0.0,0.0,0.0,0.0,0.0
20230823093559568,SZSE,SZSE.ETF.159915,2.025,2.023,2.028,2.019,0.0,2.446,1.63,72151525.0,241200.0,146053011.457,488121.89999997616,0.0,0.0,20230823,20230823,93559568,2.038,0.0,0.0,2.024,2.023,2.022,2.021,2.02,0.0,0.0,0.0,0.0,0.0,2.025,2.026,2.027,2.028,2.029,0.0,0.0,0.0,0.0,0.0,29800.0,2076800.0,3169700.0,1043100.0,2010700.0,0.0,0.0,0.0,0.0,0.0,270300.0,575800.0,2680700.0,704600.0,805600.0,0.0,0.0,0.0,0.0,0.0
20230823093603504,SZSE,SZSE.ETF.159915,2.025,2.023,2.028,2.019,0.0,2.446,1.63,72233925.0,82400.0,146219789.657,166778.20000001788,0.0,0.0,20230823,20230823,93603503,2.038,0.0,0.0,2.024,2.023,2.022,2.021,2.02,0.0,0.0,0.0,0.0,0.0,2.025,2.026,2.027,2.028,2.029,0.0,0.0,0.0,0.0,0.0,45700.0,1881200.0,2945000.0,1853100.0,1185700.0,0.0,0.0,0.0,0.0,0.0,384500.0,791400.0,2465100.0,704600.0,805600.0,0.0,0.0,0.0,0.0,0.0
20230823093605656,SZSE,SZSE.ETF.159915,2.024,2.023,2.028,2.019,0.0,2.446,1.63,72274325.0,40400.0,146301567.057,81777.40000000596,0.0,0.0,20230823,20230823,93605654,2.038,0.0,0.0,2.024,2.023,2.022,2.021,2.02,0.0,0.0,0.0,0.0,0.0,2.025,2.026,2.027,2.028,2.029,0.0,0.0,0.0,0.0,0.0,134200.0,2006500.0,3052300.0,817100.0,2185700.0,0.0,0.0,0.0,0.0,0.0,377800.0,798900.0,2415100.0,754600.0,805600.0,0.0,0.0,0.0,0.0,0.0
20230823093607664,SZSE,SZSE.ETF.159915,2.023,2.023,2.028,2.019,0.0,2.446,1.63,74045825.0,1771500.0,149886249.757,3584682.699999988,0.0,0.0,20230823,20230823,93607666,2.038,0.0,0.0,2.022,2.021,2.02,2.019,2.018,0.0,0.0,0.0,0.0,0.0,2.024,2.025,2.026,2.027,2.028,0.0,0.0,0.0,0.0,0.0,2988400.0,877100.0,676000.0,690200.0,1192400.0,0.0,0.0,0.0,0.0,0.0,498700.0,444100.0,1978900.0,1911700.0,754600.0,0.0,0.0,0.0,0.0,0.0
20230823093611544,SZSE,SZSE.ETF.159915,2.022,2.023,2.028,2.019,0.0,2.446,1.63,74696025.0,650200.0,151201105.757,1314856.0,0.0,0.0,20230823,20230823,93611546,2.038,0.0,0.0,2.022,2.021,2.02,2.019,2.018,0.0,0.0,0.0,0.0,0.0,2.023,2.024,2.025,2.026,2.027,0.0,0.0,0.0,0.0,0.0,910500.0,2130100.0,1118000.0,290200.0,1192400.0,0.0,0.0,0.0,0.0,0.0,137700.0,1897300.0,1397400.0,1771200.0,1310700.0,0.0,0.0,0.0,0.0,0.0
20230823093613992,SZSE,SZSE.ETF.159915,2.022,2.023,2.028,2.019,0.0,2.446,1.63,75651625.0,955600.0,153132405.557,1931299.800000012,0.0,0.0,20230823,20230823,93613993,2.038,0.0,0.0,2.02,2.019,2.018,2.017,2.016,0.0,0.0,0.0,0.0,0.0,2.022,2.023,2.024,2.025,2.026,0.0,0.0,0.0,0.0,0.0,1383700.0,706100.0,902400.0,1720100.0,567800.0,0.0,0.0,0.0,0.0,0.0,179200.0,1205200.0,1268300.0,2453600.0,544200.0,0.0,0.0,0.0,0.0,0.0
20230823093617780,SZSE,SZSE.ETF.159915,2.022,2.023,2.028,2.019,0.0,2.446,1.63,76141225.0,489600.0,154121440.157,989034.599999994,0.0,0.0,20230823,20230823,93617781,2.038,0.0,0.0,2.02,2.019,2.018,2.017,2.016,0.0,0.0,0.0,0.0,0.0,2.022,2.023,2.024,2.025,2.026,0.0,0.0,0.0,0.0,0.0,456600.0,2561200.0,1062500.0,841100.0,1967800.0,0.0,0.0,0.0,0.0,0.0,377200.0,856800.0,1775000.0,1284600.0,444200.0,0.0,0.0,0.0,0.0,0.0
20230823093619688,SZSE,SZSE.ETF.159915,2.021,2.023,2.028,2.019,0.0,2.446,1.63,76390125.0,248900.0,154624298.357,502858.1999999881,0.0,0.0,20230823,20230823,93619686,2.038,0.0,0.0,2.02,2.019,2.018,2.017,2.016,0.0,0.0,0.0,0.0,0.0,2.021,2.022,2.023,2.024,2.025,0.0,0.0,0.0,0.0,0.0,4300.0,2217400.0,1190900.0,831100.0,967800.0,0.0,0.0,0.0,0.0,0.0,189800.0,1699700.0,1016100.0,2064000.0,474600.0,0.0,0.0,0.0,0.0,0.0
20230823093622936,SZSE,SZSE.ETF.159915,2.021,2.023,2.028,2.019,0.0,2.446,1.63,76514825.0,124700.0,154876150.457,251852.09999999404,0.0,0.0,20230823,20230823,93622938,2.038,0.0,0.0,2.02,2.019,2.018,2.017,2.016,0.0,0.0,0.0,0.0,0.0,2.021,2.022,2.023,2.024,2.025,0.0,0.0,0.0,0.0,0.0,7300.0,1986000.0,1090900.0,751100.0,1087800.0,0.0,0.0,0.0,0.0,0.0,173300.0,999700.0,971100.0,634000.0,474600.0,0.0,0.0,0.0,0.0,0.0
20230823093625168,SZSE,SZSE.ETF.159915,2.021,2.023,2.028,2.019,0.0,2.446,1.63,76613025.0,98200.0,155074512.157,198361.70000001788,0.0,0.0,20230823,20230823,93625168,2.038,0.0,0.0,2.02,2.019,2.018,2.017,2.016,0.0,0.0,0.0,0.0,0.0,2.021,2.022,2.023,2.024,2.025,0.0,0.0,0.0,0.0,0.0,20600.0,1657200.0,1140900.0,811100.0,1187800.0,0.0,0.0,0.0,0.0,0.0,1156300.0,839700.0,871100.0,684000.0,408400.0,0.0,0.0,0.0,0.0,0.0
20230823093626776,SZSE,SZSE.ETF.159915,2.02,2.023,2.028,2.019,0.0,2.446,1.63,76662325.0,49300.0,155174099.557,99587.40000000596,0.0,0.0,20230823,20230823,93626774,2.038,0.0,0.0,2.019,2.018,2.017,2.016,2.015,0.0,0.0,0.0,0.0,0.0,2.02,2.021,2.022,2.023,2.024,0.0,0.0,0.0,0.0,0.0,1847500.0,1136400.0,1151100.0,1188100.0,1152700.0,0.0,0.0,0.0,0.0,0.0,119801.0,490800.0,860500.0,1871100.0,859400.0,0.0,0.0,0.0,0.0,0.0
20230823093629600,SZSE,SZSE.ETF.159915,2.02,2.023,2.028,2.019,0.0,2.446,1.63,76941725.0,279400.0,155738577.856,564478.298999995,0.0,0.0,20230823,20230823,93629600,2.038,0.0,0.0,2.02,2.019,2.018,2.017,2.016,0.0,0.0,0.0,0.0,0.0,2.022,2.023,2.024,2.025,2.026,0.0,0.0,0.0,0.0,0.0,246600.0,2197800.0,2501000.0,1991200.0,1041100.0,0.0,0.0,0.0,0.0,0.0,595000.0,1521900.0,963900.0,463900.0,484200.0,0.0,0.0,0.0,0.0,0.0
20230823093632096,SZSE,SZSE.ETF.159915,2.022,2.023,2.028,2.019,0.0,2.446,1.63,77060025.0,118300.0,155977641.256,239063.40000000596,0.0,0.0,20230823,20230823,93632098,2.038,0.0,0.0,2.021,2.02,2.019,2.018,2.017,0.0,0.0,0.0,0.0,0.0,2.022,2.023,2.024,2.025,2.026,0.0,0.0,0.0,0.0,0.0,1000.0,396400.0,1884300.0,2887100.0,1541100.0,0.0,0.0,0.0,0.0,0.0,709400.0,2040800.0,794000.0,523900.0,544200.0,0.0,0.0,0.0,0.0,0.0
20230823093635240,SZSE,SZSE.ETF.159915,2.02,2.023,2.028,2.019,0.0,2.446,1.63,77200825.0,140800.0,156262069.256,284428.0,0.0,0.0,20230823,20230823,93635241,2.038,0.0,0.0,2.02,2.019,2.018,2.017,2.016,0.0,0.0,0.0,0.0,0.0,2.022,2.023,2.024,2.025,2.026,0.0,0.0,0.0,0.0,0.0,330600.0,2115900.0,1344500.0,1975500.0,1041100.0,0.0,0.0,0.0,0.0,0.0,703900.0,2040800.0,909400.0,544100.0,544200.0,0.0,0.0,0.0,0.0,0.0
20230823093638088,SZSE,SZSE.ETF.159915,2.021,2.023,2.028,2.019,0.0,2.446,1.63,77242625.0,41800.0,156346512.456,84443.19999998808,0.0,0.0,20230823,20230823,93638086,2.038,0.0,0.0,2.02,2.019,2.018,2.017,2.016,0.0,0.0,0.0,0.0,0.0,2.021,2.022,2.023,2.024,2.025,0.0,0.0,0.0,0.0,0.0,527500.0,2545900.0,1550000.0,1733500.0,1071100.0,0.0,0.0,0.0,0.0,0.0,19800.0,756500.0,1100800.0,1849900.0,620200.0,0.0,0.0,0.0,0.0,0.0
20230823093641136,SZSE,SZSE.ETF.159915,2.02,2.023,2.028,2.019,0.0,2.446,1.63,77305025.0,62400.0,156472595.256,126082.80000001192,0.0,0.0,20230823,20230823,93641134,2.038,0.0,0.0,2.02,2.019,2.018,2.017,2.016,0.0,0.0,0.0,0.0,0.0,2.022,2.023,2.024,2.025,2.026,0.0,0.0,0.0,0.0,0.0,522700.0,3029900.0,1401500.0,1913500.0,1071100.0,0.0,0.0,0.0,0.0,0.0,550300.0,1090800.0,2099500.0,537700.0,544200.0,0.0,0.0,0.0,0.0,0.0
20230823093644080,SZSE,SZSE.ETF.159915,2.02,2.023,2.028,2.019,0.0,2.446,1.63,77375825.0,70800.0,156615643.456,143048.19999998808,0.0,0.0,20230823,20230823,93644082,2.038,0.0,0.0,2.02,2.019,2.018,2.017,2.016,0.0,0.0,0.0,0.0,0.0,2.021,2.022,2.023,2.024,2.025,0.0,0.0,0.0,0.0,0.0,531600.0,2641800.0,1451500.0,1515500.0,1091100.0,0.0,0.0,0.0,0.0,0.0,184700.0,1002700.0,1040800.0,2344500.0,632700.0,0.0,0.0,0.0,0.0,0.0
20230823093647128,SZSE,SZSE.ETF.159915,2.02,2.023,2.028,2.019,0.0,2.446,1.63,77553725.0,177900.0,156975014.356,359370.90000000596,0.0,0.0,20230823,20230823,93647127,2.038,0.0,0.0,2.02,2.019,2.018,2.017,2.016,0.0,0.0,0.0,0.0,0.0,2.021,2.022,2.023,2.024,2.025,0.0,0.0,0.0,0.0,0.0,425700.0,1800800.0,1551500.0,2185500.0,1091100.0,0.0,0.0,0.0,0.0,0.0,231800.0,1077600.0,2150800.0,769500.0,530500.0,0.0,0.0,0.0,0.0,0.0
20230823093650080,SZSE,SZSE.ETF.159915,2.021,2.023,2.028,2.019,0.0,2.446,1.63,77644025.0,90300.0,157157453.256,182438.90000000596,0.0,0.0,20230823,20230823,93650079,2.038,0.0,0.0,2.02,2.019,2.018,2.017,2.016,0.0,0.0,0.0,0.0,0.0,2.021,2.022,2.023,2.024,2.025,0.0,0.0,0.0,0.0,0.0,382000.0,1849800.0,1551500.0,2025500.0,1091100.0,0.0,0.0,0.0,0.0,0.0,208900.0,1199600.0,2150800.0,769500.0,530500.0,0.0,0.0,0.0,0.0,0.0
20230823093653052,SZSE,SZSE.ETF.159915,2.021,2.023,2.028,2.019,0.0,2.446,1.63,78493725.0,849700.0,158873872.156,1716418.8999999762,0.0,0.0,20230823,20230823,93653053,2.038,0.0,0.0,2.02,2.019,2.018,2.017,2.016,0.0,0.0,0.0,0.0,0.0,2.021,2.022,2.023,2.024,2.025,0.0,0.0,0.0,0.0,0.0,296600.0,2491200.0,1897500.0,2025500.0,696100.0,0.0,0.0,0.0,0.0,0.0,84000.0,979600.0,2410300.0,989500.0,1042100.0,0.0,0.0,0.0,0.0,0.0
20230823093659056,SZSE,SZSE.ETF.159915,2.021,2.023,2.028,2.019,0.0,2.446,1.63,78882325.0,110300.0,159658925.956,222831.40000000596,0.0,0.0,20230823,20230823,93659054,2.038,0.0,0.0,2.02,2.019,2.018,2.017,2.016,0.0,0.0,0.0,0.0,0.0,2.021,2.022,2.023,2.024,2.025,0.0,0.0,0.0,0.0,0.0,132700.0,2572800.0,2837000.0,975500.0,720000.0,0.0,0.0,0.0,0.0,0.0,357600.0,1249600.0,990300.0,1954500.0,1042100.0,0.0,0.0,0.0,0.0,0.0
20230823093702092,SZSE,SZSE.ETF.159915,2.02,2.023,2.028,2.019,0.0,2.446,1.63,78945225.0,62900.0,159785985.256,127059.30000001192,0.0,0.0,20230823,20230823,93702092,2.038,0.0,0.0,2.02,2.019,2.018,2.017,2.016,0.0,0.0,0.0,0.0,0.0,2.021,2.022,2.023,2.024,2.025,0.0,0.0,0.0,0.0,0.0,474700.0,2364700.0,2595400.0,1025500.0,786000.0,0.0,0.0,0.0,0.0,0.0,523000.0,1282600.0,1150300.0,1829500.0,1157500.0,0.0,0.0,0.0,0.0,0.0
20230823093705164,SZSE,SZSE.ETF.159915,2.021,2.023,2.028,2.019,0.0,2.446,1.63,79087425.0,142200.0,160073239.456,287254.1999999881,0.0,0.0,20230823,20230823,93705164,2.038,0.0,0.0,2.02,2.019,2.018,2.017,2.016,0.0,0.0,0.0,0.0,0.0,2.021,2.022,2.023,2.024,2.025,0.0,0.0,0.0,0.0,0.0,513100.0,2624700.0,2921400.0,623500.0,729300.0,0.0,0.0,0.0,0.0,0.0,412100.0,1287600.0,1150300.0,1771700.0,1157500.0,0.0,0.0,0.0,0.0,0.0
20230823093708264,SZSE,SZSE.ETF.159915,2.02,2.023,2.028,2.019,0.0,2.446,1.63,80265025.0,1177600.0,162452027.056,2378787.599999994,0.0,0.0,20230823,20230823,93708263,2.038,0.0,0.0,2.019,2.018,2.017,2.016,2.015,0.0,0.0,0.0,0.0,0.0,2.021,2.022,2.023,2.024,2.025,0.0,0.0,0.0,0.0,0.0,2586700.0,2499900.0,1026000.0,750400.0,1120700.0,0.0,0.0,0.0,0.0,0.0,486500.0,1287600.0,1150300.0,1771700.0,1042100.0,0.0,0.0,0.0,0.0,0.0
20230823093711188,SZSE,SZSE.ETF.159915,2.021,2.023,2.028,2.019,0.0,2.446,1.63,80666525.0,401500.0,163262787.856,810760.8000000119,0.0,0.0,20230823,20230823,93711189,2.038,0.0,0.0,2.02,2.019,2.018,2.017,2.016,0.0,0.0,0.0,0.0,0.0,2.021,2.022,2.023,2.024,2.025,0.0,0.0,0.0,0.0,0.0,12000.0,2374300.0,2459300.0,2262100.0,700400.0,0.0,0.0,0.0,0.0,0.0,746600.0,1008300.0,1935900.0,992600.0,1253100.0,0.0,0.0,0.0,0.0,0.0
20230823093714188,SZSE,SZSE.ETF.159915,2.021,2.023,2.028,2.019,0.0,2.446,1.63,80819025.0,152500.0,163570814.656,308026.7999999821,0.0,0.0,20230823,20230823,93714189,2.038,0.0,0.0,2.02,2.019,2.018,2.017,2.016,0.0,0.0,0.0,0.0,0.0,2.021,2.022,2.023,2.024,2.025,0.0,0.0,0.0,0.0,0.0,45700.0,1774900.0,2927600.0,2347000.0,700400.0,0.0,0.0,0.0,0.0,0.0,756200.0,1423800.0,2100300.0,772700.0,1043900.0,0.0,0.0,0.0,0.0,0.0
20230823093717076,SZSE,SZSE.ETF.159915,2.02,2.023,2.028,2.019,0.0,2.446,1.63,80986625.0,167600.0,163909364.156,338549.5,0.0,0.0,20230823,20230823,93717077,2.038,0.0,0.0,2.019,2.018,2.017,2.016,2.015,0.0,0.0,0.0,0.0,0.0,2.02,2.021,2.022,2.023,2.024,0.0,0.0,0.0,0.0,0.0,1399000.0,2727500.0,997100.0,2260400.0,1125700.0,0.0,0.0,0.0,0.0,0.0,174200.0,1120000.0,2203800.0,1105800.0,722600.0,0.0,0.0,0.0,0.0,0.0
20230823093945576,SZSE,SZSE.ETF.159915,2.018,2.023,2.028,2.017,0.0,2.446,1.63,91287125.0,67300.0,184703750.156,135775.89999997616,0.0,0.0,20230823,20230823,93945578,2.038,0.0,0.0,2.017,2.016,2.015,2.014,2.013,0.0,0.0,0.0,0.0,0.0,2.018,2.019,2.02,2.021,2.022,0.0,0.0,0.0,0.0,0.0,541900.0,2828300.0,3132300.0,867900.0,601800.0,0.0,0.0,0.0,0.0,0.0,309700.0,2024100.0,1190300.0,1899500.0,432300.0,0.0,0.0,0.0,0.0,0.0
20230823093947460,SZSE,SZSE.ETF.159915,2.018,2.023,2.028,2.017,0.0,2.446,1.63,91401525.0,114400.0,184934495.356,230745.20000001788,0.0,0.0,20230823,20230823,93947461,2.038,0.0,0.0,2.017,2.016,2.015,2.014,2.013,0.0,0.0,0.0,0.0,0.0,2.018,2.019,2.02,2.021,2.022,0.0,0.0,0.0,0.0,0.0,345800.0,2798300.0,2757300.0,867900.0,601800.0,0.0,0.0,0.0,0.0,0.0,427400.0,1704100.0,1350200.0,1984500.0,432300.0,0.0,0.0,0.0,0.0,0.0
20230823093951204,SZSE,SZSE.ETF.159915,2.017,2.023,2.028,2.017,0.0,2.446,1.63,91686825.0,285300.0,185509951.156,575455.7999999821,0.0,0.0,20230823,20230823,93951205,2.038,0.0,0.0,2.017,2.016,2.015,2.014,2.013,0.0,0.0,0.0,0.0,0.0,2.018,2.019,2.02,2.021,2.022,0.0,0.0,0.0,0.0,0.0,87600.0,2864000.0,3157300.0,807900.0,631800.0,0.0,0.0,0.0,0.0,0.0,564200.0,1913100.0,1187800.0,1824500.0,432300.0,0.0,0.0,0.0,0.0,0.0
20230823093953912,SZSE,SZSE.ETF.159915,2.017,2.023,2.028,2.016,0.0,2.446,1.63,92765225.0,1078400.0,187684212.956,2174261.800000012,0.0,0.0,20230823,20230823,93953913,2.038,0.0,0.0,2.016,2.015,2.014,2.013,2.012,0.0,0.0,0.0,0.0,0.0,2.017,2.018,2.019,2.02,2.021,0.0,0.0,0.0,0.0,0.0,1989000.0,3357300.0,1188900.0,632300.0,337200.0,0.0,0.0,0.0,0.0,0.0,151300.0,640500.0,2013100.0,1182200.0,1824500.0,0.0,0.0,0.0,0.0,0.0
20230823093958296,SZSE,SZSE.ETF.159915,2.018,2.023,2.028,2.016,0.0,2.446,1.63,92951025.0,185800.0,188059001.556,374788.59999999404,0.0,0.0,20230823,20230823,93958296,2.038,0.0,0.0,2.017,2.016,2.015,2.014,2.013,0.0,0.0,0.0,0.0,0.0,2.018,2.019,2.02,2.021,2.022,0.0,0.0,0.0,0.0,0.0,131300.0,2329800.0,4470400.0,1103900.0,684500.0,0.0,0.0,0.0,0.0,0.0,542900.0,1942800.0,967200.0,1949300.0,547700.0,0.0,0.0,0.0,0.0,0.0
20230823094000288,SZSE,SZSE.ETF.159915,2.016,2.023,2.028,2.016,0.0,2.446,1.63,93214625.0,263600.0,188590670.156,531668.599999994,0.0,0.0,20230823,20230823,94000287,2.038,0.0,0.0,2.016,2.015,2.014,2.013,2.012,0.0,0.0,0.0,0.0,0.0,2.017,2.018,2.019,2.02,2.021,0.0,0.0,0.0,0.0,0.0,1947600.0,4151400.0,1239100.0,794300.0,344600.0,0.0,0.0,0.0,0.0,0.0,305000.0,702700.0,2162600.0,884400.0,1765100.0,0.0,0.0,0.0,0.0,0.0
20230823094003264,SZSE,SZSE.ETF.159915,2.017,2.023,2.028,2.016,0.0,2.446,1.63,93527525.0,312900.0,189221789.456,631119.3000000119,0.0,0.0,20230823,20230823,94003264,2.038,0.0,0.0,2.017,2.016,2.015,2.014,2.013,0.0,0.0,0.0,0.0,0.0,2.018,2.019,2.02,2.021,2.022,0.0,0.0,0.0,0.0,0.0,169600.0,2220500.0,4150100.0,1159100.0,634400.0,0.0,0.0,0.0,0.0,0.0,541700.0,2347200.0,869800.0,1950100.0,592300.0,0.0,0.0,0.0,0.0,0.0
20230823094005688,SZSE,SZSE.ETF.159915,2.018,2.023,2.028,2.016,0.0,2.446,1.63,93739125.0,211600.0,189648597.156,426807.6999999881,0.0,0.0,20230823,20230823,94005689,2.038,0.0,0.0,2.017,2.016,2.015,2.014,2.013,0.0,0.0,0.0,0.0,0.0,2.018,2.019,2.02,2.021,2.022,0.0,0.0,0.0,0.0,0.0,282000.0,2034400.0,4725500.0,524100.0,634400.0,0.0,0.0,0.0,0.0,0.0,435000.0,1990000.0,1049400.0,1765100.0,432300.0,0.0,0.0,0.0,0.0,0.0
20230823094008516,SZSE,SZSE.ETF.159915,2.016,2.023,2.028,2.016,0.0,2.446,1.63,93842625.0,103500.0,189857298.256,208701.10000002384,0.0,0.0,20230823,20230823,94008515,2.038,0.0,0.0,2.017,2.016,2.015,2.014,2.013,0.0,0.0,0.0,0.0,0.0,2.018,2.019,2.02,2.021,2.022,0.0,0.0,0.0,0.0,0.0,4000.0,1693700.0,4885500.0,926600.0,634400.0,0.0,0.0,0.0,0.0,0.0,528400.0,1940000.0,1049400.0,1765100.0,432300.0,0.0,0.0,0.0,0.0,0.0
20230823094014332,SZSE,SZSE.ETF.159915,2.017,2.023,2.028,2.016,0.0,2.446,1.63,94251425.0,174500.0,190681874.656,351967.09999999404,0.0,0.0,20230823,20230823,94014331,2.038,0.0,0.0,2.016,2.015,2.014,2.013,2.012,0.0,0.0,0.0,0.0,0.0,2.018,2.019,2.02,2.021,2.022,0.0,0.0,0.0,0.0,0.0,1404900.0,4492100.0,1026600.0,637400.0,346200.0,0.0,0.0,0.0,0.0,0.0,758200.0,2790000.0,892600.0,565100.0,432300.0,0.0,0.0,0.0,0.0,0.0
20230823094017572,SZSE,SZSE.ETF.159915,2.017,2.023,2.028,2.016,0.0,2.446,1.63,94270725.0,19300.0,190720800.956,38926.30000001192,0.0,0.0,20230823,20230823,94017572,2.038,0.0,0.0,2.016,2.015,2.014,2.013,2.012,0.0,0.0,0.0,0.0,0.0,2.017,2.018,2.019,2.02,2.021,0.0,0.0,0.0,0.0,0.0,1318600.0,3134900.0,2172500.0,637400.0,346200.0,0.0,0.0,0.0,0.0,0.0,193500.0,588000.0,2944600.0,1838000.0,640100.0,0.0,0.0,0.0,0.0,0.0
20230823094020556,SZSE,SZSE.ETF.159915,2.017,2.023,2.028,2.016,0.0,2.446,1.63,94329225.0,58500.0,190838795.456,117994.5,0.0,0.0,20230823,20230823,94020555,2.038,0.0,0.0,2.016,2.015,2.014,2.013,2.012,0.0,0.0,0.0,0.0,0.0,2.017,2.018,2.019,2.02,2.021,0.0,0.0,0.0,0.0,0.0,1247900.0,3134800.0,2062300.0,748600.0,348200.0,0.0,0.0,0.0,0.0,0.0,4466300.0,578000.0,2734800.0,2082800.0,765500.0,0.0,0.0,0.0,0.0,0.0
20230823094023348,SZSE,SZSE.ETF.159915,2.017,2.023,2.028,2.016,0.0,2.446,1.63,94385525.0,56300.0,190952350.556,113555.09999999404,0.0,0.0,20230823,20230823,94023348,2.038,0.0,0.0,2.016,2.015,2.014,2.013,2.012,0.0,0.0,0.0,0.0,0.0,2.017,2.018,2.019,2.02,2.021,0.0,0.0,0.0,0.0,0.0,932500.0,3374700.0,2222300.0,1138600.0,413200.0,0.0,0.0,0.0,0.0,0.0,4429400.0,926600.0,2765500.0,1762800.0,490100.0,0.0,0.0,0.0,0.0,0.0
20230823094026152,SZSE,SZSE.ETF.159915,2.017,2.023,2.028,2.016,0.0,2.446,1.63,95253525.0,868000.0,192702247.456,1749896.900000006,0.0,0.0,20230823,20230823,94026150,2.038,0.0,0.0,2.016,2.015,2.014,2.013,2.012,0.0,0.0,0.0,0.0,0.0,2.017,2.018,2.019,2.02,2.021,0.0,0.0,0.0,0.0,0.0,319600.0,2907000.0,3382300.0,1348600.0,413200.0,0.0,0.0,0.0,0.0,0.0,4480500.0,1026600.0,2765500.0,1772800.0,490100.0,0.0,0.0,0.0,0.0,0.0
20230823094029068,SZSE,SZSE.ETF.159915,2.017,2.023,2.028,2.016,0.0,2.446,1.63,95312125.0,58600.0,192820435.356,118187.90000000596,0.0,0.0,20230823,20230823,94029069,2.038,0.0,0.0,2.016,2.015,2.014,2.013,2.012,0.0,0.0,0.0,0.0,0.0,2.017,2.018,2.019,2.02,2.021,0.0,0.0,0.0,0.0,0.0,228600.0,3007000.0,3482300.0,1348600.0,463700.0,0.0,0.0,0.0,0.0,0.0,4219300.0,1234200.0,2765500.0,1612800.0,490100.0,0.0,0.0,0.0,0.0,0.0
20230823094032216,SZSE,SZSE.ETF.159915,2.016,2.023,2.028,2.016,0.0,2.446,1.63,95893725.0,581600.0,193992969.656,1172534.2999999821,0.0,0.0,20230823,20230823,94032214,2.038,0.0,0.0,2.016,2.015,2.014,2.013,2.012,0.0,0.0,0.0,0.0,0.0,2.017,2.018,2.019,2.02,2.021,0.0,0.0,0.0,0.0,0.0,22100.0,3257500.0,3137900.0,1348700.0,465100.0,0.0,0.0,0.0,0.0,0.0,4300600.0,1334200.0,2765500.0,1670100.0,490100.0,0.0,0.0,0.0,0.0,0.0
20230823094035432,SZSE,SZSE.ETF.159915,2.017,2.023,2.028,2.016,0.0,2.446,1.63,96004125.0,110400.0,194215542.556,222572.90000000596,0.0,0.0,20230823,20230823,94035434,2.038,0.0,0.0,2.016,2.015,2.014,2.013,2.012,0.0,0.0,0.0,0.0,0.0,2.017,2.018,2.019,2.02,2.021,0.0,0.0,0.0,0.0,0.0,12100.0,3966300.0,2039000.0,1346500.0,465600.0,0.0,0.0,0.0,0.0,0.0,4307200.0,2234100.0,2445500.0,1710500.0,490100.0,0.0,0.0,0.0,0.0,0.0
20230823094038752,SZSE,SZSE.ETF.159915,2.016,2.023,2.028,2.015,0.0,2.446,1.63,96151025.0,146900.0,194511687.956,296145.40000000596,0.0,0.0,20230823,20230823,94038751,2.038,0.0,0.0,2.015,2.014,2.013,2.012,2.011,0.0,0.0,0.0,0.0,0.0,2.016,2.017,2.018,2.019,2.02,0.0,0.0,0.0,0.0,0.0,2903700.0,2039000.0,1346500.0,405600.0,882900.0,0.0,0.0,0.0,0.0,0.0,45200.0,4380200.0,2214000.0,2605500.0,1698700.0,0.0,0.0,0.0,0.0,0.0
20230823094041952,SZSE,SZSE.ETF.159915,2.016,2.023,2.028,2.015,0.0,2.446,1.63,96269125.0,118100.0,194749802.256,238114.30000001192,0.0,0.0,20230823,20230823,94041951,2.038,0.0,0.0,2.015,2.014,2.013,2.012,2.011,0.0,0.0,0.0,0.0,0.0,2.016,2.017,2.018,2.019,2.02,0.0,0.0,0.0,0.0,0.0,3075800.0,3019000.0,1527600.0,459000.0,892400.0,0.0,0.0,0.0,0.0,0.0,73700.0,5163600.0,2094200.0,1356700.0,1769100.0,0.0,0.0,0.0,0.0,0.0
20230823094044704,SZSE,SZSE.ETF.159915,2.015,2.023,2.028,2.015,0.0,2.446,1.63,96344925.0,75800.0,194902612.756,152810.5,0.0,0.0,20230823,20230823,94044703,2.038,0.0,0.0,2.015,2.014,2.013,2.012,2.011,0.0,0.0,0.0,0.0,0.0,2.016,2.017,2.018,2.019,2.02,0.0,0.0,0.0,0.0,0.0,3035900.0,2959000.0,1588600.0,643400.0,837500.0,0.0,0.0,0.0,0.0,0.0,282300.0,4995600.0,2025700.0,1516700.0,1783100.0,0.0,0.0,0.0,0.0,0.0
20230823094047660,SZSE,SZSE.ETF.159915,2.016,2.023,2.028,2.015,0.0,2.446,1.63,96445825.0,100900.0,195106013.356,203400.59999999404,0.0,0.0,20230823,20230823,94047661,2.038,0.0,0.0,2.015,2.014,2.013,2.012,2.011,0.0,0.0,0.0,0.0,0.0,2.016,2.017,2.018,2.019,2.02,0.0,0.0,0.0,0.0,0.0,3043300.0,2960300.0,1588600.0,643900.0,839600.0,0.0,0.0,0.0,0.0,0.0,208200.0,4992700.0,1929800.0,1517600.0,1898500.0,0.0,0.0,0.0,0.0,0.0
20230823094050528,SZSE,SZSE.ETF.159915,2.016,2.023,2.028,2.015,0.0,2.446,1.63,96469025.0,23200.0,195152781.556,46768.19999998808,0.0,0.0,20230823,20230823,94050530,2.038,0.0,0.0,2.015,2.014,2.013,2.012,2.011,0.0,0.0,0.0,0.0,0.0,2.016,2.017,2.018,2.019,2.02,0.0,0.0,0.0,0.0,0.0,3749300.0,1007300.0,2648600.0,1074500.0,842700.0,0.0,0.0,0.0,0.0,0.0,238000.0,5442700.0,1814800.0,2307600.0,800000.0,0.0,0.0,0.0,0.0,0.0
20230823094053380,SZSE,SZSE.ETF.159915,2.015,2.023,2.028,2.015,0.0,2.446,1.63,96563925.0,94900.0,195344057.656,191276.09999999404,0.0,0.0,20230823,20230823,94053381,2.038,0.0,0.0,2.015,2.014,2.013,2.012,2.011,0.0,0.0,0.0,0.0,0.0,2.016,2.017,2.018,2.019,2.02,0.0,0.0,0.0,0.0,0.0,3835300.0,1087500.0,2724700.0,1080400.0,847700.0,0.0,0.0,0.0,0.0,0.0,259100.0,5422700.0,1814800.0,2702600.0,723400.0,0.0,0.0,0.0,0.0,0.0
20230823094056340,SZSE,SZSE.ETF.159915,2.016,2.023,2.028,2.015,0.0,2.446,1.63,96777625.0,213700.0,195774873.056,430815.40000000596,0.0,0.0,20230823,20230823,94056339,2.038,0.0,0.0,2.015,2.014,2.013,2.012,2.011,0.0,0.0,0.0,0.0,0.0,2.016,2.017,2.018,2.019,2.02,0.0,0.0,0.0,0.0,0.0,2600000.0,2137500.0,2699800.0,981000.0,886900.0,0.0,0.0,0.0,0.0,0.0,59200.0,5472700.0,1762000.0,2627600.0,783400.0,0.0,0.0,0.0,0.0,0.0
20230823094059300,SZSE,SZSE.ETF.159915,2.016,2.023,2.028,2.015,0.0,2.446,1.63,97341725.0,564100.0,196911586.556,1136713.5,0.0,0.0,20230823,20230823,94059301,2.038,0.0,0.0,2.015,2.014,2.013,2.012,2.011,0.0,0.0,0.0,0.0,0.0,2.016,2.017,2.018,2.019,2.02,0.0,0.0,0.0,0.0,0.0,1182900.0,2147500.0,2299800.0,971000.0,948000.0,0.0,0.0,0.0,0.0,0.0,61000.0,5582700.0,1702000.0,2627600.0,783400.0,0.0,0.0,0.0,0.0,0.0
20230823094102064,SZSE,SZSE.ETF.159915,2.016,2.023,2.028,2.015,0.0,2.446,1.63,97390125.0,48400.0,197009156.856,97570.30000001192,0.0,0.0,20230823,20230823,94102062,2.038,0.0,0.0,2.015,2.014,2.013,2.012,2.011,0.0,0.0,0.0,0.0,0.0,2.016,2.017,2.018,2.019,2.02,0.0,0.0,0.0,0.0,0.0,1191100.0,1904600.0,3459800.0,981000.0,948000.0,0.0,0.0,0.0,0.0,0.0,211800.0,5582700.0,1851800.0,2653100.0,504300.0,0.0,0.0,0.0,0.0,0.0
20230823094105292,SZSE,SZSE.ETF.159915,2.016,2.023,2.028,2.015,0.0,2.446,1.63,97520025.0,129900.0,197271024.456,261867.59999999404,0.0,0.0,20230823,20230823,94105291,2.038,0.0,0.0,2.015,2.014,2.013,2.012,2.011,0.0,0.0,0.0,0.0,0.0,2.016,2.017,2.018,2.019,2.02,0.0,0.0,0.0,0.0,0.0,1464500.0,1809800.0,3934800.0,1081000.0,943000.0,0.0,0.0,0.0,0.0,0.0,376000.0,5581300.0,1762600.0,2778100.0,619700.0,0.0,0.0,0.0,0.0,0.0
20230823094108164,SZSE,SZSE.ETF.159915,2.015,2.023,2.028,2.015,0.0,2.446,1.63,97644525.0,124500.0,197521933.756,250909.30000001192,0.0,0.0,20230823,20230823,94108163,2.038,0.0,0.0,2.015,2.014,2.013,2.012,2.011,0.0,0.0,0.0,0.0,0.0,2.016,2.017,2.018,2.019,2.02,0.0,0.0,0.0,0.0,0.0,1076800.0,1499800.0,3977000.0,1191000.0,895500.0,0.0,0.0,0.0,0.0,0.0,518600.0,1922300.0,1602600.0,2393100.0,564300.0,0.0,0.0,0.0,0.0,0.0
20230823094111064,SZSE,SZSE.ETF.159915,2.016,2.023,2.028,2.015,0.0,2.446,1.63,97794225.0,149700.0,197823601.256,301667.5,0.0,0.0,20230823,20230823,94111062,2.038,0.0,0.0,2.015,2.014,2.013,2.012,2.011,0.0,0.0,0.0,0.0,0.0,2.016,2.017,2.018,2.019,2.02,0.0,0.0,0.0,0.0,0.0,1222900.0,1850000.0,3827500.0,1339000.0,881900.0,0.0,0.0,0.0,0.0,0.0,487000.0,1907500.0,1612600.0,2393100.0,558100.0,0.0,0.0,0.0,0.0,0.0
20230823094114244,SZSE,SZSE.ETF.159915,2.015,2.023,2.028,2.015,0.0,2.446,1.63,97939025.0,144800.0,198115394.856,291793.59999999404,0.0,0.0,20230823,20230823,94114244,2.038,0.0,0.0,2.015,2.014,2.013,2.012,2.011,0.0,0.0,0.0,0.0,0.0,2.016,2.017,2.018,2.019,2.02,0.0,0.0,0.0,0.0,0.0,1095300.0,1690200.0,2999600.0,2337500.0,840900.0,0.0,0.0,0.0,0.0,0.0,628700.0,1877500.0,1612600.0,2393100.0,673500.0,0.0,0.0,0.0,0.0,0.0
20230823094117024,SZSE,SZSE.ETF.159915,2.016,2.023,2.028,2.015,0.0,2.446,1.63,98075225.0,136200.0,198389924.056,274529.1999999881,0.0,0.0,20230823,20230823,94117026,2.038,0.0,0.0,2.015,2.014,2.013,2.012,2.011,0.0,0.0,0.0,0.0,0.0,2.016,2.017,2.018,2.019,2.02,0.0,0.0,0.0,0.0,0.0,777600.0,1698200.0,3005600.0,2337500.0,840900.0,0.0,0.0,0.0,0.0,0.0,958700.0,1879000.0,1612600.0,1393100.0,558100.0,0.0,0.0,0.0,0.0,0.0
20230823094120260,SZSE,SZSE.ETF.159915,2.015,2.023,2.028,2.015,0.0,2.446,1.63,98104425.0,29200.0,198448770.056,58846.0,0.0,0.0,20230823,20230823,94120261,2.038,0.0,0.0,2.015,2.014,2.013,2.012,2.011,0.0,0.0,0.0,0.0,0.0,2.016,2.017,2.018,2.019,2.02,0.0,0.0,0.0,0.0,0.0,1063100.0,1678200.0,3005600.0,2338500.0,840900.0,0.0,0.0,0.0,0.0,0.0,1852900.0,1819000.0,2452600.0,1393100.0,673500.0,0.0,0.0,0.0,0.0,0.0
20230823094123512,SZSE,SZSE.ETF.159915,2.016,2.023,2.028,2.015,0.0,2.446,1.63,99620425.0,1516000.0,201505024.656,3056254.599999994,0.0,0.0,20230823,20230823,94123510,2.038,0.0,0.0,2.016,2.015,2.014,2.013,2.012,0.0,0.0,0.0,0.0,0.0,2.017,2.018,2.019,2.02,2.021,0.0,0.0,0.0,0.0,0.0,383500.0,1233800.0,2343200.0,3905600.0,668500.0,0.0,0.0,0.0,0.0,0.0,1457500.0,1712600.0,1443100.0,498100.0,451900.0,0.0,0.0,0.0,0.0,0.0
20230823094126956,SZSE,SZSE.ETF.159915,2.017,2.023,2.028,2.015,0.0,2.446,1.63,100029125.0,408700.0,202329256.756,824232.1000000238,0.0,0.0,20230823,20230823,94126956,2.038,0.0,0.0,2.017,2.016,2.015,2.014,2.013,0.0,0.0,0.0,0.0,0.0,2.018,2.019,2.02,2.021,2.022,0.0,0.0,0.0,0.0,0.0,217500.0,1458700.0,2104200.0,2333400.0,3981000.0,0.0,0.0,0.0,0.0,0.0,1169300.0,1803100.0,658800.0,451900.0,1377700.0,0.0,0.0,0.0,0.0,0.0
20230823094129484,SZSE,SZSE.ETF.159915,2.016,2.023,2.028,2.015,0.0,2.446,1.63,101020025.0,990900.0,204327204.456,1997947.699999988,0.0,0.0,20230823,20230823,94129485,2.038,0.0,0.0,2.016,2.015,2.014,2.013,2.012,0.0,0.0,0.0,0.0,0.0,2.017,2.018,2.019,2.02,2.021,0.0,0.0,0.0,0.0,0.0,961000.0,2128300.0,2372600.0,2236000.0,558300.0,0.0,0.0,0.0,0.0,0.0,22600.0,1372300.0,2558100.0,763200.0,697100.0,0.0,0.0,0.0,0.0,0.0
20230823094132616,SZSE,SZSE.ETF.159915,2.017,2.023,2.028,2.015,0.0,2.446,1.63,101066425.0,46400.0,204420786.856,93582.40000000596,0.0,0.0,20230823,20230823,94132614,2.038,0.0,0.0,2.017,2.016,2.015,2.014,2.013,0.0,0.0,0.0,0.0,0.0,2.018,2.019,2.02,2.021,2.022,0.0,0.0,0.0,0.0,0.0,50000.0,984700.0,3115800.0,2502900.0,1856000.0,0.0,0.0,0.0,0.0,0.0,512200.0,2612700.0,993800.0,661900.0,1553100.0,0.0,0.0,0.0,0.0,0.0
20230823094135316,SZSE,SZSE.ETF.159915,2.017,2.023,2.028,2.015,0.0,2.446,1.63,101130125.0,63700.0,204549271.256,128484.40000000596,0.0,0.0,20230823,20230823,94135317,2.038,0.0,0.0,2.017,2.016,2.015,2.014,2.013,0.0,0.0,0.0,0.0,0.0,2.018,2.019,2.02,2.021,2.022,0.0,0.0,0.0,0.0,0.0,11900.0,970500.0,3548800.0,3497900.0,1956000.0,0.0,0.0,0.0,0.0,0.0,520700.0,2718100.0,853400.0,636900.0,1553100.0,0.0,0.0,0.0,0.0,0.0
20230823094138072,SZSE,SZSE.ETF.159915,2.017,2.023,2.028,2.015,0.0,2.446,1.63,101202025.0,71900.0,204694303.556,145032.29999998212,0.0,0.0,20230823,20230823,94138072,2.038,0.0,0.0,2.016,2.015,2.014,2.013,2.012,0.0,0.0,0.0,0.0,0.0,2.017,2.018,2.019,2.02,2.021,0.0,0.0,0.0,0.0,0.0,587000.0,3829900.0,2343200.0,2116500.0,483200.0,0.0,0.0,0.0,0.0,0.0,358100.0,874400.0,2658100.0,804200.0,1520400.0,0.0,0.0,0.0,0.0,0.0
20230823094141008,SZSE,SZSE.ETF.159915,2.017,2.023,2.028,2.015,0.0,2.446,1.63,101273325.0,71300.0,204838115.656,143812.09999999404,0.0,0.0,20230823,20230823,94141009,2.038,0.0,0.0,2.016,2.015,2.014,2.013,2.012,0.0,0.0,0.0,0.0,0.0,2.017,2.018,2.019,2.02,2.021,0.0,0.0,0.0,0.0,0.0,609600.0,3580300.0,2592100.0,1796500.0,494200.0,0.0,0.0,0.0,0.0,0.0,290100.0,954400.0,2972700.0,895900.0,1450600.0,0.0,0.0,0.0,0.0,0.0
20230823094144076,SZSE,SZSE.ETF.159915,2.017,2.023,2.028,2.015,0.0,2.446,1.63,101332825.0,59500.0,204958126.956,120011.30000001192,0.0,0.0,20230823,20230823,94144077,2.038,0.0,0.0,2.016,2.015,2.014,2.013,2.012,0.0,0.0,0.0,0.0,0.0,2.017,2.018,2.019,2.02,2.021,0.0,0.0,0.0,0.0,0.0,825000.0,2992500.0,2532100.0,1856500.0,494200.0,0.0,0.0,0.0,0.0,0.0,239300.0,954400.0,3032700.0,675900.0,335200.0,0.0,0.0,0.0,0.0,0.0
20230823094147004,SZSE,SZSE.ETF.159915,2.016,2.023,2.028,2.015,0.0,2.446,1.63,102836025.0,1503200.0,207988734.656,3030607.699999988,0.0,0.0,20230823,20230823,94147004,2.038,0.0,0.0,2.015,2.014,2.013,2.012,2.011,0.0,0.0,0.0,0.0,0.0,2.016,2.017,2.018,2.019,2.02,0.0,0.0,0.0,0.0,0.0,3364900.0,2693100.0,1906500.0,496200.0,886600.0,0.0,0.0,0.0,0.0,0.0,2582300.0,161300.0,1620400.0,2972700.0,684900.0,0.0,0.0,0.0,0.0,0.0
20230823094150188,SZSE,SZSE.ETF.159915,2.015,2.023,2.028,2.015,0.0,2.446,1.63,102964825.0,128800.0,208248385.456,259650.80000001192,0.0,0.0,20230823,20230823,94150188,2.038,0.0,0.0,2.015,2.014,2.013,2.012,2.011,0.0,0.0,0.0,0.0,0.0,2.016,2.017,2.018,2.019,2.02,0.0,0.0,0.0,0.0,0.0,2110700.0,4125800.0,2131700.0,556200.0,886600.0,0.0,0.0,0.0,0.0,0.0,2465300.0,396100.0,1995000.0,1528300.0,1499700.0,0.0,0.0,0.0,0.0,0.0
20230823094153088,SZSE,SZSE.ETF.159915,2.016,2.023,2.028,2.015,0.0,2.446,1.63,103161425.0,196600.0,208644726.056,396340.59999999404,0.0,0.0,20230823,20230823,94153086,2.038,0.0,0.0,2.015,2.014,2.013,2.012,2.011,0.0,0.0,0.0,0.0,0.0,2.016,2.017,2.018,2.019,2.02,0.0,0.0,0.0,0.0,0.0,1678100.0,3978000.0,3142300.0,610100.0,886600.0,0.0,0.0,0.0,0.0,0.0,2273700.0,726100.0,1725200.0,1478100.0,609700.0,0.0,0.0,0.0,0.0,0.0
20230823094156016,SZSE,SZSE.ETF.159915,2.016,2.023,2.028,2.015,0.0,2.446,1.63,103273925.0,112500.0,208871498.856,226772.80000001192,0.0,0.0,20230823,20230823,94156017,2.038,0.0,0.0,2.015,2.014,2.013,2.012,2.011,0.0,0.0,0.0,0.0,0.0,2.016,2.017,2.018,2.019,2.02,0.0,0.0,0.0,0.0,0.0,2522700.0,3828300.0,3142300.0,614600.0,886700.0,0.0,0.0,0.0,0.0,0.0,2192200.0,555300.0,2045200.0,1478100.0,606700.0,0.0,0.0,0.0,0.0,0.0
20230823094159348,SZSE,SZSE.ETF.159915,2.016,2.023,2.028,2.015,0.0,2.446,1.63,103378725.0,104800.0,209082752.156,211253.29999998212,0.0,0.0,20230823,20230823,94159349,2.038,0.0,0.0,2.015,2.014,2.013,2.012,2.011,0.0,0.0,0.0,0.0,0.0,2.016,2.017,2.018,2.019,2.02,0.0,0.0,0.0,0.0,0.0,2259000.0,3988300.0,3264000.0,523900.0,886700.0,0.0,0.0,0.0,0.0,0.0,2126500.0,715300.0,1775000.0,1538300.0,606700.0,0.0,0.0,0.0,0.0,0.0
20230823094202136,SZSE,SZSE.ETF.159915,2.016,2.023,2.028,2.015,0.0,2.446,1.63,103528925.0,150200.0,209385525.356,302773.2000000179,0.0,0.0,20230823,20230823,94202135,2.038,0.0,0.0,2.015,2.014,2.013,2.012,2.011,0.0,0.0,0.0,0.0,0.0,2.016,2.017,2.018,2.019,2.02,0.0,0.0,0.0,0.0,0.0,2191200.0,4452100.0,3506200.0,523900.0,903200.0,0.0,0.0,0.0,0.0,0.0,2006800.0,712900.0,1785000.0,1613300.0,496700.0,0.0,0.0,0.0,0.0,0.0
20230823094205360,SZSE,SZSE.ETF.159915,2.016,2.023,2.028,2.015,0.0,2.446,1.63,103783125.0,254200.0,209897892.556,512367.1999999881,0.0,0.0,20230823,20230823,94205361,2.038,0.0,0.0,2.015,2.014,2.013,2.012,2.011,0.0,0.0,0.0,0.0,0.0,2.016,2.017,2.018,2.019,2.02,0.0,0.0,0.0,0.0,0.0,2605400.0,4502100.0,3274500.0,523900.0,904900.0,0.0,0.0,0.0,0.0,0.0,2254600.0,722900.0,1785000.0,1538300.0,606700.0,0.0,0.0,0.0,0.0,0.0
20230823094208188,SZSE,SZSE.ETF.159915,2.016,2.023,2.028,2.015,0.0,2.446,1.63,103956125.0,173000.0,210246659.556,348767.0,0.0,0.0,20230823,20230823,94208189,2.038,0.0,0.0,2.015,2.014,2.013,2.012,2.011,0.0,0.0,0.0,0.0,0.0,2.016,2.017,2.018,2.019,2.02,0.0,0.0,0.0,0.0,0.0,2015300.0,4562100.0,2434500.0,573900.0,905100.0,0.0,0.0,0.0,0.0,0.0,2134100.0,722900.0,1785000.0,1598300.0,1546700.0,0.0,0.0,0.0,0.0,0.0
20230823094211052,SZSE,SZSE.ETF.159915,2.016,2.023,2.028,2.015,0.0,2.446,1.63,104147225.0,191100.0,210631823.056,385163.5,0.0,0.0,20230823,20230823,94211053,2.038,0.0,0.0,2.015,2.014,2.013,2.012,2.011,0.0,0.0,0.0,0.0,0.0,2.016,2.017,2.018,2.019,2.02,0.0,0.0,0.0,0.0,0.0,2101600.0,4501100.0,3326300.0,690700.0,905100.0,0.0,0.0,0.0,0.0,0.0,2037100.0,722900.0,1907600.0,1428100.0,1606700.0,0.0,0.0,0.0,0.0,0.0
20230823094214044,SZSE,SZSE.ETF.159915,2.016,2.023,2.028,2.015,0.0,2.446,1.63,104164325.0,17100.0,210666286.556,34463.5,0.0,0.0,20230823,20230823,94214045,2.038,0.0,0.0,2.015,2.014,2.013,2.012,2.011,0.0,0.0,0.0,0.0,0.0,2.016,2.017,2.018,2.019,2.02,0.0,0.0,0.0,0.0,0.0,2075800.0,4560100.0,3450500.0,595500.0,905100.0,0.0,0.0,0.0,0.0,0.0,2030100.0,722900.0,1797400.0,598300.0,1546700.0,0.0,0.0,0.0,0.0,0.0
20230823094217152,SZSE,SZSE.ETF.159915,2.016,2.023,2.028,2.015,0.0,2.446,1.63,104383425.0,219100.0,211107987.156,441700.59999999404,0.0,0.0,20230823,20230823,94217152,2.038,0.0,0.0,2.015,2.014,2.013,2.012,2.011,0.0,0.0,0.0,0.0,0.0,2.016,2.017,2.018,2.019,2.02,0.0,0.0,0.0,0.0,0.0,2021600.0,4565100.0,2390500.0,595500.0,905100.0,0.0,0.0,0.0,0.0,0.0,1816000.0,722900.0,1797400.0,538300.0,1546700.0,0.0,0.0,0.0,0.0,0.0
20230823094220016,SZSE,SZSE.ETF.159915,2.016,2.023,2.028,2.015,0.0,2.446,1.63,104423225.0,39800.0,211188223.956,80236.80000001192,0.0,0.0,20230823,20230823,94220015,2.038,0.0,0.0,2.015,2.014,2.013,2.012,2.011,0.0,0.0,0.0,0.0,0.0,2.016,2.017,2.018,2.019,2.02,0.0,0.0,0.0,0.0,0.0,1758800.0,4065100.0,2850600.0,595500.0,905100.0,0.0,0.0,0.0,0.0,0.0,1923900.0,1672900.0,1637400.0,598300.0,1546700.0,0.0,0.0,0.0,0.0,0.0
20230823094223080,SZSE,SZSE.ETF.159915,2.016,2.023,2.028,2.015,0.0,2.446,1.63,104930525.0,507300.0,212210480.356,1022256.400000006,0.0,0.0,20230823,20230823,94223081,2.038,0.0,0.0,2.015,2.014,2.013,2.012,2.011,0.0,0.0,0.0,0.0,0.0,2.016,2.017,2.018,2.019,2.02,0.0,0.0,0.0,0.0,0.0,1321000.0,2301300.0,2855200.0,1105700.0,905600.0,0.0,0.0,0.0,0.0,0.0,1987000.0,1672900.0,1746600.0,1488100.0,546700.0,0.0,0.0,0.0,0.0,0.0
20230823094226068,SZSE,SZSE.ETF.159915,2.016,2.023,2.028,2.015,0.0,2.446,1.63,104983625.0,53100.0,212317500.056,107019.69999998808,0.0,0.0,20230823,20230823,94226069,2.038,0.0,0.0,2.015,2.014,2.013,2.012,2.011,0.0,0.0,0.0,0.0,0.0,2.016,2.017,2.018,2.019,2.02,0.0,0.0,0.0,0.0,0.0,1329900.0,1986300.0,3015200.0,1270700.0,914600.0,0.0,0.0,0.0,0.0,0.0,2133800.0,1512900.0,1746600.0,1488100.0,546700.0,0.0,0.0,0.0,0.0,0.0
20230823094229040,SZSE,SZSE.ETF.159915,2.015,2.023,2.028,2.015,0.0,2.446,1.63,105113925.0,130300.0,212580071.656,262571.59999999404,0.0,0.0,20230823,20230823,94229041,2.038,0.0,0.0,2.015,2.014,2.013,2.012,2.011,0.0,0.0,0.0,0.0,0.0,2.016,2.017,2.018,2.019,2.02,0.0,0.0,0.0,0.0,0.0,1085800.0,2078700.0,2870200.0,1371600.0,1089600.0,0.0,0.0,0.0,0.0,0.0,2164700.0,1617900.0,1686600.0,1463100.0,546700.0,0.0,0.0,0.0,0.0,0.0
20230823094232204,SZSE,SZSE.ETF.159915,2.016,2.023,2.028,2.015,0.0,2.446,1.63,105639925.0,526000.0,213640015.756,1059944.1000000238,0.0,0.0,20230823,20230823,94232204,2.038,0.0,0.0,2.015,2.014,2.013,2.012,2.011,0.0,0.0,0.0,0.0,0.0,2.016,2.017,2.018,2.019,2.02,0.0,0.0,0.0,0.0,0.0,597800.0,1889800.0,2282400.0,2010400.0,1089600.0,0.0,0.0,0.0,0.0,0.0,2112200.0,1717900.0,2696600.0,328100.0,546700.0,0.0,0.0,0.0,0.0,0.0
20230823094235156,SZSE,SZSE.ETF.159915,2.015,2.023,2.028,2.015,0.0,2.446,1.63,106374625.0,734700.0,215120477.256,1480461.5,0.0,0.0,20230823,20230823,94235157,2.038,0.0,0.0,2.014,2.013,2.012,2.011,2.01,0.0,0.0,0.0,0.0,0.0,2.015,2.016,2.017,2.018,2.019,0.0,0.0,0.0,0.0,0.0,1773700.0,2442600.0,1902200.0,1199600.0,1220300.0,0.0,0.0,0.0,0.0,0.0,537000.0,2221200.0,1767900.0,2546400.0,488300.0,0.0,0.0,0.0,0.0,0.0
20230823094238224,SZSE,SZSE.ETF.159915,2.014,2.023,2.028,2.014,0.0,2.446,1.63,107079225.0,704600.0,216539595.056,1419117.7999999821,0.0,0.0,20230823,20230823,94238222,2.038,0.0,0.0,2.014,2.013,2.012,2.011,2.01,0.0,0.0,0.0,0.0,0.0,2.015,2.016,2.017,2.018,2.019,0.0,0.0,0.0,0.0,0.0,1073400.0,2555100.0,1563400.0,1110900.0,1220400.0,0.0,0.0,0.0,0.0,0.0,359800.0,2751200.0,2132900.0,736800.0,303100.0,0.0,0.0,0.0,0.0,0.0
20230823094241032,SZSE,SZSE.ETF.159915,2.014,2.023,2.028,2.014,0.0,2.446,1.63,107210325.0,131100.0,216803759.656,264164.59999999404,0.0,0.0,20230823,20230823,94241032,2.038,0.0,0.0,2.014,2.013,2.012,2.011,2.01,0.0,0.0,0.0,0.0,0.0,2.015,2.016,2.017,2.018,2.019,0.0,0.0,0.0,0.0,0.0,1097800.0,2390100.0,1613400.0,1685700.0,1221600.0,0.0,0.0,0.0,0.0,0.0,230600.0,2911200.0,3133900.0,604000.0,368600.0,0.0,0.0,0.0,0.0,0.0
20230823094244024,SZSE,SZSE.ETF.159915,2.015,2.023,2.028,2.014,0.0,2.446,1.63,107239325.0,29000.0,216862189.856,58430.20000001788,0.0,0.0,20230823,20230823,94244026,2.038,0.0,0.0,2.014,2.013,2.012,2.011,2.01,0.0,0.0,0.0,0.0,0.0,2.015,2.016,2.017,2.018,2.019,0.0,0.0,0.0,0.0,0.0,575100.0,2642600.0,1787200.0,1581900.0,1221600.0,0.0,0.0,0.0,0.0,0.0,288300.0,2649400.0,2193900.0,1604100.0,274000.0,0.0,0.0,0.0,0.0,0.0
20230823094246992,SZSE,SZSE.ETF.159915,2.015,2.023,2.028,2.014,0.0,2.446,1.63,107326625.0,87300.0,217038083.356,175893.5,0.0,0.0,20230823,20230823,94246994,2.038,0.0,0.0,2.014,2.013,2.012,2.011,2.01,0.0,0.0,0.0,0.0,0.0,2.015,2.016,2.017,2.018,2.019,0.0,0.0,0.0,0.0,0.0,547300.0,1183100.0,1483600.0,2048600.0,1231600.0,0.0,0.0,0.0,0.0,0.0,297500.0,3174600.0,2933600.0,654300.0,274000.0,0.0,0.0,0.0,0.0,0.0
20230823094250036,SZSE,SZSE.ETF.159915,2.015,2.023,2.028,2.014,0.0,2.446,1.63,107391225.0,64600.0,217168202.356,130119.0,0.0,0.0,20230823,20230823,94250035,2.038,0.0,0.0,2.014,2.013,2.012,2.011,2.01,0.0,0.0,0.0,0.0,0.0,2.015,2.016,2.017,2.018,2.019,0.0,0.0,0.0,0.0,0.0,520200.0,1237600.0,1505600.0,1643900.0,1696700.0,0.0,0.0,0.0,0.0,0.0,298400.0,3339700.0,2974000.0,679100.0,274000.0,0.0,0.0,0.0,0.0,0.0
20230823094253032,SZSE,SZSE.ETF.159915,2.015,2.023,2.028,2.014,0.0,2.446,1.63,107435925.0,44700.0,217258272.856,90070.5,0.0,0.0,20230823,20230823,94253033,2.038,0.0,0.0,2.014,2.013,2.012,2.011,2.01,0.0,0.0,0.0,0.0,0.0,2.015,2.016,2.017,2.018,2.019,0.0,0.0,0.0,0.0,0.0,628600.0,1013000.0,1370600.0,1913900.0,1756700.0,0.0,0.0,0.0,0.0,0.0,453700.0,3329700.0,2989400.0,604100.0,274000.0,0.0,0.0,0.0,0.0,0.0
20230823094256000,SZSE,SZSE.ETF.159915,2.015,2.023,2.028,2.014,0.0,2.446,1.63,107518025.0,82100.0,217423700.556,165427.69999998808,0.0,0.0,20230823,20230823,94256001,2.038,0.0,0.0,2.014,2.013,2.012,2.011,2.01,0.0,0.0,0.0,0.0,0.0,2.015,2.016,2.017,2.018,2.019,0.0,0.0,0.0,0.0,0.0,645200.0,1042400.0,1386300.0,1972900.0,1688400.0,0.0,0.0,0.0,0.0,0.0,1176300.0,3338700.0,3369400.0,604100.0,274000.0,0.0,0.0,0.0,0.0,0.0
20230823094259352,SZSE,SZSE.ETF.159915,2.014,2.023,2.028,2.014,0.0,2.446,1.63,107824925.0,306900.0,218041829.656,618129.099999994,0.0,0.0,20230823,20230823,94259352,2.038,0.0,0.0,2.014,2.013,2.012,2.011,2.01,0.0,0.0,0.0,0.0,0.0,2.015,2.016,2.017,2.018,2.019,0.0,0.0,0.0,0.0,0.0,381100.0,1048400.0,1011500.0,2132500.0,1908400.0,0.0,0.0,0.0,0.0,0.0,1335500.0,3343700.0,2660800.0,604300.0,214000.0,0.0,0.0,0.0,0.0,0.0
20230823094302104,SZSE,SZSE.ETF.159915,2.014,2.023,2.028,2.014,0.0,2.446,1.63,108239125.0,414200.0,218876030.956,834201.3000000119,0.0,0.0,20230823,20230823,94302104,2.038,0.0,0.0,2.013,2.012,2.011,2.01,2.009,0.0,0.0,0.0,0.0,0.0,2.014,2.015,2.016,2.017,2.018,0.0,0.0,0.0,0.0,0.0,1023800.0,1013100.0,1618700.0,2022300.0,1045100.0,0.0,0.0,0.0,0.0,0.0,660820.0,2325900.0,4484700.0,1560800.0,603300.0,0.0,0.0,0.0,0.0,0.0
20230823094305032,SZSE,SZSE.ETF.159915,2.014,2.023,2.028,2.013,0.0,2.446,1.63,108376325.0,137200.0,219152303.756,276272.8000000119,0.0,0.0,20230823,20230823,94305031,2.038,0.0,0.0,2.013,2.012,2.011,2.01,2.009,0.0,0.0,0.0,0.0,0.0,2.014,2.015,2.016,2.017,2.018,0.0,0.0,0.0,0.0,0.0,930600.0,807900.0,1906300.0,2019800.0,1045100.0,0.0,0.0,0.0,0.0,0.0,1712200.0,2380600.0,4535000.0,1306500.0,418100.0,0.0,0.0,0.0,0.0,0.0
20230823094308344,SZSE,SZSE.ETF.159915,2.014,2.023,2.028,2.013,0.0,2.446,1.63,108407025.0,30700.0,219214133.556,61829.79999998212,0.0,0.0,20230823,20230823,94308346,2.038,0.0,0.0,2.013,2.012,2.011,2.01,2.009,0.0,0.0,0.0,0.0,0.0,2.014,2.015,2.016,2.017,2.018,0.0,0.0,0.0,0.0,0.0,1055600.0,647900.0,1957100.0,2529300.0,985100.0,0.0,0.0,0.0,0.0,0.0,2101600.0,2005400.0,4324700.0,1356800.0,418100.0,0.0,0.0,0.0,0.0,0.0
20230823094311024,SZSE,SZSE.ETF.159915,2.013,2.023,2.028,2.013,0.0,2.446,1.63,108686125.0,279100.0,219775977.256,561843.7000000179,0.0,0.0,20230823,20230823,94311023,2.038,0.0,0.0,2.013,2.012,2.011,2.01,2.009,0.0,0.0,0.0,0.0,0.0,2.014,2.015,2.016,2.017,2.018,0.0,0.0,0.0,0.0,0.0,798100.0,639900.0,2422900.0,2079300.0,1045100.0,0.0,0.0,0.0,0.0,0.0,1871000.0,2035400.0,3374500.0,2306500.0,418100.0,0.0,0.0,0.0,0.0,0.0
20230823094314116,SZSE,SZSE.ETF.159915,2.014,2.023,2.028,2.013,0.0,2.446,1.63,108918025.0,231900.0,220242966.356,466989.09999999404,0.0,0.0,20230823,20230823,94314116,2.038,0.0,0.0,2.013,2.012,2.011,2.01,2.009,0.0,0.0,0.0,0.0,0.0,2.014,2.015,2.016,2.017,2.018,0.0,0.0,0.0,0.0,0.0,744300.0,630000.0,2364400.0,2085900.0,1106100.0,0.0,0.0,0.0,0.0,0.0,1990900.0,1810100.0,3334500.0,2321700.0,358100.0,0.0,0.0,0.0,0.0,0.0
20230823094317096,SZSE,SZSE.ETF.159915,2.013,2.023,2.028,2.013,0.0,2.446,1.63,109249525.0,331500.0,220910337.656,667371.2999999821,0.0,0.0,20230823,20230823,94317094,2.038,0.0,0.0,2.013,2.012,2.011,2.01,2.009,0.0,0.0,0.0,0.0,0.0,2.014,2.015,2.016,2.017,2.018,0.0,0.0,0.0,0.0,0.0,475400.0,654700.0,2399900.0,2142000.0,1106100.0,0.0,0.0,0.0,0.0,0.0,1910900.0,1810100.0,3375500.0,2346700.0,358100.0,0.0,0.0,0.0,0.0,0.0
20230823094319988,SZSE,SZSE.ETF.159915,2.013,2.023,2.028,2.013,0.0,2.446,1.63,109406125.0,156600.0,221225585.956,315248.3000000119,0.0,0.0,20230823,20230823,94319988,2.038,0.0,0.0,2.013,2.012,2.011,2.01,2.009,0.0,0.0,0.0,0.0,0.0,2.014,2.015,2.016,2.017,2.018,0.0,0.0,0.0,0.0,0.0,353500.0,1282800.0,2412800.0,2280000.0,802100.0,0.0,0.0,0.0,0.0,0.0,1961700.0,1959700.0,3375600.0,2156300.0,359100.0,0.0,0.0,0.0,0.0,0.0
20230823094323020,SZSE,SZSE.ETF.159915,2.013,2.023,2.028,2.013,0.0,2.446,1.63,109499325.0,93200.0,221413209.756,187623.80000001192,0.0,0.0,20230823,20230823,94323020,2.038,0.0,0.0,2.013,2.012,2.011,2.01,2.009,0.0,0.0,0.0,0.0,0.0,2.014,2.015,2.016,2.017,2.018,0.0,0.0,0.0,0.0,0.0,373600.0,1539200.0,2572800.0,2210700.0,802100.0,0.0,0.0,0.0,0.0,0.0,2079900.0,2079700.0,3265600.0,2206300.0,417400.0,0.0,0.0,0.0,0.0,0.0
20230823094325968,SZSE,SZSE.ETF.159915,2.013,2.023,2.028,2.013,0.0,2.446,1.63,109614125.0,114800.0,221644303.756,231094.0,0.0,0.0,20230823,20230823,94325967,2.038,0.0,0.0,2.013,2.012,2.011,2.01,2.009,0.0,0.0,0.0,0.0,0.0,2.014,2.015,2.016,2.017,2.018,0.0,0.0,0.0,0.0,0.0,423900.0,1794200.0,2172800.0,2221300.0,802100.0,0.0,0.0,0.0,0.0,0.0,2078300.0,2039700.0,3265600.0,2207300.0,417400.0,0.0,0.0,0.0,0.0,0.0
20230823094328968,SZSE,SZSE.ETF.159915,2.013,2.023,2.028,2.013,0.0,2.446,1.63,109698125.0,84000.0,221813396.256,169092.5,0.0,0.0,20230823,20230823,94328968,2.038,0.0,0.0,2.013,2.012,2.011,2.01,2.009,0.0,0.0,0.0,0.0,0.0,2.014,2.015,2.016,2.017,2.018,0.0,0.0,0.0,0.0,0.0,361200.0,1614800.0,1674800.0,2735800.0,867600.0,0.0,0.0,0.0,0.0,0.0,2202300.0,2289700.0,3326300.0,1282600.0,357400.0,0.0,0.0,0.0,0.0,0.0
20230823094332032,SZSE,SZSE.ETF.159915,2.013,2.023,2.028,2.013,0.0,2.446,1.63,110040725.0,342600.0,222503055.856,689659.599999994,0.0,0.0,20230823,20230823,94332030,2.038,0.0,0.0,2.013,2.012,2.011,2.01,2.009,0.0,0.0,0.0,0.0,0.0,2.014,2.015,2.016,2.017,2.018,0.0,0.0,0.0,0.0,0.0,46100.0,1648100.0,1555500.0,2871600.0,869600.0,0.0,0.0,0.0,0.0,0.0,1876300.0,2358400.0,4376600.0,1272700.0,357400.0,0.0,0.0,0.0,0.0,0.0
20230823094335044,SZSE,SZSE.ETF.159915,2.013,2.023,2.028,2.013,0.0,2.446,1.63,110294925.0,254200.0,223014760.456,511704.59999999404,0.0,0.0,20230823,20230823,94335045,2.038,0.0,0.0,2.013,2.012,2.011,2.01,2.009,0.0,0.0,0.0,0.0,0.0,2.014,2.015,2.016,2.017,2.018,0.0,0.0,0.0,0.0,0.0,587600.0,2107700.0,1758500.0,2260200.0,593600.0,0.0,0.0,0.0,0.0,0.0,1765500.0,2236400.0,3366600.0,657300.0,417400.0,0.0,0.0,0.0,0.0,0.0
20230823094338316,SZSE,SZSE.ETF.159915,2.013,2.023,2.028,2.013,0.0,2.446,1.63,110409425.0,114500.0,223245261.256,230500.80000001192,0.0,0.0,20230823,20230823,94338315,2.038,0.0,0.0,2.013,2.012,2.011,2.01,2.009,0.0,0.0,0.0,0.0,0.0,2.014,2.015,2.016,2.017,2.018,0.0,0.0,0.0,0.0,0.0,791800.0,3099200.0,2213800.0,1793400.0,653700.0,0.0,0.0,0.0,0.0,0.0,1588100.0,1976400.0,3577200.0,767600.0,1417400.0,0.0,0.0,0.0,0.0,0.0
20230823094340976,SZSE,SZSE.ETF.159915,2.013,2.023,2.028,2.013,0.0,2.446,1.63,111167725.0,758300.0,224772337.556,1527076.2999999821,0.0,0.0,20230823,20230823,94340977,2.038,0.0,0.0,2.013,2.012,2.011,2.01,2.009,0.0,0.0,0.0,0.0,0.0,2.014,2.015,2.016,2.017,2.018,0.0,0.0,0.0,0.0,0.0,1202000.0,3305600.0,2912500.0,1513700.0,868700.0,0.0,0.0,0.0,0.0,0.0,979700.0,1722500.0,3257200.0,1127600.0,1527400.0,0.0,0.0,0.0,0.0,0.0
20230823094343968,SZSE,SZSE.ETF.159915,2.014,2.023,2.028,2.013,0.0,2.446,1.63,112239525.0,1071800.0,226930867.756,2158530.200000018,0.0,0.0,20230823,20230823,94343968,2.038,0.0,0.0,2.014,2.013,2.012,2.011,2.01,0.0,0.0,0.0,0.0,0.0,2.015,2.016,2.017,2.018,2.019,0.0,0.0,0.0,0.0,0.0,351400.0,1070500.0,3203400.0,1870200.0,1566200.0,0.0,0.0,0.0,0.0,0.0,1672500.0,3687500.0,707300.0,467400.0,232600.0,0.0,0.0,0.0,0.0,0.0
20230823094346956,SZSE,SZSE.ETF.159915,2.014,2.023,2.028,2.013,0.0,2.446,1.63,112293325.0,53800.0,227039250.956,108383.19999998808,0.0,0.0,20230823,20230823,94346955,2.038,0.0,0.0,2.014,2.013,2.012,2.011,2.01,0.0,0.0,0.0,0.0,0.0,2.015,2.016,2.017,2.018,2.019,0.0,0.0,0.0,0.0,0.0,359600.0,914600.0,3657700.0,1953600.0,1685200.0,0.0,0.0,0.0,0.0,0.0,1707800.0,3691900.0,722600.0,1602400.0,232600.0,0.0,0.0,0.0,0.0,0.0
20230823094349956,SZSE,SZSE.ETF.159915,2.014,2.023,2.028,2.013,0.0,2.446,1.63,112309525.0,16200.0,227071877.756,32626.80000001192,0.0,0.0,20230823,20230823,94349956,2.038,0.0,0.0,2.014,2.013,2.012,2.011,2.01,0.0,0.0,0.0,0.0,0.0,2.015,2.016,2.017,2.018,2.019,0.0,0.0,0.0,0.0,0.0,452300.0,927600.0,3640800.0,1960100.0,1748700.0,0.0,0.0,0.0,0.0,0.0,1707800.0,3691900.0,722600.0,1717800.0,233600.0,0.0,0.0,0.0,0.0,0.0
20230823094353048,SZSE,SZSE.ETF.159915,2.014,2.023,2.028,2.013,0.0,2.446,1.63,112354125.0,44600.0,227161702.756,89825.0,0.0,0.0,20230823,20230823,94353047,2.038,0.0,0.0,2.014,2.013,2.012,2.011,2.01,0.0,0.0,0.0,0.0,0.0,2.015,2.016,2.017,2.018,2.019,0.0,0.0,0.0,0.0,0.0,570600.0,1207800.0,3960800.0,1810300.0,1610900.0,0.0,0.0,0.0,0.0,0.0,1248700.0,3586900.0,722600.0,1717800.0,233600.0,0.0,0.0,0.0,0.0,0.0
20230823094355976,SZSE,SZSE.ETF.159915,2.015,2.023,2.028,2.013,0.0,2.446,1.63,112386925.0,32800.0,227227774.456,66071.69999998808,0.0,0.0,20230823,20230823,94355977,2.038,0.0,0.0,2.014,2.013,2.012,2.011,2.01,0.0,0.0,0.0,0.0,0.0,2.015,2.016,2.017,2.018,2.019,0.0,0.0,0.0,0.0,0.0,532700.0,1290100.0,4010600.0,1821800.0,1572200.0,0.0,0.0,0.0,0.0,0.0,1186200.0,3526900.0,732300.0,1652600.0,233600.0,0.0,0.0,0.0,0.0,0.0
20230823094614864,SZSE,SZSE.ETF.159915,2.012,2.023,2.028,2.012,0.0,2.446,1.63,120882325.0,1608000.0,244329167.256,3235368.200000018,0.0,0.0,20230823,20230823,94614864,2.038,0.0,0.0,2.011,2.01,2.009,2.008,2.007,0.0,0.0,0.0,0.0,0.0,2.012,2.013,2.014,2.015,2.016,0.0,0.0,0.0,0.0,0.0,1538900.0,2774500.0,1598400.0,1616100.0,1131100.0,0.0,0.0,0.0,0.0,0.0,990100.0,3023100.0,4321800.0,964200.0,1828800.0,0.0,0.0,0.0,0.0,0.0
20230823094617324,SZSE,SZSE.ETF.159915,2.012,2.023,2.028,2.012,0.0,2.446,1.63,120908925.0,26600.0,244382686.456,53519.19999998808,0.0,0.0,20230823,20230823,94617323,2.038,0.0,0.0,2.011,2.01,2.009,2.008,2.007,0.0,0.0,0.0,0.0,0.0,2.012,2.013,2.014,2.015,2.016,0.0,0.0,0.0,0.0,0.0,1547900.0,2828100.0,2727800.0,823600.0,1765500.0,0.0,0.0,0.0,0.0,0.0,1682000.0,2978800.0,4067400.0,533500.0,1641800.0,0.0,0.0,0.0,0.0,0.0
20230823094624284,SZSE,SZSE.ETF.159915,2.012,2.023,2.028,2.011,0.0,2.446,1.63,120955025.0,46100.0,244475439.556,92753.09999999404,0.0,0.0,20230823,20230823,94624285,2.038,0.0,0.0,2.011,2.01,2.009,2.008,2.007,0.0,0.0,0.0,0.0,0.0,2.012,2.013,2.014,2.015,2.016,0.0,0.0,0.0,0.0,0.0,1498700.0,2678100.0,2827800.0,984600.0,1765500.0,0.0,0.0,0.0,0.0,0.0,2280800.0,3038800.0,3738400.0,483500.0,1641800.0,0.0,0.0,0.0,0.0,0.0
20230823094624484,SZSE,SZSE.ETF.159915,2.012,2.023,2.028,2.011,0.0,2.446,1.63,120975025.0,20000.0,244515679.556,40240.0,0.0,0.0,20230823,20230823,94624485,2.038,0.0,0.0,2.011,2.01,2.009,2.008,2.007,0.0,0.0,0.0,0.0,0.0,2.012,2.013,2.014,2.015,2.016,0.0,0.0,0.0,0.0,0.0,1518700.0,2418100.0,2667800.0,1408600.0,1765500.0,0.0,0.0,0.0,0.0,0.0,2373600.0,3002500.0,3648400.0,483500.0,1641800.0,0.0,0.0,0.0,0.0,0.0
20230823094627832,SZSE,SZSE.ETF.159915,2.011,2.023,2.028,2.011,0.0,2.446,1.63,121109425.0,134400.0,244785961.156,270281.59999999404,0.0,0.0,20230823,20230823,94627831,2.038,0.0,0.0,2.011,2.01,2.009,2.008,2.007,0.0,0.0,0.0,0.0,0.0,2.012,2.013,2.014,2.015,2.016,0.0,0.0,0.0,0.0,0.0,1406500.0,2421900.0,1673000.0,1408700.0,1765500.0,0.0,0.0,0.0,0.0,0.0,2371900.0,1998700.0,3648400.0,504500.0,1641800.0,0.0,0.0,0.0,0.0,0.0
20230823094630648,SZSE,SZSE.ETF.159915,2.011,2.023,2.028,2.011,0.0,2.446,1.63,121334825.0,225400.0,245239270.056,453308.90000000596,0.0,0.0,20230823,20230823,94630648,2.038,0.0,0.0,2.011,2.01,2.009,2.008,2.007,0.0,0.0,0.0,0.0,0.0,2.012,2.013,2.014,2.015,2.016,0.0,0.0,0.0,0.0,0.0,1250000.0,2401800.0,1908000.0,1479700.0,1765500.0,0.0,0.0,0.0,0.0,0.0,2049400.0,3153700.0,3648400.0,579500.0,1641800.0,0.0,0.0,0.0,0.0,0.0
20230823094641032,SZSE,SZSE.ETF.159915,2.011,2.023,2.028,2.011,0.0,2.446,1.63,121498225.0,50100.0,245567890.956,100751.09999999404,0.0,0.0,20230823,20230823,94641030,2.038,0.0,0.0,2.011,2.01,2.009,2.008,2.007,0.0,0.0,0.0,0.0,0.0,2.012,2.013,2.014,2.015,2.016,0.0,0.0,0.0,0.0,0.0,1407200.0,2827800.0,1798600.0,1783500.0,852700.0,0.0,0.0,0.0,0.0,0.0,1963900.0,2108000.0,3968400.0,629500.0,1641800.0,0.0,0.0,0.0,0.0,0.0
20230823094644020,SZSE,SZSE.ETF.159915,2.011,2.023,2.028,2.011,0.0,2.446,1.63,121850925.0,352700.0,246277181.556,709290.599999994,0.0,0.0,20230823,20230823,94644020,2.038,0.0,0.0,2.011,2.01,2.009,2.008,2.007,0.0,0.0,0.0,0.0,0.0,2.012,2.013,2.014,2.015,2.016,0.0,0.0,0.0,0.0,0.0,1086900.0,2894200.0,1663600.0,1908500.0,852700.0,0.0,0.0,0.0,0.0,0.0,2202200.0,3168000.0,3748400.0,504500.0,1641800.0,0.0,0.0,0.0,0.0,0.0
20230823094650068,SZSE,SZSE.ETF.159915,2.011,2.023,2.028,2.011,0.0,2.446,1.63,121961125.0,52700.0,246498814.756,105985.60000002384,0.0,0.0,20230823,20230823,94650067,2.038,0.0,0.0,2.011,2.01,2.009,2.008,2.007,0.0,0.0,0.0,0.0,0.0,2.012,2.013,2.014,2.015,2.016,0.0,0.0,0.0,0.0,0.0,992800.0,2577700.0,1828600.0,1526200.0,1381800.0,0.0,0.0,0.0,0.0,0.0,2294500.0,3168000.0,3748400.0,504500.0,1641800.0,0.0,0.0,0.0,0.0,0.0
20230823094653120,SZSE,SZSE.ETF.159915,2.011,2.023,2.028,2.011,0.0,2.446,1.63,122028325.0,67200.0,246633955.756,135141.0,0.0,0.0,20230823,20230823,94653119,2.038,0.0,0.0,2.011,2.01,2.009,2.008,2.007,0.0,0.0,0.0,0.0,0.0,2.012,2.013,2.014,2.015,2.016,0.0,0.0,0.0,0.0,0.0,1143800.0,2614300.0,1898900.0,1576900.0,1380800.0,0.0,0.0,0.0,0.0,0.0,2446600.0,3168000.0,3600100.0,670200.0,1641800.0,0.0,0.0,0.0,0.0,0.0
20230823094655968,SZSE,SZSE.ETF.159915,2.011,2.023,2.028,2.011,0.0,2.446,1.63,122155825.0,127500.0,246890369.856,256414.09999999404,0.0,0.0,20230823,20230823,94655970,2.038,0.0,0.0,2.011,2.01,2.009,2.008,2.007,0.0,0.0,0.0,0.0,0.0,2.012,2.013,2.014,2.015,2.016,0.0,0.0,0.0,0.0,0.0,1043900.0,2614300.0,1850900.0,1227200.0,1780800.0,0.0,0.0,0.0,0.0,0.0,2606000.0,4168000.0,2650400.0,504500.0,1641800.0,0.0,0.0,0.0,0.0,0.0
20230823094659004,SZSE,SZSE.ETF.159915,2.011,2.023,2.028,2.011,0.0,2.446,1.63,122258925.0,103100.0,247097749.356,207379.5,0.0,0.0,20230823,20230823,94659005,2.038,0.0,0.0,2.011,2.01,2.009,2.008,2.007,0.0,0.0,0.0,0.0,0.0,2.012,2.013,2.014,2.015,2.016,0.0,0.0,0.0,0.0,0.0,992200.0,2618400.0,1850900.0,1227200.0,1788200.0,0.0,0.0,0.0,0.0,0.0,2770600.0,4008000.0,2765800.0,508700.0,1241800.0,0.0,0.0,0.0,0.0,0.0
20230823094702008,SZSE,SZSE.ETF.159915,2.011,2.023,2.028,2.011,0.0,2.446,1.63,122902425.0,643500.0,248391828.556,1294079.199999988,0.0,0.0,20230823,20230823,94702007,2.038,0.0,0.0,2.011,2.01,2.009,2.008,2.007,0.0,0.0,0.0,0.0,0.0,2.012,2.013,2.014,2.015,2.016,0.0,0.0,0.0,0.0,0.0,385600.0,2624400.0,1883100.0,1176900.0,1839200.0,0.0,0.0,0.0,0.0,0.0,2609900.0,4228000.0,2600100.0,499000.0,1241800.0,0.0,0.0,0.0,0.0,0.0
20230823094705028,SZSE,SZSE.ETF.159915,2.011,2.023,2.028,2.011,0.0,2.446,1.63,123018425.0,116000.0,248625117.156,233288.59999999404,0.0,0.0,20230823,20230823,94705029,2.038,0.0,0.0,2.011,2.01,2.009,2.008,2.007,0.0,0.0,0.0,0.0,0.0,2.012,2.013,2.014,2.015,2.016,0.0,0.0,0.0,0.0,0.0,274600.0,2624400.0,1563600.0,1332900.0,1939200.0,0.0,0.0,0.0,0.0,0.0,2367300.0,5123400.0,1600100.0,499000.0,1241800.0,0.0,0.0,0.0,0.0,0.0
20230823094708092,SZSE,SZSE.ETF.159915,2.011,2.023,2.028,2.011,0.0,2.446,1.63,123117725.0,99300.0,248824893.856,199776.70000001788,0.0,0.0,20230823,20230823,94708092,2.038,0.0,0.0,2.011,2.01,2.009,2.008,2.007,0.0,0.0,0.0,0.0,0.0,2.012,2.013,2.014,2.015,2.016,0.0,0.0,0.0,0.0,0.0,321100.0,3639600.0,1643600.0,1343000.0,1939200.0,0.0,0.0,0.0,0.0,0.0,2568200.0,5008000.0,1500100.0,574000.0,1241800.0,0.0,0.0,0.0,0.0,0.0
20230823094710984,SZSE,SZSE.ETF.159915,2.011,2.023,2.028,2.01,0.0,2.446,1.63,123564225.0,446500.0,249722791.856,897898.0,0.0,0.0,20230823,20230823,94710983,2.038,0.0,0.0,2.01,2.009,2.008,2.007,2.006,0.0,0.0,0.0,0.0,0.0,2.011,2.012,2.013,2.014,2.015,0.0,0.0,0.0,0.0,0.0,3593200.0,1568600.0,1150000.0,2214700.0,1587600.0,0.0,0.0,0.0,0.0,0.0,81400.0,3624800.0,4108000.0,700100.0,499000.0,0.0,0.0,0.0,0.0,0.0
20230823094714008,SZSE,SZSE.ETF.159915,2.011,2.023,2.028,2.01,0.0,2.446,1.63,123648725.0,84500.0,249892721.356,169929.5,0.0,0.0,20230823,20230823,94714008,2.038,0.0,0.0,2.01,2.009,2.008,2.007,2.006,0.0,0.0,0.0,0.0,0.0,2.011,2.012,2.013,2.014,2.015,0.0,0.0,0.0,0.0,0.0,3597000.0,1568600.0,1459800.0,1032300.0,2101400.0,0.0,0.0,0.0,0.0,0.0,322400.0,3062100.0,3803700.0,755100.0,261700.0,0.0,0.0,0.0,0.0,0.0
20230823094716984,SZSE,SZSE.ETF.159915,2.011,2.023,2.028,2.01,0.0,2.446,1.63,123716725.0,68000.0,250029461.856,136740.5,0.0,0.0,20230823,20230823,94716986,2.038,0.0,0.0,2.01,2.009,2.008,2.007,2.006,0.0,0.0,0.0,0.0,0.0,2.011,2.012,2.013,2.014,2.015,0.0,0.0,0.0,0.0,0.0,3593000.0,1578600.0,1450100.0,1044300.0,2101500.0,0.0,0.0,0.0,0.0,0.0,759900.0,3107100.0,3904300.0,645400.0,261700.0,0.0,0.0,0.0,0.0,0.0
20230823094720156,SZSE,SZSE.ETF.159915,2.011,2.023,2.028,2.01,0.0,2.446,1.63,123944125.0,227400.0,250486754.456,457292.59999999404,0.0,0.0,20230823,20230823,94720155,2.038,0.0,0.0,2.01,2.009,2.008,2.007,2.006,0.0,0.0,0.0,0.0,0.0,2.011,2.012,2.013,2.014,2.015,0.0,0.0,0.0,0.0,0.0,3506000.0,1578600.0,1413000.0,1044700.0,2097000.0,0.0,0.0,0.0,0.0,0.0,941300.0,3203300.0,3954700.0,545100.0,261700.0,0.0,0.0,0.0,0.0,0.0
20230823094723536,SZSE,SZSE.ETF.159915,2.01,2.023,2.028,2.01,0.0,2.446,1.63,124025125.0,81000.0,250649570.856,162816.40000000596,0.0,0.0,20230823,20230823,94723538,2.038,0.0,0.0,2.01,2.009,2.008,2.007,2.006,0.0,0.0,0.0,0.0,0.0,2.011,2.012,2.013,2.014,2.015,0.0,0.0,0.0,0.0,0.0,3424600.0,1300200.0,1574000.0,1149700.0,2115500.0,0.0,0.0,0.0,0.0,0.0,2951900.0,2453300.0,2972800.0,325100.0,261700.0,0.0,0.0,0.0,0.0,0.0
20230823094726304,SZSE,SZSE.ETF.159915,2.01,2.023,2.028,2.01,0.0,2.446,1.63,125184425.0,1159300.0,252979845.056,2330274.199999988,0.0,0.0,20230823,20230823,94726303,2.038,0.0,0.0,2.01,2.009,2.008,2.007,2.006,0.0,0.0,0.0,0.0,0.0,2.011,2.012,2.013,2.014,2.015,0.0,0.0,0.0,0.0,0.0,2354200.0,1299800.0,1701300.0,1039300.0,2176500.0,0.0,0.0,0.0,0.0,0.0,3295900.0,2353300.0,2642400.0,451400.0,261700.0,0.0,0.0,0.0,0.0,0.0
20230823094729172,SZSE,SZSE.ETF.159915,2.011,2.023,2.028,2.01,0.0,2.446,1.63,125191925.0,7500.0,252994927.556,15082.5,0.0,0.0,20230823,20230823,94729171,2.038,0.0,0.0,2.01,2.009,2.008,2.007,2.006,0.0,0.0,0.0,0.0,0.0,2.011,2.012,2.013,2.014,2.015,0.0,0.0,0.0,0.0,0.0,2357000.0,1140900.0,1605800.0,1259700.0,2176500.0,0.0,0.0,0.0,0.0,0.0,3112400.0,3352300.0,1692800.0,326100.0,261700.0,0.0,0.0,0.0,0.0,0.0
20230823094732024,SZSE,SZSE.ETF.159915,2.01,2.023,2.028,2.01,0.0,2.446,1.63,125277125.0,85200.0,253166183.056,171255.5,0.0,0.0,20230823,20230823,94732024,2.038,0.0,0.0,2.01,2.009,2.008,2.007,2.006,0.0,0.0,0.0,0.0,0.0,2.011,2.012,2.013,2.014,2.015,0.0,0.0,0.0,0.0,0.0,2261400.0,1360200.0,1606300.0,1137300.0,2176500.0,0.0,0.0,0.0,0.0,0.0,3108900.0,3345300.0,1808200.0,326100.0,261700.0,0.0,0.0,0.0,0.0,0.0
20230823094735004,SZSE,SZSE.ETF.159915,2.011,2.023,2.028,2.01,0.0,2.446,1.63,125338525.0,61400.0,253289614.556,123431.5,0.0,0.0,20230823,20230823,94735003,2.038,0.0,0.0,2.01,2.009,2.008,2.007,2.006,0.0,0.0,0.0,0.0,0.0,2.011,2.012,2.013,2.014,2.015,0.0,0.0,0.0,0.0,0.0,2257000.0,1201900.0,1559900.0,1187300.0,2275400.0,0.0,0.0,0.0,0.0,0.0,2091400.0,5395300.0,758200.0,326100.0,237000.0,0.0,0.0,0.0,0.0,0.0
20230823094737992,SZSE,SZSE.ETF.159915,2.01,2.023,2.028,2.01,0.0,2.446,1.63,125552125.0,213600.0,253718957.756,429343.2000000179,0.0,0.0,20230823,20230823,94737994,2.038,0.0,0.0,2.01,2.009,2.008,2.007,2.006,0.0,0.0,0.0,0.0,0.0,2.011,2.012,2.013,2.014,2.015,0.0,0.0,0.0,0.0,0.0,2072400.0,1247900.0,1682800.0,1246900.0,2275400.0,0.0,0.0,0.0,0.0,0.0,2084200.0,5345300.0,760300.0,451400.0,237000.0,0.0,0.0,0.0,0.0,0.0
20230823094740984,SZSE,SZSE.ETF.159915,2.011,2.023,2.028,2.01,0.0,2.446,1.63,125804625.0,252500.0,254226515.256,507557.5,0.0,0.0,20230823,20230823,94740984,2.038,0.0,0.0,2.01,2.009,2.008,2.007,2.006,0.0,0.0,0.0,0.0,0.0,2.011,2.012,2.013,2.014,2.015,0.0,0.0,0.0,0.0,0.0,1880600.0,1413700.0,1564800.0,1137400.0,2275400.0,0.0,0.0,0.0,0.0,0.0,2053700.0,5343000.0,760700.0,326100.0,237000.0,0.0,0.0,0.0,0.0,0.0
20230823094743972,SZSE,SZSE.ETF.159915,2.01,2.023,2.028,2.01,0.0,2.446,1.63,126084225.0,279600.0,254788511.456,561996.1999999881,0.0,0.0,20230823,20230823,94743973,2.038,0.0,0.0,2.01,2.009,2.008,2.007,2.006,0.0,0.0,0.0,0.0,0.0,2.011,2.012,2.013,2.014,2.015,0.0,0.0,0.0,0.0,0.0,1628400.0,1413700.0,1578600.0,1028200.0,2309500.0,0.0,0.0,0.0,0.0,0.0,2053500.0,5393000.0,710700.0,325100.0,237000.0,0.0,0.0,0.0,0.0,0.0
20230823094747004,SZSE,SZSE.ETF.159915,2.011,2.023,2.028,2.01,0.0,2.446,1.63,126450325.0,366100.0,255524386.856,735875.400000006,0.0,0.0,20230823,20230823,94747004,2.038,0.0,0.0,2.01,2.009,2.008,2.007,2.006,0.0,0.0,0.0,0.0,0.0,2.011,2.012,2.013,2.014,2.015,0.0,0.0,0.0,0.0,0.0,1295900.0,1413700.0,1586600.0,1538200.0,2261700.0,0.0,0.0,0.0,0.0,0.0,1936200.0,4234000.0,1760700.0,385100.0,262600.0,0.0,0.0,0.0,0.0,0.0
20230823094750024,SZSE,SZSE.ETF.159915,2.01,2.023,2.028,2.01,0.0,2.446,1.63,126485725.0,35400.0,255595541.156,71154.29999998212,0.0,0.0,20230823,20230823,94750023,2.038,0.0,0.0,2.01,2.009,2.008,2.007,2.006,0.0,0.0,0.0,0.0,0.0,2.011,2.012,2.013,2.014,2.015,0.0,0.0,0.0,0.0,0.0,1392400.0,1576700.0,1537600.0,1428200.0,2210700.0,0.0,0.0,0.0,0.0,0.0,1588200.0,4444000.0,1865300.0,375100.0,262600.0,0.0,0.0,0.0,0.0,0.0
20230823094753048,SZSE,SZSE.ETF.159915,2.01,2.023,2.028,2.01,0.0,2.446,1.63,126552925.0,67200.0,255730626.156,135085.0,0.0,0.0,20230823,20230823,94753048,2.038,0.0,0.0,2.01,2.009,2.008,2.007,2.006,0.0,0.0,0.0,0.0,0.0,2.011,2.012,2.013,2.014,2.015,0.0,0.0,0.0,0.0,0.0,1377300.0,1579700.0,1318600.0,1523200.0,2210700.0,0.0,0.0,0.0,0.0,0.0,1655300.0,3444000.0,2633300.0,385100.0,262600.0,0.0,0.0,0.0,0.0,0.0
20230823094756048,SZSE,SZSE.ETF.159915,2.011,2.023,2.028,2.01,0.0,2.446,1.63,126573325.0,20400.0,255771630.556,41004.40000000596,0.0,0.0,20230823,20230823,94756050,2.038,0.0,0.0,2.01,2.009,2.008,2.007,2.006,0.0,0.0,0.0,0.0,0.0,2.011,2.012,2.013,2.014,2.015,0.0,0.0,0.0,0.0,0.0,1435900.0,1577700.0,1538600.0,1436100.0,2188400.0,0.0,0.0,0.0,0.0,0.0,1775400.0,3384000.0,2693300.0,550500.0,262600.0,0.0,0.0,0.0,0.0,0.0
20230823094759136,SZSE,SZSE.ETF.159915,2.01,2.023,2.028,2.01,0.0,2.446,1.63,126650525.0,77200.0,255926825.056,155194.5,0.0,0.0,20230823,20230823,94759137,2.038,0.0,0.0,2.01,2.009,2.008,2.007,2.006,0.0,0.0,0.0,0.0,0.0,2.011,2.012,2.013,2.014,2.015,0.0,0.0,0.0,0.0,0.0,1487000.0,1579300.0,1483400.0,1436100.0,1675600.0,0.0,0.0,0.0,0.0,0.0,1625800.0,3384000.0,2633300.0,500500.0,262600.0,0.0,0.0,0.0,0.0,0.0
20230823094802124,SZSE,SZSE.ETF.159915,2.01,2.023,2.028,2.01,0.0,2.446,1.63,126712825.0,62300.0,256052060.256,125235.20000001788,0.0,0.0,20230823,20230823,94802125,2.038,0.0,0.0,2.01,2.009,2.008,2.007,2.006,0.0,0.0,0.0,0.0,0.0,2.011,2.012,2.013,2.014,2.015,0.0,0.0,0.0,0.0,0.0,1536400.0,1588300.0,1523400.0,1955100.0,1687300.0,0.0,0.0,0.0,0.0,0.0,1453600.0,2384000.0,2853300.0,550500.0,262600.0,0.0,0.0,0.0,0.0,0.0
20230823094805080,SZSE,SZSE.ETF.159915,2.011,2.023,2.028,2.01,0.0,2.446,1.63,128527425.0,1814600.0,259701117.856,3649057.599999994,0.0,0.0,20230823,20230823,94805082,2.038,0.0,0.0,2.011,2.01,2.009,2.008,2.007,0.0,0.0,0.0,0.0,0.0,2.012,2.013,2.014,2.015,2.016,0.0,0.0,0.0,0.0,0.0,755900.0,1782400.0,2614100.0,3199900.0,2298300.0,0.0,0.0,0.0,0.0,0.0,1484000.0,1742900.0,940400.0,312600.0,1241300.0,0.0,0.0,0.0,0.0,0.0
20230823094808160,SZSE,SZSE.ETF.159915,2.012,2.023,2.028,2.01,0.0,2.446,1.63,128604225.0,76800.0,259855572.656,154454.79999998212,0.0,0.0,20230823,20230823,94808162,2.038,0.0,0.0,2.011,2.01,2.009,2.008,2.007,0.0,0.0,0.0,0.0,0.0,2.012,2.013,2.014,2.015,2.016,0.0,0.0,0.0,0.0,0.0,359200.0,2423300.0,3373300.0,2194800.0,1247300.0,0.0,0.0,0.0,0.0,0.0,1778200.0,2113800.0,1664800.0,1548900.0,1241300.0,0.0,0.0,0.0,0.0,0.0
20230823094811056,SZSE,SZSE.ETF.159915,2.012,2.023,2.028,2.01,0.0,2.446,1.63,128657925.0,53700.0,259963576.556,108003.90000000596,0.0,0.0,20230823,20230823,94811055,2.038,0.0,0.0,2.011,2.01,2.009,2.008,2.007,0.0,0.0,0.0,0.0,0.0,2.012,2.013,2.014,2.015,2.016,0.0,0.0,0.0,0.0,0.0,225700.0,2629800.0,3162300.0,2296300.0,1196400.0,0.0,0.0,0.0,0.0,0.0,1556000.0,1364700.0,3884800.0,659900.0,1241300.0,0.0,0.0,0.0,0.0,0.0
20230823094814096,SZSE,SZSE.ETF.159915,2.012,2.023,2.028,2.01,0.0,2.446,1.63,129011025.0,353100.0,260673557.456,709980.900000006,0.0,0.0,20230823,20230823,94814094,2.038,0.0,0.0,2.011,2.01,2.009,2.008,2.007,0.0,0.0,0.0,0.0,0.0,2.012,2.013,2.014,2.015,2.016,0.0,0.0,0.0,0.0,0.0,149100.0,2562000.0,3099300.0,1382500.0,1411400.0,0.0,0.0,0.0,0.0,0.0,1338200.0,1674700.0,2720200.0,659900.0,1241300.0,0.0,0.0,0.0,0.0,0.0
20230823094817008,SZSE,SZSE.ETF.159915,2.012,2.023,2.028,2.01,0.0,2.446,1.63,129075225.0,64200.0,260802727.856,129170.40000000596,0.0,0.0,20230823,20230823,94817008,2.038,0.0,0.0,2.011,2.01,2.009,2.008,2.007,0.0,0.0,0.0,0.0,0.0,2.012,2.013,2.014,2.015,2.016,0.0,0.0,0.0,0.0,0.0,1313200.0,1921600.0,3074800.0,1352700.0,1865200.0,0.0,0.0,0.0,0.0,0.0,1124000.0,2554700.0,2840200.0,659900.0,1241300.0,0.0,0.0,0.0,0.0,0.0
20230823094820036,SZSE,SZSE.ETF.159915,2.012,2.023,2.028,2.01,0.0,2.446,1.63,130087925.0,1012700.0,262840280.056,2037552.199999988,0.0,0.0,20230823,20230823,94820035,2.038,0.0,0.0,2.011,2.01,2.009,2.008,2.007,0.0,0.0,0.0,0.0,0.0,2.012,2.013,2.014,2.015,2.016,0.0,0.0,0.0,0.0,0.0,1474000.0,2322000.0,2499800.0,1095700.0,1687300.0,0.0,0.0,0.0,0.0,0.0,1037300.0,1714700.0,2781200.0,734900.0,1241300.0,0.0,0.0,0.0,0.0,0.0
20230823094822980,SZSE,SZSE.ETF.159915,2.012,2.023,2.028,2.01,0.0,2.446,1.63,131228225.0,1140300.0,265134563.656,2294283.599999994,0.0,0.0,20230823,20230823,94822979,2.038,0.0,0.0,2.011,2.01,2.009,2.008,2.007,0.0,0.0,0.0,0.0,0.0,2.012,2.013,2.014,2.015,2.016,0.0,0.0,0.0,0.0,0.0,1497300.0,2344700.0,2424800.0,1045700.0,1687300.0,0.0,0.0,0.0,0.0,0.0,120000.0,1734700.0,2825800.0,659900.0,1241300.0,0.0,0.0,0.0,0.0,0.0
20230823094825988,SZSE,SZSE.ETF.159915,2.012,2.023,2.028,2.01,0.0,2.446,1.63,131492125.0,263900.0,265665430.456,530866.8000000119,0.0,0.0,20230823,20230823,94825988,2.038,0.0,0.0,2.011,2.01,2.009,2.008,2.007,0.0,0.0,0.0,0.0,0.0,2.012,2.013,2.014,2.015,2.016,0.0,0.0,0.0,0.0,0.0,1461600.0,2356400.0,2323500.0,1140600.0,824500.0,0.0,0.0,0.0,0.0,0.0,2356000.0,2374700.0,2036100.0,709600.0,1241300.0,0.0,0.0,0.0,0.0,0.0
20230823094829000,SZSE,SZSE.ETF.159915,2.011,2.023,2.028,2.01,0.0,2.446,1.63,133089525.0,1597400.0,268877820.156,3212389.700000018,0.0,0.0,20230823,20230823,94829002,2.038,0.0,0.0,2.01,2.009,2.008,2.007,2.006,0.0,0.0,0.0,0.0,0.0,2.011,2.012,2.013,2.014,2.015,0.0,0.0,0.0,0.0,0.0,1905300.0,2583500.0,1240600.0,1088500.0,2069900.0,0.0,0.0,0.0,0.0,0.0,219000.0,2907700.0,3854700.0,656100.0,449600.0,0.0,0.0,0.0,0.0,0.0
20230823094832012,SZSE,SZSE.ETF.159915,2.011,2.023,2.028,2.01,0.0,2.446,1.63,133146525.0,57000.0,268992447.156,114627.0,0.0,0.0,20230823,20230823,94832011,2.038,0.0,0.0,2.01,2.009,2.008,2.007,2.006,0.0,0.0,0.0,0.0,0.0,2.011,2.012,2.013,2.014,2.015,0.0,0.0,0.0,0.0,0.0,2183900.0,2398500.0,1161100.0,1189900.0,2139900.0,0.0,0.0,0.0,0.0,0.0,176000.0,2803500.0,2875900.0,856100.0,422600.0,0.0,0.0,0.0,0.0,0.0
20230823094835048,SZSE,SZSE.ETF.159915,2.011,2.023,2.028,2.01,0.0,2.446,1.63,133330925.0,184400.0,269363275.556,370828.39999997616,0.0,0.0,20230823,20230823,94835048,2.038,0.0,0.0,2.01,2.009,2.008,2.007,2.006,0.0,0.0,0.0,0.0,0.0,2.011,2.012,2.013,2.014,2.015,0.0,0.0,0.0,0.0,0.0,2176400.0,2398500.0,1211100.0,1193900.0,2141400.0,0.0,0.0,0.0,0.0,0.0,209600.0,2873500.0,3856000.0,856100.0,427600.0,0.0,0.0,0.0,0.0,0.0
20230823094837988,SZSE,SZSE.ETF.159915,2.011,2.023,2.028,2.01,0.0,2.446,1.63,133415025.0,84100.0,269532395.756,169120.19999998808,0.0,0.0,20230823,20230823,94837987,2.038,0.0,0.0,2.01,2.009,2.008,2.007,2.006,0.0,0.0,0.0,0.0,0.0,2.011,2.012,2.013,2.014,2.015,0.0,0.0,0.0,0.0,0.0,2180600.0,2951500.0,1324100.0,1143900.0,2081400.0,0.0,0.0,0.0,0.0,0.0,130400.0,2673500.0,3806000.0,906600.0,432600.0,0.0,0.0,0.0,0.0,0.0
20230823094841020,SZSE,SZSE.ETF.159915,2.011,2.023,2.028,2.01,0.0,2.446,1.63,133525325.0,110300.0,269754209.056,221813.30000001192,0.0,0.0,20230823,20230823,94841021,2.038,0.0,0.0,2.01,2.009,2.008,2.007,2.006,0.0,0.0,0.0,0.0,0.0,2.011,2.012,2.013,2.014,2.015,0.0,0.0,0.0,0.0,0.0,2228300.0,2951500.0,1230200.0,1194400.0,2141400.0,0.0,0.0,0.0,0.0,0.0,40100.0,2673500.0,3856000.0,856600.0,432600.0,0.0,0.0,0.0,0.0,0.0
20230823094935728,SZSE,SZSE.ETF.159915,2.013,2.023,2.028,2.01,0.0,2.446,1.63,136459025.0,592500.0,275656962.456,1192558.5999999642,0.0,0.0,20230823,20230823,94935730,2.038,0.0,0.0,2.012,2.011,2.01,2.009,2.008,0.0,0.0,0.0,0.0,0.0,2.013,2.014,2.015,2.016,2.017,0.0,0.0,0.0,0.0,0.0,286600.0,2105600.0,3984800.0,1870700.0,1668100.0,0.0,0.0,0.0,0.0,0.0,1301700.0,2866300.0,1587100.0,1477600.0,57800.0,0.0,0.0,0.0,0.0,0.0
20230823094938240,SZSE,SZSE.ETF.159915,2.012,2.023,2.028,2.01,0.0,2.446,1.63,137075525.0,616500.0,276897360.556,1240398.1000000238,0.0,0.0,20230823,20230823,94938242,2.038,0.0,0.0,2.011,2.01,2.009,2.008,2.007,0.0,0.0,0.0,0.0,0.0,2.012,2.013,2.014,2.015,2.016,0.0,0.0,0.0,0.0,0.0,2080800.0,3991100.0,1440500.0,1818100.0,1557900.0,0.0,0.0,0.0,0.0,0.0,443000.0,1129800.0,4868200.0,647100.0,1478600.0,0.0,0.0,0.0,0.0,0.0
20230823094942964,SZSE,SZSE.ETF.159915,2.012,2.023,2.028,2.01,0.0,2.446,1.63,137180425.0,104900.0,277108410.656,211050.10000002384,0.0,0.0,20230823,20230823,94942965,2.038,0.0,0.0,2.011,2.01,2.009,2.008,2.007,0.0,0.0,0.0,0.0,0.0,2.012,2.013,2.014,2.015,2.016,0.0,0.0,0.0,0.0,0.0,2095400.0,4048700.0,1825800.0,1105300.0,1911700.0,0.0,0.0,0.0,0.0,0.0,377800.0,1932000.0,4188200.0,832400.0,1241300.0,0.0,0.0,0.0,0.0,0.0
20230823094945352,SZSE,SZSE.ETF.159915,2.012,2.023,2.028,2.01,0.0,2.446,1.63,137234725.0,54300.0,277217659.756,109249.09999996424,0.0,0.0,20230823,20230823,94945353,2.038,0.0,0.0,2.011,2.01,2.009,2.008,2.007,0.0,0.0,0.0,0.0,0.0,2.012,2.013,2.014,2.015,2.016,0.0,0.0,0.0,0.0,0.0,2080300.0,3896200.0,1935500.0,1155600.0,1911700.0,0.0,0.0,0.0,0.0,0.0,276000.0,2254900.0,4183000.0,782100.0,1241300.0,0.0,0.0,0.0,0.0,0.0
20230823094948716,SZSE,SZSE.ETF.159915,2.012,2.023,2.028,2.01,0.0,2.446,1.63,137302825.0,68100.0,277354676.956,137017.19999998808,0.0,0.0,20230823,20230823,94948717,2.038,0.0,0.0,2.011,2.01,2.009,2.008,2.007,0.0,0.0,0.0,0.0,0.0,2.012,2.013,2.014,2.015,2.016,0.0,0.0,0.0,0.0,0.0,2041000.0,3866200.0,1935500.0,1205600.0,1913300.0,0.0,0.0,0.0,0.0,0.0,257900.0,2514900.0,4183000.0,677100.0,1241300.0,0.0,0.0,0.0,0.0,0.0
20230823094951108,SZSE,SZSE.ETF.159915,2.012,2.023,2.028,2.01,0.0,2.446,1.63,137580725.0,277900.0,277913631.756,558954.8000000119,0.0,0.0,20230823,20230823,94951108,2.038,0.0,0.0,2.011,2.01,2.009,2.008,2.007,0.0,0.0,0.0,0.0,0.0,2.012,2.013,2.014,2.015,2.016,0.0,0.0,0.0,0.0,0.0,1926500.0,3655700.0,1890800.0,1205600.0,1923300.0,0.0,0.0,0.0,0.0,0.0,190000.0,2734900.0,2973000.0,683100.0,1241300.0,0.0,0.0,0.0,0.0,0.0
20230823094953104,SZSE,SZSE.ETF.159915,2.012,2.023,2.028,2.01,0.0,2.446,1.63,137615025.0,34300.0,277982638.356,69006.60000002384,0.0,0.0,20230823,20230823,94953103,2.038,0.0,0.0,2.011,2.01,2.009,2.008,2.007,0.0,0.0,0.0,0.0,0.0,2.012,2.013,2.014,2.015,2.016,0.0,0.0,0.0,0.0,0.0,1892200.0,3661100.0,1984500.0,1063500.0,2027300.0,0.0,0.0,0.0,0.0,0.0,110700.0,4184900.0,1923000.0,758100.0,1241300.0,0.0,0.0,0.0,0.0,0.0
20230823094955972,SZSE,SZSE.ETF.159915,2.012,2.023,2.028,2.01,0.0,2.446,1.63,137660125.0,45100.0,278073375.456,90737.09999996424,0.0,0.0,20230823,20230823,94955973,2.038,0.0,0.0,2.011,2.01,2.009,2.008,2.007,0.0,0.0,0.0,0.0,0.0,2.012,2.013,2.014,2.015,2.016,0.0,0.0,0.0,0.0,0.0,1970600.0,3984100.0,1809500.0,1463500.0,1462500.0,0.0,0.0,0.0,0.0,0.0,69700.0,2624900.0,2707600.0,893100.0,1241300.0,0.0,0.0,0.0,0.0,0.0
20230823095014040,SZSE,SZSE.ETF.159915,2.012,2.023,2.028,2.01,0.0,2.446,1.63,138994625.0,429100.0,280758329.256,863351.3999999762,0.0,0.0,20230823,20230823,95014039,2.038,0.0,0.0,2.011,2.01,2.009,2.008,2.007,0.0,0.0,0.0,0.0,0.0,2.012,2.013,2.014,2.015,2.016,0.0,0.0,0.0,0.0,0.0,2843400.0,4775700.0,2839800.0,1877500.0,1004400.0,0.0,0.0,0.0,0.0,0.0,400300.0,997500.0,2563500.0,2847200.0,1538600.0,0.0,0.0,0.0,0.0,0.0
20230823095017048,SZSE,SZSE.ETF.159915,2.012,2.023,2.028,2.01,0.0,2.446,1.63,139249225.0,254600.0,281270584.356,512255.10000002384,0.0,0.0,20230823,20230823,95017050,2.038,0.0,0.0,2.011,2.01,2.009,2.008,2.007,0.0,0.0,0.0,0.0,0.0,2.012,2.013,2.014,2.015,2.016,0.0,0.0,0.0,0.0,0.0,2740500.0,4654600.0,2975100.0,964700.0,1918200.0,0.0,0.0,0.0,0.0,0.0,275800.0,1658500.0,2893600.0,2037800.0,1301300.0,0.0,0.0,0.0,0.0,0.0
20230823095020056,SZSE,SZSE.ETF.159915,2.012,2.023,2.028,2.01,0.0,2.446,1.63,139293725.0,44500.0,281360118.356,89534.0,0.0,0.0,20230823,20230823,95020057,2.038,0.0,0.0,2.011,2.01,2.009,2.008,2.007,0.0,0.0,0.0,0.0,0.0,2.012,2.013,2.014,2.015,2.016,0.0,0.0,0.0,0.0,0.0,2761200.0,4643600.0,3925100.0,2015700.0,1918200.0,0.0,0.0,0.0,0.0,0.0,285300.0,1658500.0,1729200.0,2197800.0,1291300.0,0.0,0.0,0.0,0.0,0.0
20230823095023080,SZSE,SZSE.ETF.159915,2.012,2.023,2.028,2.01,0.0,2.446,1.63,139579525.0,285800.0,281935107.956,574989.5999999642,0.0,0.0,20230823,20230823,95023081,2.038,0.0,0.0,2.011,2.01,2.009,2.008,2.007,0.0,0.0,0.0,0.0,0.0,2.012,2.013,2.014,2.015,2.016,0.0,0.0,0.0,0.0,0.0,2623900.0,4640700.0,1925100.0,1065700.0,1918200.0,0.0,0.0,0.0,0.0,0.0,8800.0,1758500.0,2879200.0,887800.0,1291300.0,0.0,0.0,0.0,0.0,0.0
20230823095026056,SZSE,SZSE.ETF.159915,2.012,2.023,2.028,2.01,0.0,2.446,1.63,140494925.0,915400.0,283776067.256,1840959.300000012,0.0,0.0,20230823,20230823,95026054,2.038,0.0,0.0,2.011,2.01,2.009,2.008,2.007,0.0,0.0,0.0,0.0,0.0,2.012,2.013,2.014,2.015,2.016,0.0,0.0,0.0,0.0,0.0,1180900.0,4480800.0,2196100.0,970700.0,1913200.0,0.0,0.0,0.0,0.0,0.0,642300.0,2089400.0,3832700.0,987800.0,1241300.0,0.0,0.0,0.0,0.0,0.0
20230823095029064,SZSE,SZSE.ETF.159915,2.012,2.023,2.028,2.01,0.0,2.446,1.63,140672525.0,177600.0,284133396.656,357329.40000003576,0.0,0.0,20230823,20230823,95029063,2.038,0.0,0.0,2.011,2.01,2.009,2.008,2.007,0.0,0.0,0.0,0.0,0.0,2.012,2.013,2.014,2.015,2.016,0.0,0.0,0.0,0.0,0.0,784100.0,4644300.0,2000800.0,1077800.0,1905800.0,0.0,0.0,0.0,0.0,0.0,586100.0,2059700.0,2782000.0,787500.0,1241300.0,0.0,0.0,0.0,0.0,0.0
20230823095032028,SZSE,SZSE.ETF.159915,2.011,2.023,2.028,2.01,0.0,2.446,1.63,141541425.0,868900.0,285880772.156,1747375.5,0.0,0.0,20230823,20230823,95032029,2.038,0.0,0.0,2.01,2.009,2.008,2.007,2.006,0.0,0.0,0.0,0.0,0.0,2.011,2.012,2.013,2.014,2.015,0.0,0.0,0.0,0.0,0.0,4281400.0,1966100.0,1137500.0,1086000.0,1689100.0,0.0,0.0,0.0,0.0,0.0,21200.0,1894600.0,1254600.0,3446300.0,652800.0,0.0,0.0,0.0,0.0,0.0
20230823095035052,SZSE,SZSE.ETF.159915,2.012,2.023,2.028,2.01,0.0,2.446,1.63,141589625.0,48200.0,285977706.556,96934.39999997616,0.0,0.0,20230823,20230823,95035051,2.038,0.0,0.0,2.01,2.009,2.008,2.007,2.006,0.0,0.0,0.0,0.0,0.0,2.011,2.012,2.013,2.014,2.015,0.0,0.0,0.0,0.0,0.0,4175400.0,3264600.0,2582800.0,1087000.0,2202900.0,0.0,0.0,0.0,0.0,0.0,100.0,1529200.0,1671900.0,2066900.0,475500.0,0.0,0.0,0.0,0.0,0.0
20230823095108564,SZSE,SZSE.ETF.159915,2.012,2.023,2.028,2.01,0.0,2.446,1.63,142545825.0,52800.0,287900560.056,106223.60000002384,0.0,0.0,20230823,20230823,95108565,2.038,0.0,0.0,2.011,2.01,2.009,2.008,2.007,0.0,0.0,0.0,0.0,0.0,2.012,2.013,2.014,2.015,2.016,0.0,0.0,0.0,0.0,0.0,809800.0,4695200.0,3853900.0,2532800.0,1547700.0,0.0,0.0,0.0,0.0,0.0,1117900.0,784000.0,1924900.0,1739800.0,1241800.0,0.0,0.0,0.0,0.0,0.0
20230823095111028,SZSE,SZSE.ETF.159915,2.012,2.023,2.028,2.01,0.0,2.446,1.63,142695525.0,149700.0,288201720.456,301160.39999997616,0.0,0.0,20230823,20230823,95111028,2.038,0.0,0.0,2.011,2.01,2.009,2.008,2.007,0.0,0.0,0.0,0.0,0.0,2.012,2.013,2.014,2.015,2.016,0.0,0.0,0.0,0.0,0.0,1711900.0,4637200.0,5078900.0,3464000.0,1147700.0,0.0,0.0,0.0,0.0,0.0,69900.0,248000.0,1965600.0,2044800.0,1241800.0,0.0,0.0,0.0,0.0,0.0
20230823095115892,SZSE,SZSE.ETF.159915,2.012,2.023,2.028,2.01,0.0,2.446,1.63,142941425.0,245900.0,288696466.356,494745.90000003576,0.0,0.0,20230823,20230823,95115893,2.038,0.0,0.0,2.012,2.011,2.01,2.009,2.008,0.0,0.0,0.0,0.0,0.0,2.013,2.014,2.015,2.016,2.017,0.0,0.0,0.0,0.0,0.0,426300.0,1808800.0,4802700.0,3040700.0,2514300.0,0.0,0.0,0.0,0.0,0.0,228000.0,645900.0,1084900.0,1453100.0,62800.0,0.0,0.0,0.0,0.0,0.0
20230823095118956,SZSE,SZSE.ETF.159915,2.012,2.023,2.028,2.01,0.0,2.446,1.63,143170925.0,229500.0,289158220.356,461754.0,0.0,0.0,20230823,20230823,95118956,2.038,0.0,0.0,2.012,2.011,2.01,2.009,2.008,0.0,0.0,0.0,0.0,0.0,2.013,2.014,2.015,2.016,2.017,0.0,0.0,0.0,0.0,0.0,215300.0,2396100.0,4997500.0,3346200.0,2412000.0,0.0,0.0,0.0,0.0,0.0,327000.0,799300.0,3164600.0,534800.0,122800.0,0.0,0.0,0.0,0.0,0.0
20230823095120572,SZSE,SZSE.ETF.159915,2.012,2.023,2.028,2.01,0.0,2.446,1.63,143175225.0,4300.0,289166871.956,8651.599999964237,0.0,0.0,20230823,20230823,95120571,2.038,0.0,0.0,2.012,2.011,2.01,2.009,2.008,0.0,0.0,0.0,0.0,0.0,2.013,2.014,2.015,2.016,2.017,0.0,0.0,0.0,0.0,0.0,237300.0,2048200.0,5267900.0,3506200.0,2412200.0,0.0,0.0,0.0,0.0,0.0,437200.0,1109300.0,3004600.0,645800.0,62800.0,0.0,0.0,0.0,0.0,0.0
20230823095123512,SZSE,SZSE.ETF.159915,2.012,2.023,2.028,2.01,0.0,2.446,1.63,143275225.0,100000.0,289368071.956,201200.0,0.0,0.0,20230823,20230823,95123512,2.038,0.0,0.0,2.012,2.011,2.01,2.009,2.008,0.0,0.0,0.0,0.0,0.0,2.013,2.014,2.015,2.016,2.017,0.0,0.0,0.0,0.0,0.0,152300.0,2068000.0,5222800.0,3176200.0,2412200.0,0.0,0.0,0.0,0.0,0.0,597200.0,1169300.0,2784600.0,530400.0,62800.0,0.0,0.0,0.0,0.0,0.0
20230823095126208,SZSE,SZSE.ETF.159915,2.012,2.023,2.028,2.01,0.0,2.446,1.63,143479125.0,203900.0,289778318.756,410246.8000000119,0.0,0.0,20230823,20230823,95126207,2.038,0.0,0.0,2.011,2.01,2.009,2.008,2.007,0.0,0.0,0.0,0.0,0.0,2.012,2.013,2.014,2.015,2.016,0.0,0.0,0.0,0.0,0.0,2073600.0,5232400.0,1503200.0,1412200.0,1087800.0,0.0,0.0,0.0,0.0,0.0,57300.0,1257200.0,1009300.0,2784600.0,530400.0,0.0,0.0,0.0,0.0,0.0
20230823095129120,SZSE,SZSE.ETF.159915,2.012,2.023,2.028,2.01,0.0,2.446,1.63,143563325.0,84200.0,289947729.156,169410.40000003576,0.0,0.0,20230823,20230823,95129118,2.038,0.0,0.0,2.011,2.01,2.009,2.008,2.007,0.0,0.0,0.0,0.0,0.0,2.012,2.013,2.014,2.015,2.016,0.0,0.0,0.0,0.0,0.0,1936400.0,4882700.0,2108500.0,1928000.0,1087800.0,0.0,0.0,0.0,0.0,0.0,42800.0,978200.0,3164000.0,2210600.0,183100.0,0.0,0.0,0.0,0.0,0.0
20230823095132344,SZSE,SZSE.ETF.159915,2.012,2.023,2.028,2.01,0.0,2.446,1.63,143585825.0,22500.0,289992999.156,45270.0,0.0,0.0,20230823,20230823,95132345,2.038,0.0,0.0,2.011,2.01,2.009,2.008,2.007,0.0,0.0,0.0,0.0,0.0,2.012,2.013,2.014,2.015,2.016,0.0,0.0,0.0,0.0,0.0,1396800.0,4848900.0,2108500.0,1414200.0,1601600.0,0.0,0.0,0.0,0.0,0.0,196500.0,1978200.0,3115000.0,1145200.0,123100.0,0.0,0.0,0.0,0.0,0.0
20230823095135388,SZSE,SZSE.ETF.159915,2.012,2.023,2.028,2.01,0.0,2.446,1.63,143929225.0,343400.0,290683918.956,690919.7999999523,0.0,0.0,20230823,20230823,95135387,2.038,0.0,0.0,2.011,2.01,2.009,2.008,2.007,0.0,0.0,0.0,0.0,0.0,2.012,2.013,2.014,2.015,2.016,0.0,0.0,0.0,0.0,0.0,1638700.0,4865800.0,2059200.0,1057400.0,2001600.0,0.0,0.0,0.0,0.0,0.0,90900.0,1978200.0,2330300.0,1093900.0,172800.0,0.0,0.0,0.0,0.0,0.0
20230823095138140,SZSE,SZSE.ETF.159915,2.013,2.023,2.028,2.01,0.0,2.446,1.63,144221125.0,291900.0,291271222.756,587303.8000000119,0.0,0.0,20230823,20230823,95138139,2.038,0.0,0.0,2.012,2.011,2.01,2.009,2.008,0.0,0.0,0.0,0.0,0.0,2.013,2.014,2.015,2.016,2.017,0.0,0.0,0.0,0.0,0.0,385500.0,1876700.0,4885800.0,2010200.0,1107400.0,0.0,0.0,0.0,0.0,0.0,1977200.0,3655700.0,883900.0,172800.0,62800.0,0.0,0.0,0.0,0.0,0.0
20230823095141036,SZSE,SZSE.ETF.159915,2.012,2.023,2.028,2.01,0.0,2.446,1.63,144673025.0,451900.0,292180405.556,909182.8000000119,0.0,0.0,20230823,20230823,95141036,2.038,0.0,0.0,2.011,2.01,2.009,2.008,2.007,0.0,0.0,0.0,0.0,0.0,2.012,2.013,2.014,2.015,2.016,0.0,0.0,0.0,0.0,0.0,1725600.0,4796400.0,1935200.0,1066100.0,2025700.0,0.0,0.0,0.0,0.0,0.0,842500.0,2396200.0,2811600.0,743600.0,359100.0,0.0,0.0,0.0,0.0,0.0
20230823095144020,SZSE,SZSE.ETF.159915,2.012,2.023,2.028,2.01,0.0,2.446,1.63,144695625.0,22600.0,292225876.756,45471.19999998808,0.0,0.0,20230823,20230823,95144019,2.038,0.0,0.0,2.011,2.01,2.009,2.008,2.007,0.0,0.0,0.0,0.0,0.0,2.012,2.013,2.014,2.015,2.016,0.0,0.0,0.0,0.0,0.0,1738700.0,4881300.0,1889800.0,1177700.0,2085700.0,0.0,0.0,0.0,0.0,0.0,855400.0,2117200.0,4236600.0,663900.0,172800.0,0.0,0.0,0.0,0.0,0.0
20230823095146960,SZSE,SZSE.ETF.159915,2.012,2.023,2.028,2.01,0.0,2.446,1.63,144773025.0,77400.0,292381603.456,155726.69999998808,0.0,0.0,20230823,20230823,95146962,2.038,0.0,0.0,2.011,2.01,2.009,2.008,2.007,0.0,0.0,0.0,0.0,0.0,2.012,2.013,2.014,2.015,2.016,0.0,0.0,0.0,0.0,0.0,1765900.0,4932000.0,1949800.0,1696900.0,1451900.0,0.0,0.0,0.0,0.0,0.0,876400.0,2277200.0,3852200.0,633500.0,172800.0,0.0,0.0,0.0,0.0,0.0
20230823095150008,SZSE,SZSE.ETF.159915,2.011,2.023,2.028,2.01,0.0,2.446,1.63,144920325.0,147300.0,292677921.056,296317.60000002384,0.0,0.0,20230823,20230823,95150007,2.038,0.0,0.0,2.011,2.01,2.009,2.008,2.007,0.0,0.0,0.0,0.0,0.0,2.012,2.013,2.014,2.015,2.016,0.0,0.0,0.0,0.0,0.0,1720900.0,4942500.0,1889800.0,1697700.0,1511900.0,0.0,0.0,0.0,0.0,0.0,975400.0,2117200.0,4072200.0,653700.0,172800.0,0.0,0.0,0.0,0.0,0.0
20230823095152932,SZSE,SZSE.ETF.159915,2.012,2.023,2.028,2.01,0.0,2.446,1.63,144968025.0,47700.0,292773853.456,95932.39999997616,0.0,0.0,20230823,20230823,95152931,2.038,0.0,0.0,2.011,2.01,2.009,2.008,2.007,0.0,0.0,0.0,0.0,0.0,2.012,2.013,2.014,2.015,2.016,0.0,0.0,0.0,0.0,0.0,1704800.0,4966300.0,1891800.0,1697700.0,1511900.0,0.0,0.0,0.0,0.0,0.0,970100.0,1962400.0,4187600.0,813700.0,172800.0,0.0,0.0,0.0,0.0,0.0
