time,exchg,code,price,open,high,low,settle_price,upper_limit,lower_limit,total_volume,volume,total_turnover,turnover,open_interest,diff_interest,trading_date,action_date,action_time,pre_close,pre_settle,pre_interest,bid_price_0,bid_price_1,bid_price_2,bid_price_3,bid_price_4,bid_price_5,bid_price_6,bid_price_7,bid_price_8,bid_price_9,ask_price_0,ask_price_1,ask_price_2,ask_price_3,ask_price_4,ask_price_5,ask_price_6,ask_price_7,ask_price_8,ask_price_9,bid_qty_0,bid_qty_1,bid_qty_2,bid_qty_3,bid_qty_4,bid_qty_5,bid_qty_6,bid_qty_7,bid_qty_8,bid_qty_9,ask_qty_0,ask_qty_1,ask_qty_2,ask_qty_3,ask_qty_4,ask_qty_5,ask_qty_6,ask_qty_7,ask_qty_8,ask_qty_9
20230823093149776,SZSE,SZSE.ETF.159841,0.904,0.905,0.905,0.905,0.0,1.005,0.823,6571105.0,10000.0,5942503.925,9040.0,0.0,0.0,20230823,20230823,93149775,0.914,0.0,0.0,0.904,0.903,0.902,0.901,0.9,0.0,0.0,0.0,0.0,0.0,0.905,0.906,0.907,0.908,0.909,0.0,0.0,0.0,0.0,0.0,50000.0,1198700.0,2335000.0,1230300.0,628600.0,0.0,0.0,0.0,0.0,0.0,700000.0,2393200.0,936900.0,250000.0,80900.0,0.0,0.0,0.0,0.0,0.0
20230823093151960,SZSE,SZSE.ETF.159841,0.904,0.905,0.905,0.905,0.0,1.005,0.823,6621105.0,50000.0,5987703.925,45200.0,0.0,0.0,20230823,20230823,93151959,0.914,0.0,0.0,0.903,0.902,0.901,0.9,0.899,0.0,0.0,0.0,0.0,0.0,0.905,0.906,0.907,0.908,0.909,0.0,0.0,0.0,0.0,0.0,1059100.0,2335000.0,1430300.0,629700.0,148600.0,0.0,0.0,0.0,0.0,0.0,700000.0,2393200.0,936900.0,250000.0,80900.0,0.0,0.0,0.0,0.0,0.0
20230823093154244,SZSE,SZSE.ETF.159841,0.903,0.905,0.905,0.905,0.0,1.005,0.823,6623305.0,2200.0,5989690.525,1986.6000000005588,0.0,0.0,20230823,20230823,93154243,0.914,0.0,0.0,0.904,0.903,0.902,0.901,0.9,0.0,0.0,0.0,0.0,0.0,0.905,0.906,0.907,0.908,0.909,0.0,0.0,0.0,0.0,0.0,27000.0,1306900.0,2335000.0,1230300.0,629700.0,0.0,0.0,0.0,0.0,0.0,700000.0,1703700.0,936900.0,250000.0,80900.0,0.0,0.0,0.0,0.0,0.0
20230823093156324,SZSE,SZSE.ETF.159841,0.905,0.905,0.905,0.905,0.0,1.005,0.823,6633305.0,10000.0,5998740.525,9050.0,0.0,0.0,20230823,20230823,93156324,0.914,0.0,0.0,0.904,0.903,0.902,0.901,0.9,0.0,0.0,0.0,0.0,0.0,0.905,0.906,0.907,0.908,0.909,0.0,0.0,0.0,0.0,0.0,27000.0,1110400.0,2328000.0,1430300.0,629700.0,0.0,0.0,0.0,0.0,0.0,916800.0,2393200.0,936900.0,250000.0,80900.0,0.0,0.0,0.0,0.0,0.0
20230823093159748,SZSE,SZSE.ETF.159841,0.904,0.905,0.905,0.905,0.0,1.005,0.823,6665805.0,32500.0,6028120.525,29380.0,0.0,0.0,20230823,20230823,93159749,0.914,0.0,0.0,0.903,0.902,0.901,0.9,0.899,0.0,0.0,0.0,0.0,0.0,0.904,0.905,0.906,0.907,0.908,0.0,0.0,0.0,0.0,0.0,1110600.0,2364600.0,1430300.0,629700.0,149100.0,0.0,0.0,0.0,0.0,0.0,15600.0,916800.0,2393200.0,880000.0,250000.0,0.0,0.0,0.0,0.0,0.0
20230823093202736,SZSE,SZSE.ETF.159841,0.904,0.905,0.905,0.905,0.0,1.005,0.823,6699505.0,33700.0,6058585.325,30464.799999999814,0.0,0.0,20230823,20230823,93202736,0.914,0.0,0.0,0.903,0.902,0.901,0.9,0.899,0.0,0.0,0.0,0.0,0.0,0.904,0.905,0.906,0.907,0.908,0.0,0.0,0.0,0.0,0.0,1110600.0,2964600.0,1230300.0,649700.0,149100.0,0.0,0.0,0.0,0.0,0.0,2100.0,916800.0,2393200.0,880000.0,250000.0,0.0,0.0,0.0,0.0,0.0
20230823093205584,SZSE,SZSE.ETF.159841,0.904,0.905,0.905,0.905,0.0,1.005,0.823,6803105.0,103600.0,6152195.125,93609.79999999981,0.0,0.0,20230823,20230823,93205586,0.914,0.0,0.0,0.904,0.903,0.902,0.901,0.9,0.0,0.0,0.0,0.0,0.0,0.905,0.906,0.907,0.908,0.909,0.0,0.0,0.0,0.0,0.0,301500.0,1736000.0,2364600.0,1230300.0,635700.0,0.0,0.0,0.0,0.0,0.0,916800.0,1553700.0,1719500.0,250000.0,80900.0,0.0,0.0,0.0,0.0,0.0
20230823093208144,SZSE,SZSE.ETF.159841,0.904,0.905,0.905,0.905,0.0,1.005,0.823,6803605.0,500.0,6152647.125,452.0,0.0,0.0,20230823,20230823,93208144,0.914,0.0,0.0,0.904,0.903,0.902,0.901,0.9,0.0,0.0,0.0,0.0,0.0,0.905,0.906,0.907,0.908,0.909,0.0,0.0,0.0,0.0,0.0,308000.0,1746000.0,1764800.0,1230300.0,635700.0,0.0,0.0,0.0,0.0,0.0,916800.0,1553700.0,1719500.0,250000.0,80900.0,0.0,0.0,0.0,0.0,0.0
20230823093321216,SZSE,SZSE.ETF.159841,0.906,0.0,0.0,0.0,0.0,0.0,0.0,7422905.0,19900.0,6713176.425,18029.39999999944,0.0,0.0,20230823,20230823,93321217,0.0,0.0,0.0,0.906,0.905,0.904,0.903,0.902,0.0,0.0,0.0,0.0,0.0,0.907,0.0,0.0,0.0,0.0,0.0,0.0,0.0,0.0,0.0,121100.0,2026300.0,1603900.0,1554400.0,642000.0,0.0,0.0,0.0,0.0,0.0,681500.0,0.0,0.0,0.0,0.0,0.0,0.0,0.0,0.0,0.0
20230823093326616,SZSE,SZSE.ETF.159841,0.906,0.905,0.907,0.903,0.0,1.005,0.823,7474105.0,51200.0,6759563.625,46387.200000000186,0.0,0.0,20230823,20230823,93326617,0.914,0.0,0.0,0.906,0.905,0.904,0.903,0.902,0.0,0.0,0.0,0.0,0.0,0.907,0.908,0.909,0.91,0.911,0.0,0.0,0.0,0.0,0.0,74900.0,1529100.0,1652300.0,1553400.0,642000.0,0.0,0.0,0.0,0.0,0.0,681500.0,1700200.0,1620400.0,951700.0,11000.0,0.0,0.0,0.0,0.0,0.0
20230823093329792,SZSE,SZSE.ETF.159841,0.906,0.905,0.907,0.903,0.0,1.005,0.823,7474105.0,0.0,6759563.625,0.0,0.0,0.0,20230823,20230823,93329792,0.914,0.0,0.0,0.906,0.905,0.904,0.903,0.902,0.0,0.0,0.0,0.0,0.0,0.907,0.908,0.909,0.91,0.911,0.0,0.0,0.0,0.0,0.0,96300.0,1379100.0,1802300.0,1553400.0,233600.0,0.0,0.0,0.0,0.0,0.0,681500.0,1700200.0,1620400.0,951700.0,11000.0,0.0,0.0,0.0,0.0,0.0
20230823093330900,SZSE,SZSE.ETF.159841,0.906,0.905,0.907,0.903,0.0,1.005,0.823,7538205.0,64100.0,6817688.225,58124.59999999963,0.0,0.0,20230823,20230823,93330901,0.914,0.0,0.0,0.906,0.905,0.904,0.903,0.902,0.0,0.0,0.0,0.0,0.0,0.907,0.908,0.909,0.91,0.911,0.0,0.0,0.0,0.0,0.0,94200.0,2129100.0,2060700.0,976400.0,233600.0,0.0,0.0,0.0,0.0,0.0,431500.0,1700200.0,1820400.0,951700.0,11000.0,0.0,0.0,0.0,0.0,0.0
20230823093334508,SZSE,SZSE.ETF.159841,0.907,0.905,0.907,0.903,0.0,1.005,0.823,7549605.0,11400.0,6828028.025,10339.800000000745,0.0,0.0,20230823,20230823,93334509,0.914,0.0,0.0,0.906,0.905,0.904,0.903,0.902,0.0,0.0,0.0,0.0,0.0,0.907,0.908,0.909,0.91,0.911,0.0,0.0,0.0,0.0,0.0,294200.0,1940100.0,2060700.0,976400.0,233600.0,0.0,0.0,0.0,0.0,0.0,451500.0,1900200.0,1620400.0,951700.0,11000.0,0.0,0.0,0.0,0.0,0.0
20230823093337700,SZSE,SZSE.ETF.159841,0.907,0.905,0.907,0.903,0.0,1.005,0.823,7549605.0,0.0,6828028.025,0.0,0.0,0.0,20230823,20230823,93337700,0.914,0.0,0.0,0.906,0.905,0.904,0.903,0.902,0.0,0.0,0.0,0.0,0.0,0.907,0.908,0.909,0.91,0.911,0.0,0.0,0.0,0.0,0.0,294200.0,2440100.0,2071300.0,976400.0,233600.0,0.0,0.0,0.0,0.0,0.0,251500.0,1900200.0,1620400.0,951700.0,11000.0,0.0,0.0,0.0,0.0,0.0
20230823093339808,SZSE,SZSE.ETF.159841,0.907,0.905,0.907,0.903,0.0,1.005,0.823,7549605.0,0.0,6828028.025,0.0,0.0,0.0,20230823,20230823,93339807,0.914,0.0,0.0,0.906,0.905,0.904,0.903,0.902,0.0,0.0,0.0,0.0,0.0,0.907,0.908,0.909,0.91,0.911,0.0,0.0,0.0,0.0,0.0,355000.0,1795100.0,2221300.0,976400.0,233600.0,0.0,0.0,0.0,0.0,0.0,642300.0,1900200.0,1620400.0,951700.0,11000.0,0.0,0.0,0.0,0.0,0.0
20230823093343648,SZSE,SZSE.ETF.159841,0.906,0.905,0.907,0.903,0.0,1.005,0.823,7553205.0,3600.0,6831290.825,3262.7999999998137,0.0,0.0,20230823,20230823,93343648,0.914,0.0,0.0,0.906,0.905,0.904,0.903,0.902,0.0,0.0,0.0,0.0,0.0,0.907,0.908,0.909,0.91,0.911,0.0,0.0,0.0,0.0,0.0,101300.0,1995100.0,2214300.0,976400.0,233600.0,0.0,0.0,0.0,0.0,0.0,641100.0,1900200.0,1620400.0,951700.0,11000.0,0.0,0.0,0.0,0.0,0.0
20230823093346428,SZSE,SZSE.ETF.159841,0.907,0.905,0.907,0.903,0.0,1.005,0.823,7721205.0,168000.0,6983549.125,152258.2999999998,0.0,0.0,20230823,20230823,93346429,0.914,0.0,0.0,0.905,0.904,0.903,0.902,0.901,0.0,0.0,0.0,0.0,0.0,0.907,0.908,0.909,0.91,0.911,0.0,0.0,0.0,0.0,0.0,1395100.0,1905900.0,1626400.0,642000.0,189800.0,0.0,0.0,0.0,0.0,0.0,1443800.0,2239700.0,930900.0,951700.0,419400.0,0.0,0.0,0.0,0.0,0.0
20230823093349584,SZSE,SZSE.ETF.159841,0.905,0.905,0.907,0.903,0.0,1.005,0.823,7843005.0,121800.0,7093958.125,110409.0,0.0,0.0,20230823,20230823,93349585,0.914,0.0,0.0,0.905,0.904,0.903,0.902,0.901,0.0,0.0,0.0,0.0,0.0,0.906,0.907,0.908,0.909,0.91,0.0,0.0,0.0,0.0,0.0,313300.0,1305900.0,3076400.0,642000.0,189800.0,0.0,0.0,0.0,0.0,0.0,342200.0,2073300.0,1550200.0,930900.0,701700.0,0.0,0.0,0.0,0.0,0.0
20230823093351892,SZSE,SZSE.ETF.159841,0.906,0.905,0.907,0.903,0.0,1.005,0.823,7853605.0,10600.0,7103561.725,9603.599999999627,0.0,0.0,20230823,20230823,93351892,0.914,0.0,0.0,0.905,0.904,0.903,0.902,0.901,0.0,0.0,0.0,0.0,0.0,0.906,0.907,0.908,0.909,0.91,0.0,0.0,0.0,0.0,0.0,287800.0,1305900.0,3276400.0,636900.0,189800.0,0.0,0.0,0.0,0.0,0.0,531600.0,2673300.0,1350200.0,330900.0,701700.0,0.0,0.0,0.0,0.0,0.0
20230823093354432,SZSE,SZSE.ETF.159841,0.905,0.905,0.907,0.903,0.0,1.005,0.823,8156005.0,302400.0,7377233.725,273672.0,0.0,0.0,20230823,20230823,93354434,0.914,0.0,0.0,0.904,0.903,0.902,0.901,0.9,0.0,0.0,0.0,0.0,0.0,0.905,0.906,0.907,0.908,0.909,0.0,0.0,0.0,0.0,0.0,1505900.0,2865000.0,636900.0,603800.0,978400.0,0.0,0.0,0.0,0.0,0.0,118556.0,1131100.0,2473300.0,850200.0,330900.0,0.0,0.0,0.0,0.0,0.0
20230823093357328,SZSE,SZSE.ETF.159841,0.906,0.905,0.907,0.903,0.0,1.005,0.823,8284505.0,128500.0,7493536.169,116302.44400000013,0.0,0.0,20230823,20230823,93357327,0.914,0.0,0.0,0.904,0.903,0.902,0.901,0.9,0.0,0.0,0.0,0.0,0.0,0.906,0.907,0.908,0.909,0.91,0.0,0.0,0.0,0.0,0.0,905900.0,2865000.0,1736900.0,617200.0,978400.0,0.0,0.0,0.0,0.0,0.0,1121156.0,2473300.0,850200.0,330900.0,701700.0,0.0,0.0,0.0,0.0,0.0
20230823093400428,SZSE,SZSE.ETF.159841,0.906,0.905,0.907,0.903,0.0,1.005,0.823,8284505.0,0.0,7493536.169,0.0,0.0,0.0,20230823,20230823,93400427,0.914,0.0,0.0,0.905,0.904,0.903,0.902,0.901,0.0,0.0,0.0,0.0,0.0,0.906,0.907,0.908,0.909,0.91,0.0,0.0,0.0,0.0,0.0,8000.0,907100.0,2865000.0,1736900.0,617200.0,0.0,0.0,0.0,0.0,0.0,1121156.0,2498300.0,850200.0,330900.0,395600.0,0.0,0.0,0.0,0.0,0.0
20230823093402900,SZSE,SZSE.ETF.159841,0.906,0.905,0.907,0.903,0.0,1.005,0.823,8293005.0,8500.0,7501229.169,7693.0,0.0,0.0,20230823,20230823,93402899,0.914,0.0,0.0,0.904,0.903,0.902,0.901,0.9,0.0,0.0,0.0,0.0,0.0,0.906,0.907,0.908,0.909,0.91,0.0,0.0,0.0,0.0,0.0,907100.0,2365000.0,1736900.0,617200.0,980900.0,0.0,0.0,0.0,0.0,0.0,1121656.0,2498300.0,850200.0,330900.0,804000.0,0.0,0.0,0.0,0.0,0.0
20230823093405484,SZSE,SZSE.ETF.159841,0.906,0.905,0.907,0.903,0.0,1.005,0.823,8407505.0,114500.0,7604866.169,103637.0,0.0,0.0,20230823,20230823,93405484,0.914,0.0,0.0,0.905,0.904,0.903,0.902,0.901,0.0,0.0,0.0,0.0,0.0,0.906,0.907,0.908,0.909,0.91,0.0,0.0,0.0,0.0,0.0,2000.0,907100.0,2865000.0,1736900.0,624200.0,0.0,0.0,0.0,0.0,0.0,1156656.0,1808800.0,875200.0,330900.0,804000.0,0.0,0.0,0.0,0.0,0.0
20230823093408144,SZSE,SZSE.ETF.159841,0.906,0.905,0.907,0.903,0.0,1.005,0.823,8415505.0,8000.0,7612110.169,7244.0,0.0,0.0,20230823,20230823,93408146,0.914,0.0,0.0,0.904,0.903,0.902,0.901,0.9,0.0,0.0,0.0,0.0,0.0,0.906,0.907,0.908,0.909,0.91,0.0,0.0,0.0,0.0,0.0,708100.0,2365000.0,1936900.0,624200.0,972900.0,0.0,0.0,0.0,0.0,0.0,1202456.0,1758000.0,875200.0,330900.0,804000.0,0.0,0.0,0.0,0.0,0.0
20230823093417744,SZSE,SZSE.ETF.159841,0.905,0.905,0.907,0.903,0.0,1.005,0.823,8507405.0,4900.0,7695275.469,4434.5,0.0,0.0,20230823,20230823,93417745,0.914,0.0,0.0,0.904,0.903,0.902,0.901,0.9,0.0,0.0,0.0,0.0,0.0,0.905,0.906,0.907,0.908,0.909,0.0,0.0,0.0,0.0,0.0,263900.0,2359400.0,2378500.0,654200.0,1401300.0,0.0,0.0,0.0,0.0,0.0,645100.0,2291956.0,1558000.0,275200.0,489300.0,0.0,0.0,0.0,0.0,0.0
20230823093420648,SZSE,SZSE.ETF.159841,0.904,0.905,0.907,0.903,0.0,1.005,0.823,8510205.0,2800.0,7697806.669,2531.2000000001863,0.0,0.0,20230823,20230823,93420646,0.914,0.0,0.0,0.904,0.903,0.902,0.901,0.9,0.0,0.0,0.0,0.0,0.0,0.905,0.906,0.907,0.908,0.909,0.0,0.0,0.0,0.0,0.0,122700.0,1909400.0,2378500.0,1224200.0,1401300.0,0.0,0.0,0.0,0.0,0.0,1145100.0,2441956.0,908000.0,275200.0,489300.0,0.0,0.0,0.0,0.0,0.0
20230823093423200,SZSE,SZSE.ETF.159841,0.904,0.905,0.907,0.903,0.0,1.005,0.823,8682405.0,172200.0,7853475.469,155668.7999999998,0.0,0.0,20230823,20230823,93423200,0.914,0.0,0.0,0.903,0.902,0.901,0.9,0.899,0.0,0.0,0.0,0.0,0.0,0.904,0.905,0.906,0.907,0.908,0.0,0.0,0.0,0.0,0.0,1499000.0,1878500.0,1724200.0,1401300.0,252200.0,0.0,0.0,0.0,0.0,0.0,25800.0,1305200.0,2441956.0,908000.0,275000.0,0.0,0.0,0.0,0.0,0.0
20230823093426244,SZSE,SZSE.ETF.159841,0.904,0.905,0.907,0.903,0.0,1.005,0.823,8707205.0,24800.0,7875894.669,22419.200000000186,0.0,0.0,20230823,20230823,93426243,0.914,0.0,0.0,0.903,0.902,0.901,0.9,0.899,0.0,0.0,0.0,0.0,0.0,0.904,0.905,0.906,0.907,0.908,0.0,0.0,0.0,0.0,0.0,1499000.0,2376700.0,1724200.0,1401300.0,252200.0,0.0,0.0,0.0,0.0,0.0,1100.0,1305200.0,2439156.0,908000.0,275000.0,0.0,0.0,0.0,0.0,0.0
20230823093429240,SZSE,SZSE.ETF.159841,0.905,0.905,0.907,0.903,0.0,1.005,0.823,8736305.0,29100.0,7902201.569,26306.900000000373,0.0,0.0,20230823,20230823,93429240,0.914,0.0,0.0,0.904,0.903,0.902,0.901,0.9,0.0,0.0,0.0,0.0,0.0,0.905,0.906,0.907,0.908,0.909,0.0,0.0,0.0,0.0,0.0,7400.0,1499000.0,2376700.0,1724200.0,1401300.0,0.0,0.0,0.0,0.0,0.0,804700.0,2439156.0,908000.0,275000.0,80900.0,0.0,0.0,0.0,0.0,0.0
20230823093432192,SZSE,SZSE.ETF.159841,0.905,0.905,0.907,0.903,0.0,1.005,0.823,8749305.0,13000.0,7913966.569,11765.0,0.0,0.0,20230823,20230823,93432194,0.914,0.0,0.0,0.904,0.903,0.902,0.901,0.9,0.0,0.0,0.0,0.0,0.0,0.905,0.906,0.907,0.908,0.909,0.0,0.0,0.0,0.0,0.0,7400.0,1499000.0,2426700.0,1724200.0,1401300.0,0.0,0.0,0.0,0.0,0.0,791700.0,2439156.0,908000.0,275000.0,489300.0,0.0,0.0,0.0,0.0,0.0
20230823093435296,SZSE,SZSE.ETF.159841,0.905,0.905,0.907,0.903,0.0,1.005,0.823,8749305.0,0.0,7913966.569,0.0,0.0,0.0,20230823,20230823,93435296,0.914,0.0,0.0,0.904,0.903,0.902,0.901,0.9,0.0,0.0,0.0,0.0,0.0,0.905,0.906,0.907,0.908,0.909,0.0,0.0,0.0,0.0,0.0,17400.0,1483500.0,2426700.0,1724200.0,1401300.0,0.0,0.0,0.0,0.0,0.0,1294700.0,2289156.0,1058000.0,275000.0,489300.0,0.0,0.0,0.0,0.0,0.0
20230823093438300,SZSE,SZSE.ETF.159841,0.904,0.905,0.907,0.903,0.0,1.005,0.823,8751805.0,2500.0,7916226.569,2260.0,0.0,0.0,20230823,20230823,93438301,0.914,0.0,0.0,0.904,0.903,0.902,0.901,0.9,0.0,0.0,0.0,0.0,0.0,0.905,0.906,0.907,0.908,0.909,0.0,0.0,0.0,0.0,0.0,14900.0,1483500.0,2426700.0,1724200.0,1401300.0,0.0,0.0,0.0,0.0,0.0,1294700.0,2289156.0,1058000.0,275000.0,489300.0,0.0,0.0,0.0,0.0,0.0
20230823093441056,SZSE,SZSE.ETF.159841,0.903,0.905,0.907,0.903,0.0,1.005,0.823,8981005.0,229200.0,8123249.069,207022.5,0.0,0.0,20230823,20230823,93441055,0.914,0.0,0.0,0.903,0.902,0.901,0.9,0.899,0.0,0.0,0.0,0.0,0.0,0.904,0.905,0.906,0.907,0.908,0.0,0.0,0.0,0.0,0.0,1324300.0,2426700.0,1724200.0,1411300.0,252200.0,0.0,0.0,0.0,0.0,0.0,245700.0,794700.0,2289156.0,1058000.0,275000.0,0.0,0.0,0.0,0.0,0.0
20230823093444244,SZSE,SZSE.ETF.159841,0.904,0.905,0.907,0.903,0.0,1.005,0.823,9012505.0,31500.0,8151725.069,28476.0,0.0,0.0,20230823,20230823,93444243,0.914,0.0,0.0,0.903,0.902,0.901,0.9,0.899,0.0,0.0,0.0,0.0,0.0,0.904,0.905,0.906,0.907,0.908,0.0,0.0,0.0,0.0,0.0,1324300.0,2426700.0,1724200.0,1411300.0,252200.0,0.0,0.0,0.0,0.0,0.0,214200.0,794700.0,2289156.0,1058000.0,275000.0,0.0,0.0,0.0,0.0,0.0
20230823093447696,SZSE,SZSE.ETF.159841,0.904,0.905,0.907,0.903,0.0,1.005,0.823,9032505.0,20000.0,8169805.069,18080.0,0.0,0.0,20230823,20230823,93447695,0.914,0.0,0.0,0.903,0.902,0.901,0.9,0.899,0.0,0.0,0.0,0.0,0.0,0.904,0.905,0.906,0.907,0.908,0.0,0.0,0.0,0.0,0.0,1324300.0,3026700.0,1724200.0,1411800.0,252200.0,0.0,0.0,0.0,0.0,0.0,214900.0,794700.0,2439156.0,908000.0,275000.0,0.0,0.0,0.0,0.0,0.0
20230823093451020,SZSE,SZSE.ETF.159841,0.904,0.905,0.907,0.903,0.0,1.005,0.823,9247405.0,214900.0,8364074.669,194269.59999999963,0.0,0.0,20230823,20230823,93451021,0.914,0.0,0.0,0.904,0.903,0.902,0.901,0.9,0.0,0.0,0.0,0.0,0.0,0.905,0.906,0.907,0.908,0.909,0.0,0.0,0.0,0.0,0.0,236100.0,1324300.0,2235100.0,1224200.0,1003400.0,0.0,0.0,0.0,0.0,0.0,794700.0,1749656.0,1597500.0,275000.0,80900.0,0.0,0.0,0.0,0.0,0.0
20230823093453484,SZSE,SZSE.ETF.159841,0.904,0.905,0.907,0.903,0.0,1.005,0.823,9247405.0,0.0,8364074.669,0.0,0.0,0.0,20230823,20230823,93453483,0.914,0.0,0.0,0.904,0.903,0.902,0.901,0.9,0.0,0.0,0.0,0.0,0.0,0.905,0.906,0.907,0.908,0.909,0.0,0.0,0.0,0.0,0.0,409500.0,1723600.0,1826700.0,1224200.0,1003400.0,0.0,0.0,0.0,0.0,0.0,794700.0,1599656.0,1747500.0,275000.0,80900.0,0.0,0.0,0.0,0.0,0.0
20230823093456504,SZSE,SZSE.ETF.159841,0.905,0.905,0.907,0.903,0.0,1.005,0.823,9251505.0,4100.0,8367783.069,3708.4000000003725,0.0,0.0,20230823,20230823,93456505,0.914,0.0,0.0,0.904,0.903,0.902,0.901,0.9,0.0,0.0,0.0,0.0,0.0,0.905,0.906,0.907,0.908,0.909,0.0,0.0,0.0,0.0,0.0,374500.0,3723500.0,2236300.0,1224200.0,1003400.0,0.0,0.0,0.0,0.0,0.0,611100.0,1199656.0,2964300.0,875000.0,81000.0,0.0,0.0,0.0,0.0,0.0
20230823093459976,SZSE,SZSE.ETF.159841,0.904,0.905,0.907,0.903,0.0,1.005,0.823,9517905.0,266400.0,8608852.069,241069.0,0.0,0.0,20230823,20230823,93459976,0.914,0.0,0.0,0.904,0.903,0.902,0.901,0.9,0.0,0.0,0.0,0.0,0.0,0.906,0.907,0.908,0.909,0.91,0.0,0.0,0.0,0.0,0.0,425000.0,4223500.0,1786300.0,624200.0,1003400.0,0.0,0.0,0.0,0.0,0.0,749356.0,2774800.0,875000.0,331000.0,508900.0,0.0,0.0,0.0,0.0,0.0
20230823093503576,SZSE,SZSE.ETF.159841,0.905,0.905,0.907,0.903,0.0,1.005,0.823,9586905.0,69000.0,8671344.869,62492.800000000745,0.0,0.0,20230823,20230823,93503574,0.914,0.0,0.0,0.905,0.904,0.903,0.902,0.901,0.0,0.0,0.0,0.0,0.0,0.906,0.907,0.908,0.909,0.91,0.0,0.0,0.0,0.0,0.0,980300.0,3971700.0,2185100.0,1286800.0,215800.0,0.0,0.0,0.0,0.0,0.0,451556.0,2474800.0,1375000.0,1020500.0,350500.0,0.0,0.0,0.0,0.0,0.0
20230823093507204,SZSE,SZSE.ETF.159841,0.906,0.905,0.907,0.903,0.0,1.005,0.823,9861461.0,274556.0,8920069.605,248724.73599999957,0.0,0.0,20230823,20230823,93507204,0.914,0.0,0.0,0.906,0.905,0.904,0.903,0.902,0.0,0.0,0.0,0.0,0.0,0.907,0.908,0.909,0.91,0.911,0.0,0.0,0.0,0.0,0.0,405744.0,300000.0,3222300.0,1985100.0,686800.0,0.0,0.0,0.0,0.0,0.0,1158000.0,2791800.0,331000.0,1040000.0,419400.0,0.0,0.0,0.0,0.0,0.0
20230823093534636,SZSE,SZSE.ETF.159841,0.907,0.905,0.907,0.903,0.0,1.005,0.823,10360561.0,276500.0,9372556.905,250785.5,0.0,0.0,20230823,20230823,93534635,0.914,0.0,0.0,0.907,0.906,0.905,0.904,0.903,0.0,0.0,0.0,0.0,0.0,0.908,0.909,0.91,0.911,0.912,0.0,0.0,0.0,0.0,0.0,1200.0,1134100.0,4767800.0,1213800.0,538200.0,0.0,0.0,0.0,0.0,0.0,1747900.0,3337300.0,1358900.0,419400.0,53800.0,0.0,0.0,0.0,0.0,0.0
20230823093537480,SZSE,SZSE.ETF.159841,0.907,0.905,0.907,0.903,0.0,1.005,0.823,10360561.0,0.0,9372556.905,0.0,0.0,0.0,20230823,20230823,93537480,0.914,0.0,0.0,0.907,0.906,0.905,0.904,0.903,0.0,0.0,0.0,0.0,0.0,0.908,0.909,0.91,0.911,0.912,0.0,0.0,0.0,0.0,0.0,4800.0,1385100.0,4767800.0,1215000.0,550200.0,0.0,0.0,0.0,0.0,0.0,1747900.0,3337300.0,1358900.0,669400.0,53800.0,0.0,0.0,0.0,0.0,0.0
20230823093540692,SZSE,SZSE.ETF.159841,0.907,0.905,0.908,0.903,0.0,1.005,0.823,10475161.0,114600.0,9476528.605,103971.70000000112,0.0,0.0,20230823,20230823,93540693,0.914,0.0,0.0,0.907,0.906,0.905,0.904,0.903,0.0,0.0,0.0,0.0,0.0,0.908,0.909,0.91,0.911,0.912,0.0,0.0,0.0,0.0,0.0,350100.0,1670300.0,4084200.0,1215000.0,550200.0,0.0,0.0,0.0,0.0,0.0,1097900.0,3297800.0,2048400.0,669400.0,53800.0,0.0,0.0,0.0,0.0,0.0
20230823093544548,SZSE,SZSE.ETF.159841,0.907,0.905,0.908,0.903,0.0,1.005,0.823,10475161.0,0.0,9476528.605,0.0,0.0,0.0,20230823,20230823,93544549,0.914,0.0,0.0,0.907,0.906,0.905,0.904,0.903,0.0,0.0,0.0,0.0,0.0,0.908,0.909,0.91,0.911,0.912,0.0,0.0,0.0,0.0,0.0,948300.0,3514900.0,1659400.0,704000.0,550200.0,0.0,0.0,0.0,0.0,0.0,1597900.0,3297800.0,950500.0,1358900.0,53800.0,0.0,0.0,0.0,0.0,0.0
20230823093547792,SZSE,SZSE.ETF.159841,0.907,0.905,0.908,0.903,0.0,1.005,0.823,10475261.0,100.0,9476619.305,90.69999999925494,0.0,0.0,20230823,20230823,93547794,0.914,0.0,0.0,0.907,0.906,0.905,0.904,0.903,0.0,0.0,0.0,0.0,0.0,0.908,0.909,0.91,0.911,0.912,0.0,0.0,0.0,0.0,0.0,1624100.0,3914900.0,1209400.0,104000.0,550200.0,0.0,0.0,0.0,0.0,0.0,448900.0,3497800.0,1150500.0,1358900.0,712200.0,0.0,0.0,0.0,0.0,0.0
20230823093550276,SZSE,SZSE.ETF.159841,0.907,0.905,0.908,0.903,0.0,1.005,0.823,10475261.0,0.0,9476619.305,0.0,0.0,0.0,20230823,20230823,93550277,0.914,0.0,0.0,0.907,0.906,0.905,0.904,0.903,0.0,0.0,0.0,0.0,0.0,0.908,0.909,0.91,0.911,0.912,0.0,0.0,0.0,0.0,0.0,1335900.0,4200100.0,1209400.0,104000.0,555200.0,0.0,0.0,0.0,0.0,0.0,48900.0,1782000.0,3356800.0,1269400.0,303800.0,0.0,0.0,0.0,0.0,0.0
20230823093552608,SZSE,SZSE.ETF.159841,0.908,0.905,0.908,0.903,0.0,1.005,0.823,10482661.0,7400.0,9483338.505,6719.200000001118,0.0,0.0,20230823,20230823,93552606,0.914,0.0,0.0,0.907,0.906,0.905,0.904,0.903,0.0,0.0,0.0,0.0,0.0,0.908,0.909,0.91,0.911,0.912,0.0,0.0,0.0,0.0,0.0,1352900.0,4200100.0,1199400.0,154000.0,566200.0,0.0,0.0,0.0,0.0,0.0,653500.0,2898800.0,2548400.0,669400.0,303800.0,0.0,0.0,0.0,0.0,0.0
20230823093555612,SZSE,SZSE.ETF.159841,0.908,0.905,0.908,0.903,0.0,1.005,0.823,10482661.0,0.0,9483338.505,0.0,0.0,0.0,20230823,20230823,93555612,0.914,0.0,0.0,0.907,0.906,0.905,0.904,0.903,0.0,0.0,0.0,0.0,0.0,0.908,0.909,0.91,0.911,0.912,0.0,0.0,0.0,0.0,0.0,952900.0,4399100.0,1399400.0,154000.0,566200.0,0.0,0.0,0.0,0.0,0.0,253500.0,2182000.0,2141000.0,669400.0,712200.0,0.0,0.0,0.0,0.0,0.0
20230823093559568,SZSE,SZSE.ETF.159841,0.908,0.905,0.908,0.903,0.0,1.005,0.823,10486261.0,3600.0,9486607.305,3268.7999999988824,0.0,0.0,20230823,20230823,93559568,0.914,0.0,0.0,0.907,0.906,0.905,0.904,0.903,0.0,0.0,0.0,0.0,0.0,0.908,0.909,0.91,0.911,0.912,0.0,0.0,0.0,0.0,0.0,1352900.0,4571100.0,1327400.0,163300.0,566200.0,0.0,0.0,0.0,0.0,0.0,349900.0,3298800.0,2141000.0,669400.0,303800.0,0.0,0.0,0.0,0.0,0.0
20230823093603504,SZSE,SZSE.ETF.159841,0.908,0.905,0.908,0.903,0.0,1.005,0.823,10491561.0,5300.0,9491419.705,4812.4000000003725,0.0,0.0,20230823,20230823,93603503,0.914,0.0,0.0,0.907,0.906,0.905,0.904,0.903,0.0,0.0,0.0,0.0,0.0,0.908,0.909,0.91,0.911,0.912,0.0,0.0,0.0,0.0,0.0,1352900.0,4199100.0,1199400.0,163300.0,566200.0,0.0,0.0,0.0,0.0,0.0,44600.0,2382000.0,3357800.0,669400.0,712200.0,0.0,0.0,0.0,0.0,0.0
20230823093605656,SZSE,SZSE.ETF.159841,0.908,0.905,0.908,0.903,0.0,1.005,0.823,10574461.0,82900.0,9566692.805,75273.09999999963,0.0,0.0,20230823,20230823,93605654,0.914,0.0,0.0,0.908,0.907,0.906,0.905,0.904,0.0,0.0,0.0,0.0,0.0,0.909,0.91,0.911,0.912,0.913,0.0,0.0,0.0,0.0,0.0,1000.0,1354700.0,4199300.0,1163100.0,163100.0,0.0,0.0,0.0,0.0,0.0,2390400.0,2141200.0,1269400.0,712200.0,123000.0,0.0,0.0,0.0,0.0,0.0
20230823093607664,SZSE,SZSE.ETF.159841,0.908,0.905,0.908,0.903,0.0,1.005,0.823,10575461.0,1000.0,9567600.805,908.0,0.0,0.0,20230823,20230823,93607666,0.914,0.0,0.0,0.907,0.906,0.905,0.904,0.903,0.0,0.0,0.0,0.0,0.0,0.908,0.909,0.91,0.911,0.912,0.0,0.0,0.0,0.0,0.0,872300.0,2074500.0,1841100.0,161900.0,575200.0,0.0,0.0,0.0,0.0,0.0,1356700.0,2918500.0,2249600.0,1269400.0,53800.0,0.0,0.0,0.0,0.0,0.0
20230823093611544,SZSE,SZSE.ETF.159841,0.907,0.905,0.908,0.903,0.0,1.005,0.823,11899661.0,1324200.0,10768650.205,1201049.4000000004,0.0,0.0,20230823,20230823,93611546,0.914,0.0,0.0,0.906,0.905,0.904,0.903,0.902,0.0,0.0,0.0,0.0,0.0,0.907,0.908,0.909,0.91,0.911,0.0,0.0,0.0,0.0,0.0,530900.0,1771500.0,2083500.0,575200.0,270700.0,0.0,0.0,0.0,0.0,0.0,601700.0,2616200.0,2510100.0,1360100.0,11000.0,0.0,0.0,0.0,0.0,0.0
20230823093613992,SZSE,SZSE.ETF.159841,0.906,0.905,0.908,0.903,0.0,1.005,0.823,11901961.0,2300.0,10770734.005,2083.800000000745,0.0,0.0,20230823,20230823,93613993,0.914,0.0,0.0,0.906,0.905,0.904,0.903,0.902,0.0,0.0,0.0,0.0,0.0,0.907,0.908,0.909,0.91,0.911,0.0,0.0,0.0,0.0,0.0,328600.0,1821500.0,4595100.0,1010400.0,270700.0,0.0,0.0,0.0,0.0,0.0,1932800.0,3993500.0,1660100.0,760100.0,11000.0,0.0,0.0,0.0,0.0,0.0
20230823093617780,SZSE,SZSE.ETF.159841,0.906,0.905,0.908,0.903,0.0,1.005,0.823,12339261.0,437300.0,11167025.505,396291.5,0.0,0.0,20230823,20230823,93617781,0.914,0.0,0.0,0.905,0.904,0.903,0.902,0.901,0.0,0.0,0.0,0.0,0.0,0.906,0.907,0.908,0.909,0.91,0.0,0.0,0.0,0.0,0.0,263100.0,4395300.0,2375200.0,270700.0,358600.0,0.0,0.0,0.0,0.0,0.0,749500.0,2189500.0,3668700.0,1660100.0,101500.0,0.0,0.0,0.0,0.0,0.0
20230823093619688,SZSE,SZSE.ETF.159841,0.906,0.905,0.908,0.903,0.0,1.005,0.823,12339261.0,0.0,11167025.505,0.0,0.0,0.0,20230823,20230823,93619686,0.914,0.0,0.0,0.905,0.904,0.903,0.902,0.901,0.0,0.0,0.0,0.0,0.0,0.906,0.907,0.908,0.909,0.91,0.0,0.0,0.0,0.0,0.0,881500.0,4395300.0,2025200.0,555900.0,358600.0,0.0,0.0,0.0,0.0,0.0,501000.0,2189500.0,3668700.0,1660100.0,101500.0,0.0,0.0,0.0,0.0,0.0
20230823093622936,SZSE,SZSE.ETF.159841,0.906,0.905,0.908,0.903,0.0,1.005,0.823,12367661.0,28400.0,11192754.905,25729.39999999851,0.0,0.0,20230823,20230823,93622938,0.914,0.0,0.0,0.905,0.904,0.903,0.902,0.901,0.0,0.0,0.0,0.0,0.0,0.906,0.907,0.908,0.909,0.91,0.0,0.0,0.0,0.0,0.0,372100.0,2248500.0,3682000.0,705900.0,358600.0,0.0,0.0,0.0,0.0,0.0,2223100.0,2616800.0,2360300.0,1510100.0,101500.0,0.0,0.0,0.0,0.0,0.0
20230823093625168,SZSE,SZSE.ETF.159841,0.905,0.905,0.908,0.903,0.0,1.005,0.823,12487461.0,119800.0,11301175.905,108421.0,0.0,0.0,20230823,20230823,93625166,0.914,0.0,0.0,0.904,0.903,0.902,0.901,0.9,0.0,0.0,0.0,0.0,0.0,0.905,0.906,0.907,0.908,0.909,0.0,0.0,0.0,0.0,0.0,3445300.0,3183600.0,1305900.0,358600.0,1029300.0,0.0,0.0,0.0,0.0,0.0,154300.0,2039500.0,3366800.0,2360300.0,910100.0,0.0,0.0,0.0,0.0,0.0
20230823093626776,SZSE,SZSE.ETF.159841,0.905,0.905,0.908,0.903,0.0,1.005,0.823,12492161.0,4700.0,11305429.405,4253.5,0.0,0.0,20230823,20230823,93626774,0.914,0.0,0.0,0.904,0.903,0.902,0.901,0.9,0.0,0.0,0.0,0.0,0.0,0.905,0.906,0.907,0.908,0.909,0.0,0.0,0.0,0.0,0.0,1448500.0,5190400.0,1305900.0,358600.0,1029300.0,0.0,0.0,0.0,0.0,0.0,200000.0,2039500.0,3775200.0,2360300.0,501700.0,0.0,0.0,0.0,0.0,0.0
20230823093629600,SZSE,SZSE.ETF.159841,0.905,0.905,0.908,0.903,0.0,1.005,0.823,12494161.0,2000.0,11307239.405,1810.0,0.0,0.0,20230823,20230823,93629600,0.914,0.0,0.0,0.904,0.903,0.902,0.901,0.9,0.0,0.0,0.0,0.0,0.0,0.905,0.906,0.907,0.908,0.909,0.0,0.0,0.0,0.0,0.0,1320500.0,5328400.0,1305900.0,358600.0,1030300.0,0.0,0.0,0.0,0.0,0.0,200000.0,2039500.0,3366800.0,2360300.0,501700.0,0.0,0.0,0.0,0.0,0.0
20230823093632088,SZSE,SZSE.ETF.159841,0.904,0.905,0.908,0.903,0.0,1.005,0.823,12511761.0,17600.0,11323149.805,15910.400000000373,0.0,0.0,20230823,20230823,93632087,0.914,0.0,0.0,0.904,0.903,0.902,0.901,0.9,0.0,0.0,0.0,0.0,0.0,0.905,0.906,0.907,0.908,0.909,0.0,0.0,0.0,0.0,0.0,644500.0,4838400.0,2055900.0,358600.0,1034300.0,0.0,0.0,0.0,0.0,0.0,550000.0,2089500.0,2408400.0,1796400.0,251700.0,0.0,0.0,0.0,0.0,0.0
20230823093635056,SZSE,SZSE.ETF.159841,0.905,0.905,0.908,0.903,0.0,1.005,0.823,12531661.0,19900.0,11341159.305,18009.5,0.0,0.0,20230823,20230823,93635058,0.914,0.0,0.0,0.904,0.903,0.902,0.901,0.9,0.0,0.0,0.0,0.0,0.0,0.905,0.906,0.907,0.908,0.909,0.0,0.0,0.0,0.0,0.0,644500.0,4923600.0,1720700.0,458600.0,1034300.0,0.0,0.0,0.0,0.0,0.0,500000.0,1700000.0,3314700.0,1789700.0,251700.0,0.0,0.0,0.0,0.0,0.0
20230823093638060,SZSE,SZSE.ETF.159841,0.905,0.905,0.908,0.903,0.0,1.005,0.823,12531661.0,0.0,11341159.305,0.0,0.0,0.0,20230823,20230823,93638060,0.914,0.0,0.0,0.904,0.903,0.902,0.901,0.9,0.0,0.0,0.0,0.0,0.0,0.905,0.906,0.907,0.908,0.909,0.0,0.0,0.0,0.0,0.0,654500.0,4773600.0,2379100.0,608600.0,1045400.0,0.0,0.0,0.0,0.0,0.0,1420000.0,1700000.0,3314700.0,1639700.0,82000.0,0.0,0.0,0.0,0.0,0.0
20230823093641136,SZSE,SZSE.ETF.159841,0.905,0.905,0.908,0.903,0.0,1.005,0.823,12531661.0,0.0,11341159.305,0.0,0.0,0.0,20230823,20230823,93641134,0.914,0.0,0.0,0.904,0.903,0.902,0.901,0.9,0.0,0.0,0.0,0.0,0.0,0.905,0.906,0.907,0.908,0.909,0.0,0.0,0.0,0.0,0.0,354500.0,5262500.0,2679100.0,608600.0,995400.0,0.0,0.0,0.0,0.0,0.0,1023300.0,1750000.0,2097900.0,1333600.0,82000.0,0.0,0.0,0.0,0.0,0.0
20230823093644080,SZSE,SZSE.ETF.159841,0.904,0.905,0.908,0.903,0.0,1.005,0.823,12542961.0,11300.0,11351379.305,10220.0,0.0,0.0,20230823,20230823,93644082,0.914,0.0,0.0,0.904,0.903,0.902,0.901,0.9,0.0,0.0,0.0,0.0,0.0,0.905,0.906,0.907,0.908,0.909,0.0,0.0,0.0,0.0,0.0,348000.0,4477300.0,2964300.0,608600.0,997400.0,0.0,0.0,0.0,0.0,0.0,1518500.0,4256300.0,1408400.0,808600.0,82000.0,0.0,0.0,0.0,0.0,0.0
20230823093647096,SZSE,SZSE.ETF.159841,0.903,0.905,0.908,0.903,0.0,1.005,0.823,12945861.0,402900.0,11715546.005,364166.7000000011,0.0,0.0,20230823,20230823,93647097,0.914,0.0,0.0,0.903,0.902,0.901,0.9,0.899,0.0,0.0,0.0,0.0,0.0,0.904,0.905,0.906,0.907,0.908,0.0,0.0,0.0,0.0,0.0,2515600.0,4961300.0,608600.0,997400.0,191200.0,0.0,0.0,0.0,0.0,0.0,100000.0,1418500.0,4664900.0,1408400.0,400000.0,0.0,0.0,0.0,0.0,0.0
20230823093650052,SZSE,SZSE.ETF.159841,0.904,0.905,0.908,0.903,0.0,1.005,0.823,12978561.0,32700.0,11745086.005,29540.0,0.0,0.0,20230823,20230823,93650052,0.914,0.0,0.0,0.903,0.902,0.901,0.9,0.899,0.0,0.0,0.0,0.0,0.0,0.904,0.905,0.906,0.907,0.908,0.0,0.0,0.0,0.0,0.0,1695800.0,5161300.0,1208600.0,997400.0,191200.0,0.0,0.0,0.0,0.0,0.0,370500.0,1418500.0,4464900.0,1408400.0,400000.0,0.0,0.0,0.0,0.0,0.0
20230823093653048,SZSE,SZSE.ETF.159841,0.903,0.905,0.908,0.903,0.0,1.005,0.823,13002361.0,23800.0,11766595.805,21509.799999998882,0.0,0.0,20230823,20230823,93653048,0.914,0.0,0.0,0.903,0.902,0.901,0.9,0.899,0.0,0.0,0.0,0.0,0.0,0.904,0.905,0.906,0.907,0.908,0.0,0.0,0.0,0.0,0.0,1894400.0,5161300.0,1208600.0,977400.0,191200.0,0.0,0.0,0.0,0.0,0.0,352100.0,918500.0,4464900.0,1408400.0,400000.0,0.0,0.0,0.0,0.0,0.0
20230823093659048,SZSE,SZSE.ETF.159841,0.903,0.905,0.908,0.903,0.0,1.005,0.823,13014461.0,12100.0,11777522.605,10926.800000000745,0.0,0.0,20230823,20230823,93659047,0.914,0.0,0.0,0.903,0.902,0.901,0.9,0.899,0.0,0.0,0.0,0.0,0.0,0.904,0.905,0.906,0.907,0.908,0.0,0.0,0.0,0.0,0.0,1871300.0,5161400.0,1208600.0,977400.0,191200.0,0.0,0.0,0.0,0.0,0.0,534500.0,1418500.0,4464900.0,1408400.0,400000.0,0.0,0.0,0.0,0.0,0.0
20230823093702068,SZSE,SZSE.ETF.159841,0.904,0.905,0.908,0.903,0.0,1.005,0.823,13016461.0,2000.0,11779330.605,1808.0,0.0,0.0,20230823,20230823,93702068,0.914,0.0,0.0,0.903,0.902,0.901,0.9,0.899,0.0,0.0,0.0,0.0,0.0,0.904,0.905,0.906,0.907,0.908,0.0,0.0,0.0,0.0,0.0,1873100.0,5170800.0,1208600.0,987400.0,191200.0,0.0,0.0,0.0,0.0,0.0,532500.0,1418500.0,4464900.0,1408400.0,400000.0,0.0,0.0,0.0,0.0,0.0
20230823093705164,SZSE,SZSE.ETF.159841,0.904,0.905,0.908,0.903,0.0,1.005,0.823,13578961.0,562500.0,12287830.605,508500.0,0.0,0.0,20230823,20230823,93705164,0.914,0.0,0.0,0.904,0.903,0.902,0.901,0.9,0.0,0.0,0.0,0.0,0.0,0.905,0.906,0.907,0.908,0.909,0.0,0.0,0.0,0.0,0.0,112800.0,4374900.0,3624000.0,1208600.0,1137400.0,0.0,0.0,0.0,0.0,0.0,918500.0,4056500.0,1258400.0,808400.0,82000.0,0.0,0.0,0.0,0.0,0.0
20230823093708064,SZSE,SZSE.ETF.159841,0.904,0.905,0.908,0.903,0.0,1.005,0.823,13579861.0,900.0,12288644.205,813.5999999996275,0.0,0.0,20230823,20230823,93708063,0.914,0.0,0.0,0.904,0.903,0.902,0.901,0.9,0.0,0.0,0.0,0.0,0.0,0.905,0.906,0.907,0.908,0.909,0.0,0.0,0.0,0.0,0.0,112400.0,2081300.0,4970800.0,1213600.0,987400.0,0.0,0.0,0.0,0.0,0.0,1618500.0,4464900.0,1408400.0,400000.0,82000.0,0.0,0.0,0.0,0.0,0.0
20230823093711056,SZSE,SZSE.ETF.159841,0.904,0.905,0.908,0.903,0.0,1.005,0.823,13582561.0,2700.0,12291085.005,2440.800000000745,0.0,0.0,20230823,20230823,93711055,0.914,0.0,0.0,0.904,0.903,0.902,0.901,0.9,0.0,0.0,0.0,0.0,0.0,0.905,0.906,0.907,0.908,0.909,0.0,0.0,0.0,0.0,0.0,110700.0,2093400.0,4970800.0,1213600.0,987400.0,0.0,0.0,0.0,0.0,0.0,1618500.0,4464900.0,1408400.0,400000.0,82000.0,0.0,0.0,0.0,0.0,0.0
20230823093714056,SZSE,SZSE.ETF.159841,0.904,0.905,0.908,0.903,0.0,1.005,0.823,13693261.0,110700.0,12391157.805,100072.79999999888,0.0,0.0,20230823,20230823,93714057,0.914,0.0,0.0,0.903,0.902,0.901,0.9,0.899,0.0,0.0,0.0,0.0,0.0,0.904,0.905,0.906,0.907,0.908,0.0,0.0,0.0,0.0,0.0,1793400.0,4972300.0,1513600.0,987400.0,191200.0,0.0,0.0,0.0,0.0,0.0,3300.0,1625500.0,4464900.0,1408400.0,400000.0,0.0,0.0,0.0,0.0,0.0
20230823093717052,SZSE,SZSE.ETF.159841,0.904,0.905,0.908,0.903,0.0,1.005,0.823,13694161.0,900.0,12391971.405,813.5999999996275,0.0,0.0,20230823,20230823,93717051,0.914,0.0,0.0,0.903,0.902,0.901,0.9,0.899,0.0,0.0,0.0,0.0,0.0,0.904,0.905,0.906,0.907,0.908,0.0,0.0,0.0,0.0,0.0,1898400.0,5422300.0,1213600.0,1142400.0,191200.0,0.0,0.0,0.0,0.0,0.0,37400.0,1625500.0,4464900.0,1258400.0,400000.0,0.0,0.0,0.0,0.0,0.0
20230823093947440,SZSE,SZSE.ETF.159841,0.904,0.905,0.908,0.902,0.0,1.005,0.823,15959761.0,4000.0,14437818.905,3616.0,0.0,0.0,20230823,20230823,93947442,0.914,0.0,0.0,0.904,0.903,0.902,0.901,0.9,0.0,0.0,0.0,0.0,0.0,0.905,0.906,0.907,0.908,0.909,0.0,0.0,0.0,0.0,0.0,47000.0,4702500.0,2636800.0,512200.0,1123800.0,0.0,0.0,0.0,0.0,0.0,1175300.0,3482000.0,2098900.0,859500.0,82000.0,0.0,0.0,0.0,0.0,0.0
20230823093947460,SZSE,SZSE.ETF.159841,0.904,0.905,0.908,0.902,0.0,1.005,0.823,15959761.0,0.0,14437818.905,0.0,0.0,0.0,20230823,20230823,93947461,0.914,0.0,0.0,0.904,0.903,0.902,0.901,0.9,0.0,0.0,0.0,0.0,0.0,0.905,0.906,0.907,0.908,0.909,0.0,0.0,0.0,0.0,0.0,200000.0,4502500.0,2628700.0,512200.0,1123800.0,0.0,0.0,0.0,0.0,0.0,1675300.0,3482000.0,2098900.0,859500.0,82000.0,0.0,0.0,0.0,0.0,0.0
20230823093951204,SZSE,SZSE.ETF.159841,0.904,0.905,0.908,0.902,0.0,1.005,0.823,16019161.0,59400.0,14491516.505,53697.60000000149,0.0,0.0,20230823,20230823,93951205,0.914,0.0,0.0,0.904,0.903,0.902,0.901,0.9,0.0,0.0,0.0,0.0,0.0,0.905,0.906,0.907,0.908,0.909,0.0,0.0,0.0,0.0,0.0,200000.0,4667500.0,2648700.0,512200.0,1123800.0,0.0,0.0,0.0,0.0,0.0,1675300.0,3597000.0,2111300.0,859500.0,82000.0,0.0,0.0,0.0,0.0,0.0
20230823093953912,SZSE,SZSE.ETF.159841,0.905,0.905,0.908,0.902,0.0,1.005,0.823,16035161.0,16000.0,14505996.505,14480.0,0.0,0.0,20230823,20230823,93953913,0.914,0.0,0.0,0.904,0.903,0.902,0.901,0.9,0.0,0.0,0.0,0.0,0.0,0.905,0.906,0.907,0.908,0.909,0.0,0.0,0.0,0.0,0.0,205000.0,4382300.0,2648700.0,512200.0,1132700.0,0.0,0.0,0.0,0.0,0.0,1159300.0,3597000.0,2111300.0,859500.0,84300.0,0.0,0.0,0.0,0.0,0.0
20230823093958296,SZSE,SZSE.ETF.159841,0.905,0.905,0.908,0.902,0.0,1.005,0.823,16035261.0,100.0,14506087.005,90.5,0.0,0.0,20230823,20230823,93958296,0.914,0.0,0.0,0.904,0.903,0.902,0.901,0.9,0.0,0.0,0.0,0.0,0.0,0.905,0.906,0.907,0.908,0.909,0.0,0.0,0.0,0.0,0.0,205400.0,3170700.0,2648700.0,512200.0,1132700.0,0.0,0.0,0.0,0.0,0.0,1159200.0,4005400.0,2111300.0,451100.0,84300.0,0.0,0.0,0.0,0.0,0.0
20230823094000288,SZSE,SZSE.ETF.159841,0.905,0.905,0.908,0.902,0.0,1.005,0.823,16055261.0,20000.0,14524187.005,18100.0,0.0,0.0,20230823,20230823,94000287,0.914,0.0,0.0,0.904,0.903,0.902,0.901,0.9,0.0,0.0,0.0,0.0,0.0,0.905,0.906,0.907,0.908,0.909,0.0,0.0,0.0,0.0,0.0,6400.0,4978300.0,2648700.0,512200.0,1127700.0,0.0,0.0,0.0,0.0,0.0,1139200.0,3707400.0,2111300.0,451100.0,84300.0,0.0,0.0,0.0,0.0,0.0
20230823094003264,SZSE,SZSE.ETF.159841,0.904,0.905,0.908,0.902,0.0,1.005,0.823,16166461.0,111200.0,14624711.805,100524.79999999888,0.0,0.0,20230823,20230823,94003264,0.914,0.0,0.0,0.904,0.903,0.902,0.901,0.9,0.0,0.0,0.0,0.0,0.0,0.905,0.906,0.907,0.908,0.909,0.0,0.0,0.0,0.0,0.0,3200.0,4373300.0,2648700.0,1123200.0,1127700.0,0.0,0.0,0.0,0.0,0.0,1139200.0,3707400.0,2111300.0,859500.0,84300.0,0.0,0.0,0.0,0.0,0.0
20230823094005504,SZSE,SZSE.ETF.159841,0.904,0.905,0.908,0.902,0.0,1.005,0.823,16166461.0,0.0,14624711.805,0.0,0.0,0.0,20230823,20230823,94005503,0.914,0.0,0.0,0.904,0.903,0.902,0.901,0.9,0.0,0.0,0.0,0.0,0.0,0.905,0.906,0.907,0.908,0.909,0.0,0.0,0.0,0.0,0.0,3200.0,5473300.0,2648700.0,523200.0,1127700.0,0.0,0.0,0.0,0.0,0.0,939200.0,3907400.0,2111300.0,859500.0,84300.0,0.0,0.0,0.0,0.0,0.0
20230823094008108,SZSE,SZSE.ETF.159841,0.905,0.905,0.908,0.902,0.0,1.005,0.823,16166861.0,400.0,14625073.705,361.90000000037253,0.0,0.0,20230823,20230823,94008109,0.914,0.0,0.0,0.904,0.903,0.902,0.901,0.9,0.0,0.0,0.0,0.0,0.0,0.905,0.906,0.907,0.908,0.909,0.0,0.0,0.0,0.0,0.0,347500.0,4558300.0,2240300.0,523200.0,1127700.0,0.0,0.0,0.0,0.0,0.0,938900.0,1975600.0,3328100.0,1459500.0,84300.0,0.0,0.0,0.0,0.0,0.0
20230823094014332,SZSE,SZSE.ETF.159841,0.904,0.905,0.908,0.902,0.0,1.005,0.823,16167261.0,400.0,14625435.305,361.59999999962747,0.0,0.0,20230823,20230823,94014331,0.914,0.0,0.0,0.904,0.903,0.902,0.901,0.9,0.0,0.0,0.0,0.0,0.0,0.905,0.906,0.907,0.908,0.909,0.0,0.0,0.0,0.0,0.0,645000.0,4673300.0,2348700.0,523200.0,1127700.0,0.0,0.0,0.0,0.0,0.0,1275000.0,2090600.0,2919700.0,1459500.0,84300.0,0.0,0.0,0.0,0.0,0.0
20230823094017160,SZSE,SZSE.ETF.159841,0.904,0.905,0.908,0.902,0.0,1.005,0.823,16167261.0,0.0,14625435.305,0.0,0.0,0.0,20230823,20230823,94017161,0.914,0.0,0.0,0.904,0.903,0.902,0.901,0.9,0.0,0.0,0.0,0.0,0.0,0.905,0.906,0.907,0.908,0.909,0.0,0.0,0.0,0.0,0.0,250000.0,4773300.0,2659700.0,523200.0,1127700.0,0.0,0.0,0.0,0.0,0.0,1475100.0,4596900.0,1421800.0,859500.0,84300.0,0.0,0.0,0.0,0.0,0.0
20230823094020080,SZSE,SZSE.ETF.159841,0.904,0.905,0.908,0.902,0.0,1.005,0.823,16184461.0,17200.0,14641000.105,15564.800000000745,0.0,0.0,20230823,20230823,94020082,0.914,0.0,0.0,0.904,0.903,0.902,0.901,0.9,0.0,0.0,0.0,0.0,0.0,0.905,0.906,0.907,0.908,0.909,0.0,0.0,0.0,0.0,0.0,49800.0,4688100.0,2944900.0,528700.0,1128700.0,0.0,0.0,0.0,0.0,0.0,1659100.0,4396900.0,1421800.0,859500.0,84300.0,0.0,0.0,0.0,0.0,0.0
20230823094023052,SZSE,SZSE.ETF.159841,0.905,0.905,0.908,0.902,0.0,1.005,0.823,16215561.0,31100.0,14669114.605,28114.5,0.0,0.0,20230823,20230823,94023052,0.914,0.0,0.0,0.904,0.903,0.902,0.901,0.9,0.0,0.0,0.0,0.0,0.0,0.905,0.906,0.907,0.908,0.909,0.0,0.0,0.0,0.0,0.0,23800.0,4688100.0,2944900.0,528700.0,1129000.0,0.0,0.0,0.0,0.0,0.0,1659000.0,4396900.0,1421800.0,859500.0,84300.0,0.0,0.0,0.0,0.0,0.0
20230823094026152,SZSE,SZSE.ETF.159841,0.904,0.905,0.908,0.902,0.0,1.005,0.823,16242461.0,26900.0,14693432.205,24317.599999999627,0.0,0.0,20230823,20230823,94026150,0.914,0.0,0.0,0.903,0.902,0.901,0.9,0.899,0.0,0.0,0.0,0.0,0.0,0.904,0.905,0.906,0.907,0.908,0.0,0.0,0.0,0.0,0.0,4872500.0,2774600.0,517700.0,1129000.0,363300.0,0.0,0.0,0.0,0.0,0.0,23100.0,1769500.0,3597000.0,2111300.0,859500.0,0.0,0.0,0.0,0.0,0.0
20230823094029044,SZSE,SZSE.ETF.159841,0.905,0.905,0.908,0.902,0.0,1.005,0.823,16305161.0,62700.0,14750152.605,56720.40000000037,0.0,0.0,20230823,20230823,94029043,0.914,0.0,0.0,0.904,0.903,0.902,0.901,0.9,0.0,0.0,0.0,0.0,0.0,0.905,0.906,0.907,0.908,0.909,0.0,0.0,0.0,0.0,0.0,36500.0,4468100.0,3666900.0,517700.0,1129000.0,0.0,0.0,0.0,0.0,0.0,1734400.0,4166900.0,1421800.0,859500.0,84300.0,0.0,0.0,0.0,0.0,0.0
20230823094032216,SZSE,SZSE.ETF.159841,0.904,0.905,0.908,0.902,0.0,1.005,0.823,16341661.0,36500.0,14783148.605,32996.0,0.0,0.0,20230823,20230823,94032214,0.914,0.0,0.0,0.903,0.902,0.901,0.9,0.899,0.0,0.0,0.0,0.0,0.0,0.904,0.905,0.906,0.907,0.908,0.0,0.0,0.0,0.0,0.0,4768500.0,2777600.0,517700.0,1129000.0,363300.0,0.0,0.0,0.0,0.0,0.0,117800.0,1875400.0,4171500.0,1421800.0,859500.0,0.0,0.0,0.0,0.0,0.0
20230823094035432,SZSE,SZSE.ETF.159841,0.904,0.905,0.908,0.902,0.0,1.005,0.823,16509461.0,167800.0,14934839.805,151691.19999999925,0.0,0.0,20230823,20230823,94035434,0.914,0.0,0.0,0.904,0.903,0.902,0.901,0.9,0.0,0.0,0.0,0.0,0.0,0.905,0.906,0.907,0.908,0.909,0.0,0.0,0.0,0.0,0.0,65300.0,2282300.0,5068700.0,517700.0,1129000.0,0.0,0.0,0.0,0.0,0.0,1879900.0,4575300.0,1421800.0,451100.0,84300.0,0.0,0.0,0.0,0.0,0.0
20230823094038752,SZSE,SZSE.ETF.159841,0.904,0.905,0.908,0.902,0.0,1.005,0.823,16509461.0,0.0,14934839.805,0.0,0.0,0.0,20230823,20230823,94038751,0.914,0.0,0.0,0.903,0.902,0.901,0.9,0.899,0.0,0.0,0.0,0.0,0.0,0.904,0.905,0.906,0.907,0.908,0.0,0.0,0.0,0.0,0.0,1766900.0,5264600.0,1117700.0,1129000.0,363300.0,0.0,0.0,0.0,0.0,0.0,200000.0,1675400.0,4579900.0,1421800.0,451100.0,0.0,0.0,0.0,0.0,0.0
20230823094041952,SZSE,SZSE.ETF.159841,0.904,0.905,0.908,0.902,0.0,1.005,0.823,16509461.0,0.0,14934839.805,0.0,0.0,0.0,20230823,20230823,94041951,0.914,0.0,0.0,0.903,0.902,0.901,0.9,0.899,0.0,0.0,0.0,0.0,0.0,0.904,0.905,0.906,0.907,0.908,0.0,0.0,0.0,0.0,0.0,1651900.0,5378600.0,1117700.0,1129000.0,363300.0,0.0,0.0,0.0,0.0,0.0,201000.0,1790400.0,4482400.0,1421800.0,451100.0,0.0,0.0,0.0,0.0,0.0
20230823094044704,SZSE,SZSE.ETF.159841,0.904,0.905,0.908,0.902,0.0,1.005,0.823,16509461.0,0.0,14934839.805,0.0,0.0,0.0,20230823,20230823,94044703,0.914,0.0,0.0,0.903,0.902,0.901,0.9,0.899,0.0,0.0,0.0,0.0,0.0,0.904,0.905,0.906,0.907,0.908,0.0,0.0,0.0,0.0,0.0,1651900.0,5494700.0,1117700.0,1129000.0,363300.0,0.0,0.0,0.0,0.0,0.0,220500.0,1905400.0,4482400.0,1421800.0,451100.0,0.0,0.0,0.0,0.0,0.0
20230823094047660,SZSE,SZSE.ETF.159841,0.903,0.905,0.908,0.902,0.0,1.005,0.823,16972261.0,462800.0,15352751.205,417911.4000000004,0.0,0.0,20230823,20230823,94047661,0.914,0.0,0.0,0.903,0.902,0.901,0.9,0.899,0.0,0.0,0.0,0.0,0.0,0.904,0.905,0.906,0.907,0.908,0.0,0.0,0.0,0.0,0.0,1585400.0,5494700.0,1117700.0,1129000.0,363300.0,0.0,0.0,0.0,0.0,0.0,220500.0,1905400.0,4482400.0,1421800.0,451100.0,0.0,0.0,0.0,0.0,0.0
20230823094050528,SZSE,SZSE.ETF.159841,0.904,0.905,0.908,0.902,0.0,1.005,0.823,16976261.0,4000.0,15356367.205,3616.0,0.0,0.0,20230823,20230823,94050529,0.914,0.0,0.0,0.903,0.902,0.901,0.9,0.899,0.0,0.0,0.0,0.0,0.0,0.904,0.905,0.906,0.907,0.908,0.0,0.0,0.0,0.0,0.0,943000.0,5494700.0,1776100.0,1129000.0,363300.0,0.0,0.0,0.0,0.0,0.0,770500.0,1905400.0,4182400.0,1421800.0,201100.0,0.0,0.0,0.0,0.0,0.0
20230823094053380,SZSE,SZSE.ETF.159841,0.903,0.905,0.908,0.902,0.0,1.005,0.823,16986261.0,10000.0,15365397.205,9030.0,0.0,0.0,20230823,20230823,94053381,0.914,0.0,0.0,0.903,0.902,0.901,0.9,0.899,0.0,0.0,0.0,0.0,0.0,0.904,0.905,0.906,0.907,0.908,0.0,0.0,0.0,0.0,0.0,917500.0,5472700.0,1776100.0,1279000.0,363300.0,0.0,0.0,0.0,0.0,0.0,770500.0,2744900.0,2734500.0,1271800.0,201200.0,0.0,0.0,0.0,0.0,0.0
20230823094056336,SZSE,SZSE.ETF.159841,0.903,0.905,0.908,0.902,0.0,1.005,0.823,16986261.0,0.0,15365397.205,0.0,0.0,0.0,20230823,20230823,94056338,0.914,0.0,0.0,0.903,0.902,0.901,0.9,0.899,0.0,0.0,0.0,0.0,0.0,0.904,0.905,0.906,0.907,0.908,0.0,0.0,0.0,0.0,0.0,428500.0,5472700.0,2276100.0,1279000.0,363300.0,0.0,0.0,0.0,0.0,0.0,770500.0,2894800.0,2734500.0,1271800.0,201200.0,0.0,0.0,0.0,0.0,0.0
20230823094059048,SZSE,SZSE.ETF.159841,0.903,0.905,0.908,0.902,0.0,1.005,0.823,16994461.0,8200.0,15372801.805,7404.5999999996275,0.0,0.0,20230823,20230823,94059046,0.914,0.0,0.0,0.903,0.902,0.901,0.9,0.899,0.0,0.0,0.0,0.0,0.0,0.904,0.905,0.906,0.907,0.908,0.0,0.0,0.0,0.0,0.0,336800.0,4788000.0,3061300.0,1279000.0,363300.0,0.0,0.0,0.0,0.0,0.0,970500.0,4711600.0,1926100.0,671800.0,151200.0,0.0,0.0,0.0,0.0,0.0
20230823094102036,SZSE,SZSE.ETF.159841,0.903,0.905,0.908,0.902,0.0,1.005,0.823,17331261.0,336800.0,15676932.205,304130.4000000004,0.0,0.0,20230823,20230823,94102036,0.914,0.0,0.0,0.902,0.901,0.9,0.899,0.898,0.0,0.0,0.0,0.0,0.0,0.903,0.904,0.905,0.906,0.907,0.0,0.0,0.0,0.0,0.0,2700300.0,5169100.0,1279000.0,363300.0,278000.0,0.0,0.0,0.0,0.0,0.0,327800.0,1391200.0,4301100.0,1426100.0,263400.0,0.0,0.0,0.0,0.0,0.0
20230823094105056,SZSE,SZSE.ETF.159841,0.903,0.905,0.908,0.902,0.0,1.005,0.823,17331761.0,500.0,15677383.705,451.5,0.0,0.0,20230823,20230823,94105056,0.914,0.0,0.0,0.903,0.902,0.901,0.9,0.899,0.0,0.0,0.0,0.0,0.0,0.904,0.905,0.906,0.907,0.908,0.0,0.0,0.0,0.0,0.0,110600.0,2581200.0,5173100.0,1279000.0,363300.0,0.0,0.0,0.0,0.0,0.0,1695500.0,4890000.0,1426100.0,263400.0,151200.0,0.0,0.0,0.0,0.0,0.0
20230823094108036,SZSE,SZSE.ETF.159841,0.903,0.905,0.908,0.902,0.0,1.005,0.823,17442361.0,110600.0,15777255.505,99871.80000000075,0.0,0.0,20230823,20230823,94108037,0.914,0.0,0.0,0.902,0.901,0.9,0.899,0.898,0.0,0.0,0.0,0.0,0.0,0.904,0.905,0.906,0.907,0.908,0.0,0.0,0.0,0.0,0.0,1796200.0,5058100.0,2172600.0,363300.0,282000.0,0.0,0.0,0.0,0.0,0.0,1580500.0,5005000.0,1426100.0,263400.0,151200.0,0.0,0.0,0.0,0.0,0.0
20230823094111040,SZSE,SZSE.ETF.159841,0.903,0.905,0.908,0.902,0.0,1.005,0.823,17442361.0,0.0,15777255.505,0.0,0.0,0.0,20230823,20230823,94111040,0.914,0.0,0.0,0.902,0.901,0.9,0.899,0.898,0.0,0.0,0.0,0.0,0.0,0.904,0.905,0.906,0.907,0.908,0.0,0.0,0.0,0.0,0.0,2096300.0,5058100.0,1872600.0,363300.0,282000.0,0.0,0.0,0.0,0.0,0.0,1831300.0,4804200.0,1426100.0,263400.0,151200.0,0.0,0.0,0.0,0.0,0.0
20230823094114244,SZSE,SZSE.ETF.159841,0.902,0.905,0.908,0.902,0.0,1.005,0.823,17452461.0,10100.0,15786365.905,9110.39999999851,0.0,0.0,20230823,20230823,94114244,0.914,0.0,0.0,0.902,0.901,0.9,0.899,0.898,0.0,0.0,0.0,0.0,0.0,0.904,0.905,0.906,0.907,0.908,0.0,0.0,0.0,0.0,0.0,1971400.0,5169100.0,1873600.0,363300.0,282000.0,0.0,0.0,0.0,0.0,0.0,1441900.0,4693700.0,1426100.0,263400.0,151200.0,0.0,0.0,0.0,0.0,0.0
20230823094117020,SZSE,SZSE.ETF.159841,0.902,0.905,0.908,0.902,0.0,1.005,0.823,17452461.0,0.0,15786365.905,0.0,0.0,0.0,20230823,20230823,94117021,0.914,0.0,0.0,0.902,0.901,0.9,0.899,0.898,0.0,0.0,0.0,0.0,0.0,0.903,0.904,0.905,0.906,0.907,0.0,0.0,0.0,0.0,0.0,2197300.0,5658100.0,1878200.0,363300.0,282000.0,0.0,0.0,0.0,0.0,0.0,300000.0,1331400.0,4619200.0,1425900.0,263400.0,0.0,0.0,0.0,0.0,0.0
20230823094120260,SZSE,SZSE.ETF.159841,0.902,0.905,0.908,0.902,0.0,1.005,0.823,17452461.0,0.0,15786365.905,0.0,0.0,0.0,20230823,20230823,94120261,0.914,0.0,0.0,0.902,0.901,0.9,0.899,0.898,0.0,0.0,0.0,0.0,0.0,0.904,0.905,0.906,0.907,0.908,0.0,0.0,0.0,0.0,0.0,5064100.0,3491100.0,1278200.0,363300.0,282000.0,0.0,0.0,0.0,0.0,0.0,1446400.0,4280800.0,1425900.0,671800.0,151200.0,0.0,0.0,0.0,0.0,0.0
20230823094123512,SZSE,SZSE.ETF.159841,0.904,0.905,0.908,0.902,0.0,1.005,0.823,18641461.0,1189000.0,16861221.905,1074856.0000000019,0.0,0.0,20230823,20230823,94123510,0.914,0.0,0.0,0.904,0.903,0.902,0.901,0.9,0.0,0.0,0.0,0.0,0.0,0.905,0.906,0.907,0.908,0.909,0.0,0.0,0.0,0.0,0.0,230000.0,4051200.0,2407600.0,2247700.0,1278000.0,0.0,0.0,0.0,0.0,0.0,1714000.0,1628100.0,1171800.0,1501100.0,81800.0,0.0,0.0,0.0,0.0,0.0
20230823094126956,SZSE,SZSE.ETF.159841,0.905,0.905,0.908,0.902,0.0,1.005,0.823,19169461.0,528000.0,17339061.905,477840.0,0.0,0.0,20230823,20230823,94126956,0.914,0.0,0.0,0.904,0.903,0.902,0.901,0.9,0.0,0.0,0.0,0.0,0.0,0.905,0.906,0.907,0.908,0.909,0.0,0.0,0.0,0.0,0.0,1788400.0,5099000.0,871200.0,632700.0,1278000.0,0.0,0.0,0.0,0.0,0.0,484600.0,1378100.0,3188600.0,1411600.0,1101700.0,0.0,0.0,0.0,0.0,0.0
20230823094129484,SZSE,SZSE.ETF.159841,0.905,0.905,0.908,0.902,0.0,1.005,0.823,19354061.0,184600.0,17506124.905,167063.0,0.0,0.0,20230823,20230823,94129485,0.914,0.0,0.0,0.905,0.904,0.903,0.902,0.901,0.0,0.0,0.0,0.0,0.0,0.906,0.907,0.908,0.909,0.91,0.0,0.0,0.0,0.0,0.0,80400.0,5325900.0,2391400.0,1021200.0,518700.0,0.0,0.0,0.0,0.0,0.0,917700.0,3340500.0,1611600.0,1510100.0,97400.0,0.0,0.0,0.0,0.0,0.0
20230823094132616,SZSE,SZSE.ETF.159841,0.905,0.905,0.908,0.902,0.0,1.005,0.823,19354061.0,0.0,17506124.905,0.0,0.0,0.0,20230823,20230823,94132614,0.914,0.0,0.0,0.905,0.904,0.903,0.902,0.901,0.0,0.0,0.0,0.0,0.0,0.906,0.907,0.908,0.909,0.91,0.0,0.0,0.0,0.0,0.0,213400.0,4853900.0,2213400.0,1021200.0,368700.0,0.0,0.0,0.0,0.0,0.0,567700.0,2940500.0,1611600.0,2110100.0,97400.0,0.0,0.0,0.0,0.0,0.0
20230823094135316,SZSE,SZSE.ETF.159841,0.906,0.905,0.908,0.902,0.0,1.005,0.823,19354861.0,800.0,17506849.705,724.7999999970198,0.0,0.0,20230823,20230823,94135316,0.914,0.0,0.0,0.905,0.904,0.903,0.902,0.901,0.0,0.0,0.0,0.0,0.0,0.906,0.907,0.908,0.909,0.91,0.0,0.0,0.0,0.0,0.0,400000.0,5023900.0,2213400.0,420200.0,368700.0,0.0,0.0,0.0,0.0,0.0,573400.0,2940500.0,1761600.0,2110100.0,97400.0,0.0,0.0,0.0,0.0,0.0
20230823094138072,SZSE,SZSE.ETF.159841,0.905,0.905,0.908,0.902,0.0,1.005,0.823,19355861.0,1000.0,17507754.705,905.0,0.0,0.0,20230823,20230823,94138072,0.914,0.0,0.0,0.905,0.904,0.903,0.902,0.901,0.0,0.0,0.0,0.0,0.0,0.906,0.907,0.908,0.909,0.91,0.0,0.0,0.0,0.0,0.0,799000.0,4923900.0,1663400.0,420200.0,368700.0,0.0,0.0,0.0,0.0,0.0,316900.0,1723700.0,1761600.0,2110100.0,97400.0,0.0,0.0,0.0,0.0,0.0
20230823094141008,SZSE,SZSE.ETF.159841,0.905,0.905,0.908,0.902,0.0,1.005,0.823,19442861.0,87000.0,17586489.705,78735.0,0.0,0.0,20230823,20230823,94141009,0.914,0.0,0.0,0.905,0.904,0.903,0.902,0.901,0.0,0.0,0.0,0.0,0.0,0.906,0.907,0.908,0.909,0.91,0.0,0.0,0.0,0.0,0.0,962000.0,4924100.0,1663400.0,420200.0,370800.0,0.0,0.0,0.0,0.0,0.0,320900.0,1723700.0,2978400.0,2110100.0,347400.0,0.0,0.0,0.0,0.0,0.0
20230823094144076,SZSE,SZSE.ETF.159841,0.905,0.905,0.908,0.902,0.0,1.005,0.823,19442861.0,0.0,17586489.705,0.0,0.0,0.0,20230823,20230823,94144077,0.914,0.0,0.0,0.905,0.904,0.903,0.902,0.901,0.0,0.0,0.0,0.0,0.0,0.906,0.907,0.908,0.909,0.91,0.0,0.0,0.0,0.0,0.0,1370400.0,4924100.0,1255000.0,420200.0,370800.0,0.0,0.0,0.0,0.0,0.0,320900.0,1723700.0,3667900.0,1420600.0,347400.0,0.0,0.0,0.0,0.0,0.0
20230823094146996,SZSE,SZSE.ETF.159841,0.905,0.905,0.908,0.902,0.0,1.005,0.823,19442861.0,0.0,17586489.705,0.0,0.0,0.0,20230823,20230823,94146997,0.914,0.0,0.0,0.905,0.904,0.903,0.902,0.901,0.0,0.0,0.0,0.0,0.0,0.906,0.907,0.908,0.909,0.91,0.0,0.0,0.0,0.0,0.0,1381400.0,4924100.0,1255000.0,420200.0,370800.0,0.0,0.0,0.0,0.0,0.0,20900.0,1673700.0,3967900.0,1620600.0,347400.0,0.0,0.0,0.0,0.0,0.0
20230823094150188,SZSE,SZSE.ETF.159841,0.905,0.905,0.908,0.902,0.0,1.005,0.823,19442861.0,0.0,17586489.705,0.0,0.0,0.0,20230823,20230823,94150188,0.914,0.0,0.0,0.905,0.904,0.903,0.902,0.901,0.0,0.0,0.0,0.0,0.0,0.906,0.907,0.908,0.909,0.91,0.0,0.0,0.0,0.0,0.0,1031400.0,5624100.0,1505000.0,442900.0,370800.0,0.0,0.0,0.0,0.0,0.0,270900.0,3498900.0,2751100.0,1012200.0,97400.0,0.0,0.0,0.0,0.0,0.0
20230823094153088,SZSE,SZSE.ETF.159841,0.905,0.905,0.908,0.902,0.0,1.005,0.823,19445161.0,2300.0,17588572.205,2082.5,0.0,0.0,20230823,20230823,94153086,0.914,0.0,0.0,0.905,0.904,0.903,0.902,0.901,0.0,0.0,0.0,0.0,0.0,0.906,0.907,0.908,0.909,0.91,0.0,0.0,0.0,0.0,0.0,1130100.0,5524100.0,1505000.0,442900.0,370800.0,0.0,0.0,0.0,0.0,0.0,569900.0,2282100.0,3667900.0,1012200.0,97400.0,0.0,0.0,0.0,0.0,0.0
20230823094155992,SZSE,SZSE.ETF.159841,0.905,0.905,0.908,0.902,0.0,1.005,0.823,19445161.0,0.0,17588572.205,0.0,0.0,0.0,20230823,20230823,94155991,0.914,0.0,0.0,0.905,0.904,0.903,0.902,0.901,0.0,0.0,0.0,0.0,0.0,0.906,0.907,0.908,0.909,0.91,0.0,0.0,0.0,0.0,0.0,1380100.0,5524100.0,1255000.0,442900.0,370800.0,0.0,0.0,0.0,0.0,0.0,319900.0,2282100.0,3667900.0,1012200.0,347400.0,0.0,0.0,0.0,0.0,0.0
20230823094159348,SZSE,SZSE.ETF.159841,0.906,0.905,0.908,0.902,0.0,1.005,0.823,19445861.0,700.0,17589206.405,634.2000000029802,0.0,0.0,20230823,20230823,94159349,0.914,0.0,0.0,0.905,0.904,0.903,0.902,0.901,0.0,0.0,0.0,0.0,0.0,0.906,0.907,0.908,0.909,0.91,0.0,0.0,0.0,0.0,0.0,1380100.0,5524100.0,1255000.0,442900.0,370800.0,0.0,0.0,0.0,0.0,0.0,19200.0,2282100.0,3967900.0,1012200.0,347400.0,0.0,0.0,0.0,0.0,0.0
20230823094202036,SZSE,SZSE.ETF.159841,0.906,0.905,0.908,0.902,0.0,1.005,0.823,19452861.0,7000.0,17595548.405,6342.0,0.0,0.0,20230823,20230823,94202036,0.914,0.0,0.0,0.905,0.904,0.903,0.902,0.901,0.0,0.0,0.0,0.0,0.0,0.906,0.907,0.908,0.909,0.91,0.0,0.0,0.0,0.0,0.0,1035000.0,5624100.0,1505000.0,442900.0,370800.0,0.0,0.0,0.0,0.0,0.0,262200.0,2282100.0,3251100.0,1012200.0,97400.0,0.0,0.0,0.0,0.0,0.0
20230823094205164,SZSE,SZSE.ETF.159841,0.906,0.905,0.908,0.902,0.0,1.005,0.823,19452861.0,0.0,17595548.405,0.0,0.0,0.0,20230823,20230823,94205164,0.914,0.0,0.0,0.905,0.904,0.903,0.902,0.901,0.0,0.0,0.0,0.0,0.0,0.906,0.907,0.908,0.909,0.91,0.0,0.0,0.0,0.0,0.0,1385500.0,5524100.0,1305000.0,442900.0,370800.0,0.0,0.0,0.0,0.0,0.0,322200.0,2282100.0,4167900.0,1012200.0,347400.0,0.0,0.0,0.0,0.0,0.0
20230823094208188,SZSE,SZSE.ETF.159841,0.906,0.905,0.908,0.902,0.0,1.005,0.823,19475061.0,22200.0,17615661.605,20113.199999999255,0.0,0.0,20230823,20230823,94208189,0.914,0.0,0.0,0.906,0.905,0.904,0.903,0.902,0.0,0.0,0.0,0.0,0.0,0.907,0.908,0.909,0.91,0.911,0.0,0.0,0.0,0.0,0.0,39500.0,1496000.0,5413600.0,1305000.0,442700.0,0.0,0.0,0.0,0.0,0.0,1671800.0,4578300.0,1012200.0,347400.0,14000.0,0.0,0.0,0.0,0.0,0.0
20230823094211044,SZSE,SZSE.ETF.159841,0.906,0.905,0.908,0.902,0.0,1.005,0.823,19514561.0,39500.0,17651448.605,35787.0,0.0,0.0,20230823,20230823,94211043,0.914,0.0,0.0,0.905,0.904,0.903,0.902,0.901,0.0,0.0,0.0,0.0,0.0,0.907,0.908,0.909,0.91,0.911,0.0,0.0,0.0,0.0,0.0,1085500.0,5524300.0,1605000.0,442700.0,370800.0,0.0,0.0,0.0,0.0,0.0,2282100.0,4468100.0,1012200.0,347400.0,14000.0,0.0,0.0,0.0,0.0,0.0
20230823094214020,SZSE,SZSE.ETF.159841,0.907,0.905,0.908,0.902,0.0,1.005,0.823,19836861.0,322300.0,17943474.705,292026.09999999776,0.0,0.0,20230823,20230823,94214019,0.914,0.0,0.0,0.906,0.905,0.904,0.903,0.902,0.0,0.0,0.0,0.0,0.0,0.907,0.908,0.909,0.91,0.911,0.0,0.0,0.0,0.0,0.0,33100.0,1496000.0,5413600.0,1305000.0,442700.0,0.0,0.0,0.0,0.0,0.0,1816300.0,4578300.0,1012200.0,347400.0,14000.0,0.0,0.0,0.0,0.0,0.0
20230823094217152,SZSE,SZSE.ETF.159841,0.907,0.905,0.908,0.902,0.0,1.005,0.823,19836861.0,0.0,17943474.705,0.0,0.0,0.0,20230823,20230823,94217152,0.914,0.0,0.0,0.906,0.905,0.904,0.903,0.902,0.0,0.0,0.0,0.0,0.0,0.907,0.908,0.909,0.91,0.911,0.0,0.0,0.0,0.0,0.0,33100.0,1496000.0,5563600.0,1305000.0,294700.0,0.0,0.0,0.0,0.0,0.0,1966300.0,4578300.0,1212200.0,347400.0,14000.0,0.0,0.0,0.0,0.0,0.0
20230823094219976,SZSE,SZSE.ETF.159841,0.906,0.905,0.908,0.902,0.0,1.005,0.823,19837861.0,1000.0,17944380.705,906.0,0.0,0.0,20230823,20230823,94219976,0.914,0.0,0.0,0.906,0.905,0.904,0.903,0.902,0.0,0.0,0.0,0.0,0.0,0.907,0.908,0.909,0.91,0.911,0.0,0.0,0.0,0.0,0.0,32100.0,1496000.0,5563600.0,1305000.0,294700.0,0.0,0.0,0.0,0.0,0.0,1966300.0,4578300.0,1362200.0,347400.0,14000.0,0.0,0.0,0.0,0.0,0.0
20230823094223080,SZSE,SZSE.ETF.159841,0.907,0.905,0.908,0.902,0.0,1.005,0.823,19839261.0,1400.0,17945650.505,1269.800000000745,0.0,0.0,20230823,20230823,94223081,0.914,0.0,0.0,0.906,0.905,0.904,0.903,0.902,0.0,0.0,0.0,0.0,0.0,0.907,0.908,0.909,0.91,0.911,0.0,0.0,0.0,0.0,0.0,32100.0,2494400.0,3566800.0,1305000.0,294700.0,0.0,0.0,0.0,0.0,0.0,1974500.0,4578300.0,1362200.0,347400.0,14000.0,0.0,0.0,0.0,0.0,0.0
20230823094226068,SZSE,SZSE.ETF.159841,0.906,0.905,0.908,0.902,0.0,1.005,0.823,19878161.0,38900.0,17980895.405,35244.900000002235,0.0,0.0,20230823,20230823,94226069,0.914,0.0,0.0,0.905,0.904,0.903,0.902,0.901,0.0,0.0,0.0,0.0,0.0,0.906,0.907,0.908,0.909,0.91,0.0,0.0,0.0,0.0,0.0,1385500.0,5674300.0,1305000.0,294700.0,392700.0,0.0,0.0,0.0,0.0,0.0,384600.0,2118000.0,4468100.0,1362200.0,347400.0,0.0,0.0,0.0,0.0,0.0
20230823094229040,SZSE,SZSE.ETF.159841,0.906,0.905,0.908,0.902,0.0,1.005,0.823,19896761.0,18600.0,17997747.005,16851.599999997765,0.0,0.0,20230823,20230823,94229041,0.914,0.0,0.0,0.905,0.904,0.903,0.902,0.901,0.0,0.0,0.0,0.0,0.0,0.906,0.907,0.908,0.909,0.91,0.0,0.0,0.0,0.0,0.0,1386500.0,6279300.0,1325600.0,294700.0,292700.0,0.0,0.0,0.0,0.0,0.0,366000.0,2118000.0,4468100.0,1362200.0,347400.0,0.0,0.0,0.0,0.0,0.0
20230823094232204,SZSE,SZSE.ETF.159841,0.906,0.905,0.908,0.902,0.0,1.005,0.823,19897061.0,300.0,17998018.805,271.80000000074506,0.0,0.0,20230823,20230823,94232204,0.914,0.0,0.0,0.905,0.904,0.903,0.902,0.901,0.0,0.0,0.0,0.0,0.0,0.906,0.907,0.908,0.909,0.91,0.0,0.0,0.0,0.0,0.0,728100.0,5529300.0,1734000.0,407300.0,292700.0,0.0,0.0,0.0,0.0,0.0,774100.0,3535000.0,2842900.0,1012200.0,97400.0,0.0,0.0,0.0,0.0,0.0
20230823094235148,SZSE,SZSE.ETF.159841,0.906,0.905,0.908,0.902,0.0,1.005,0.823,19898061.0,1000.0,17998924.805,906.0,0.0,0.0,20230823,20230823,94235149,0.914,0.0,0.0,0.905,0.904,0.903,0.902,0.901,0.0,0.0,0.0,0.0,0.0,0.906,0.907,0.908,0.909,0.91,0.0,0.0,0.0,0.0,0.0,628100.0,5029300.0,2584000.0,403300.0,292700.0,0.0,0.0,0.0,0.0,0.0,1323100.0,4365000.0,1853400.0,1012200.0,97400.0,0.0,0.0,0.0,0.0,0.0
20230823094238040,SZSE,SZSE.ETF.159841,0.906,0.905,0.908,0.902,0.0,1.005,0.823,19898061.0,0.0,17998924.805,0.0,0.0,0.0,20230823,20230823,94238039,0.914,0.0,0.0,0.905,0.904,0.903,0.902,0.901,0.0,0.0,0.0,0.0,0.0,0.906,0.907,0.908,0.909,0.91,0.0,0.0,0.0,0.0,0.0,628100.0,5029300.0,2584000.0,403300.0,291700.0,0.0,0.0,0.0,0.0,0.0,1323100.0,4965000.0,1853400.0,412200.0,97400.0,0.0,0.0,0.0,0.0,0.0
20230823094241020,SZSE,SZSE.ETF.159841,0.906,0.905,0.908,0.902,0.0,1.005,0.823,20024361.0,126300.0,18113286.305,114361.5,0.0,0.0,20230823,20230823,94241020,0.914,0.0,0.0,0.905,0.904,0.903,0.902,0.901,0.0,0.0,0.0,0.0,0.0,0.906,0.907,0.908,0.909,0.91,0.0,0.0,0.0,0.0,0.0,317400.0,4666700.0,3114000.0,1003300.0,291700.0,0.0,0.0,0.0,0.0,0.0,1463100.0,4782500.0,1853400.0,412200.0,96300.0,0.0,0.0,0.0,0.0,0.0
20230823094244016,SZSE,SZSE.ETF.159841,0.906,0.905,0.908,0.902,0.0,1.005,0.823,20127561.0,103200.0,18206785.505,93499.19999999925,0.0,0.0,20230823,20230823,94244014,0.914,0.0,0.0,0.905,0.904,0.903,0.902,0.901,0.0,0.0,0.0,0.0,0.0,0.906,0.907,0.908,0.909,0.91,0.0,0.0,0.0,0.0,0.0,17400.0,4666700.0,3414000.0,1003300.0,291700.0,0.0,0.0,0.0,0.0,0.0,1526700.0,4615700.0,1865800.0,412200.0,96300.0,0.0,0.0,0.0,0.0,0.0
20230823094246984,SZSE,SZSE.ETF.159841,0.906,0.905,0.908,0.902,0.0,1.005,0.823,20127561.0,0.0,18206785.505,0.0,0.0,0.0,20230823,20230823,94246983,0.914,0.0,0.0,0.905,0.904,0.903,0.902,0.901,0.0,0.0,0.0,0.0,0.0,0.906,0.907,0.908,0.909,0.91,0.0,0.0,0.0,0.0,0.0,17600.0,4766700.0,3414000.0,403300.0,291700.0,0.0,0.0,0.0,0.0,0.0,1526700.0,4625700.0,1867900.0,412200.0,96300.0,0.0,0.0,0.0,0.0,0.0
20230823094250036,SZSE,SZSE.ETF.159841,0.906,0.905,0.908,0.902,0.0,1.005,0.823,20151161.0,23600.0,18228149.505,21364.0,0.0,0.0,20230823,20230823,94250035,0.914,0.0,0.0,0.904,0.903,0.902,0.901,0.9,0.0,0.0,0.0,0.0,0.0,0.905,0.906,0.907,0.908,0.909,0.0,0.0,0.0,0.0,0.0,2659200.0,5522600.0,403300.0,291700.0,1200200.0,0.0,0.0,0.0,0.0,0.0,872300.0,2157000.0,4515400.0,1367900.0,412200.0,0.0,0.0,0.0,0.0,0.0
20230823094253032,SZSE,SZSE.ETF.159841,0.905,0.905,0.908,0.902,0.0,1.005,0.823,20592761.0,441600.0,18627797.505,399648.0,0.0,0.0,20230823,20230823,94253033,0.914,0.0,0.0,0.904,0.903,0.902,0.901,0.9,0.0,0.0,0.0,0.0,0.0,0.905,0.906,0.907,0.908,0.909,0.0,0.0,0.0,0.0,0.0,5256000.0,3525800.0,403300.0,323200.0,1211400.0,0.0,0.0,0.0,0.0,0.0,446300.0,2161100.0,3825900.0,2057400.0,412200.0,0.0,0.0,0.0,0.0,0.0
20230823094255972,SZSE,SZSE.ETF.159841,0.905,0.905,0.908,0.902,0.0,1.005,0.823,20592761.0,0.0,18627797.505,0.0,0.0,0.0,20230823,20230823,94255973,0.914,0.0,0.0,0.904,0.903,0.902,0.901,0.9,0.0,0.0,0.0,0.0,0.0,0.905,0.906,0.907,0.908,0.909,0.0,0.0,0.0,0.0,0.0,5256000.0,3535800.0,403300.0,323200.0,1211400.0,0.0,0.0,0.0,0.0,0.0,446300.0,2171100.0,3825900.0,2057400.0,412200.0,0.0,0.0,0.0,0.0,0.0
20230823094259352,SZSE,SZSE.ETF.159841,0.905,0.905,0.908,0.902,0.0,1.005,0.823,21039061.0,446300.0,19031699.005,403901.5,0.0,0.0,20230823,20230823,94259352,0.914,0.0,0.0,0.904,0.903,0.902,0.901,0.9,0.0,0.0,0.0,0.0,0.0,0.906,0.907,0.908,0.909,0.91,0.0,0.0,0.0,0.0,0.0,4729300.0,2625000.0,1003300.0,323200.0,1211400.0,0.0,0.0,0.0,0.0,0.0,1865200.0,3936200.0,2057400.0,412200.0,96300.0,0.0,0.0,0.0,0.0,0.0
20230823094302104,SZSE,SZSE.ETF.159841,0.905,0.905,0.908,0.902,0.0,1.005,0.823,21039061.0,0.0,19031699.005,0.0,0.0,0.0,20230823,20230823,94302104,0.914,0.0,0.0,0.905,0.904,0.903,0.902,0.901,0.0,0.0,0.0,0.0,0.0,0.906,0.907,0.908,0.909,0.91,0.0,0.0,0.0,0.0,0.0,2000.0,5345800.0,3262400.0,403300.0,323200.0,0.0,0.0,0.0,0.0,0.0,1365200.0,3936200.0,2057400.0,412200.0,96300.0,0.0,0.0,0.0,0.0,0.0
20230823094305032,SZSE,SZSE.ETF.159841,0.905,0.905,0.908,0.902,0.0,1.005,0.823,21039061.0,0.0,19031699.005,0.0,0.0,0.0,20230823,20230823,94305031,0.914,0.0,0.0,0.905,0.904,0.903,0.902,0.901,0.0,0.0,0.0,0.0,0.0,0.906,0.907,0.908,0.909,0.91,0.0,0.0,0.0,0.0,0.0,231600.0,5368600.0,2662400.0,403300.0,323200.0,0.0,0.0,0.0,0.0,0.0,1385200.0,3936200.0,2057400.0,412200.0,96300.0,0.0,0.0,0.0,0.0,0.0
20230823094308344,SZSE,SZSE.ETF.159841,0.905,0.905,0.908,0.902,0.0,1.005,0.823,21039061.0,0.0,19031699.005,0.0,0.0,0.0,20230823,20230823,94308346,0.914,0.0,0.0,0.905,0.904,0.903,0.902,0.901,0.0,0.0,0.0,0.0,0.0,0.906,0.907,0.908,0.909,0.91,0.0,0.0,0.0,0.0,0.0,31600.0,5868600.0,2862400.0,393300.0,323200.0,0.0,0.0,0.0,0.0,0.0,1385200.0,4846700.0,1367900.0,412200.0,96300.0,0.0,0.0,0.0,0.0,0.0
20230823094311000,SZSE,SZSE.ETF.159841,0.905,0.905,0.908,0.902,0.0,1.005,0.823,21049761.0,10700.0,19041383.205,9684.199999999255,0.0,0.0,20230823,20230823,94310998,0.914,0.0,0.0,0.905,0.904,0.903,0.902,0.901,0.0,0.0,0.0,0.0,0.0,0.906,0.907,0.908,0.909,0.91,0.0,0.0,0.0,0.0,0.0,771600.0,5570600.0,2412400.0,395600.0,323200.0,0.0,0.0,0.0,0.0,0.0,934500.0,2540400.0,3274200.0,1012200.0,346300.0,0.0,0.0,0.0,0.0,0.0
20230823094313976,SZSE,SZSE.ETF.159841,0.906,0.905,0.908,0.902,0.0,1.005,0.823,21052561.0,2800.0,19043920.005,2536.800000000745,0.0,0.0,20230823,20230823,94313978,0.914,0.0,0.0,0.905,0.904,0.903,0.902,0.901,0.0,0.0,0.0,0.0,0.0,0.906,0.907,0.908,0.909,0.91,0.0,0.0,0.0,0.0,0.0,1671600.0,5570600.0,2132400.0,395600.0,323200.0,0.0,0.0,0.0,0.0,0.0,931700.0,2540400.0,2584700.0,1701700.0,346300.0,0.0,0.0,0.0,0.0,0.0
20230823094316956,SZSE,SZSE.ETF.159841,0.906,0.905,0.908,0.902,0.0,1.005,0.823,21052561.0,0.0,19043920.005,0.0,0.0,0.0,20230823,20230823,94316955,0.914,0.0,0.0,0.905,0.904,0.903,0.902,0.901,0.0,0.0,0.0,0.0,0.0,0.906,0.907,0.908,0.909,0.91,0.0,0.0,0.0,0.0,0.0,2083000.0,5570600.0,1224000.0,395600.0,323200.0,0.0,0.0,0.0,0.0,0.0,226800.0,2040400.0,3384700.0,1701700.0,346300.0,0.0,0.0,0.0,0.0,0.0
20230823094319988,SZSE,SZSE.ETF.159841,0.906,0.905,0.908,0.902,0.0,1.005,0.823,21279361.0,226800.0,19249400.805,205480.80000000075,0.0,0.0,20230823,20230823,94319988,0.914,0.0,0.0,0.906,0.905,0.904,0.903,0.902,0.0,0.0,0.0,0.0,0.0,0.907,0.908,0.909,0.91,0.911,0.0,0.0,0.0,0.0,0.0,111900.0,2718100.0,5009900.0,1224000.0,245600.0,0.0,0.0,0.0,0.0,0.0,1780100.0,3515700.0,1701700.0,346300.0,14000.0,0.0,0.0,0.0,0.0,0.0
20230823094323020,SZSE,SZSE.ETF.159841,0.906,0.905,0.908,0.902,0.0,1.005,0.823,21508761.0,229400.0,19457237.205,207836.3999999985,0.0,0.0,20230823,20230823,94323019,0.914,0.0,0.0,0.905,0.904,0.903,0.902,0.901,0.0,0.0,0.0,0.0,0.0,0.906,0.907,0.908,0.909,0.91,0.0,0.0,0.0,0.0,0.0,2607600.0,4970600.0,1224000.0,395600.0,323200.0,0.0,0.0,0.0,0.0,0.0,408400.0,2040400.0,3405500.0,1701700.0,346300.0,0.0,0.0,0.0,0.0,0.0
20230823094325956,SZSE,SZSE.ETF.159841,0.906,0.905,0.908,0.902,0.0,1.005,0.823,21522761.0,14000.0,19469921.205,12684.0,0.0,0.0,20230823,20230823,94325955,0.914,0.0,0.0,0.905,0.904,0.903,0.902,0.901,0.0,0.0,0.0,0.0,0.0,0.906,0.907,0.908,0.909,0.91,0.0,0.0,0.0,0.0,0.0,2107600.0,5720600.0,1224000.0,245600.0,323200.0,0.0,0.0,0.0,0.0,0.0,394400.0,2390400.0,3405500.0,1012200.0,346300.0,0.0,0.0,0.0,0.0,0.0
20230823094328944,SZSE,SZSE.ETF.159841,0.906,0.905,0.908,0.902,0.0,1.005,0.823,21522761.0,0.0,19469921.205,0.0,0.0,0.0,20230823,20230823,94328945,0.914,0.0,0.0,0.905,0.904,0.903,0.902,0.901,0.0,0.0,0.0,0.0,0.0,0.906,0.907,0.908,0.909,0.91,0.0,0.0,0.0,0.0,0.0,1494000.0,6170600.0,1224000.0,395600.0,323200.0,0.0,0.0,0.0,0.0,0.0,394400.0,2540400.0,4095000.0,1012200.0,346300.0,0.0,0.0,0.0,0.0,0.0
20230823094331968,SZSE,SZSE.ETF.159841,0.906,0.905,0.908,0.902,0.0,1.005,0.823,21638961.0,116200.0,19575198.405,105277.20000000298,0.0,0.0,20230823,20230823,94331968,0.914,0.0,0.0,0.905,0.904,0.903,0.902,0.901,0.0,0.0,0.0,0.0,0.0,0.906,0.907,0.908,0.909,0.91,0.0,0.0,0.0,0.0,0.0,1495200.0,5570600.0,1224000.0,398700.0,323200.0,0.0,0.0,0.0,0.0,0.0,411300.0,2540400.0,4095000.0,1012200.0,346300.0,0.0,0.0,0.0,0.0,0.0
20230823094335044,SZSE,SZSE.ETF.159841,0.906,0.905,0.908,0.902,0.0,1.005,0.823,21638961.0,0.0,19575198.405,0.0,0.0,0.0,20230823,20230823,94335045,0.914,0.0,0.0,0.905,0.904,0.903,0.902,0.901,0.0,0.0,0.0,0.0,0.0,0.906,0.907,0.908,0.909,0.91,0.0,0.0,0.0,0.0,0.0,1499200.0,5570600.0,1224000.0,478700.0,323200.0,0.0,0.0,0.0,0.0,0.0,302900.0,2540400.0,4203400.0,1012200.0,346300.0,0.0,0.0,0.0,0.0,0.0
20230823094337988,SZSE,SZSE.ETF.159841,0.906,0.905,0.908,0.902,0.0,1.005,0.823,21668361.0,29400.0,19601827.005,26628.599999997765,0.0,0.0,20230823,20230823,94337987,0.914,0.0,0.0,0.905,0.904,0.903,0.902,0.901,0.0,0.0,0.0,0.0,0.0,0.907,0.908,0.909,0.91,0.911,0.0,0.0,0.0,0.0,0.0,1499200.0,6170600.0,1224000.0,478700.0,373200.0,0.0,0.0,0.0,0.0,0.0,2540400.0,4478400.0,1012200.0,346300.0,14000.0,0.0,0.0,0.0,0.0,0.0
20230823094340940,SZSE,SZSE.ETF.159841,0.906,0.905,0.908,0.902,0.0,1.005,0.823,21668361.0,0.0,19601827.005,0.0,0.0,0.0,20230823,20230823,94340941,0.914,0.0,0.0,0.905,0.904,0.903,0.902,0.901,0.0,0.0,0.0,0.0,0.0,0.907,0.908,0.909,0.91,0.911,0.0,0.0,0.0,0.0,0.0,1509200.0,6320600.0,1224000.0,328700.0,373200.0,0.0,0.0,0.0,0.0,0.0,2390400.0,4478400.0,1012200.0,346300.0,14000.0,0.0,0.0,0.0,0.0,0.0
20230823094343956,SZSE,SZSE.ETF.159841,0.906,0.905,0.908,0.902,0.0,1.005,0.823,21668361.0,0.0,19601827.005,0.0,0.0,0.0,20230823,20230823,94343956,0.914,0.0,0.0,0.905,0.904,0.903,0.902,0.901,0.0,0.0,0.0,0.0,0.0,0.907,0.908,0.909,0.91,0.911,0.0,0.0,0.0,0.0,0.0,2219700.0,5609900.0,1224000.0,328700.0,373200.0,0.0,0.0,0.0,0.0,0.0,2080100.0,4586500.0,1362200.0,346300.0,14000.0,0.0,0.0,0.0,0.0,0.0
20230823094346952,SZSE,SZSE.ETF.159841,0.906,0.905,0.908,0.902,0.0,1.005,0.823,21668361.0,0.0,19601827.005,0.0,0.0,0.0,20230823,20230823,94346954,0.914,0.0,0.0,0.906,0.905,0.904,0.903,0.902,0.0,0.0,0.0,0.0,0.0,0.907,0.908,0.909,0.91,0.911,0.0,0.0,0.0,0.0,0.0,200.0,2219700.0,5609900.0,1224000.0,328700.0,0.0,0.0,0.0,0.0,0.0,2281900.0,4586500.0,1162200.0,346300.0,14000.0,0.0,0.0,0.0,0.0,0.0
20230823094349944,SZSE,SZSE.ETF.159841,0.907,0.905,0.908,0.902,0.0,1.005,0.823,21669361.0,1000.0,19602734.005,907.0,0.0,0.0,20230823,20230823,94349945,0.914,0.0,0.0,0.906,0.905,0.904,0.903,0.902,0.0,0.0,0.0,0.0,0.0,0.907,0.908,0.909,0.91,0.911,0.0,0.0,0.0,0.0,0.0,200.0,4216500.0,3013100.0,1224000.0,356300.0,0.0,0.0,0.0,0.0,0.0,1580900.0,4586500.0,1362200.0,340800.0,14000.0,0.0,0.0,0.0,0.0,0.0
20230823094353048,SZSE,SZSE.ETF.159841,0.907,0.905,0.908,0.902,0.0,1.005,0.823,21669361.0,0.0,19602734.005,0.0,0.0,0.0,20230823,20230823,94353047,0.914,0.0,0.0,0.906,0.905,0.904,0.903,0.902,0.0,0.0,0.0,0.0,0.0,0.907,0.908,0.909,0.91,0.911,0.0,0.0,0.0,0.0,0.0,20200.0,2220300.0,3013100.0,1224000.0,356300.0,0.0,0.0,0.0,0.0,0.0,2080900.0,4586500.0,1362200.0,340800.0,14000.0,0.0,0.0,0.0,0.0,0.0
20230823094355960,SZSE,SZSE.ETF.159841,0.907,0.905,0.908,0.902,0.0,1.005,0.823,21669361.0,0.0,19602734.005,0.0,0.0,0.0,20230823,20230823,94355959,0.914,0.0,0.0,0.906,0.905,0.904,0.903,0.902,0.0,0.0,0.0,0.0,0.0,0.907,0.908,0.909,0.91,0.911,0.0,0.0,0.0,0.0,0.0,20200.0,2220300.0,3013100.0,1224000.0,356300.0,0.0,0.0,0.0,0.0,0.0,2083800.0,4586500.0,1362200.0,340800.0,14000.0,0.0,0.0,0.0,0.0,0.0
20230823094616980,SZSE,SZSE.ETF.159841,0.905,0.905,0.908,0.902,0.0,1.005,0.823,22575461.0,100.0,20424034.105,90.5,0.0,0.0,20230823,20230823,94616980,0.914,0.0,0.0,0.905,0.904,0.903,0.902,0.901,0.0,0.0,0.0,0.0,0.0,0.906,0.907,0.908,0.909,0.91,0.0,0.0,0.0,0.0,0.0,1292100.0,5584400.0,1824800.0,635100.0,406500.0,0.0,0.0,0.0,0.0,0.0,1484300.0,2446300.0,3769700.0,1013300.0,90800.0,0.0,0.0,0.0,0.0,0.0
20230823094617288,SZSE,SZSE.ETF.159841,0.906,0.905,0.908,0.902,0.0,1.005,0.823,22577161.0,1700.0,20425574.305,1540.199999999255,0.0,0.0,20230823,20230823,94617287,0.914,0.0,0.0,0.905,0.904,0.903,0.902,0.901,0.0,0.0,0.0,0.0,0.0,0.906,0.907,0.908,0.909,0.91,0.0,0.0,0.0,0.0,0.0,1594400.0,6184400.0,1284800.0,625100.0,406500.0,0.0,0.0,0.0,0.0,0.0,824200.0,2436300.0,3779700.0,1013300.0,90800.0,0.0,0.0,0.0,0.0,0.0
20230823094624284,SZSE,SZSE.ETF.159841,0.906,0.905,0.908,0.902,0.0,1.005,0.823,22577161.0,0.0,20425574.305,0.0,0.0,0.0,20230823,20230823,94624285,0.914,0.0,0.0,0.905,0.904,0.903,0.902,0.901,0.0,0.0,0.0,0.0,0.0,0.906,0.907,0.908,0.909,0.91,0.0,0.0,0.0,0.0,0.0,2444400.0,4984400.0,1284800.0,625100.0,406500.0,0.0,0.0,0.0,0.0,0.0,824200.0,2436300.0,4188100.0,1013300.0,340800.0,0.0,0.0,0.0,0.0,0.0
20230823094624484,SZSE,SZSE.ETF.159841,0.906,0.905,0.908,0.902,0.0,1.005,0.823,22577161.0,0.0,20425574.305,0.0,0.0,0.0,20230823,20230823,94624485,0.914,0.0,0.0,0.905,0.904,0.903,0.902,0.901,0.0,0.0,0.0,0.0,0.0,0.906,0.907,0.908,0.909,0.91,0.0,0.0,0.0,0.0,0.0,2444400.0,4984500.0,1284800.0,625100.0,406500.0,0.0,0.0,0.0,0.0,0.0,424200.0,2386300.0,3948600.0,1702800.0,340800.0,0.0,0.0,0.0,0.0,0.0
20230823094627596,SZSE,SZSE.ETF.159841,0.906,0.905,0.908,0.902,0.0,1.005,0.823,22577161.0,0.0,20425574.305,0.0,0.0,0.0,20230823,20230823,94627595,0.914,0.0,0.0,0.905,0.904,0.903,0.902,0.901,0.0,0.0,0.0,0.0,0.0,0.906,0.907,0.908,0.909,0.91,0.0,0.0,0.0,0.0,0.0,2444400.0,5134500.0,1284800.0,475100.0,406500.0,0.0,0.0,0.0,0.0,0.0,424200.0,2236300.0,3948600.0,1702800.0,340800.0,0.0,0.0,0.0,0.0,0.0
20230823094630648,SZSE,SZSE.ETF.159841,0.906,0.905,0.908,0.902,0.0,1.005,0.823,22579161.0,2000.0,20427386.305,1812.0,0.0,0.0,20230823,20230823,94630648,0.914,0.0,0.0,0.905,0.904,0.903,0.902,0.901,0.0,0.0,0.0,0.0,0.0,0.906,0.907,0.908,0.909,0.91,0.0,0.0,0.0,0.0,0.0,3072800.0,5606500.0,1284800.0,475100.0,406500.0,0.0,0.0,0.0,0.0,0.0,422200.0,1736300.0,3954100.0,1852800.0,340800.0,0.0,0.0,0.0,0.0,0.0
20230823094641016,SZSE,SZSE.ETF.159841,0.905,0.905,0.908,0.902,0.0,1.005,0.823,22848861.0,0.0,20671580.305,0.0,0.0,0.0,20230823,20230823,94641015,0.914,0.0,0.0,0.905,0.904,0.903,0.902,0.901,0.0,0.0,0.0,0.0,0.0,0.906,0.907,0.908,0.909,0.91,0.0,0.0,0.0,0.0,0.0,3528600.0,5606500.0,704800.0,475100.0,406500.0,0.0,0.0,0.0,0.0,0.0,65500.0,1536300.0,3954100.0,2052800.0,340800.0,0.0,0.0,0.0,0.0,0.0
20230823094644008,SZSE,SZSE.ETF.159841,0.905,0.905,0.908,0.902,0.0,1.005,0.823,22848861.0,0.0,20671580.305,0.0,0.0,0.0,20230823,20230823,94644009,0.914,0.0,0.0,0.905,0.904,0.903,0.902,0.901,0.0,0.0,0.0,0.0,0.0,0.906,0.907,0.908,0.909,0.91,0.0,0.0,0.0,0.0,0.0,5525400.0,3609700.0,724800.0,475100.0,406500.0,0.0,0.0,0.0,0.0,0.0,65500.0,1736300.0,3954100.0,1852800.0,340800.0,0.0,0.0,0.0,0.0,0.0
20230823094650068,SZSE,SZSE.ETF.159841,0.906,0.905,0.908,0.902,0.0,1.005,0.823,22849861.0,1000.0,20672486.305,906.0,0.0,0.0,20230823,20230823,94650067,0.914,0.0,0.0,0.905,0.904,0.903,0.902,0.901,0.0,0.0,0.0,0.0,0.0,0.906,0.907,0.908,0.909,0.91,0.0,0.0,0.0,0.0,0.0,3042200.0,5606500.0,1324800.0,475100.0,406500.0,0.0,0.0,0.0,0.0,0.0,762800.0,1736300.0,4643600.0,1163300.0,340800.0,0.0,0.0,0.0,0.0,0.0
20230823094653120,SZSE,SZSE.ETF.159841,0.905,0.905,0.908,0.902,0.0,1.005,0.823,22917161.0,67300.0,20733392.805,60906.5,0.0,0.0,20230823,20230823,94653119,0.914,0.0,0.0,0.905,0.904,0.903,0.902,0.901,0.0,0.0,0.0,0.0,0.0,0.906,0.907,0.908,0.909,0.91,0.0,0.0,0.0,0.0,0.0,3161300.0,5606500.0,1324800.0,485100.0,406500.0,0.0,0.0,0.0,0.0,0.0,773700.0,1736300.0,4631200.0,1163300.0,340800.0,0.0,0.0,0.0,0.0,0.0
20230823094655964,SZSE,SZSE.ETF.159841,0.906,0.905,0.908,0.902,0.0,1.005,0.823,23130661.0,213500.0,20926823.805,193431.0,0.0,0.0,20230823,20230823,94655965,0.914,0.0,0.0,0.905,0.904,0.903,0.902,0.901,0.0,0.0,0.0,0.0,0.0,0.906,0.907,0.908,0.909,0.91,0.0,0.0,0.0,0.0,0.0,2661300.0,5616500.0,3311600.0,495100.0,406500.0,0.0,0.0,0.0,0.0,0.0,660200.0,2148700.0,4621200.0,1173300.0,340800.0,0.0,0.0,0.0,0.0,0.0
20230823094658976,SZSE,SZSE.ETF.159841,0.905,0.905,0.908,0.902,0.0,1.005,0.823,23133661.0,3000.0,20929538.805,2715.0,0.0,0.0,20230823,20230823,94658977,0.914,0.0,0.0,0.905,0.904,0.903,0.902,0.901,0.0,0.0,0.0,0.0,0.0,0.906,0.907,0.908,0.909,0.91,0.0,0.0,0.0,0.0,0.0,3159400.0,5616500.0,3311600.0,495100.0,406500.0,0.0,0.0,0.0,0.0,0.0,560200.0,1798700.0,4621200.0,1173300.0,340800.0,0.0,0.0,0.0,0.0,0.0
20230823094701996,SZSE,SZSE.ETF.159841,0.905,0.905,0.908,0.902,0.0,1.005,0.823,23133661.0,0.0,20929538.805,0.0,0.0,0.0,20230823,20230823,94701995,0.914,0.0,0.0,0.905,0.904,0.903,0.902,0.901,0.0,0.0,0.0,0.0,0.0,0.906,0.907,0.908,0.909,0.91,0.0,0.0,0.0,0.0,0.0,2659400.0,5616500.0,3311600.0,495100.0,406500.0,0.0,0.0,0.0,0.0,0.0,560200.0,2298700.0,4621200.0,1173300.0,340800.0,0.0,0.0,0.0,0.0,0.0
20230823094705016,SZSE,SZSE.ETF.159841,0.905,0.905,0.908,0.902,0.0,1.005,0.823,23133661.0,0.0,20929538.805,0.0,0.0,0.0,20230823,20230823,94705015,0.914,0.0,0.0,0.905,0.904,0.903,0.902,0.901,0.0,0.0,0.0,0.0,0.0,0.906,0.907,0.908,0.909,0.91,0.0,0.0,0.0,0.0,0.0,2670600.0,5616500.0,3311600.0,495100.0,406500.0,0.0,0.0,0.0,0.0,0.0,560200.0,2298700.0,4621200.0,1173300.0,340800.0,0.0,0.0,0.0,0.0,0.0
20230823094708092,SZSE,SZSE.ETF.159841,0.905,0.905,0.908,0.902,0.0,1.005,0.823,23133661.0,0.0,20929538.805,0.0,0.0,0.0,20230823,20230823,94708092,0.914,0.0,0.0,0.905,0.904,0.903,0.902,0.901,0.0,0.0,0.0,0.0,0.0,0.906,0.907,0.908,0.909,0.91,0.0,0.0,0.0,0.0,0.0,2670600.0,5006500.0,3321600.0,495700.0,406500.0,0.0,0.0,0.0,0.0,0.0,660200.0,2148700.0,4631200.0,1163300.0,340800.0,0.0,0.0,0.0,0.0,0.0
20230823094710972,SZSE,SZSE.ETF.159841,0.905,0.905,0.908,0.902,0.0,1.005,0.823,23151861.0,18200.0,20946009.805,16471.0,0.0,0.0,20230823,20230823,94710972,0.914,0.0,0.0,0.905,0.904,0.903,0.902,0.901,0.0,0.0,0.0,0.0,0.0,0.906,0.907,0.908,0.909,0.91,0.0,0.0,0.0,0.0,0.0,2652400.0,5606500.0,3321600.0,495700.0,406500.0,0.0,0.0,0.0,0.0,0.0,590500.0,2248700.0,4631200.0,1163300.0,340800.0,0.0,0.0,0.0,0.0,0.0
20230823094713980,SZSE,SZSE.ETF.159841,0.905,0.905,0.908,0.902,0.0,1.005,0.823,23162861.0,11000.0,20955964.805,9955.0,0.0,0.0,20230823,20230823,94713981,0.914,0.0,0.0,0.905,0.904,0.903,0.902,0.901,0.0,0.0,0.0,0.0,0.0,0.906,0.907,0.908,0.909,0.91,0.0,0.0,0.0,0.0,0.0,2041400.0,5006500.0,3321600.0,495700.0,406500.0,0.0,0.0,0.0,0.0,0.0,690500.0,2159800.0,4631200.0,1163300.0,340800.0,0.0,0.0,0.0,0.0,0.0
20230823094716984,SZSE,SZSE.ETF.159841,0.905,0.905,0.908,0.902,0.0,1.005,0.823,23162861.0,0.0,20955964.805,0.0,0.0,0.0,20230823,20230823,94716986,0.914,0.0,0.0,0.905,0.904,0.903,0.902,0.901,0.0,0.0,0.0,0.0,0.0,0.906,0.907,0.908,0.909,0.91,0.0,0.0,0.0,0.0,0.0,2041400.0,5606500.0,3321600.0,495700.0,406500.0,0.0,0.0,0.0,0.0,0.0,690500.0,2159800.0,4631200.0,1163300.0,340800.0,0.0,0.0,0.0,0.0,0.0
20230823094720156,SZSE,SZSE.ETF.159841,0.905,0.905,0.908,0.902,0.0,1.005,0.823,23162861.0,0.0,20955964.805,0.0,0.0,0.0,20230823,20230823,94720155,0.914,0.0,0.0,0.905,0.904,0.903,0.902,0.901,0.0,0.0,0.0,0.0,0.0,0.906,0.907,0.908,0.909,0.91,0.0,0.0,0.0,0.0,0.0,2041400.0,6206500.0,3321600.0,495700.0,406500.0,0.0,0.0,0.0,0.0,0.0,690500.0,2159800.0,4631200.0,1163300.0,340800.0,0.0,0.0,0.0,0.0,0.0
20230823094723536,SZSE,SZSE.ETF.159841,0.905,0.905,0.908,0.902,0.0,1.005,0.823,23162861.0,0.0,20955964.805,0.0,0.0,0.0,20230823,20230823,94723538,0.914,0.0,0.0,0.905,0.904,0.903,0.902,0.901,0.0,0.0,0.0,0.0,0.0,0.906,0.907,0.908,0.909,0.91,0.0,0.0,0.0,0.0,0.0,1791400.0,5606500.0,3571600.0,495700.0,406500.0,0.0,0.0,0.0,0.0,0.0,1661500.0,2159800.0,3922800.0,1163300.0,90800.0,0.0,0.0,0.0,0.0,0.0
20230823094726304,SZSE,SZSE.ETF.159841,0.905,0.905,0.908,0.902,0.0,1.005,0.823,23162861.0,0.0,20955964.805,0.0,0.0,0.0,20230823,20230823,94726303,0.914,0.0,0.0,0.905,0.904,0.903,0.902,0.901,0.0,0.0,0.0,0.0,0.0,0.906,0.907,0.908,0.909,0.91,0.0,0.0,0.0,0.0,0.0,1055000.0,5584500.0,3980000.0,645700.0,406500.0,0.0,0.0,0.0,0.0,0.0,1661500.0,2309800.0,3772800.0,1013300.0,90800.0,0.0,0.0,0.0,0.0,0.0
20230823094729172,SZSE,SZSE.ETF.159841,0.905,0.905,0.908,0.902,0.0,1.005,0.823,23167061.0,4200.0,20959765.805,3801.0,0.0,0.0,20230823,20230823,94729171,0.914,0.0,0.0,0.905,0.904,0.903,0.902,0.901,0.0,0.0,0.0,0.0,0.0,0.906,0.907,0.908,0.909,0.91,0.0,0.0,0.0,0.0,0.0,1909200.0,5584500.0,3321600.0,645700.0,406500.0,0.0,0.0,0.0,0.0,0.0,1411500.0,1959800.0,3772800.0,1013300.0,340800.0,0.0,0.0,0.0,0.0,0.0
20230823094732000,SZSE,SZSE.ETF.159841,0.906,0.905,0.908,0.902,0.0,1.005,0.823,23217561.0,50500.0,21005518.805,45753.0,0.0,0.0,20230823,20230823,94731998,0.914,0.0,0.0,0.905,0.904,0.903,0.902,0.901,0.0,0.0,0.0,0.0,0.0,0.906,0.907,0.908,0.909,0.91,0.0,0.0,0.0,0.0,0.0,1500800.0,5734500.0,3730000.0,495700.0,406500.0,0.0,0.0,0.0,0.0,0.0,1361000.0,2309800.0,2556000.0,1013300.0,340800.0,0.0,0.0,0.0,0.0,0.0
20230823094734968,SZSE,SZSE.ETF.159841,0.906,0.905,0.908,0.902,0.0,1.005,0.823,23272761.0,55200.0,21055530.005,50011.199999999255,0.0,0.0,20230823,20230823,94734966,0.914,0.0,0.0,0.905,0.904,0.903,0.902,0.901,0.0,0.0,0.0,0.0,0.0,0.906,0.907,0.908,0.909,0.91,0.0,0.0,0.0,0.0,0.0,1250800.0,5584500.0,3980000.0,645700.0,406500.0,0.0,0.0,0.0,0.0,0.0,1555800.0,3068200.0,2556000.0,1013300.0,90800.0,0.0,0.0,0.0,0.0,0.0
20230823094737968,SZSE,SZSE.ETF.159841,0.906,0.905,0.908,0.902,0.0,1.005,0.823,23272761.0,0.0,21055530.005,0.0,0.0,0.0,20230823,20230823,94737968,0.914,0.0,0.0,0.905,0.904,0.903,0.902,0.901,0.0,0.0,0.0,0.0,0.0,0.906,0.907,0.908,0.909,0.91,0.0,0.0,0.0,0.0,0.0,1250800.0,5584500.0,3980000.0,645700.0,406500.0,0.0,0.0,0.0,0.0,0.0,1555800.0,3676600.0,2556000.0,1013300.0,90800.0,0.0,0.0,0.0,0.0,0.0
20230823094740976,SZSE,SZSE.ETF.159841,0.906,0.905,0.908,0.902,0.0,1.005,0.823,23277761.0,5000.0,21060060.005,4530.0,0.0,0.0,20230823,20230823,94740977,0.914,0.0,0.0,0.905,0.904,0.903,0.902,0.901,0.0,0.0,0.0,0.0,0.0,0.906,0.907,0.908,0.909,0.91,0.0,0.0,0.0,0.0,0.0,1100800.0,5584500.0,4180000.0,645700.0,436500.0,0.0,0.0,0.0,0.0,0.0,1551300.0,3676600.0,2556000.0,1013300.0,90800.0,0.0,0.0,0.0,0.0,0.0
20230823094743972,SZSE,SZSE.ETF.159841,0.906,0.905,0.908,0.902,0.0,1.005,0.823,23277761.0,0.0,21060060.005,0.0,0.0,0.0,20230823,20230823,94743971,0.914,0.0,0.0,0.905,0.904,0.903,0.902,0.901,0.0,0.0,0.0,0.0,0.0,0.906,0.907,0.908,0.909,0.91,0.0,0.0,0.0,0.0,0.0,1100800.0,5584500.0,4180000.0,645700.0,436500.0,0.0,0.0,0.0,0.0,0.0,1551300.0,4276600.0,2556000.0,413300.0,90800.0,0.0,0.0,0.0,0.0,0.0
20230823094747004,SZSE,SZSE.ETF.159841,0.905,0.905,0.908,0.902,0.0,1.005,0.823,23282761.0,5000.0,21064585.005,4525.0,0.0,0.0,20230823,20230823,94747004,0.914,0.0,0.0,0.905,0.904,0.903,0.902,0.901,0.0,0.0,0.0,0.0,0.0,0.906,0.907,0.908,0.909,0.91,0.0,0.0,0.0,0.0,0.0,1095800.0,5584500.0,4180000.0,645700.0,436500.0,0.0,0.0,0.0,0.0,0.0,1551300.0,2534800.0,3772800.0,1013300.0,90800.0,0.0,0.0,0.0,0.0,0.0
20230823094750024,SZSE,SZSE.ETF.159841,0.905,0.905,0.908,0.902,0.0,1.005,0.823,23282761.0,0.0,21064585.005,0.0,0.0,0.0,20230823,20230823,94750023,0.914,0.0,0.0,0.905,0.904,0.903,0.902,0.901,0.0,0.0,0.0,0.0,0.0,0.906,0.907,0.908,0.909,0.91,0.0,0.0,0.0,0.0,0.0,1095800.0,5584500.0,4180000.0,645700.0,436500.0,0.0,0.0,0.0,0.0,0.0,1551300.0,3751600.0,2556000.0,1013300.0,90800.0,0.0,0.0,0.0,0.0,0.0
20230823094756048,SZSE,SZSE.ETF.159841,0.905,0.905,0.908,0.902,0.0,1.005,0.823,23282761.0,0.0,21064585.005,0.0,0.0,0.0,20230823,20230823,94756050,0.914,0.0,0.0,0.905,0.904,0.903,0.902,0.901,0.0,0.0,0.0,0.0,0.0,0.906,0.907,0.908,0.909,0.91,0.0,0.0,0.0,0.0,0.0,1095800.0,5584500.0,4180000.0,635700.0,436500.0,0.0,0.0,0.0,0.0,0.0,1564600.0,3751600.0,2556000.0,413300.0,90800.0,0.0,0.0,0.0,0.0,0.0
20230823094759136,SZSE,SZSE.ETF.159841,0.905,0.905,0.908,0.902,0.0,1.005,0.823,23282761.0,0.0,21064585.005,0.0,0.0,0.0,20230823,20230823,94759137,0.914,0.0,0.0,0.905,0.904,0.903,0.902,0.901,0.0,0.0,0.0,0.0,0.0,0.906,0.907,0.908,0.909,0.91,0.0,0.0,0.0,0.0,0.0,795800.0,5584500.0,4170000.0,645700.0,436500.0,0.0,0.0,0.0,0.0,0.0,1764600.0,3761600.0,2346000.0,1013300.0,90800.0,0.0,0.0,0.0,0.0,0.0
20230823094802124,SZSE,SZSE.ETF.159841,0.905,0.905,0.908,0.902,0.0,1.005,0.823,23282761.0,0.0,21064585.005,0.0,0.0,0.0,20230823,20230823,94802125,0.914,0.0,0.0,0.905,0.904,0.903,0.902,0.901,0.0,0.0,0.0,0.0,0.0,0.906,0.907,0.908,0.909,0.91,0.0,0.0,0.0,0.0,0.0,795800.0,5584500.0,4470000.0,645700.0,436500.0,0.0,0.0,0.0,0.0,0.0,1764600.0,3761600.0,2346000.0,1013300.0,90800.0,0.0,0.0,0.0,0.0,0.0
20230823094805080,SZSE,SZSE.ETF.159841,0.905,0.905,0.908,0.902,0.0,1.005,0.823,23283461.0,700.0,21065218.505,633.5,0.0,0.0,20230823,20230823,94805082,0.914,0.0,0.0,0.905,0.904,0.903,0.902,0.901,0.0,0.0,0.0,0.0,0.0,0.906,0.907,0.908,0.909,0.91,0.0,0.0,0.0,0.0,0.0,795100.0,2987700.0,4480000.0,2632500.0,436500.0,0.0,0.0,0.0,0.0,0.0,1764600.0,4351600.0,1666500.0,413300.0,90800.0,0.0,0.0,0.0,0.0,0.0
20230823094808160,SZSE,SZSE.ETF.159841,0.905,0.905,0.908,0.902,0.0,1.005,0.823,23283461.0,0.0,21065218.505,0.0,0.0,0.0,20230823,20230823,94808162,0.914,0.0,0.0,0.905,0.904,0.903,0.902,0.901,0.0,0.0,0.0,0.0,0.0,0.906,0.907,0.908,0.909,0.91,0.0,0.0,0.0,0.0,0.0,578900.0,4684500.0,5580000.0,635700.0,436500.0,0.0,0.0,0.0,0.0,0.0,2464600.0,4841100.0,1166500.0,413300.0,90800.0,0.0,0.0,0.0,0.0,0.0
20230823094811028,SZSE,SZSE.ETF.159841,0.906,0.905,0.908,0.902,0.0,1.005,0.823,23284461.0,1000.0,21066124.505,906.0,0.0,0.0,20230823,20230823,94811028,0.914,0.0,0.0,0.905,0.904,0.903,0.902,0.901,0.0,0.0,0.0,0.0,0.0,0.906,0.907,0.908,0.909,0.91,0.0,0.0,0.0,0.0,0.0,578900.0,2559700.0,5708000.0,2632500.0,436500.0,0.0,0.0,0.0,0.0,0.0,2473600.0,4841100.0,1166500.0,413300.0,90800.0,0.0,0.0,0.0,0.0,0.0
20230823094814096,SZSE,SZSE.ETF.159841,0.905,0.905,0.908,0.902,0.0,1.005,0.823,23284661.0,200.0,21066305.505,181.0,0.0,0.0,20230823,20230823,94814094,0.914,0.0,0.0,0.905,0.904,0.903,0.902,0.901,0.0,0.0,0.0,0.0,0.0,0.906,0.907,0.908,0.909,0.91,0.0,0.0,0.0,0.0,0.0,578700.0,2259700.0,5698000.0,2942500.0,436500.0,0.0,0.0,0.0,0.0,0.0,2461000.0,4851100.0,1156500.0,413300.0,90800.0,0.0,0.0,0.0,0.0,0.0
20230823094816972,SZSE,SZSE.ETF.159841,0.905,0.905,0.908,0.902,0.0,1.005,0.823,23863861.0,579200.0,21590481.505,524176.0,0.0,0.0,20230823,20230823,94816971,0.914,0.0,0.0,0.904,0.903,0.902,0.901,0.9,0.0,0.0,0.0,0.0,0.0,0.905,0.906,0.907,0.908,0.909,0.0,0.0,0.0,0.0,0.0,1549000.0,5858800.0,3532500.0,446500.0,1487200.0,0.0,0.0,0.0,0.0,0.0,500000.0,2531400.0,4280800.0,1156500.0,413300.0,0.0,0.0,0.0,0.0,0.0
20230823094820036,SZSE,SZSE.ETF.159841,0.905,0.905,0.908,0.902,0.0,1.005,0.823,23873261.0,9400.0,21598988.505,8507.0,0.0,0.0,20230823,20230823,94820035,0.914,0.0,0.0,0.904,0.903,0.902,0.901,0.9,0.0,0.0,0.0,0.0,0.0,0.905,0.906,0.907,0.908,0.909,0.0,0.0,0.0,0.0,0.0,1190600.0,5108800.0,3890900.0,586500.0,1497200.0,0.0,0.0,0.0,0.0,0.0,1159000.0,3738200.0,1966100.0,1006500.0,163300.0,0.0,0.0,0.0,0.0,0.0
20230823094822968,SZSE,SZSE.ETF.159841,0.905,0.905,0.908,0.902,0.0,1.005,0.823,23873261.0,0.0,21598988.505,0.0,0.0,0.0,20230823,20230823,94822968,0.914,0.0,0.0,0.904,0.903,0.902,0.901,0.9,0.0,0.0,0.0,0.0,0.0,0.905,0.906,0.907,0.908,0.909,0.0,0.0,0.0,0.0,0.0,660600.0,5108800.0,4690900.0,586500.0,1497200.0,0.0,0.0,0.0,0.0,0.0,1159000.0,4577700.0,1966100.0,1016500.0,163300.0,0.0,0.0,0.0,0.0,0.0
20230823094825984,SZSE,SZSE.ETF.159841,0.905,0.905,0.908,0.902,0.0,1.005,0.823,23873261.0,0.0,21598988.505,0.0,0.0,0.0,20230823,20230823,94825985,0.914,0.0,0.0,0.904,0.903,0.902,0.901,0.9,0.0,0.0,0.0,0.0,0.0,0.905,0.906,0.907,0.908,0.909,0.0,0.0,0.0,0.0,0.0,360600.0,5108800.0,4990900.0,586500.0,1497200.0,0.0,0.0,0.0,0.0,0.0,1665600.0,4871100.0,1753700.0,416500.0,163300.0,0.0,0.0,0.0,0.0,0.0
20230823094828984,SZSE,SZSE.ETF.159841,0.905,0.905,0.908,0.902,0.0,1.005,0.823,23874261.0,1000.0,21599893.505,905.0,0.0,0.0,20230823,20230823,94828986,0.914,0.0,0.0,0.904,0.903,0.902,0.901,0.9,0.0,0.0,0.0,0.0,0.0,0.905,0.906,0.907,0.908,0.909,0.0,0.0,0.0,0.0,0.0,260600.0,4608800.0,5496100.0,586500.0,1497200.0,0.0,0.0,0.0,0.0,0.0,2364600.0,4671100.0,1253700.0,416500.0,163300.0,0.0,0.0,0.0,0.0,0.0
20230823094832012,SZSE,SZSE.ETF.159841,0.905,0.905,0.908,0.902,0.0,1.005,0.823,23874261.0,0.0,21599893.505,0.0,0.0,0.0,20230823,20230823,94832011,0.914,0.0,0.0,0.904,0.903,0.902,0.901,0.9,0.0,0.0,0.0,0.0,0.0,0.905,0.906,0.907,0.908,0.909,0.0,0.0,0.0,0.0,0.0,260600.0,5108800.0,5489100.0,586500.0,1497200.0,0.0,0.0,0.0,0.0,0.0,1664600.0,4695900.0,1453700.0,416500.0,163300.0,0.0,0.0,0.0,0.0,0.0
20230823094835048,SZSE,SZSE.ETF.159841,0.905,0.905,0.908,0.902,0.0,1.005,0.823,23875261.0,1000.0,21600798.505,905.0,0.0,0.0,20230823,20230823,94835047,0.914,0.0,0.0,0.904,0.903,0.902,0.901,0.9,0.0,0.0,0.0,0.0,0.0,0.905,0.906,0.907,0.908,0.909,0.0,0.0,0.0,0.0,0.0,271000.0,2612000.0,5489100.0,2583300.0,1499500.0,0.0,0.0,0.0,0.0,0.0,2363600.0,4695900.0,1253700.0,416500.0,163300.0,0.0,0.0,0.0,0.0,0.0
20230823094837972,SZSE,SZSE.ETF.159841,0.904,0.905,0.908,0.902,0.0,1.005,0.823,24206261.0,331000.0,21900022.505,299224.0,0.0,0.0,20230823,20230823,94837972,0.914,0.0,0.0,0.903,0.902,0.901,0.9,0.899,0.0,0.0,0.0,0.0,0.0,0.904,0.905,0.906,0.907,0.908,0.0,0.0,0.0,0.0,0.0,4698000.0,5604000.0,586500.0,1499500.0,280300.0,0.0,0.0,0.0,0.0,0.0,140000.0,1774100.0,4585700.0,1253700.0,416300.0,0.0,0.0,0.0,0.0,0.0
20230823094841020,SZSE,SZSE.ETF.159841,0.904,0.905,0.908,0.902,0.0,1.005,0.823,24206261.0,0.0,21900022.505,0.0,0.0,0.0,20230823,20230823,94841021,0.914,0.0,0.0,0.903,0.902,0.901,0.9,0.899,0.0,0.0,0.0,0.0,0.0,0.904,0.905,0.906,0.907,0.908,0.0,0.0,0.0,0.0,0.0,5298000.0,5604000.0,586500.0,1489500.0,290300.0,0.0,0.0,0.0,0.0,0.0,210000.0,1675500.0,3896200.0,1943200.0,416300.0,0.0,0.0,0.0,0.0,0.0
20230823094937848,SZSE,SZSE.ETF.159841,0.906,0.905,0.908,0.902,0.0,1.005,0.823,25937861.0,100000.0,23466084.405,90600.0,0.0,0.0,20230823,20230823,94937848,0.914,0.0,0.0,0.906,0.905,0.904,0.903,0.902,0.0,0.0,0.0,0.0,0.0,0.907,0.908,0.909,0.91,0.911,0.0,0.0,0.0,0.0,0.0,12900.0,2710700.0,4422300.0,3452300.0,633700.0,0.0,0.0,0.0,0.0,0.0,2644100.0,4051900.0,1702800.0,368300.0,34000.0,0.0,0.0,0.0,0.0,0.0
20230823094938240,SZSE,SZSE.ETF.159841,0.906,0.905,0.908,0.902,0.0,1.005,0.823,25937861.0,0.0,23466084.405,0.0,0.0,0.0,20230823,20230823,94938242,0.914,0.0,0.0,0.906,0.905,0.904,0.903,0.902,0.0,0.0,0.0,0.0,0.0,0.907,0.908,0.909,0.91,0.911,0.0,0.0,0.0,0.0,0.0,99000.0,2274800.0,4898900.0,3452300.0,493700.0,0.0,0.0,0.0,0.0,0.0,2379100.0,4856400.0,1013300.0,358300.0,44000.0,0.0,0.0,0.0,0.0,0.0
20230823094942964,SZSE,SZSE.ETF.159841,0.906,0.905,0.908,0.902,0.0,1.005,0.823,25937861.0,0.0,23466084.405,0.0,0.0,0.0,20230823,20230823,94942965,0.914,0.0,0.0,0.906,0.905,0.904,0.903,0.902,0.0,0.0,0.0,0.0,0.0,0.907,0.908,0.909,0.91,0.911,0.0,0.0,0.0,0.0,0.0,99400.0,3388200.0,4898900.0,1455200.0,493700.0,0.0,0.0,0.0,0.0,0.0,2379100.0,4971400.0,1163300.0,358300.0,44000.0,0.0,0.0,0.0,0.0,0.0
20230823094945352,SZSE,SZSE.ETF.159841,0.906,0.905,0.908,0.902,0.0,1.005,0.823,25937861.0,0.0,23466084.405,0.0,0.0,0.0,20230823,20230823,94945353,0.914,0.0,0.0,0.906,0.905,0.904,0.903,0.902,0.0,0.0,0.0,0.0,0.0,0.907,0.908,0.909,0.91,0.911,0.0,0.0,0.0,0.0,0.0,99400.0,4386600.0,4898900.0,955200.0,493700.0,0.0,0.0,0.0,0.0,0.0,1879100.0,4971400.0,1163300.0,358300.0,44000.0,0.0,0.0,0.0,0.0,0.0
20230823094948716,SZSE,SZSE.ETF.159841,0.906,0.905,0.908,0.902,0.0,1.005,0.823,25940861.0,3000.0,23468802.405,2718.0,0.0,0.0,20230823,20230823,94948717,0.914,0.0,0.0,0.906,0.905,0.904,0.903,0.902,0.0,0.0,0.0,0.0,0.0,0.907,0.908,0.909,0.91,0.911,0.0,0.0,0.0,0.0,0.0,96700.0,2890800.0,4898900.0,2952000.0,493700.0,0.0,0.0,0.0,0.0,0.0,1879100.0,4971400.0,1163300.0,358300.0,44000.0,0.0,0.0,0.0,0.0,0.0
20230823094951108,SZSE,SZSE.ETF.159841,0.906,0.905,0.908,0.902,0.0,1.005,0.823,25940861.0,0.0,23468802.405,0.0,0.0,0.0,20230823,20230823,94951107,0.914,0.0,0.0,0.906,0.905,0.904,0.903,0.902,0.0,0.0,0.0,0.0,0.0,0.907,0.908,0.909,0.91,0.911,0.0,0.0,0.0,0.0,0.0,96300.0,4887600.0,4898900.0,960200.0,493700.0,0.0,0.0,0.0,0.0,0.0,1879100.0,4971400.0,1163300.0,358300.0,44000.0,0.0,0.0,0.0,0.0,0.0
20230823094953104,SZSE,SZSE.ETF.159841,0.906,0.905,0.908,0.902,0.0,1.005,0.823,25940861.0,0.0,23468802.405,0.0,0.0,0.0,20230823,20230823,94953103,0.914,0.0,0.0,0.906,0.905,0.904,0.903,0.902,0.0,0.0,0.0,0.0,0.0,0.907,0.908,0.909,0.91,0.911,0.0,0.0,0.0,0.0,0.0,97300.0,5487600.0,4460300.0,360200.0,493700.0,0.0,0.0,0.0,0.0,0.0,1879100.0,4971400.0,1163300.0,358300.0,44000.0,0.0,0.0,0.0,0.0,0.0
20230823094955960,SZSE,SZSE.ETF.159841,0.907,0.905,0.908,0.902,0.0,1.005,0.823,25946361.0,5500.0,23473790.905,4988.5,0.0,0.0,20230823,20230823,94955961,0.914,0.0,0.0,0.906,0.905,0.904,0.903,0.902,0.0,0.0,0.0,0.0,0.0,0.907,0.908,0.909,0.91,0.911,0.0,0.0,0.0,0.0,0.0,97700.0,5487600.0,4901900.0,360200.0,493700.0,0.0,0.0,0.0,0.0,0.0,1873600.0,4281900.0,1852800.0,358300.0,44000.0,0.0,0.0,0.0,0.0,0.0
20230823095014016,SZSE,SZSE.ETF.159841,0.906,0.905,0.908,0.902,0.0,1.005,0.823,26015261.0,0.0,23536216.605,0.0,0.0,0.0,20230823,20230823,95014014,0.914,0.0,0.0,0.906,0.905,0.904,0.903,0.902,0.0,0.0,0.0,0.0,0.0,0.907,0.908,0.909,0.91,0.911,0.0,0.0,0.0,0.0,0.0,1684400.0,5437600.0,3301900.0,210200.0,493700.0,0.0,0.0,0.0,0.0,0.0,851400.0,2615100.0,3488500.0,958300.0,294000.0,0.0,0.0,0.0,0.0,0.0
20230823095017040,SZSE,SZSE.ETF.159841,0.906,0.905,0.908,0.902,0.0,1.005,0.823,26015261.0,0.0,23536216.605,0.0,0.0,0.0,20230823,20230823,95017039,0.914,0.0,0.0,0.906,0.905,0.904,0.903,0.902,0.0,0.0,0.0,0.0,0.0,0.907,0.908,0.909,0.91,0.911,0.0,0.0,0.0,0.0,0.0,1434100.0,6479200.0,3301900.0,210200.0,493700.0,0.0,0.0,0.0,0.0,0.0,1259800.0,2615100.0,3769600.0,1108300.0,44000.0,0.0,0.0,0.0,0.0,0.0
20230823095020044,SZSE,SZSE.ETF.159841,0.906,0.905,0.908,0.902,0.0,1.005,0.823,26015361.0,100.0,23536307.205,90.59999999776483,0.0,0.0,20230823,20230823,95020045,0.914,0.0,0.0,0.906,0.905,0.904,0.903,0.902,0.0,0.0,0.0,0.0,0.0,0.907,0.908,0.909,0.91,0.911,0.0,0.0,0.0,0.0,0.0,1025600.0,3732400.0,3710300.0,360200.0,493700.0,0.0,0.0,0.0,0.0,0.0,1259800.0,3831900.0,2552800.0,958300.0,44000.0,0.0,0.0,0.0,0.0,0.0
20230823095023056,SZSE,SZSE.ETF.159841,0.906,0.905,0.908,0.902,0.0,1.005,0.823,26015361.0,0.0,23536307.205,0.0,0.0,0.0,20230823,20230823,95023056,0.914,0.0,0.0,0.906,0.905,0.904,0.903,0.902,0.0,0.0,0.0,0.0,0.0,0.907,0.908,0.909,0.91,0.911,0.0,0.0,0.0,0.0,0.0,588600.0,4787600.0,4901900.0,360200.0,493700.0,0.0,0.0,0.0,0.0,0.0,1509800.0,4671400.0,1863300.0,958300.0,44000.0,0.0,0.0,0.0,0.0,0.0
20230823095026040,SZSE,SZSE.ETF.159841,0.907,0.905,0.908,0.902,0.0,1.005,0.823,26017361.0,2000.0,23538121.205,1814.0,0.0,0.0,20230823,20230823,95026042,0.914,0.0,0.0,0.906,0.905,0.904,0.903,0.902,0.0,0.0,0.0,0.0,0.0,0.907,0.908,0.909,0.91,0.911,0.0,0.0,0.0,0.0,0.0,388600.0,4987600.0,4901900.0,360200.0,493700.0,0.0,0.0,0.0,0.0,0.0,2407800.0,5071400.0,1163300.0,358300.0,44000.0,0.0,0.0,0.0,0.0,0.0
20230823095029048,SZSE,SZSE.ETF.159841,0.906,0.905,0.908,0.902,0.0,1.005,0.823,26506461.0,489100.0,23981245.805,443124.6000000015,0.0,0.0,20230823,20230823,95029048,0.914,0.0,0.0,0.905,0.904,0.903,0.902,0.901,0.0,0.0,0.0,0.0,0.0,0.906,0.907,0.908,0.909,0.91,0.0,0.0,0.0,0.0,0.0,2580300.0,5012600.0,2657000.0,493700.0,635400.0,0.0,0.0,0.0,0.0,0.0,722300.0,2518100.0,4861200.0,1163300.0,358300.0,0.0,0.0,0.0,0.0,0.0
20230823095032020,SZSE,SZSE.ETF.159841,0.906,0.905,0.908,0.902,0.0,1.005,0.823,26516861.0,10400.0,23990668.205,9422.39999999851,0.0,0.0,20230823,20230823,95032019,0.914,0.0,0.0,0.905,0.904,0.903,0.902,0.901,0.0,0.0,0.0,0.0,0.0,0.906,0.907,0.908,0.909,0.91,0.0,0.0,0.0,0.0,0.0,1922300.0,5105600.0,2957000.0,643700.0,635400.0,0.0,0.0,0.0,0.0,0.0,711900.0,2783100.0,4481200.0,1013300.0,358300.0,0.0,0.0,0.0,0.0,0.0
20230823095035052,SZSE,SZSE.ETF.159841,0.906,0.905,0.908,0.902,0.0,1.005,0.823,26551361.0,34500.0,24021925.205,31257.0,0.0,0.0,20230823,20230823,95035051,0.914,0.0,0.0,0.905,0.904,0.903,0.902,0.901,0.0,0.0,0.0,0.0,0.0,0.906,0.907,0.908,0.909,0.91,0.0,0.0,0.0,0.0,0.0,1922300.0,5220600.0,2957000.0,643700.0,635400.0,0.0,0.0,0.0,0.0,0.0,696000.0,3048100.0,4506200.0,1013300.0,358300.0,0.0,0.0,0.0,0.0,0.0
20230823095110736,SZSE,SZSE.ETF.159841,0.906,0.905,0.908,0.902,0.0,1.005,0.823,26748661.0,11000.0,24200661.605,9966.0,0.0,0.0,20230823,20230823,95110737,0.914,0.0,0.0,0.905,0.904,0.903,0.902,0.901,0.0,0.0,0.0,0.0,0.0,0.906,0.907,0.908,0.909,0.91,0.0,0.0,0.0,0.0,0.0,12200.0,3042200.0,5107000.0,897800.0,645400.0,0.0,0.0,0.0,0.0,0.0,2001300.0,5085000.0,1191500.0,413300.0,108300.0,0.0,0.0,0.0,0.0,0.0
20230823095111004,SZSE,SZSE.ETF.159841,0.906,0.905,0.908,0.902,0.0,1.005,0.823,26748661.0,0.0,24200661.605,0.0,0.0,0.0,20230823,20230823,95111005,0.914,0.0,0.0,0.905,0.904,0.903,0.902,0.901,0.0,0.0,0.0,0.0,0.0,0.906,0.907,0.908,0.909,0.91,0.0,0.0,0.0,0.0,0.0,212800.0,4839000.0,5107000.0,897800.0,645400.0,0.0,0.0,0.0,0.0,0.0,2002300.0,5085000.0,1191500.0,413300.0,108300.0,0.0,0.0,0.0,0.0,0.0
20230823095115892,SZSE,SZSE.ETF.159841,0.906,0.905,0.908,0.902,0.0,1.005,0.823,26748661.0,0.0,24200661.605,0.0,0.0,0.0,20230823,20230823,95115893,0.914,0.0,0.0,0.905,0.904,0.903,0.902,0.901,0.0,0.0,0.0,0.0,0.0,0.906,0.907,0.908,0.909,0.91,0.0,0.0,0.0,0.0,0.0,212800.0,4839000.0,5107000.0,897800.0,645400.0,0.0,0.0,0.0,0.0,0.0,1513800.0,4595500.0,2081000.0,413300.0,108300.0,0.0,0.0,0.0,0.0,0.0
20230823095118956,SZSE,SZSE.ETF.159841,0.906,0.905,0.908,0.902,0.0,1.005,0.823,26748661.0,0.0,24200661.605,0.0,0.0,0.0,20230823,20230823,95118955,0.914,0.0,0.0,0.905,0.904,0.903,0.902,0.901,0.0,0.0,0.0,0.0,0.0,0.906,0.907,0.908,0.909,0.91,0.0,0.0,0.0,0.0,0.0,12800.0,5039000.0,5107000.0,897800.0,645400.0,0.0,0.0,0.0,0.0,0.0,1919800.0,4395500.0,1881000.0,413300.0,108300.0,0.0,0.0,0.0,0.0,0.0
20230823095120572,SZSE,SZSE.ETF.159841,0.906,0.905,0.908,0.902,0.0,1.005,0.823,26748661.0,0.0,24200661.605,0.0,0.0,0.0,20230823,20230823,95120571,0.914,0.0,0.0,0.905,0.904,0.903,0.902,0.901,0.0,0.0,0.0,0.0,0.0,0.906,0.907,0.908,0.909,0.91,0.0,0.0,0.0,0.0,0.0,12800.0,5044000.0,5107000.0,897800.0,645400.0,0.0,0.0,0.0,0.0,0.0,1919800.0,5085000.0,1191500.0,413300.0,108300.0,0.0,0.0,0.0,0.0,0.0
20230823095123512,SZSE,SZSE.ETF.159841,0.905,0.905,0.908,0.902,0.0,1.005,0.823,26778661.0,30000.0,24227811.605,27150.0,0.0,0.0,20230823,20230823,95123512,0.914,0.0,0.0,0.905,0.904,0.903,0.902,0.901,0.0,0.0,0.0,0.0,0.0,0.906,0.907,0.908,0.909,0.91,0.0,0.0,0.0,0.0,0.0,200000.0,5385600.0,4665400.0,897800.0,645400.0,0.0,0.0,0.0,0.0,0.0,2019800.0,5085000.0,1191500.0,413300.0,108300.0,0.0,0.0,0.0,0.0,0.0
20230823095126208,SZSE,SZSE.ETF.159841,0.905,0.905,0.908,0.902,0.0,1.005,0.823,26778661.0,0.0,24227811.605,0.0,0.0,0.0,20230823,20230823,95126207,0.914,0.0,0.0,0.905,0.904,0.903,0.902,0.901,0.0,0.0,0.0,0.0,0.0,0.906,0.907,0.908,0.909,0.91,0.0,0.0,0.0,0.0,0.0,200000.0,5385600.0,4665400.0,897800.0,645400.0,0.0,0.0,0.0,0.0,0.0,2018800.0,4395500.0,1881000.0,413300.0,108300.0,0.0,0.0,0.0,0.0,0.0
20230823095129012,SZSE,SZSE.ETF.159841,0.905,0.905,0.908,0.902,0.0,1.005,0.823,26779561.0,900.0,24228626.105,814.5,0.0,0.0,20230823,20230823,95129012,0.914,0.0,0.0,0.905,0.904,0.903,0.902,0.901,0.0,0.0,0.0,0.0,0.0,0.906,0.907,0.908,0.909,0.91,0.0,0.0,0.0,0.0,0.0,209100.0,5385600.0,4665400.0,897800.0,645400.0,0.0,0.0,0.0,0.0,0.0,2018800.0,4395500.0,1881000.0,413300.0,108300.0,0.0,0.0,0.0,0.0,0.0
20230823095132344,SZSE,SZSE.ETF.159841,0.906,0.905,0.908,0.902,0.0,1.005,0.823,26793261.0,13700.0,24241038.305,12412.199999999255,0.0,0.0,20230823,20230823,95132345,0.914,0.0,0.0,0.905,0.904,0.903,0.902,0.901,0.0,0.0,0.0,0.0,0.0,0.906,0.907,0.908,0.909,0.91,0.0,0.0,0.0,0.0,0.0,210000.0,3260800.0,4793400.0,2894600.0,645400.0,0.0,0.0,0.0,0.0,0.0,1805100.0,4395500.0,2081000.0,413300.0,108300.0,0.0,0.0,0.0,0.0,0.0
20230823095135388,SZSE,SZSE.ETF.159841,0.906,0.905,0.908,0.902,0.0,1.005,0.823,26793261.0,0.0,24241038.305,0.0,0.0,0.0,20230823,20230823,95135387,0.914,0.0,0.0,0.905,0.904,0.903,0.902,0.901,0.0,0.0,0.0,0.0,0.0,0.906,0.907,0.908,0.909,0.91,0.0,0.0,0.0,0.0,0.0,12000.0,2519200.0,5235000.0,2894600.0,645400.0,0.0,0.0,0.0,0.0,0.0,2185600.0,5085000.0,1191500.0,413300.0,108300.0,0.0,0.0,0.0,0.0,0.0
20230823095138140,SZSE,SZSE.ETF.159841,0.906,0.905,0.908,0.902,0.0,1.005,0.823,26795261.0,2000.0,24242850.305,1812.0,0.0,0.0,20230823,20230823,95138139,0.914,0.0,0.0,0.905,0.904,0.903,0.902,0.901,0.0,0.0,0.0,0.0,0.0,0.906,0.907,0.908,0.909,0.91,0.0,0.0,0.0,0.0,0.0,12000.0,4516000.0,5235000.0,897800.0,645400.0,0.0,0.0,0.0,0.0,0.0,2694500.0,5085000.0,1191500.0,413300.0,108300.0,0.0,0.0,0.0,0.0,0.0
20230823095141036,SZSE,SZSE.ETF.159841,0.906,0.905,0.908,0.902,0.0,1.005,0.823,26795261.0,0.0,24242850.305,0.0,0.0,0.0,20230823,20230823,95141036,0.914,0.0,0.0,0.905,0.904,0.903,0.902,0.901,0.0,0.0,0.0,0.0,0.0,0.906,0.907,0.908,0.909,0.91,0.0,0.0,0.0,0.0,0.0,22000.0,4044000.0,5107000.0,1497800.0,645400.0,0.0,0.0,0.0,0.0,0.0,2733600.0,5085000.0,1191500.0,413300.0,108300.0,0.0,0.0,0.0,0.0,0.0
20230823095144020,SZSE,SZSE.ETF.159841,0.906,0.905,0.908,0.902,0.0,1.005,0.823,26795261.0,0.0,24242850.305,0.0,0.0,0.0,20230823,20230823,95144019,0.914,0.0,0.0,0.905,0.904,0.903,0.902,0.901,0.0,0.0,0.0,0.0,0.0,0.906,0.907,0.908,0.909,0.91,0.0,0.0,0.0,0.0,0.0,22900.0,2047200.0,5107000.0,1497800.0,645400.0,0.0,0.0,0.0,0.0,0.0,2745800.0,5085000.0,1191500.0,413300.0,108300.0,0.0,0.0,0.0,0.0,0.0
20230823095146960,SZSE,SZSE.ETF.159841,0.906,0.905,0.908,0.902,0.0,1.005,0.823,26795261.0,0.0,24242850.305,0.0,0.0,0.0,20230823,20230823,95146962,0.914,0.0,0.0,0.905,0.904,0.903,0.902,0.901,0.0,0.0,0.0,0.0,0.0,0.906,0.907,0.908,0.909,0.91,0.0,0.0,0.0,0.0,0.0,23900.0,2047200.0,5107000.0,3494600.0,645400.0,0.0,0.0,0.0,0.0,0.0,2745800.0,5085000.0,1192200.0,413300.0,108300.0,0.0,0.0,0.0,0.0,0.0
20230823095150008,SZSE,SZSE.ETF.159841,0.905,0.905,0.908,0.902,0.0,1.005,0.823,26838461.0,43200.0,24281946.305,39096.0,0.0,0.0,20230823,20230823,95150007,0.914,0.0,0.0,0.904,0.903,0.902,0.901,0.9,0.0,0.0,0.0,0.0,0.0,0.906,0.907,0.908,0.909,0.91,0.0,0.0,0.0,0.0,0.0,1521500.0,5217800.0,3794600.0,645400.0,1682200.0,0.0,0.0,0.0,0.0,0.0,2856200.0,4859700.0,1192200.0,413300.0,108300.0,0.0,0.0,0.0,0.0,0.0
20230823095152932,SZSE,SZSE.ETF.159841,0.906,0.905,0.908,0.902,0.0,1.005,0.823,26841661.0,3200.0,24284844.305,2898.0,0.0,0.0,20230823,20230823,95152931,0.914,0.0,0.0,0.905,0.904,0.903,0.902,0.901,0.0,0.0,0.0,0.0,0.0,0.906,0.907,0.908,0.909,0.91,0.0,0.0,0.0,0.0,0.0,2100.0,1947200.0,5707000.0,3494600.0,645400.0,0.0,0.0,0.0,0.0,0.0,2643800.0,5085000.0,1192200.0,413300.0,108300.0,0.0,0.0,0.0,0.0,0.0
20230823095155956,SZSE,SZSE.ETF.159841,0.906,0.905,0.908,0.902,0.0,1.005,0.823,26841661.0,0.0,24284844.305,0.0,0.0,0.0,20230823,20230823,95155957,0.914,0.0,0.0,0.905,0.904,0.903,0.902,0.901,0.0,0.0,0.0,0.0,0.0,0.906,0.907,0.908,0.909,0.91,0.0,0.0,0.0,0.0,0.0,11900.0,2047200.0,5107000.0,3494600.0,645400.0,0.0,0.0,0.0,0.0,0.0,2743800.0,5085000.0,1192200.0,413300.0,108300.0,0.0,0.0,0.0,0.0,0.0
20230823095159324,SZSE,SZSE.ETF.159841,0.906,0.905,0.908,0.902,0.0,1.005,0.823,26841661.0,0.0,24284844.305,0.0,0.0,0.0,20230823,20230823,95159324,0.914,0.0,0.0,0.905,0.904,0.903,0.902,0.901,0.0,0.0,0.0,0.0,0.0,0.906,0.907,0.908,0.909,0.91,0.0,0.0,0.0,0.0,0.0,11900.0,1747200.0,5107000.0,3794600.0,645400.0,0.0,0.0,0.0,0.0,0.0,2743800.0,5086000.0,1192200.0,413300.0,108300.0,0.0,0.0,0.0,0.0,0.0
20230823095202672,SZSE,SZSE.ETF.159841,0.905,0.905,0.908,0.902,0.0,1.005,0.823,26842161.0,500.0,24285296.805,452.5,0.0,0.0,20230823,20230823,95202672,0.914,0.0,0.0,0.905,0.904,0.903,0.902,0.901,0.0,0.0,0.0,0.0,0.0,0.906,0.907,0.908,0.909,0.91,0.0,0.0,0.0,0.0,0.0,11400.0,1619200.0,5235000.0,3793500.0,645400.0,0.0,0.0,0.0,0.0,0.0,2745400.0,5086000.0,1192200.0,413300.0,108300.0,0.0,0.0,0.0,0.0,0.0
20230823095205640,SZSE,SZSE.ETF.159841,0.904,0.905,0.908,0.902,0.0,1.005,0.823,27378761.0,536600.0,24770394.605,485097.80000000075,0.0,0.0,20230823,20230823,95205639,0.914,0.0,0.0,0.904,0.903,0.902,0.901,0.9,0.0,0.0,0.0,0.0,0.0,0.905,0.906,0.907,0.908,0.909,0.0,0.0,0.0,0.0,0.0,795000.0,5195800.0,4202100.0,795400.0,1682300.0,0.0,0.0,0.0,0.0,0.0,808400.0,2856000.0,4267300.0,1042000.0,413300.0,0.0,0.0,0.0,0.0,0.0
20230823095208448,SZSE,SZSE.ETF.159841,0.904,0.905,0.908,0.902,0.0,1.005,0.823,27378761.0,0.0,24770394.605,0.0,0.0,0.0,20230823,20230823,95208449,0.914,0.0,0.0,0.904,0.903,0.902,0.901,0.9,0.0,0.0,0.0,0.0,0.0,0.905,0.906,0.907,0.908,0.909,0.0,0.0,0.0,0.0,0.0,1115000.0,5910800.0,3902100.0,785400.0,1682300.0,0.0,0.0,0.0,0.0,0.0,918400.0,3161000.0,3887300.0,1042000.0,413300.0,0.0,0.0,0.0,0.0,0.0
20230823095211012,SZSE,SZSE.ETF.159841,0.904,0.905,0.908,0.902,0.0,1.005,0.823,27378761.0,0.0,24770394.605,0.0,0.0,0.0,20230823,20230823,95211012,0.914,0.0,0.0,0.904,0.903,0.902,0.901,0.9,0.0,0.0,0.0,0.0,0.0,0.905,0.906,0.907,0.908,0.909,0.0,0.0,0.0,0.0,0.0,1115000.0,5575800.0,3902100.0,635400.0,1682300.0,0.0,0.0,0.0,0.0,0.0,918400.0,3124400.0,3887300.0,1042000.0,413300.0,0.0,0.0,0.0,0.0,0.0
20230823095213984,SZSE,SZSE.ETF.159841,0.904,0.905,0.908,0.902,0.0,1.005,0.823,27380961.0,2200.0,24772383.405,1988.800000000745,0.0,0.0,20230823,20230823,95213985,0.914,0.0,0.0,0.904,0.903,0.902,0.901,0.9,0.0,0.0,0.0,0.0,0.0,0.905,0.906,0.907,0.908,0.909,0.0,0.0,0.0,0.0,0.0,1222800.0,5442600.0,3902100.0,785400.0,1682300.0,0.0,0.0,0.0,0.0,0.0,918400.0,3124400.0,4037300.0,1042000.0,413300.0,0.0,0.0,0.0,0.0,0.0
20230823095216944,SZSE,SZSE.ETF.159841,0.904,0.905,0.908,0.902,0.0,1.005,0.823,27380961.0,0.0,24772383.405,0.0,0.0,0.0,20230823,20230823,95216942,0.914,0.0,0.0,0.904,0.903,0.902,0.901,0.9,0.0,0.0,0.0,0.0,0.0,0.905,0.906,0.907,0.908,0.909,0.0,0.0,0.0,0.0,0.0,1234200.0,5442600.0,3902100.0,785400.0,1732300.0,0.0,0.0,0.0,0.0,0.0,918400.0,3124400.0,4037300.0,1042000.0,413300.0,0.0,0.0,0.0,0.0,0.0
20230823095220064,SZSE,SZSE.ETF.159841,0.904,0.905,0.908,0.902,0.0,1.005,0.823,28100961.0,720000.0,25423763.405,651380.0,0.0,0.0,20230823,20230823,95220063,0.914,0.0,0.0,0.904,0.903,0.902,0.901,0.9,0.0,0.0,0.0,0.0,0.0,0.905,0.906,0.907,0.908,0.909,0.0,0.0,0.0,0.0,0.0,1424600.0,6042600.0,3493700.0,785400.0,1732300.0,0.0,0.0,0.0,0.0,0.0,410000.0,3124400.0,4445700.0,1042000.0,413300.0,0.0,0.0,0.0,0.0,0.0
