TradeDate,OrigTime,BidPx1,BidPx2,BidPx3,BidPx4,BidPx5,BidSize1,BidSize2,BidSize3,BidSize4,BidSize5,DownLimitPx,HighPx,LastPx,LowPx,OFI1,OFI2,OFI3,OFI4,OFI5,OfferPx1,OfferPx2,OfferPx3,OfferPx4,OfferPx5,OfferSize1,OfferSize2,OfferSize3,OfferSize4,OfferSize5,OpenPx,PreClosePx,PxChange1,PxChange2,TotalValueTrade,TotalVolumeTrade,UpLimitPx,aOF1,aOF2,aOF3,aOF4,aOF5,abs_diff,abs_diff_v,amount,ask_spread,bOF1,bOF2,bOF3,bOF4,bOF5,bid_ask_spread,bid_spread,close,df_max,df_min,energy,energy_v,f_max,f_min,high,iqr_p,iqr_p_v,log_return,low,mid,minute,open,price_spread,price_spread2,tendency,ticker,total_ask_qty,total_bid_qty,total_qty_diff,total_volume,volatility,volatility_QMLE,volume,volume_imbalance,vwap,wap1,weighted_ask_prc,weighted_bid_prc
0.0,0.0,0.0,0.0,0.0,0.0,0.0,0.0,0.0,0.0,0.0,0.0,0.0,0.0,0.0,0.0,0.0,0.0,0.0,0.0,0.0,0.0,0.0,0.0,0.0,0.0,0.0,0.0,0.0,0.0,0.0,0.0,0.0,0.0,0.0,0.0,0.0,0.0,0.0,0.0,0.0,0.0,0.0,0.0,0.0,0.0,0.0,0.0,0.0,0.0,0.0,0.0,0.0,0.0,0.0,0.0,0.0,0.0,0.0,0.0,0.0,0.0,0.0,0.0,0.0,0.0,0.0,0.0,0.0,0.0,0.0,0.0,0.0,0.0,0.0,0.0,0.0,0.0,0.0,0.0,0.0,0.0,0.0,0.0,0.0
0.0,0.0,0.0,0.0,0.0,0.0,0.0,0.0,0.0,0.0,0.0,0.0,0.0,0.0,0.0,0.0,0.0,0.0,0.0,0.0,0.0,0.0,0.0,0.0,0.0,0.0,0.0,0.0,0.0,0.0,0.0,0.0,0.0,0.0,0.0,0.0,0.0,0.0,0.0,0.0,0.0,0.0,0.0,0.0,0.0,0.0,0.0,0.0,0.0,0.0,0.0,0.0,0.0,0.0,0.0,0.0,0.0,0.0,0.0,0.0,0.0,0.0,0.0,0.0,0.0,0.0,0.0,0.0,0.0,0.0,0.0,0.0,0.0,0.0,0.0,0.0,0.0,0.0,0.0,0.0,0.0,0.0,0.0,0.0,0.0
0.0,0.0,0.0,0.0,0.0,0.0,0.0,0.0,0.0,0.0,0.0,0.0,0.0,0.0,0.0,0.0,0.0,0.0,0.0,0.0,0.0,0.0,0.0,0.0,0.0,0.0,0.0,0.0,0.0,0.0,0.0,0.0,0.0,0.0,0.0,0.0,0.0,0.0,0.0,0.0,0.0,0.0,0.0,0.0,0.0,0.0,0.0,0.0,0.0,0.0,0.0,0.0,0.0,0.0,0.0,0.0,0.0,0.0,0.0,0.0,0.0,0.0,0.0,0.0,0.0,0.0,0.0,0.0,0.0,0.0,0.0,0.0,0.0,0.0,0.0,0.0,0.0,0.0,0.0,0.0,0.0,0.0,0.0,0.0,0.0
0.0,0.0,0.0,0.0,0.0,0.0,0.0,0.0,0.0,0.0,0.0,0.0,0.0,0.0,0.0,0.0,0.0,0.0,0.0,0.0,0.0,0.0,0.0,0.0,0.0,0.0,0.0,0.0,0.0,0.0,0.0,0.0,0.0,0.0,0.0,0.0,0.0,0.0,0.0,0.0,0.0,0.0,0.0,0.0,0.0,0.0,0.0,0.0,0.0,0.0,0.0,0.0,0.0,0.0,0.0,0.0,0.0,0.0,0.0,0.0,0.0,0.0,0.0,0.0,0.0,0.0,0.0,0.0,0.0,0.0,0.0,0.0,0.0,0.0,0.0,0.0,0.0,0.0,0.0,0.0,0.0,0.0,0.0,0.0,0.0
0.0,0.0,0.0,0.0,0.0,0.0,0.0,0.0,0.0,0.0,0.0,0.0,0.0,0.0,0.0,0.0,0.0,0.0,0.0,0.0,0.0,0.0,0.0,0.0,0.0,0.0,0.0,0.0,0.0,0.0,0.0,0.0,0.0,0.0,0.0,0.0,0.0,0.0,0.0,0.0,0.0,0.0,0.0,0.0,0.0,0.0,0.0,0.0,0.0,0.0,0.0,0.0,0.0,0.0,0.0,0.0,0.0,0.0,0.0,0.0,0.0,0.0,0.0,0.0,0.0,0.0,0.0,0.0,0.0,0.0,0.0,0.0,0.0,0.0,0.0,0.0,0.0,0.0,0.0,0.0,0.0,0.0,0.0,0.0,0.0
0.0,0.0,0.0,0.0,0.0,0.0,0.0,0.0,0.0,0.0,0.0,0.0,0.0,0.0,0.0,0.0,0.0,0.0,0.0,0.0,0.0,0.0,0.0,0.0,0.0,0.0,0.0,0.0,0.0,0.0,0.0,0.0,0.0,0.0,0.0,0.0,0.0,0.0,0.0,0.0,0.0,0.0,0.0,0.0,0.0,0.0,0.0,0.0,0.0,0.0,0.0,0.0,0.0,0.0,0.0,0.0,0.0,0.0,0.0,0.0,0.0,0.0,0.0,0.0,0.0,0.0,0.0,0.0,0.0,0.0,0.0,0.0,0.0,0.0,0.0,0.0,0.0,0.0,0.0,0.0,0.0,0.0,0.0,0.0,0.0
0.0,0.0,0.0,0.0,0.0,0.0,0.0,0.0,0.0,0.0,0.0,0.0,0.0,0.0,0.0,0.0,0.0,0.0,0.0,0.0,0.0,0.0,0.0,0.0,0.0,0.0,0.0,0.0,0.0,0.0,0.0,0.0,0.0,0.0,0.0,0.0,0.0,0.0,0.0,0.0,0.0,0.0,0.0,0.0,0.0,0.0,0.0,0.0,0.0,0.0,0.0,0.0,0.0,0.0,0.0,0.0,0.0,0.0,0.0,0.0,0.0,0.0,0.0,0.0,0.0,0.0,0.0,0.0,0.0,0.0,0.0,0.0,0.0,0.0,0.0,0.0,0.0,0.0,0.0,0.0,0.0,0.0,0.0,0.0,0.0
0.0,0.0,0.0,0.0,0.0,0.0,0.0,0.0,0.0,0.0,0.0,0.0,0.0,0.0,0.0,0.0,0.0,0.0,0.0,0.0,0.0,0.0,0.0,0.0,0.0,0.0,0.0,0.0,0.0,0.0,0.0,0.0,0.0,0.0,0.0,0.0,0.0,0.0,0.0,0.0,0.0,0.0,0.0,0.0,0.0,0.0,0.0,0.0,0.0,0.0,0.0,0.0,0.0,0.0,0.0,0.0,0.0,0.0,0.0,0.0,0.0,0.0,0.0,0.0,0.0,0.0,0.0,0.0,0.0,0.0,0.0,0.0,0.0,0.0,0.0,0.0,0.0,0.0,0.0,0.0,0.0,0.0,0.0,0.0,0.0
0.0,0.0,0.0,0.0,0.0,0.0,0.0,0.0,0.0,0.0,0.0,0.0,0.0,0.0,0.0,0.0,0.0,0.0,0.0,0.0,0.0,0.0,0.0,0.0,0.0,0.0,0.0,0.0,0.0,0.0,0.0,0.0,0.0,0.0,0.0,0.0,0.0,0.0,0.0,0.0,0.0,0.0,0.0,0.0,0.0,0.0,0.0,0.0,0.0,0.0,0.0,0.0,0.0,0.0,0.0,0.0,0.0,0.0,0.0,0.0,0.0,0.0,0.0,0.0,0.0,0.0,0.0,0.0,0.0,0.0,0.0,0.0,0.0,0.0,0.0,0.0,0.0,0.0,0.0,0.0,0.0,0.0,0.0,0.0,0.0
0.0,0.0,0.0,0.0,0.0,0.0,0.0,0.0,0.0,0.0,0.0,0.0,0.0,0.0,0.0,0.0,0.0,0.0,0.0,0.0,0.0,0.0,0.0,0.0,0.0,0.0,0.0,0.0,0.0,0.0,0.0,0.0,0.0,0.0,0.0,0.0,0.0,0.0,0.0,0.0,0.0,0.0,0.0,0.0,0.0,0.0,0.0,0.0,0.0,0.0,0.0,0.0,0.0,0.0,0.0,0.0,0.0,0.0,0.0,0.0,0.0,0.0,0.0,0.0,0.0,0.0,0.0,0.0,0.0,0.0,0.0,0.0,0.0,0.0,0.0,0.0,0.0,0.0,0.0,0.0,0.0,0.0,0.0,0.0,0.0
0.0,0.0,0.0,0.0,0.0,0.0,0.0,0.0,0.0,0.0,0.0,0.0,0.0,0.0,0.0,0.0,0.0,0.0,0.0,0.0,0.0,0.0,0.0,0.0,0.0,0.0,0.0,0.0,0.0,0.0,0.0,0.0,0.0,0.0,0.0,0.0,0.0,0.0,0.0,0.0,0.0,0.0,0.0,0.0,0.0,0.0,0.0,0.0,0.0,0.0,0.0,0.0,0.0,0.0,0.0,0.0,0.0,0.0,0.0,0.0,0.0,0.0,0.0,0.0,0.0,0.0,0.0,0.0,0.0,0.0,0.0,0.0,0.0,0.0,0.0,0.0,0.0,0.0,0.0,0.0,0.0,0.0,0.0,0.0,0.0
0.0,0.0,0.0,0.0,0.0,0.0,0.0,0.0,0.0,0.0,0.0,0.0,0.0,0.0,0.0,0.0,0.0,0.0,0.0,0.0,0.0,0.0,0.0,0.0,0.0,0.0,0.0,0.0,0.0,0.0,0.0,0.0,0.0,0.0,0.0,0.0,0.0,0.0,0.0,0.0,0.0,0.0,0.0,0.0,0.0,0.0,0.0,0.0,0.0,0.0,0.0,0.0,0.0,0.0,0.0,0.0,0.0,0.0,0.0,0.0,0.0,0.0,0.0,0.0,0.0,0.0,0.0,0.0,0.0,0.0,0.0,0.0,0.0,0.0,0.0,0.0,0.0,0.0,0.0,0.0,0.0,0.0,0.0,0.0,0.0
0.0,0.0,0.0,0.0,0.0,0.0,0.0,0.0,0.0,0.0,0.0,0.0,0.0,0.0,0.0,0.0,0.0,0.0,0.0,0.0,0.0,0.0,0.0,0.0,0.0,0.0,0.0,0.0,0.0,0.0,0.0,0.0,0.0,0.0,0.0,0.0,0.0,0.0,0.0,0.0,0.0,0.0,0.0,0.0,0.0,0.0,0.0,0.0,0.0,0.0,0.0,0.0,0.0,0.0,0.0,0.0,0.0,0.0,0.0,0.0,0.0,0.0,0.0,0.0,0.0,0.0,0.0,0.0,0.0,0.0,0.0,0.0,0.0,0.0,0.0,0.0,0.0,0.0,0.0,0.0,0.0,0.0,0.0,0.0,0.0
0.0,0.0,0.0,0.0,0.0,0.0,0.0,0.0,0.0,0.0,0.0,0.0,0.0,0.0,0.0,0.0,0.0,0.0,0.0,0.0,0.0,0.0,0.0,0.0,0.0,0.0,0.0,0.0,0.0,0.0,0.0,0.0,0.0,0.0,0.0,0.0,0.0,0.0,0.0,0.0,0.0,0.0,0.0,0.0,0.0,0.0,0.0,0.0,0.0,0.0,0.0,0.0,0.0,0.0,0.0,0.0,0.0,0.0,0.0,0.0,0.0,0.0,0.0,0.0,0.0,0.0,0.0,0.0,0.0,0.0,0.0,0.0,0.0,0.0,0.0,0.0,0.0,0.0,0.0,0.0,0.0,0.0,0.0,0.0,0.0
0.0,0.0,0.0,0.0,0.0,0.0,0.0,0.0,0.0,0.0,0.0,0.0,0.0,0.0,0.0,0.0,0.0,0.0,0.0,0.0,0.0,0.0,0.0,0.0,0.0,0.0,0.0,0.0,0.0,0.0,0.0,0.0,0.0,0.0,0.0,0.0,0.0,0.0,0.0,0.0,0.0,0.0,0.0,0.0,0.0,0.0,0.0,0.0,0.0,0.0,0.0,0.0,0.0,0.0,0.0,0.0,0.0,0.0,0.0,0.0,0.0,0.0,0.0,0.0,0.0,0.0,0.0,0.0,0.0,0.0,0.0,0.0,0.0,0.0,0.0,0.0,0.0,0.0,0.0,0.0,0.0,0.0,0.0,0.0,0.0
0.0,0.0,0.0,0.0,0.0,0.0,0.0,0.0,0.0,0.0,0.0,0.0,0.0,0.0,0.0,0.0,0.0,0.0,0.0,0.0,0.0,0.0,0.0,0.0,0.0,0.0,0.0,0.0,0.0,0.0,0.0,0.0,0.0,0.0,0.0,0.0,0.0,0.0,0.0,0.0,0.0,0.0,0.0,0.0,0.0,0.0,0.0,0.0,0.0,0.0,0.0,0.0,0.0,0.0,0.0,0.0,0.0,0.0,0.0,0.0,0.0,0.0,0.0,0.0,0.0,0.0,0.0,0.0,0.0,0.0,0.0,0.0,0.0,0.0,0.0,0.0,0.0,0.0,0.0,0.0,0.0,0.0,0.0,0.0,0.0
0.0,0.0,0.0,0.0,0.0,0.0,0.0,0.0,0.0,0.0,0.0,0.0,0.0,0.0,0.0,0.0,0.0,0.0,0.0,0.0,0.0,0.0,0.0,0.0,0.0,0.0,0.0,0.0,0.0,0.0,0.0,0.0,0.0,0.0,0.0,0.0,0.0,0.0,0.0,0.0,0.0,0.0,0.0,0.0,0.0,0.0,0.0,0.0,0.0,0.0,0.0,0.0,0.0,0.0,0.0,0.0,0.0,0.0,0.0,0.0,0.0,0.0,0.0,0.0,0.0,0.0,0.0,0.0,0.0,0.0,0.0,0.0,0.0,0.0,0.0,0.0,0.0,0.0,0.0,0.0,0.0,0.0,0.0,0.0,0.0
0.0,0.0,0.0,0.0,0.0,0.0,0.0,0.0,0.0,0.0,0.0,0.0,0.0,0.0,0.0,0.0,0.0,0.0,0.0,0.0,0.0,0.0,0.0,0.0,0.0,0.0,0.0,0.0,0.0,0.0,0.0,0.0,0.0,0.0,0.0,0.0,0.0,0.0,0.0,0.0,0.0,0.0,0.0,0.0,0.0,0.0,0.0,0.0,0.0,0.0,0.0,0.0,0.0,0.0,0.0,0.0,0.0,0.0,0.0,0.0,0.0,0.0,0.0,0.0,0.0,0.0,0.0,0.0,0.0,0.0,0.0,0.0,0.0,0.0,0.0,0.0,0.0,0.0,0.0,0.0,0.0,0.0,0.0,0.0,0.0
0.0,0.0,0.0,0.0,0.0,0.0,0.0,0.0,0.0,0.0,0.0,0.0,0.0,0.0,0.0,0.0,0.0,0.0,0.0,0.0,0.0,0.0,0.0,0.0,0.0,0.0,0.0,0.0,0.0,0.0,0.0,0.0,0.0,0.0,0.0,0.0,0.0,0.0,0.0,0.0,0.0,0.0,0.0,0.0,0.0,0.0,0.0,0.0,0.0,0.0,0.0,0.0,0.0,0.0,0.0,0.0,0.0,0.0,0.0,0.0,0.0,0.0,0.0,0.0,0.0,0.0,0.0,0.0,0.0,0.0,0.0,0.0,0.0,0.0,0.0,0.0,0.0,0.0,0.0,0.0,0.0,0.0,0.0,0.0,0.0
0.0,0.0,0.0,0.0,0.0,0.0,0.0,0.0,0.0,0.0,0.0,0.0,0.0,0.0,0.0,0.0,0.0,0.0,0.0,0.0,0.0,0.0,0.0,0.0,0.0,0.0,0.0,0.0,0.0,0.0,0.0,0.0,0.0,0.0,0.0,0.0,0.0,0.0,0.0,0.0,0.0,0.0,0.0,0.0,0.0,0.0,0.0,0.0,0.0,0.0,0.0,0.0,0.0,0.0,0.0,0.0,0.0,0.0,0.0,0.0,0.0,0.0,0.0,0.0,0.0,0.0,0.0,0.0,0.0,0.0,0.0,0.0,0.0,0.0,0.0,0.0,0.0,0.0,0.0,0.0,0.0,0.0,0.0,0.0,0.0
0.0,0.0,0.0,0.0,0.0,0.0,0.0,0.0,0.0,0.0,0.0,0.0,0.0,0.0,0.0,0.0,0.0,0.0,0.0,0.0,0.0,0.0,0.0,0.0,0.0,0.0,0.0,0.0,0.0,0.0,0.0,0.0,0.0,0.0,0.0,0.0,0.0,0.0,0.0,0.0,0.0,0.0,0.0,0.0,0.0,0.0,0.0,0.0,0.0,0.0,0.0,0.0,0.0,0.0,0.0,0.0,0.0,0.0,0.0,0.0,0.0,0.0,0.0,0.0,0.0,0.0,0.0,0.0,0.0,0.0,0.0,0.0,0.0,0.0,0.0,0.0,0.0,0.0,0.0,0.0,0.0,0.0,0.0,0.0,0.0
0.0,0.0,0.0,0.0,0.0,0.0,0.0,0.0,0.0,0.0,0.0,0.0,0.0,0.0,0.0,0.0,0.0,0.0,0.0,0.0,0.0,0.0,0.0,0.0,0.0,0.0,0.0,0.0,0.0,0.0,0.0,0.0,0.0,0.0,0.0,0.0,0.0,0.0,0.0,0.0,0.0,0.0,0.0,0.0,0.0,0.0,0.0,0.0,0.0,0.0,0.0,0.0,0.0,0.0,0.0,0.0,0.0,0.0,0.0,0.0,0.0,0.0,0.0,0.0,0.0,0.0,0.0,0.0,0.0,0.0,0.0,0.0,0.0,0.0,0.0,0.0,0.0,0.0,0.0,0.0,0.0,0.0,0.0,0.0,0.0
0.0,0.0,0.0,0.0,0.0,0.0,0.0,0.0,0.0,0.0,0.0,0.0,0.0,0.0,0.0,0.0,0.0,0.0,0.0,0.0,0.0,0.0,0.0,0.0,0.0,0.0,0.0,0.0,0.0,0.0,0.0,0.0,0.0,0.0,0.0,0.0,0.0,0.0,0.0,0.0,0.0,0.0,0.0,0.0,0.0,0.0,0.0,0.0,0.0,0.0,0.0,0.0,0.0,0.0,0.0,0.0,0.0,0.0,0.0,0.0,0.0,0.0,0.0,0.0,0.0,0.0,0.0,0.0,0.0,0.0,0.0,0.0,0.0,0.0,0.0,0.0,0.0,0.0,0.0,0.0,0.0,0.0,0.0,0.0,0.0
0.0,0.0,0.0,0.0,0.0,0.0,0.0,0.0,0.0,0.0,0.0,0.0,0.0,0.0,0.0,0.0,0.0,0.0,0.0,0.0,0.0,0.0,0.0,0.0,0.0,0.0,0.0,0.0,0.0,0.0,0.0,0.0,0.0,0.0,0.0,0.0,0.0,0.0,0.0,0.0,0.0,0.0,0.0,0.0,0.0,0.0,0.0,0.0,0.0,0.0,0.0,0.0,0.0,0.0,0.0,0.0,0.0,0.0,0.0,0.0,0.0,0.0,0.0,0.0,0.0,0.0,0.0,0.0,0.0,0.0,0.0,0.0,0.0,0.0,0.0,0.0,0.0,0.0,0.0,0.0,0.0,0.0,0.0,0.0,0.0
0.0,0.0,0.0,0.0,0.0,0.0,0.0,0.0,0.0,0.0,0.0,0.0,0.0,0.0,0.0,0.0,0.0,0.0,0.0,0.0,0.0,0.0,0.0,0.0,0.0,0.0,0.0,0.0,0.0,0.0,0.0,0.0,0.0,0.0,0.0,0.0,0.0,0.0,0.0,0.0,0.0,0.0,0.0,0.0,0.0,0.0,0.0,0.0,0.0,0.0,0.0,0.0,0.0,0.0,0.0,0.0,0.0,0.0,0.0,0.0,0.0,0.0,0.0,0.0,0.0,0.0,0.0,0.0,0.0,0.0,0.0,0.0,0.0,0.0,0.0,0.0,0.0,0.0,0.0,0.0,0.0,0.0,0.0,0.0,0.0
0.0,0.0,0.0,0.0,0.0,0.0,0.0,0.0,0.0,0.0,0.0,0.0,0.0,0.0,0.0,0.0,0.0,0.0,0.0,0.0,0.0,0.0,0.0,0.0,0.0,0.0,0.0,0.0,0.0,0.0,0.0,0.0,0.0,0.0,0.0,0.0,0.0,0.0,0.0,0.0,0.0,0.0,0.0,0.0,0.0,0.0,0.0,0.0,0.0,0.0,0.0,0.0,0.0,0.0,0.0,0.0,0.0,0.0,0.0,0.0,0.0,0.0,0.0,0.0,0.0,0.0,0.0,0.0,0.0,0.0,0.0,0.0,0.0,0.0,0.0,0.0,0.0,0.0,0.0,0.0,0.0,0.0,0.0,0.0,0.0
0.0,0.0,0.0,0.0,0.0,0.0,0.0,0.0,0.0,0.0,0.0,0.0,0.0,0.0,0.0,0.0,0.0,0.0,0.0,0.0,0.0,0.0,0.0,0.0,0.0,0.0,0.0,0.0,0.0,0.0,0.0,0.0,0.0,0.0,0.0,0.0,0.0,0.0,0.0,0.0,0.0,0.0,0.0,0.0,0.0,0.0,0.0,0.0,0.0,0.0,0.0,0.0,0.0,0.0,0.0,0.0,0.0,0.0,0.0,0.0,0.0,0.0,0.0,0.0,0.0,0.0,0.0,0.0,0.0,0.0,0.0,0.0,0.0,0.0,0.0,0.0,0.0,0.0,0.0,0.0,0.0,0.0,0.0,0.0,0.0
0.0,0.0,0.0,0.0,0.0,0.0,0.0,0.0,0.0,0.0,0.0,0.0,0.0,0.0,0.0,0.0,0.0,0.0,0.0,0.0,0.0,0.0,0.0,0.0,0.0,0.0,0.0,0.0,0.0,0.0,0.0,0.0,0.0,0.0,0.0,0.0,0.0,0.0,0.0,0.0,0.0,0.0,0.0,0.0,0.0,0.0,0.0,0.0,0.0,0.0,0.0,0.0,0.0,0.0,0.0,0.0,0.0,0.0,0.0,0.0,0.0,0.0,0.0,0.0,0.0,0.0,0.0,0.0,0.0,0.0,0.0,0.0,0.0,0.0,0.0,0.0,0.0,0.0,0.0,0.0,0.0,0.0,0.0,0.0,0.0
0.0,0.0,0.0,0.0,0.0,0.0,0.0,0.0,0.0,0.0,0.0,0.0,0.0,0.0,0.0,0.0,0.0,0.0,0.0,0.0,0.0,0.0,0.0,0.0,0.0,0.0,0.0,0.0,0.0,0.0,0.0,0.0,0.0,0.0,0.0,0.0,0.0,0.0,0.0,0.0,0.0,0.0,0.0,0.0,0.0,0.0,0.0,0.0,0.0,0.0,0.0,0.0,0.0,0.0,0.0,0.0,0.0,0.0,0.0,0.0,0.0,0.0,0.0,0.0,0.0,0.0,0.0,0.0,0.0,0.0,0.0,0.0,0.0,0.0,0.0,0.0,0.0,0.0,0.0,0.0,0.0,0.0,0.0,0.0,0.0
0.0,0.0,0.0,0.0,0.0,0.0,0.0,0.0,0.0,0.0,0.0,0.0,0.0,0.0,0.0,0.0,0.0,0.0,0.0,0.0,0.0,0.0,0.0,0.0,0.0,0.0,0.0,0.0,0.0,0.0,0.0,0.0,0.0,0.0,0.0,0.0,0.0,0.0,0.0,0.0,0.0,0.0,0.0,0.0,0.0,0.0,0.0,0.0,0.0,0.0,0.0,0.0,0.0,0.0,0.0,0.0,0.0,0.0,0.0,0.0,0.0,0.0,0.0,0.0,0.0,0.0,0.0,0.0,0.0,0.0,0.0,0.0,0.0,0.0,0.0,0.0,0.0,0.0,0.0,0.0,0.0,0.0,0.0,0.0,0.0
0.0,0.0,0.0,0.0,0.0,0.0,0.0,0.0,0.0,0.0,0.0,0.0,0.0,0.0,0.0,0.0,0.0,0.0,0.0,0.0,0.0,0.0,0.0,0.0,0.0,0.0,0.0,0.0,0.0,0.0,0.0,0.0,0.0,0.0,0.0,0.0,0.0,0.0,0.0,0.0,0.0,0.0,0.0,0.0,0.0,0.0,0.0,0.0,0.0,0.0,0.0,0.0,0.0,0.0,0.0,0.0,0.0,0.0,0.0,0.0,0.0,0.0,0.0,0.0,0.0,0.0,0.0,0.0,0.0,0.0,0.0,0.0,0.0,0.0,0.0,0.0,0.0,0.0,0.0,0.0,0.0,0.0,0.0,0.0,0.0
0.0,0.0,0.0,0.0,0.0,0.0,0.0,0.0,0.0,0.0,0.0,0.0,0.0,0.0,0.0,0.0,0.0,0.0,0.0,0.0,0.0,0.0,0.0,0.0,0.0,0.0,0.0,0.0,0.0,0.0,0.0,0.0,0.0,0.0,0.0,0.0,0.0,0.0,0.0,0.0,0.0,0.0,0.0,0.0,0.0,0.0,0.0,0.0,0.0,0.0,0.0,0.0,0.0,0.0,0.0,0.0,0.0,0.0,0.0,0.0,0.0,0.0,0.0,0.0,0.0,0.0,0.0,0.0,0.0,0.0,0.0,0.0,0.0,0.0,0.0,0.0,0.0,0.0,0.0,0.0,0.0,0.0,0.0,0.0,0.0
0.0,0.0,0.0,0.0,0.0,0.0,0.0,0.0,0.0,0.0,0.0,0.0,0.0,0.0,0.0,0.0,0.0,0.0,0.0,0.0,0.0,0.0,0.0,0.0,0.0,0.0,0.0,0.0,0.0,0.0,0.0,0.0,0.0,0.0,0.0,0.0,0.0,0.0,0.0,0.0,0.0,0.0,0.0,0.0,0.0,0.0,0.0,0.0,0.0,0.0,0.0,0.0,0.0,0.0,0.0,0.0,0.0,0.0,0.0,0.0,0.0,0.0,0.0,0.0,0.0,0.0,0.0,0.0,0.0,0.0,0.0,0.0,0.0,0.0,0.0,0.0,0.0,0.0,0.0,0.0,0.0,0.0,0.0,0.0,0.0
0.0,0.0,0.0,0.0,0.0,0.0,0.0,0.0,0.0,0.0,0.0,0.0,0.0,0.0,0.0,0.0,0.0,0.0,0.0,0.0,0.0,0.0,0.0,0.0,0.0,0.0,0.0,0.0,0.0,0.0,0.0,0.0,0.0,0.0,0.0,0.0,0.0,0.0,0.0,0.0,0.0,0.0,0.0,0.0,0.0,0.0,0.0,0.0,0.0,0.0,0.0,0.0,0.0,0.0,0.0,0.0,0.0,0.0,0.0,0.0,0.0,0.0,0.0,0.0,0.0,0.0,0.0,0.0,0.0,0.0,0.0,0.0,0.0,0.0,0.0,0.0,0.0,0.0,0.0,0.0,0.0,0.0,0.0,0.0,0.0
0.0,0.0,0.0,0.0,0.0,0.0,0.0,0.0,0.0,0.0,0.0,0.0,0.0,0.0,0.0,0.0,0.0,0.0,0.0,0.0,0.0,0.0,0.0,0.0,0.0,0.0,0.0,0.0,0.0,0.0,0.0,0.0,0.0,0.0,0.0,0.0,0.0,0.0,0.0,0.0,0.0,0.0,0.0,0.0,0.0,0.0,0.0,0.0,0.0,0.0,0.0,0.0,0.0,0.0,0.0,0.0,0.0,0.0,0.0,0.0,0.0,0.0,0.0,0.0,0.0,0.0,0.0,0.0,0.0,0.0,0.0,0.0,0.0,0.0,0.0,0.0,0.0,0.0,0.0,0.0,0.0,0.0,0.0,0.0,0.0
0.0,0.0,0.0,0.0,0.0,0.0,0.0,0.0,0.0,0.0,0.0,0.0,0.0,0.0,0.0,0.0,0.0,0.0,0.0,0.0,0.0,0.0,0.0,0.0,0.0,0.0,0.0,0.0,0.0,0.0,0.0,0.0,0.0,0.0,0.0,0.0,0.0,0.0,0.0,0.0,0.0,0.0,0.0,0.0,0.0,0.0,0.0,0.0,0.0,0.0,0.0,0.0,0.0,0.0,0.0,0.0,0.0,0.0,0.0,0.0,0.0,0.0,0.0,0.0,0.0,0.0,0.0,0.0,0.0,0.0,0.0,0.0,0.0,0.0,0.0,0.0,0.0,0.0,0.0,0.0,0.0,0.0,0.0,0.0,0.0
0.0,0.0,0.0,0.0,0.0,0.0,0.0,0.0,0.0,0.0,0.0,0.0,0.0,0.0,0.0,0.0,0.0,0.0,0.0,0.0,0.0,0.0,0.0,0.0,0.0,0.0,0.0,0.0,0.0,0.0,0.0,0.0,0.0,0.0,0.0,0.0,0.0,0.0,0.0,0.0,0.0,0.0,0.0,0.0,0.0,0.0,0.0,0.0,0.0,0.0,0.0,0.0,0.0,0.0,0.0,0.0,0.0,0.0,0.0,0.0,0.0,0.0,0.0,0.0,0.0,0.0,0.0,0.0,0.0,0.0,0.0,0.0,0.0,0.0,0.0,0.0,0.0,0.0,0.0,0.0,0.0,0.0,0.0,0.0,0.0
0.0,0.0,0.0,0.0,0.0,0.0,0.0,0.0,0.0,0.0,0.0,0.0,0.0,0.0,0.0,0.0,0.0,0.0,0.0,0.0,0.0,0.0,0.0,0.0,0.0,0.0,0.0,0.0,0.0,0.0,0.0,0.0,0.0,0.0,0.0,0.0,0.0,0.0,0.0,0.0,0.0,0.0,0.0,0.0,0.0,0.0,0.0,0.0,0.0,0.0,0.0,0.0,0.0,0.0,0.0,0.0,0.0,0.0,0.0,0.0,0.0,0.0,0.0,0.0,0.0,0.0,0.0,0.0,0.0,0.0,0.0,0.0,0.0,0.0,0.0,0.0,0.0,0.0,0.0,0.0,0.0,0.0,0.0,0.0,0.0
0.0,0.0,0.0,0.0,0.0,0.0,0.0,0.0,0.0,0.0,0.0,0.0,0.0,0.0,0.0,0.0,0.0,0.0,0.0,0.0,0.0,0.0,0.0,0.0,0.0,0.0,0.0,0.0,0.0,0.0,0.0,0.0,0.0,0.0,0.0,0.0,0.0,0.0,0.0,0.0,0.0,0.0,0.0,0.0,0.0,0.0,0.0,0.0,0.0,0.0,0.0,0.0,0.0,0.0,0.0,0.0,0.0,0.0,0.0,0.0,0.0,0.0,0.0,0.0,0.0,0.0,0.0,0.0,0.0,0.0,0.0,0.0,0.0,0.0,0.0,0.0,0.0,0.0,0.0,0.0,0.0,0.0,0.0,0.0,0.0
0.0,0.0,0.0,0.0,0.0,0.0,0.0,0.0,0.0,0.0,0.0,0.0,0.0,0.0,0.0,0.0,0.0,0.0,0.0,0.0,0.0,0.0,0.0,0.0,0.0,0.0,0.0,0.0,0.0,0.0,0.0,0.0,0.0,0.0,0.0,0.0,0.0,0.0,0.0,0.0,0.0,0.0,0.0,0.0,0.0,0.0,0.0,0.0,0.0,0.0,0.0,0.0,0.0,0.0,0.0,0.0,0.0,0.0,0.0,0.0,0.0,0.0,0.0,0.0,0.0,0.0,0.0,0.0,0.0,0.0,0.0,0.0,0.0,0.0,0.0,0.0,0.0,0.0,0.0,0.0,0.0,0.0,0.0,0.0,0.0
0.0,0.0,0.0,0.0,0.0,0.0,0.0,0.0,0.0,0.0,0.0,0.0,0.0,0.0,0.0,0.0,0.0,0.0,0.0,0.0,0.0,0.0,0.0,0.0,0.0,0.0,0.0,0.0,0.0,0.0,0.0,0.0,0.0,0.0,0.0,0.0,0.0,0.0,0.0,0.0,0.0,0.0,0.0,0.0,0.0,0.0,0.0,0.0,0.0,0.0,0.0,0.0,0.0,0.0,0.0,0.0,0.0,0.0,0.0,0.0,0.0,0.0,0.0,0.0,0.0,0.0,0.0,0.0,0.0,0.0,0.0,0.0,0.0,0.0,0.0,0.0,0.0,0.0,0.0,0.0,0.0,0.0,0.0,0.0,0.0
0.0,0.0,0.0,0.0,0.0,0.0,0.0,0.0,0.0,0.0,0.0,0.0,0.0,0.0,0.0,0.0,0.0,0.0,0.0,0.0,0.0,0.0,0.0,0.0,0.0,0.0,0.0,0.0,0.0,0.0,0.0,0.0,0.0,0.0,0.0,0.0,0.0,0.0,0.0,0.0,0.0,0.0,0.0,0.0,0.0,0.0,0.0,0.0,0.0,0.0,0.0,0.0,0.0,0.0,0.0,0.0,0.0,0.0,0.0,0.0,0.0,0.0,0.0,0.0,0.0,0.0,0.0,0.0,0.0,0.0,0.0,0.0,0.0,0.0,0.0,0.0,0.0,0.0,0.0,0.0,0.0,0.0,0.0,0.0,0.0
0.0,0.0,0.0,0.0,0.0,0.0,0.0,0.0,0.0,0.0,0.0,0.0,0.0,0.0,0.0,0.0,0.0,0.0,0.0,0.0,0.0,0.0,0.0,0.0,0.0,0.0,0.0,0.0,0.0,0.0,0.0,0.0,0.0,0.0,0.0,0.0,0.0,0.0,0.0,0.0,0.0,0.0,0.0,0.0,0.0,0.0,0.0,0.0,0.0,0.0,0.0,0.0,0.0,0.0,0.0,0.0,0.0,0.0,0.0,0.0,0.0,0.0,0.0,0.0,0.0,0.0,0.0,0.0,0.0,0.0,0.0,0.0,0.0,0.0,0.0,0.0,0.0,0.0,0.0,0.0,0.0,0.0,0.0,0.0,0.0
0.0,0.0,0.0,0.0,0.0,0.0,0.0,0.0,0.0,0.0,0.0,0.0,0.0,0.0,0.0,0.0,0.0,0.0,0.0,0.0,0.0,0.0,0.0,0.0,0.0,0.0,0.0,0.0,0.0,0.0,0.0,0.0,0.0,0.0,0.0,0.0,0.0,0.0,0.0,0.0,0.0,0.0,0.0,0.0,0.0,0.0,0.0,0.0,0.0,0.0,0.0,0.0,0.0,0.0,0.0,0.0,0.0,0.0,0.0,0.0,0.0,0.0,0.0,0.0,0.0,0.0,0.0,0.0,0.0,0.0,0.0,0.0,0.0,0.0,0.0,0.0,0.0,0.0,0.0,0.0,0.0,0.0,0.0,0.0,0.0
0.0,0.0,0.0,0.0,0.0,0.0,0.0,0.0,0.0,0.0,0.0,0.0,0.0,0.0,0.0,0.0,0.0,0.0,0.0,0.0,0.0,0.0,0.0,0.0,0.0,0.0,0.0,0.0,0.0,0.0,0.0,0.0,0.0,0.0,0.0,0.0,0.0,0.0,0.0,0.0,0.0,0.0,0.0,0.0,0.0,0.0,0.0,0.0,0.0,0.0,0.0,0.0,0.0,0.0,0.0,0.0,0.0,0.0,0.0,0.0,0.0,0.0,0.0,0.0,0.0,0.0,0.0,0.0,0.0,0.0,0.0,0.0,0.0,0.0,0.0,0.0,0.0,0.0,0.0,0.0,0.0,0.0,0.0,0.0,0.0
0.0,0.0,0.0,0.0,0.0,0.0,0.0,0.0,0.0,0.0,0.0,0.0,0.0,0.0,0.0,0.0,0.0,0.0,0.0,0.0,0.0,0.0,0.0,0.0,0.0,0.0,0.0,0.0,0.0,0.0,0.0,0.0,0.0,0.0,0.0,0.0,0.0,0.0,0.0,0.0,0.0,0.0,0.0,0.0,0.0,0.0,0.0,0.0,0.0,0.0,0.0,0.0,0.0,0.0,0.0,0.0,0.0,0.0,0.0,0.0,0.0,0.0,0.0,0.0,0.0,0.0,0.0,0.0,0.0,0.0,0.0,0.0,0.0,0.0,0.0,0.0,0.0,0.0,0.0,0.0,0.0,0.0,0.0,0.0,0.0
0.0,0.0,0.0,0.0,0.0,0.0,0.0,0.0,0.0,0.0,0.0,0.0,0.0,0.0,0.0,0.0,0.0,0.0,0.0,0.0,0.0,0.0,0.0,0.0,0.0,0.0,0.0,0.0,0.0,0.0,0.0,0.0,0.0,0.0,0.0,0.0,0.0,0.0,0.0,0.0,0.0,0.0,0.0,0.0,0.0,0.0,0.0,0.0,0.0,0.0,0.0,0.0,0.0,0.0,0.0,0.0,0.0,0.0,0.0,0.0,0.0,0.0,0.0,0.0,0.0,0.0,0.0,0.0,0.0,0.0,0.0,0.0,0.0,0.0,0.0,0.0,0.0,0.0,0.0,0.0,0.0,0.0,0.0,0.0,0.0
0.0,0.0,0.0,0.0,0.0,0.0,0.0,0.0,0.0,0.0,0.0,0.0,0.0,0.0,0.0,0.0,0.0,0.0,0.0,0.0,0.0,0.0,0.0,0.0,0.0,0.0,0.0,0.0,0.0,0.0,0.0,0.0,0.0,0.0,0.0,0.0,0.0,0.0,0.0,0.0,0.0,0.0,0.0,0.0,0.0,0.0,0.0,0.0,0.0,0.0,0.0,0.0,0.0,0.0,0.0,0.0,0.0,0.0,0.0,0.0,0.0,0.0,0.0,0.0,0.0,0.0,0.0,0.0,0.0,0.0,0.0,0.0,0.0,0.0,0.0,0.0,0.0,0.0,0.0,0.0,0.0,0.0,0.0,0.0,0.0
0.0,0.0,0.0,0.0,0.0,0.0,0.0,0.0,0.0,0.0,0.0,0.0,0.0,0.0,0.0,0.0,0.0,0.0,0.0,0.0,0.0,0.0,0.0,0.0,0.0,0.0,0.0,0.0,0.0,0.0,0.0,0.0,0.0,0.0,0.0,0.0,0.0,0.0,0.0,0.0,0.0,0.0,0.0,0.0,0.0,0.0,0.0,0.0,0.0,0.0,0.0,0.0,0.0,0.0,0.0,0.0,0.0,0.0,0.0,0.0,0.0,0.0,0.0,0.0,0.0,0.0,0.0,0.0,0.0,0.0,0.0,0.0,0.0,0.0,0.0,0.0,0.0,0.0,0.0,0.0,0.0,0.0,0.0,0.0,0.0
0.0,0.0,0.0,0.0,0.0,0.0,0.0,0.0,0.0,0.0,0.0,0.0,0.0,0.0,0.0,0.0,0.0,0.0,0.0,0.0,0.0,0.0,0.0,0.0,0.0,0.0,0.0,0.0,0.0,0.0,0.0,0.0,0.0,0.0,0.0,0.0,0.0,0.0,0.0,0.0,0.0,0.0,0.0,0.0,0.0,0.0,0.0,0.0,0.0,0.0,0.0,0.0,0.0,0.0,0.0,0.0,0.0,0.0,0.0,0.0,0.0,0.0,0.0,0.0,0.0,0.0,0.0,0.0,0.0,0.0,0.0,0.0,0.0,0.0,0.0,0.0,0.0,0.0,0.0,0.0,0.0,0.0,0.0,0.0,0.0
0.0,0.0,0.0,0.0,0.0,0.0,0.0,0.0,0.0,0.0,0.0,0.0,0.0,0.0,0.0,0.0,0.0,0.0,0.0,0.0,0.0,0.0,0.0,0.0,0.0,0.0,0.0,0.0,0.0,0.0,0.0,0.0,0.0,0.0,0.0,0.0,0.0,0.0,0.0,0.0,0.0,0.0,0.0,0.0,0.0,0.0,0.0,0.0,0.0,0.0,0.0,0.0,0.0,0.0,0.0,0.0,0.0,0.0,0.0,0.0,0.0,0.0,0.0,0.0,0.0,0.0,0.0,0.0,0.0,0.0,0.0,0.0,0.0,0.0,0.0,0.0,0.0,0.0,0.0,0.0,0.0,0.0,0.0,0.0,0.0
0.0,0.0,0.0,0.0,0.0,0.0,0.0,0.0,0.0,0.0,0.0,0.0,0.0,0.0,0.0,0.0,0.0,0.0,0.0,0.0,0.0,0.0,0.0,0.0,0.0,0.0,0.0,0.0,0.0,0.0,0.0,0.0,0.0,0.0,0.0,0.0,0.0,0.0,0.0,0.0,0.0,0.0,0.0,0.0,0.0,0.0,0.0,0.0,0.0,0.0,0.0,0.0,0.0,0.0,0.0,0.0,0.0,0.0,0.0,0.0,0.0,0.0,0.0,0.0,0.0,0.0,0.0,0.0,0.0,0.0,0.0,0.0,0.0,0.0,0.0,0.0,0.0,0.0,0.0,0.0,0.0,0.0,0.0,0.0,0.0
0.0,0.0,0.0,0.0,0.0,0.0,0.0,0.0,0.0,0.0,0.0,0.0,0.0,0.0,0.0,0.0,0.0,0.0,0.0,0.0,0.0,0.0,0.0,0.0,0.0,0.0,0.0,0.0,0.0,0.0,0.0,0.0,0.0,0.0,0.0,0.0,0.0,0.0,0.0,0.0,0.0,0.0,0.0,0.0,0.0,0.0,0.0,0.0,0.0,0.0,0.0,0.0,0.0,0.0,0.0,0.0,0.0,0.0,0.0,0.0,0.0,0.0,0.0,0.0,0.0,0.0,0.0,0.0,0.0,0.0,0.0,0.0,0.0,0.0,0.0,0.0,0.0,0.0,0.0,0.0,0.0,0.0,0.0,0.0,0.0
0.0,0.0,0.0,0.0,0.0,0.0,0.0,0.0,0.0,0.0,0.0,0.0,0.0,0.0,0.0,0.0,0.0,0.0,0.0,0.0,0.0,0.0,0.0,0.0,0.0,0.0,0.0,0.0,0.0,0.0,0.0,0.0,0.0,0.0,0.0,0.0,0.0,0.0,0.0,0.0,0.0,0.0,0.0,0.0,0.0,0.0,0.0,0.0,0.0,0.0,0.0,0.0,0.0,0.0,0.0,0.0,0.0,0.0,0.0,0.0,0.0,0.0,0.0,0.0,0.0,0.0,0.0,0.0,0.0,0.0,0.0,0.0,0.0,0.0,0.0,0.0,0.0,0.0,0.0,0.0,0.0,0.0,0.0,0.0,0.0
0.0,0.0,0.0,0.0,0.0,0.0,0.0,0.0,0.0,0.0,0.0,0.0,0.0,0.0,0.0,0.0,0.0,0.0,0.0,0.0,0.0,0.0,0.0,0.0,0.0,0.0,0.0,0.0,0.0,0.0,0.0,0.0,0.0,0.0,0.0,0.0,0.0,0.0,0.0,0.0,0.0,0.0,0.0,0.0,0.0,0.0,0.0,0.0,0.0,0.0,0.0,0.0,0.0,0.0,0.0,0.0,0.0,0.0,0.0,0.0,0.0,0.0,0.0,0.0,0.0,0.0,0.0,0.0,0.0,0.0,0.0,0.0,0.0,0.0,0.0,0.0,0.0,0.0,0.0,0.0,0.0,0.0,0.0,0.0,0.0
0.0,0.0,0.0,0.0,0.0,0.0,0.0,0.0,0.0,0.0,0.0,0.0,0.0,0.0,0.0,0.0,0.0,0.0,0.0,0.0,0.0,0.0,0.0,0.0,0.0,0.0,0.0,0.0,0.0,0.0,0.0,0.0,0.0,0.0,0.0,0.0,0.0,0.0,0.0,0.0,0.0,0.0,0.0,0.0,0.0,0.0,0.0,0.0,0.0,0.0,0.0,0.0,0.0,0.0,0.0,0.0,0.0,0.0,0.0,0.0,0.0,0.0,0.0,0.0,0.0,0.0,0.0,0.0,0.0,0.0,0.0,0.0,0.0,0.0,0.0,0.0,0.0,0.0,0.0,0.0,0.0,0.0,0.0,0.0,0.0
0.0,0.0,0.0,0.0,0.0,0.0,0.0,0.0,0.0,0.0,0.0,0.0,0.0,0.0,0.0,0.0,0.0,0.0,0.0,0.0,0.0,0.0,0.0,0.0,0.0,0.0,0.0,0.0,0.0,0.0,0.0,0.0,0.0,0.0,0.0,0.0,0.0,0.0,0.0,0.0,0.0,0.0,0.0,0.0,0.0,0.0,0.0,0.0,0.0,0.0,0.0,0.0,0.0,0.0,0.0,0.0,0.0,0.0,0.0,0.0,0.0,0.0,0.0,0.0,0.0,0.0,0.0,0.0,0.0,0.0,0.0,0.0,0.0,0.0,0.0,0.0,0.0,0.0,0.0,0.0,0.0,0.0,0.0,0.0,0.0
0.0,0.0,0.0,0.0,0.0,0.0,0.0,0.0,0.0,0.0,0.0,0.0,0.0,0.0,0.0,0.0,0.0,0.0,0.0,0.0,0.0,0.0,0.0,0.0,0.0,0.0,0.0,0.0,0.0,0.0,0.0,0.0,0.0,0.0,0.0,0.0,0.0,0.0,0.0,0.0,0.0,0.0,0.0,0.0,0.0,0.0,0.0,0.0,0.0,0.0,0.0,0.0,0.0,0.0,0.0,0.0,0.0,0.0,0.0,0.0,0.0,0.0,0.0,0.0,0.0,0.0,0.0,0.0,0.0,0.0,0.0,0.0,0.0,0.0,0.0,0.0,0.0,0.0,0.0,0.0,0.0,0.0,0.0,0.0,0.0
0.0,0.0,0.0,0.0,0.0,0.0,0.0,0.0,0.0,0.0,0.0,0.0,0.0,0.0,0.0,0.0,0.0,0.0,0.0,0.0,0.0,0.0,0.0,0.0,0.0,0.0,0.0,0.0,0.0,0.0,0.0,0.0,0.0,0.0,0.0,0.0,0.0,0.0,0.0,0.0,0.0,0.0,0.0,0.0,0.0,0.0,0.0,0.0,0.0,0.0,0.0,0.0,0.0,0.0,0.0,0.0,0.0,0.0,0.0,0.0,0.0,0.0,0.0,0.0,0.0,0.0,0.0,0.0,0.0,0.0,0.0,0.0,0.0,0.0,0.0,0.0,0.0,0.0,0.0,0.0,0.0,0.0,0.0,0.0,0.0
0.0,0.0,0.0,0.0,0.0,0.0,0.0,0.0,0.0,0.0,0.0,0.0,0.0,0.0,0.0,0.0,0.0,0.0,0.0,0.0,0.0,0.0,0.0,0.0,0.0,0.0,0.0,0.0,0.0,0.0,0.0,0.0,0.0,0.0,0.0,0.0,0.0,0.0,0.0,0.0,0.0,0.0,0.0,0.0,0.0,0.0,0.0,0.0,0.0,0.0,0.0,0.0,0.0,0.0,0.0,0.0,0.0,0.0,0.0,0.0,0.0,0.0,0.0,0.0,0.0,0.0,0.0,0.0,0.0,0.0,0.0,0.0,0.0,0.0,0.0,0.0,0.0,0.0,0.0,0.0,0.0,0.0,0.0,0.0,0.0
0.0,0.0,0.0,0.0,0.0,0.0,0.0,0.0,0.0,0.0,0.0,0.0,0.0,0.0,0.0,0.0,0.0,0.0,0.0,0.0,0.0,0.0,0.0,0.0,0.0,0.0,0.0,0.0,0.0,0.0,0.0,0.0,0.0,0.0,0.0,0.0,0.0,0.0,0.0,0.0,0.0,0.0,0.0,0.0,0.0,0.0,0.0,0.0,0.0,0.0,0.0,0.0,0.0,0.0,0.0,0.0,0.0,0.0,0.0,0.0,0.0,0.0,0.0,0.0,0.0,0.0,0.0,0.0,0.0,0.0,0.0,0.0,0.0,0.0,0.0,0.0,0.0,0.0,0.0,0.0,0.0,0.0,0.0,0.0,0.0
0.0,0.0,0.0,0.0,0.0,0.0,0.0,0.0,0.0,0.0,0.0,0.0,0.0,0.0,0.0,0.0,0.0,0.0,0.0,0.0,0.0,0.0,0.0,0.0,0.0,0.0,0.0,0.0,0.0,0.0,0.0,0.0,0.0,0.0,0.0,0.0,0.0,0.0,0.0,0.0,0.0,0.0,0.0,0.0,0.0,0.0,0.0,0.0,0.0,0.0,0.0,0.0,0.0,0.0,0.0,0.0,0.0,0.0,0.0,0.0,0.0,0.0,0.0,0.0,0.0,0.0,0.0,0.0,0.0,0.0,0.0,0.0,0.0,0.0,0.0,0.0,0.0,0.0,0.0,0.0,0.0,0.0,0.0,0.0,0.0
0.0,0.0,0.0,0.0,0.0,0.0,0.0,0.0,0.0,0.0,0.0,0.0,0.0,0.0,0.0,0.0,0.0,0.0,0.0,0.0,0.0,0.0,0.0,0.0,0.0,0.0,0.0,0.0,0.0,0.0,0.0,0.0,0.0,0.0,0.0,0.0,0.0,0.0,0.0,0.0,0.0,0.0,0.0,0.0,0.0,0.0,0.0,0.0,0.0,0.0,0.0,0.0,0.0,0.0,0.0,0.0,0.0,0.0,0.0,0.0,0.0,0.0,0.0,0.0,0.0,0.0,0.0,0.0,0.0,0.0,0.0,0.0,0.0,0.0,0.0,0.0,0.0,0.0,0.0,0.0,0.0,0.0,0.0,0.0,0.0
0.0,0.0,0.0,0.0,0.0,0.0,0.0,0.0,0.0,0.0,0.0,0.0,0.0,0.0,0.0,0.0,0.0,0.0,0.0,0.0,0.0,0.0,0.0,0.0,0.0,0.0,0.0,0.0,0.0,0.0,0.0,0.0,0.0,0.0,0.0,0.0,0.0,0.0,0.0,0.0,0.0,0.0,0.0,0.0,0.0,0.0,0.0,0.0,0.0,0.0,0.0,0.0,0.0,0.0,0.0,0.0,0.0,0.0,0.0,0.0,0.0,0.0,0.0,0.0,0.0,0.0,0.0,0.0,0.0,0.0,0.0,0.0,0.0,0.0,0.0,0.0,0.0,0.0,0.0,0.0,0.0,0.0,0.0,0.0,0.0
0.0,0.0,0.0,0.0,0.0,0.0,0.0,0.0,0.0,0.0,0.0,0.0,0.0,0.0,0.0,0.0,0.0,0.0,0.0,0.0,0.0,0.0,0.0,0.0,0.0,0.0,0.0,0.0,0.0,0.0,0.0,0.0,0.0,0.0,0.0,0.0,0.0,0.0,0.0,0.0,0.0,0.0,0.0,0.0,0.0,0.0,0.0,0.0,0.0,0.0,0.0,0.0,0.0,0.0,0.0,0.0,0.0,0.0,0.0,0.0,0.0,0.0,0.0,0.0,0.0,0.0,0.0,0.0,0.0,0.0,0.0,0.0,0.0,0.0,0.0,0.0,0.0,0.0,0.0,0.0,0.0,0.0,0.0,0.0,0.0
0.0,0.0,0.0,0.0,0.0,0.0,0.0,0.0,0.0,0.0,0.0,0.0,0.0,0.0,0.0,0.0,0.0,0.0,0.0,0.0,0.0,0.0,0.0,0.0,0.0,0.0,0.0,0.0,0.0,0.0,0.0,0.0,0.0,0.0,0.0,0.0,0.0,0.0,0.0,0.0,0.0,0.0,0.0,0.0,0.0,0.0,0.0,0.0,0.0,0.0,0.0,0.0,0.0,0.0,0.0,0.0,0.0,0.0,0.0,0.0,0.0,0.0,0.0,0.0,0.0,0.0,0.0,0.0,0.0,0.0,0.0,0.0,0.0,0.0,0.0,0.0,0.0,0.0,0.0,0.0,0.0,0.0,0.0,0.0,0.0
0.0,0.0,0.0,0.0,0.0,0.0,0.0,0.0,0.0,0.0,0.0,0.0,0.0,0.0,0.0,0.0,0.0,0.0,0.0,0.0,0.0,0.0,0.0,0.0,0.0,0.0,0.0,0.0,0.0,0.0,0.0,0.0,0.0,0.0,0.0,0.0,0.0,0.0,0.0,0.0,0.0,0.0,0.0,0.0,0.0,0.0,0.0,0.0,0.0,0.0,0.0,0.0,0.0,0.0,0.0,0.0,0.0,0.0,0.0,0.0,0.0,0.0,0.0,0.0,0.0,0.0,0.0,0.0,0.0,0.0,0.0,0.0,0.0,0.0,0.0,0.0,0.0,0.0,0.0,0.0,0.0,0.0,0.0,0.0,0.0
0.0,0.0,0.0,0.0,0.0,0.0,0.0,0.0,0.0,0.0,0.0,0.0,0.0,0.0,0.0,0.0,0.0,0.0,0.0,0.0,0.0,0.0,0.0,0.0,0.0,0.0,0.0,0.0,0.0,0.0,0.0,0.0,0.0,0.0,0.0,0.0,0.0,0.0,0.0,0.0,0.0,0.0,0.0,0.0,0.0,0.0,0.0,0.0,0.0,0.0,0.0,0.0,0.0,0.0,0.0,0.0,0.0,0.0,0.0,0.0,0.0,0.0,0.0,0.0,0.0,0.0,0.0,0.0,0.0,0.0,0.0,0.0,0.0,0.0,0.0,0.0,0.0,0.0,0.0,0.0,0.0,0.0,0.0,0.0,0.0
0.0,0.0,0.0,0.0,0.0,0.0,0.0,0.0,0.0,0.0,0.0,0.0,0.0,0.0,0.0,0.0,0.0,0.0,0.0,0.0,0.0,0.0,0.0,0.0,0.0,0.0,0.0,0.0,0.0,0.0,0.0,0.0,0.0,0.0,0.0,0.0,0.0,0.0,0.0,0.0,0.0,0.0,0.0,0.0,0.0,0.0,0.0,0.0,0.0,0.0,0.0,0.0,0.0,0.0,0.0,0.0,0.0,0.0,0.0,0.0,0.0,0.0,0.0,0.0,0.0,0.0,0.0,0.0,0.0,0.0,0.0,0.0,0.0,0.0,0.0,0.0,0.0,0.0,0.0,0.0,0.0,0.0,0.0,0.0,0.0
0.0,0.0,0.0,0.0,0.0,0.0,0.0,0.0,0.0,0.0,0.0,0.0,0.0,0.0,0.0,0.0,0.0,0.0,0.0,0.0,0.0,0.0,0.0,0.0,0.0,0.0,0.0,0.0,0.0,0.0,0.0,0.0,0.0,0.0,0.0,0.0,0.0,0.0,0.0,0.0,0.0,0.0,0.0,0.0,0.0,0.0,0.0,0.0,0.0,0.0,0.0,0.0,0.0,0.0,0.0,0.0,0.0,0.0,0.0,0.0,0.0,0.0,0.0,0.0,0.0,0.0,0.0,0.0,0.0,0.0,0.0,0.0,0.0,0.0,0.0,0.0,0.0,0.0,0.0,0.0,0.0,0.0,0.0,0.0,0.0
0.0,0.0,0.0,0.0,0.0,0.0,0.0,0.0,0.0,0.0,0.0,0.0,0.0,0.0,0.0,0.0,0.0,0.0,0.0,0.0,0.0,0.0,0.0,0.0,0.0,0.0,0.0,0.0,0.0,0.0,0.0,0.0,0.0,0.0,0.0,0.0,0.0,0.0,0.0,0.0,0.0,0.0,0.0,0.0,0.0,0.0,0.0,0.0,0.0,0.0,0.0,0.0,0.0,0.0,0.0,0.0,0.0,0.0,0.0,0.0,0.0,0.0,0.0,0.0,0.0,0.0,0.0,0.0,0.0,0.0,0.0,0.0,0.0,0.0,0.0,0.0,0.0,0.0,0.0,0.0,0.0,0.0,0.0,0.0,0.0
0.0,0.0,0.0,0.0,0.0,0.0,0.0,0.0,0.0,0.0,0.0,0.0,0.0,0.0,0.0,0.0,0.0,0.0,0.0,0.0,0.0,0.0,0.0,0.0,0.0,0.0,0.0,0.0,0.0,0.0,0.0,0.0,0.0,0.0,0.0,0.0,0.0,0.0,0.0,0.0,0.0,0.0,0.0,0.0,0.0,0.0,0.0,0.0,0.0,0.0,0.0,0.0,0.0,0.0,0.0,0.0,0.0,0.0,0.0,0.0,0.0,0.0,0.0,0.0,0.0,0.0,0.0,0.0,0.0,0.0,0.0,0.0,0.0,0.0,0.0,0.0,0.0,0.0,0.0,0.0,0.0,0.0,0.0,0.0,0.0
0.0,0.0,0.0,0.0,0.0,0.0,0.0,0.0,0.0,0.0,0.0,0.0,0.0,0.0,0.0,0.0,0.0,0.0,0.0,0.0,0.0,0.0,0.0,0.0,0.0,0.0,0.0,0.0,0.0,0.0,0.0,0.0,0.0,0.0,0.0,0.0,0.0,0.0,0.0,0.0,0.0,0.0,0.0,0.0,0.0,0.0,0.0,0.0,0.0,0.0,0.0,0.0,0.0,0.0,0.0,0.0,0.0,0.0,0.0,0.0,0.0,0.0,0.0,0.0,0.0,0.0,0.0,0.0,0.0,0.0,0.0,0.0,0.0,0.0,0.0,0.0,0.0,0.0,0.0,0.0,0.0,0.0,0.0,0.0,0.0
0.0,0.0,0.0,0.0,0.0,0.0,0.0,0.0,0.0,0.0,0.0,0.0,0.0,0.0,0.0,0.0,0.0,0.0,0.0,0.0,0.0,0.0,0.0,0.0,0.0,0.0,0.0,0.0,0.0,0.0,0.0,0.0,0.0,0.0,0.0,0.0,0.0,0.0,0.0,0.0,0.0,0.0,0.0,0.0,0.0,0.0,0.0,0.0,0.0,0.0,0.0,0.0,0.0,0.0,0.0,0.0,0.0,0.0,0.0,0.0,0.0,0.0,0.0,0.0,0.0,0.0,0.0,0.0,0.0,0.0,0.0,0.0,0.0,0.0,0.0,0.0,0.0,0.0,0.0,0.0,0.0,0.0,0.0,0.0,0.0
0.0,0.0,0.0,0.0,0.0,0.0,0.0,0.0,0.0,0.0,0.0,0.0,0.0,0.0,0.0,0.0,0.0,0.0,0.0,0.0,0.0,0.0,0.0,0.0,0.0,0.0,0.0,0.0,0.0,0.0,0.0,0.0,0.0,0.0,0.0,0.0,0.0,0.0,0.0,0.0,0.0,0.0,0.0,0.0,0.0,0.0,0.0,0.0,0.0,0.0,0.0,0.0,0.0,0.0,0.0,0.0,0.0,0.0,0.0,0.0,0.0,0.0,0.0,0.0,0.0,0.0,0.0,0.0,0.0,0.0,0.0,0.0,0.0,0.0,0.0,0.0,0.0,0.0,0.0,0.0,0.0,0.0,0.0,0.0,0.0
0.0,0.0,0.0,0.0,0.0,0.0,0.0,0.0,0.0,0.0,0.0,0.0,0.0,0.0,0.0,0.0,0.0,0.0,0.0,0.0,0.0,0.0,0.0,0.0,0.0,0.0,0.0,0.0,0.0,0.0,0.0,0.0,0.0,0.0,0.0,0.0,0.0,0.0,0.0,0.0,0.0,0.0,0.0,0.0,0.0,0.0,0.0,0.0,0.0,0.0,0.0,0.0,0.0,0.0,0.0,0.0,0.0,0.0,0.0,0.0,0.0,0.0,0.0,0.0,0.0,0.0,0.0,0.0,0.0,0.0,0.0,0.0,0.0,0.0,0.0,0.0,0.0,0.0,0.0,0.0,0.0,0.0,0.0,0.0,0.0
0.0,0.0,0.0,0.0,0.0,0.0,0.0,0.0,0.0,0.0,0.0,0.0,0.0,0.0,0.0,0.0,0.0,0.0,0.0,0.0,0.0,0.0,0.0,0.0,0.0,0.0,0.0,0.0,0.0,0.0,0.0,0.0,0.0,0.0,0.0,0.0,0.0,0.0,0.0,0.0,0.0,0.0,0.0,0.0,0.0,0.0,0.0,0.0,0.0,0.0,0.0,0.0,0.0,0.0,0.0,0.0,0.0,0.0,0.0,0.0,0.0,0.0,0.0,0.0,0.0,0.0,0.0,0.0,0.0,0.0,0.0,0.0,0.0,0.0,0.0,0.0,0.0,0.0,0.0,0.0,0.0,0.0,0.0,0.0,0.0
0.0,0.0,0.0,0.0,0.0,0.0,0.0,0.0,0.0,0.0,0.0,0.0,0.0,0.0,0.0,0.0,0.0,0.0,0.0,0.0,0.0,0.0,0.0,0.0,0.0,0.0,0.0,0.0,0.0,0.0,0.0,0.0,0.0,0.0,0.0,0.0,0.0,0.0,0.0,0.0,0.0,0.0,0.0,0.0,0.0,0.0,0.0,0.0,0.0,0.0,0.0,0.0,0.0,0.0,0.0,0.0,0.0,0.0,0.0,0.0,0.0,0.0,0.0,0.0,0.0,0.0,0.0,0.0,0.0,0.0,0.0,0.0,0.0,0.0,0.0,0.0,0.0,0.0,0.0,0.0,0.0,0.0,0.0,0.0,0.0
0.0,0.0,0.0,0.0,0.0,0.0,0.0,0.0,0.0,0.0,0.0,0.0,0.0,0.0,0.0,0.0,0.0,0.0,0.0,0.0,0.0,0.0,0.0,0.0,0.0,0.0,0.0,0.0,0.0,0.0,0.0,0.0,0.0,0.0,0.0,0.0,0.0,0.0,0.0,0.0,0.0,0.0,0.0,0.0,0.0,0.0,0.0,0.0,0.0,0.0,0.0,0.0,0.0,0.0,0.0,0.0,0.0,0.0,0.0,0.0,0.0,0.0,0.0,0.0,0.0,0.0,0.0,0.0,0.0,0.0,0.0,0.0,0.0,0.0,0.0,0.0,0.0,0.0,0.0,0.0,0.0,0.0,0.0,0.0,0.0
0.0,0.0,0.0,0.0,0.0,0.0,0.0,0.0,0.0,0.0,0.0,0.0,0.0,0.0,0.0,0.0,0.0,0.0,0.0,0.0,0.0,0.0,0.0,0.0,0.0,0.0,0.0,0.0,0.0,0.0,0.0,0.0,0.0,0.0,0.0,0.0,0.0,0.0,0.0,0.0,0.0,0.0,0.0,0.0,0.0,0.0,0.0,0.0,0.0,0.0,0.0,0.0,0.0,0.0,0.0,0.0,0.0,0.0,0.0,0.0,0.0,0.0,0.0,0.0,0.0,0.0,0.0,0.0,0.0,0.0,0.0,0.0,0.0,0.0,0.0,0.0,0.0,0.0,0.0,0.0,0.0,0.0,0.0,0.0,0.0
0.0,0.0,0.0,0.0,0.0,0.0,0.0,0.0,0.0,0.0,0.0,0.0,0.0,0.0,0.0,0.0,0.0,0.0,0.0,0.0,0.0,0.0,0.0,0.0,0.0,0.0,0.0,0.0,0.0,0.0,0.0,0.0,0.0,0.0,0.0,0.0,0.0,0.0,0.0,0.0,0.0,0.0,0.0,0.0,0.0,0.0,0.0,0.0,0.0,0.0,0.0,0.0,0.0,0.0,0.0,0.0,0.0,0.0,0.0,0.0,0.0,0.0,0.0,0.0,0.0,0.0,0.0,0.0,0.0,0.0,0.0,0.0,0.0,0.0,0.0,0.0,0.0,0.0,0.0,0.0,0.0,0.0,0.0,0.0,0.0
0.0,0.0,0.0,0.0,0.0,0.0,0.0,0.0,0.0,0.0,0.0,0.0,0.0,0.0,0.0,0.0,0.0,0.0,0.0,0.0,0.0,0.0,0.0,0.0,0.0,0.0,0.0,0.0,0.0,0.0,0.0,0.0,0.0,0.0,0.0,0.0,0.0,0.0,0.0,0.0,0.0,0.0,0.0,0.0,0.0,0.0,0.0,0.0,0.0,0.0,0.0,0.0,0.0,0.0,0.0,0.0,0.0,0.0,0.0,0.0,0.0,0.0,0.0,0.0,0.0,0.0,0.0,0.0,0.0,0.0,0.0,0.0,0.0,0.0,0.0,0.0,0.0,0.0,0.0,0.0,0.0,0.0,0.0,0.0,0.0
0.0,0.0,0.0,0.0,0.0,0.0,0.0,0.0,0.0,0.0,0.0,0.0,0.0,0.0,0.0,0.0,0.0,0.0,0.0,0.0,0.0,0.0,0.0,0.0,0.0,0.0,0.0,0.0,0.0,0.0,0.0,0.0,0.0,0.0,0.0,0.0,0.0,0.0,0.0,0.0,0.0,0.0,0.0,0.0,0.0,0.0,0.0,0.0,0.0,0.0,0.0,0.0,0.0,0.0,0.0,0.0,0.0,0.0,0.0,0.0,0.0,0.0,0.0,0.0,0.0,0.0,0.0,0.0,0.0,0.0,0.0,0.0,0.0,0.0,0.0,0.0,0.0,0.0,0.0,0.0,0.0,0.0,0.0,0.0,0.0
0.0,0.0,0.0,0.0,0.0,0.0,0.0,0.0,0.0,0.0,0.0,0.0,0.0,0.0,0.0,0.0,0.0,0.0,0.0,0.0,0.0,0.0,0.0,0.0,0.0,0.0,0.0,0.0,0.0,0.0,0.0,0.0,0.0,0.0,0.0,0.0,0.0,0.0,0.0,0.0,0.0,0.0,0.0,0.0,0.0,0.0,0.0,0.0,0.0,0.0,0.0,0.0,0.0,0.0,0.0,0.0,0.0,0.0,0.0,0.0,0.0,0.0,0.0,0.0,0.0,0.0,0.0,0.0,0.0,0.0,0.0,0.0,0.0,0.0,0.0,0.0,0.0,0.0,0.0,0.0,0.0,0.0,0.0,0.0,0.0
0.0,0.0,0.0,0.0,0.0,0.0,0.0,0.0,0.0,0.0,0.0,0.0,0.0,0.0,0.0,0.0,0.0,0.0,0.0,0.0,0.0,0.0,0.0,0.0,0.0,0.0,0.0,0.0,0.0,0.0,0.0,0.0,0.0,0.0,0.0,0.0,0.0,0.0,0.0,0.0,0.0,0.0,0.0,0.0,0.0,0.0,0.0,0.0,0.0,0.0,0.0,0.0,0.0,0.0,0.0,0.0,0.0,0.0,0.0,0.0,0.0,0.0,0.0,0.0,0.0,0.0,0.0,0.0,0.0,0.0,0.0,0.0,0.0,0.0,0.0,0.0,0.0,0.0,0.0,0.0,0.0,0.0,0.0,0.0,0.0
0.0,0.0,0.0,0.0,0.0,0.0,0.0,0.0,0.0,0.0,0.0,0.0,0.0,0.0,0.0,0.0,0.0,0.0,0.0,0.0,0.0,0.0,0.0,0.0,0.0,0.0,0.0,0.0,0.0,0.0,0.0,0.0,0.0,0.0,0.0,0.0,0.0,0.0,0.0,0.0,0.0,0.0,0.0,0.0,0.0,0.0,0.0,0.0,0.0,0.0,0.0,0.0,0.0,0.0,0.0,0.0,0.0,0.0,0.0,0.0,0.0,0.0,0.0,0.0,0.0,0.0,0.0,0.0,0.0,0.0,0.0,0.0,0.0,0.0,0.0,0.0,0.0,0.0,0.0,0.0,0.0,0.0,0.0,0.0,0.0
0.0,0.0,0.0,0.0,0.0,0.0,0.0,0.0,0.0,0.0,0.0,0.0,0.0,0.0,0.0,0.0,0.0,0.0,0.0,0.0,0.0,0.0,0.0,0.0,0.0,0.0,0.0,0.0,0.0,0.0,0.0,0.0,0.0,0.0,0.0,0.0,0.0,0.0,0.0,0.0,0.0,0.0,0.0,0.0,0.0,0.0,0.0,0.0,0.0,0.0,0.0,0.0,0.0,0.0,0.0,0.0,0.0,0.0,0.0,0.0,0.0,0.0,0.0,0.0,0.0,0.0,0.0,0.0,0.0,0.0,0.0,0.0,0.0,0.0,0.0,0.0,0.0,0.0,0.0,0.0,0.0,0.0,0.0,0.0,0.0
0.0,0.0,0.0,0.0,0.0,0.0,0.0,0.0,0.0,0.0,0.0,0.0,0.0,0.0,0.0,0.0,0.0,0.0,0.0,0.0,0.0,0.0,0.0,0.0,0.0,0.0,0.0,0.0,0.0,0.0,0.0,0.0,0.0,0.0,0.0,0.0,0.0,0.0,0.0,0.0,0.0,0.0,0.0,0.0,0.0,0.0,0.0,0.0,0.0,0.0,0.0,0.0,0.0,0.0,0.0,0.0,0.0,0.0,0.0,0.0,0.0,0.0,0.0,0.0,0.0,0.0,0.0,0.0,0.0,0.0,0.0,0.0,0.0,0.0,0.0,0.0,0.0,0.0,0.0,0.0,0.0,0.0,0.0,0.0,0.0
0.0,0.0,0.0,0.0,0.0,0.0,0.0,0.0,0.0,0.0,0.0,0.0,0.0,0.0,0.0,0.0,0.0,0.0,0.0,0.0,0.0,0.0,0.0,0.0,0.0,0.0,0.0,0.0,0.0,0.0,0.0,0.0,0.0,0.0,0.0,0.0,0.0,0.0,0.0,0.0,0.0,0.0,0.0,0.0,0.0,0.0,0.0,0.0,0.0,0.0,0.0,0.0,0.0,0.0,0.0,0.0,0.0,0.0,0.0,0.0,0.0,0.0,0.0,0.0,0.0,0.0,0.0,0.0,0.0,0.0,0.0,0.0,0.0,0.0,0.0,0.0,0.0,0.0,0.0,0.0,0.0,0.0,0.0,0.0,0.0
0.0,0.0,0.0,0.0,0.0,0.0,0.0,0.0,0.0,0.0,0.0,0.0,0.0,0.0,0.0,0.0,0.0,0.0,0.0,0.0,0.0,0.0,0.0,0.0,0.0,0.0,0.0,0.0,0.0,0.0,0.0,0.0,0.0,0.0,0.0,0.0,0.0,0.0,0.0,0.0,0.0,0.0,0.0,0.0,0.0,0.0,0.0,0.0,0.0,0.0,0.0,0.0,0.0,0.0,0.0,0.0,0.0,0.0,0.0,0.0,0.0,0.0,0.0,0.0,0.0,0.0,0.0,0.0,0.0,0.0,0.0,0.0,0.0,0.0,0.0,0.0,0.0,0.0,0.0,0.0,0.0,0.0,0.0,0.0,0.0
0.0,0.0,0.0,0.0,0.0,0.0,0.0,0.0,0.0,0.0,0.0,0.0,0.0,0.0,0.0,0.0,0.0,0.0,0.0,0.0,0.0,0.0,0.0,0.0,0.0,0.0,0.0,0.0,0.0,0.0,0.0,0.0,0.0,0.0,0.0,0.0,0.0,0.0,0.0,0.0,0.0,0.0,0.0,0.0,0.0,0.0,0.0,0.0,0.0,0.0,0.0,0.0,0.0,0.0,0.0,0.0,0.0,0.0,0.0,0.0,0.0,0.0,0.0,0.0,0.0,0.0,0.0,0.0,0.0,0.0,0.0,0.0,0.0,0.0,0.0,0.0,0.0,0.0,0.0,0.0,0.0,0.0,0.0,0.0,0.0
0.0,0.0,0.0,0.0,0.0,0.0,0.0,0.0,0.0,0.0,0.0,0.0,0.0,0.0,0.0,0.0,0.0,0.0,0.0,0.0,0.0,0.0,0.0,0.0,0.0,0.0,0.0,0.0,0.0,0.0,0.0,0.0,0.0,0.0,0.0,0.0,0.0,0.0,0.0,0.0,0.0,0.0,0.0,0.0,0.0,0.0,0.0,0.0,0.0,0.0,0.0,0.0,0.0,0.0,0.0,0.0,0.0,0.0,0.0,0.0,0.0,0.0,0.0,0.0,0.0,0.0,0.0,0.0,0.0,0.0,0.0,0.0,0.0,0.0,0.0,0.0,0.0,0.0,0.0,0.0,0.0,0.0,0.0,0.0,0.0
0.0,0.0,0.0,0.0,0.0,0.0,0.0,0.0,0.0,0.0,0.0,0.0,0.0,0.0,0.0,0.0,0.0,0.0,0.0,0.0,0.0,0.0,0.0,0.0,0.0,0.0,0.0,0.0,0.0,0.0,0.0,0.0,0.0,0.0,0.0,0.0,0.0,0.0,0.0,0.0,0.0,0.0,0.0,0.0,0.0,0.0,0.0,0.0,0.0,0.0,0.0,0.0,0.0,0.0,0.0,0.0,0.0,0.0,0.0,0.0,0.0,0.0,0.0,0.0,0.0,0.0,0.0,0.0,0.0,0.0,0.0,0.0,0.0,0.0,0.0,0.0,0.0,0.0,0.0,0.0,0.0,0.0,0.0,0.0,0.0
0.0,0.0,0.0,0.0,0.0,0.0,0.0,0.0,0.0,0.0,0.0,0.0,0.0,0.0,0.0,0.0,0.0,0.0,0.0,0.0,0.0,0.0,0.0,0.0,0.0,0.0,0.0,0.0,0.0,0.0,0.0,0.0,0.0,0.0,0.0,0.0,0.0,0.0,0.0,0.0,0.0,0.0,0.0,0.0,0.0,0.0,0.0,0.0,0.0,0.0,0.0,0.0,0.0,0.0,0.0,0.0,0.0,0.0,0.0,0.0,0.0,0.0,0.0,0.0,0.0,0.0,0.0,0.0,0.0,0.0,0.0,0.0,0.0,0.0,0.0,0.0,0.0,0.0,0.0,0.0,0.0,0.0,0.0,0.0,0.0
0.0,0.0,0.0,0.0,0.0,0.0,0.0,0.0,0.0,0.0,0.0,0.0,0.0,0.0,0.0,0.0,0.0,0.0,0.0,0.0,0.0,0.0,0.0,0.0,0.0,0.0,0.0,0.0,0.0,0.0,0.0,0.0,0.0,0.0,0.0,0.0,0.0,0.0,0.0,0.0,0.0,0.0,0.0,0.0,0.0,0.0,0.0,0.0,0.0,0.0,0.0,0.0,0.0,0.0,0.0,0.0,0.0,0.0,0.0,0.0,0.0,0.0,0.0,0.0,0.0,0.0,0.0,0.0,0.0,0.0,0.0,0.0,0.0,0.0,0.0,0.0,0.0,0.0,0.0,0.0,0.0,0.0,0.0,0.0,0.0
0.0,0.0,0.0,0.0,0.0,0.0,0.0,0.0,0.0,0.0,0.0,0.0,0.0,0.0,0.0,0.0,0.0,0.0,0.0,0.0,0.0,0.0,0.0,0.0,0.0,0.0,0.0,0.0,0.0,0.0,0.0,0.0,0.0,0.0,0.0,0.0,0.0,0.0,0.0,0.0,0.0,0.0,0.0,0.0,0.0,0.0,0.0,0.0,0.0,0.0,0.0,0.0,0.0,0.0,0.0,0.0,0.0,0.0,0.0,0.0,0.0,0.0,0.0,0.0,0.0,0.0,0.0,0.0,0.0,0.0,0.0,0.0,0.0,0.0,0.0,0.0,0.0,0.0,0.0,0.0,0.0,0.0,0.0,0.0,0.0
0.0,0.0,0.0,0.0,0.0,0.0,0.0,0.0,0.0,0.0,0.0,0.0,0.0,0.0,0.0,0.0,0.0,0.0,0.0,0.0,0.0,0.0,0.0,0.0,0.0,0.0,0.0,0.0,0.0,0.0,0.0,0.0,0.0,0.0,0.0,0.0,0.0,0.0,0.0,0.0,0.0,0.0,0.0,0.0,0.0,0.0,0.0,0.0,0.0,0.0,0.0,0.0,0.0,0.0,0.0,0.0,0.0,0.0,0.0,0.0,0.0,0.0,0.0,0.0,0.0,0.0,0.0,0.0,0.0,0.0,0.0,0.0,0.0,0.0,0.0,0.0,0.0,0.0,0.0,0.0,0.0,0.0,0.0,0.0,0.0
0.0,0.0,0.0,0.0,0.0,0.0,0.0,0.0,0.0,0.0,0.0,0.0,0.0,0.0,0.0,0.0,0.0,0.0,0.0,0.0,0.0,0.0,0.0,0.0,0.0,0.0,0.0,0.0,0.0,0.0,0.0,0.0,0.0,0.0,0.0,0.0,0.0,0.0,0.0,0.0,0.0,0.0,0.0,0.0,0.0,0.0,0.0,0.0,0.0,0.0,0.0,0.0,0.0,0.0,0.0,0.0,0.0,0.0,0.0,0.0,0.0,0.0,0.0,0.0,0.0,0.0,0.0,0.0,0.0,0.0,0.0,0.0,0.0,0.0,0.0,0.0,0.0,0.0,0.0,0.0,0.0,0.0,0.0,0.0,0.0
0.0,0.0,0.0,0.0,0.0,0.0,0.0,0.0,0.0,0.0,0.0,0.0,0.0,0.0,0.0,0.0,0.0,0.0,0.0,0.0,0.0,0.0,0.0,0.0,0.0,0.0,0.0,0.0,0.0,0.0,0.0,0.0,0.0,0.0,0.0,0.0,0.0,0.0,0.0,0.0,0.0,0.0,0.0,0.0,0.0,0.0,0.0,0.0,0.0,0.0,0.0,0.0,0.0,0.0,0.0,0.0,0.0,0.0,0.0,0.0,0.0,0.0,0.0,0.0,0.0,0.0,0.0,0.0,0.0,0.0,0.0,0.0,0.0,0.0,0.0,0.0,0.0,0.0,0.0,0.0,0.0,0.0,0.0,0.0,0.0
0.0,0.0,0.0,0.0,0.0,0.0,0.0,0.0,0.0,0.0,0.0,0.0,0.0,0.0,0.0,0.0,0.0,0.0,0.0,0.0,0.0,0.0,0.0,0.0,0.0,0.0,0.0,0.0,0.0,0.0,0.0,0.0,0.0,0.0,0.0,0.0,0.0,0.0,0.0,0.0,0.0,0.0,0.0,0.0,0.0,0.0,0.0,0.0,0.0,0.0,0.0,0.0,0.0,0.0,0.0,0.0,0.0,0.0,0.0,0.0,0.0,0.0,0.0,0.0,0.0,0.0,0.0,0.0,0.0,0.0,0.0,0.0,0.0,0.0,0.0,0.0,0.0,0.0,0.0,0.0,0.0,0.0,0.0,0.0,0.0
0.0,0.0,0.0,0.0,0.0,0.0,0.0,0.0,0.0,0.0,0.0,0.0,0.0,0.0,0.0,0.0,0.0,0.0,0.0,0.0,0.0,0.0,0.0,0.0,0.0,0.0,0.0,0.0,0.0,0.0,0.0,0.0,0.0,0.0,0.0,0.0,0.0,0.0,0.0,0.0,0.0,0.0,0.0,0.0,0.0,0.0,0.0,0.0,0.0,0.0,0.0,0.0,0.0,0.0,0.0,0.0,0.0,0.0,0.0,0.0,0.0,0.0,0.0,0.0,0.0,0.0,0.0,0.0,0.0,0.0,0.0,0.0,0.0,0.0,0.0,0.0,0.0,0.0,0.0,0.0,0.0,0.0,0.0,0.0,0.0
0.0,0.0,0.0,0.0,0.0,0.0,0.0,0.0,0.0,0.0,0.0,0.0,0.0,0.0,0.0,0.0,0.0,0.0,0.0,0.0,0.0,0.0,0.0,0.0,0.0,0.0,0.0,0.0,0.0,0.0,0.0,0.0,0.0,0.0,0.0,0.0,0.0,0.0,0.0,0.0,0.0,0.0,0.0,0.0,0.0,0.0,0.0,0.0,0.0,0.0,0.0,0.0,0.0,0.0,0.0,0.0,0.0,0.0,0.0,0.0,0.0,0.0,0.0,0.0,0.0,0.0,0.0,0.0,0.0,0.0,0.0,0.0,0.0,0.0,0.0,0.0,0.0,0.0,0.0,0.0,0.0,0.0,0.0,0.0,0.0
0.0,0.0,0.0,0.0,0.0,0.0,0.0,0.0,0.0,0.0,0.0,0.0,0.0,0.0,0.0,0.0,0.0,0.0,0.0,0.0,0.0,0.0,0.0,0.0,0.0,0.0,0.0,0.0,0.0,0.0,0.0,0.0,0.0,0.0,0.0,0.0,0.0,0.0,0.0,0.0,0.0,0.0,0.0,0.0,0.0,0.0,0.0,0.0,0.0,0.0,0.0,0.0,0.0,0.0,0.0,0.0,0.0,0.0,0.0,0.0,0.0,0.0,0.0,0.0,0.0,0.0,0.0,0.0,0.0,0.0,0.0,0.0,0.0,0.0,0.0,0.0,0.0,0.0,0.0,0.0,0.0,0.0,0.0,0.0,0.0
0.0,0.0,0.0,0.0,0.0,0.0,0.0,0.0,0.0,0.0,0.0,0.0,0.0,0.0,0.0,0.0,0.0,0.0,0.0,0.0,0.0,0.0,0.0,0.0,0.0,0.0,0.0,0.0,0.0,0.0,0.0,0.0,0.0,0.0,0.0,0.0,0.0,0.0,0.0,0.0,0.0,0.0,0.0,0.0,0.0,0.0,0.0,0.0,0.0,0.0,0.0,0.0,0.0,0.0,0.0,0.0,0.0,0.0,0.0,0.0,0.0,0.0,0.0,0.0,0.0,0.0,0.0,0.0,0.0,0.0,0.0,0.0,0.0,0.0,0.0,0.0,0.0,0.0,0.0,0.0,0.0,0.0,0.0,0.0,0.0
0.0,0.0,0.0,0.0,0.0,0.0,0.0,0.0,0.0,0.0,0.0,0.0,0.0,0.0,0.0,0.0,0.0,0.0,0.0,0.0,0.0,0.0,0.0,0.0,0.0,0.0,0.0,0.0,0.0,0.0,0.0,0.0,0.0,0.0,0.0,0.0,0.0,0.0,0.0,0.0,0.0,0.0,0.0,0.0,0.0,0.0,0.0,0.0,0.0,0.0,0.0,0.0,0.0,0.0,0.0,0.0,0.0,0.0,0.0,0.0,0.0,0.0,0.0,0.0,0.0,0.0,0.0,0.0,0.0,0.0,0.0,0.0,0.0,0.0,0.0,0.0,0.0,0.0,0.0,0.0,0.0,0.0,0.0,0.0,0.0
0.0,0.0,0.0,0.0,0.0,0.0,0.0,0.0,0.0,0.0,0.0,0.0,0.0,0.0,0.0,0.0,0.0,0.0,0.0,0.0,0.0,0.0,0.0,0.0,0.0,0.0,0.0,0.0,0.0,0.0,0.0,0.0,0.0,0.0,0.0,0.0,0.0,0.0,0.0,0.0,0.0,0.0,0.0,0.0,0.0,0.0,0.0,0.0,0.0,0.0,0.0,0.0,0.0,0.0,0.0,0.0,0.0,0.0,0.0,0.0,0.0,0.0,0.0,0.0,0.0,0.0,0.0,0.0,0.0,0.0,0.0,0.0,0.0,0.0,0.0,0.0,0.0,0.0,0.0,0.0,0.0,0.0,0.0,0.0,0.0
0.0,0.0,0.0,0.0,0.0,0.0,0.0,0.0,0.0,0.0,0.0,0.0,0.0,0.0,0.0,0.0,0.0,0.0,0.0,0.0,0.0,0.0,0.0,0.0,0.0,0.0,0.0,0.0,0.0,0.0,0.0,0.0,0.0,0.0,0.0,0.0,0.0,0.0,0.0,0.0,0.0,0.0,0.0,0.0,0.0,0.0,0.0,0.0,0.0,0.0,0.0,0.0,0.0,0.0,0.0,0.0,0.0,0.0,0.0,0.0,0.0,0.0,0.0,0.0,0.0,0.0,0.0,0.0,0.0,0.0,0.0,0.0,0.0,0.0,0.0,0.0,0.0,0.0,0.0,0.0,0.0,0.0,0.0,0.0,0.0
0.0,0.0,0.0,0.0,0.0,0.0,0.0,0.0,0.0,0.0,0.0,0.0,0.0,0.0,0.0,0.0,0.0,0.0,0.0,0.0,0.0,0.0,0.0,0.0,0.0,0.0,0.0,0.0,0.0,0.0,0.0,0.0,0.0,0.0,0.0,0.0,0.0,0.0,0.0,0.0,0.0,0.0,0.0,0.0,0.0,0.0,0.0,0.0,0.0,0.0,0.0,0.0,0.0,0.0,0.0,0.0,0.0,0.0,0.0,0.0,0.0,0.0,0.0,0.0,0.0,0.0,0.0,0.0,0.0,0.0,0.0,0.0,0.0,0.0,0.0,0.0,0.0,0.0,0.0,0.0,0.0,0.0,0.0,0.0,0.0
0.0,0.0,0.0,0.0,0.0,0.0,0.0,0.0,0.0,0.0,0.0,0.0,0.0,0.0,0.0,0.0,0.0,0.0,0.0,0.0,0.0,0.0,0.0,0.0,0.0,0.0,0.0,0.0,0.0,0.0,0.0,0.0,0.0,0.0,0.0,0.0,0.0,0.0,0.0,0.0,0.0,0.0,0.0,0.0,0.0,0.0,0.0,0.0,0.0,0.0,0.0,0.0,0.0,0.0,0.0,0.0,0.0,0.0,0.0,0.0,0.0,0.0,0.0,0.0,0.0,0.0,0.0,0.0,0.0,0.0,0.0,0.0,0.0,0.0,0.0,0.0,0.0,0.0,0.0,0.0,0.0,0.0,0.0,0.0,0.0
0.0,0.0,0.0,0.0,0.0,0.0,0.0,0.0,0.0,0.0,0.0,0.0,0.0,0.0,0.0,0.0,0.0,0.0,0.0,0.0,0.0,0.0,0.0,0.0,0.0,0.0,0.0,0.0,0.0,0.0,0.0,0.0,0.0,0.0,0.0,0.0,0.0,0.0,0.0,0.0,0.0,0.0,0.0,0.0,0.0,0.0,0.0,0.0,0.0,0.0,0.0,0.0,0.0,0.0,0.0,0.0,0.0,0.0,0.0,0.0,0.0,0.0,0.0,0.0,0.0,0.0,0.0,0.0,0.0,0.0,0.0,0.0,0.0,0.0,0.0,0.0,0.0,0.0,0.0,0.0,0.0,0.0,0.0,0.0,0.0
0.0,0.0,0.0,0.0,0.0,0.0,0.0,0.0,0.0,0.0,0.0,0.0,0.0,0.0,0.0,0.0,0.0,0.0,0.0,0.0,0.0,0.0,0.0,0.0,0.0,0.0,0.0,0.0,0.0,0.0,0.0,0.0,0.0,0.0,0.0,0.0,0.0,0.0,0.0,0.0,0.0,0.0,0.0,0.0,0.0,0.0,0.0,0.0,0.0,0.0,0.0,0.0,0.0,0.0,0.0,0.0,0.0,0.0,0.0,0.0,0.0,0.0,0.0,0.0,0.0,0.0,0.0,0.0,0.0,0.0,0.0,0.0,0.0,0.0,0.0,0.0,0.0,0.0,0.0,0.0,0.0,0.0,0.0,0.0,0.0
0.0,0.0,0.0,0.0,0.0,0.0,0.0,0.0,0.0,0.0,0.0,0.0,0.0,0.0,0.0,0.0,0.0,0.0,0.0,0.0,0.0,0.0,0.0,0.0,0.0,0.0,0.0,0.0,0.0,0.0,0.0,0.0,0.0,0.0,0.0,0.0,0.0,0.0,0.0,0.0,0.0,0.0,0.0,0.0,0.0,0.0,0.0,0.0,0.0,0.0,0.0,0.0,0.0,0.0,0.0,0.0,0.0,0.0,0.0,0.0,0.0,0.0,0.0,0.0,0.0,0.0,0.0,0.0,0.0,0.0,0.0,0.0,0.0,0.0,0.0,0.0,0.0,0.0,0.0,0.0,0.0,0.0,0.0,0.0,0.0
0.0,0.0,0.0,0.0,0.0,0.0,0.0,0.0,0.0,0.0,0.0,0.0,0.0,0.0,0.0,0.0,0.0,0.0,0.0,0.0,0.0,0.0,0.0,0.0,0.0,0.0,0.0,0.0,0.0,0.0,0.0,0.0,0.0,0.0,0.0,0.0,0.0,0.0,0.0,0.0,0.0,0.0,0.0,0.0,0.0,0.0,0.0,0.0,0.0,0.0,0.0,0.0,0.0,0.0,0.0,0.0,0.0,0.0,0.0,0.0,0.0,0.0,0.0,0.0,0.0,0.0,0.0,0.0,0.0,0.0,0.0,0.0,0.0,0.0,0.0,0.0,0.0,0.0,0.0,0.0,0.0,0.0,0.0,0.0,0.0
0.0,0.0,0.0,0.0,0.0,0.0,0.0,0.0,0.0,0.0,0.0,0.0,0.0,0.0,0.0,0.0,0.0,0.0,0.0,0.0,0.0,0.0,0.0,0.0,0.0,0.0,0.0,0.0,0.0,0.0,0.0,0.0,0.0,0.0,0.0,0.0,0.0,0.0,0.0,0.0,0.0,0.0,0.0,0.0,0.0,0.0,0.0,0.0,0.0,0.0,0.0,0.0,0.0,0.0,0.0,0.0,0.0,0.0,0.0,0.0,0.0,0.0,0.0,0.0,0.0,0.0,0.0,0.0,0.0,0.0,0.0,0.0,0.0,0.0,0.0,0.0,0.0,0.0,0.0,0.0,0.0,0.0,0.0,0.0,0.0
0.0,0.0,0.0,0.0,0.0,0.0,0.0,0.0,0.0,0.0,0.0,0.0,0.0,0.0,0.0,0.0,0.0,0.0,0.0,0.0,0.0,0.0,0.0,0.0,0.0,0.0,0.0,0.0,0.0,0.0,0.0,0.0,0.0,0.0,0.0,0.0,0.0,0.0,0.0,0.0,0.0,0.0,0.0,0.0,0.0,0.0,0.0,0.0,0.0,0.0,0.0,0.0,0.0,0.0,0.0,0.0,0.0,0.0,0.0,0.0,0.0,0.0,0.0,0.0,0.0,0.0,0.0,0.0,0.0,0.0,0.0,0.0,0.0,0.0,0.0,0.0,0.0,0.0,0.0,0.0,0.0,0.0,0.0,0.0,0.0
0.0,0.0,0.0,0.0,0.0,0.0,0.0,0.0,0.0,0.0,0.0,0.0,0.0,0.0,0.0,0.0,0.0,0.0,0.0,0.0,0.0,0.0,0.0,0.0,0.0,0.0,0.0,0.0,0.0,0.0,0.0,0.0,0.0,0.0,0.0,0.0,0.0,0.0,0.0,0.0,0.0,0.0,0.0,0.0,0.0,0.0,0.0,0.0,0.0,0.0,0.0,0.0,0.0,0.0,0.0,0.0,0.0,0.0,0.0,0.0,0.0,0.0,0.0,0.0,0.0,0.0,0.0,0.0,0.0,0.0,0.0,0.0,0.0,0.0,0.0,0.0,0.0,0.0,0.0,0.0,0.0,0.0,0.0,0.0,0.0
0.0,0.0,0.0,0.0,0.0,0.0,0.0,0.0,0.0,0.0,0.0,0.0,0.0,0.0,0.0,0.0,0.0,0.0,0.0,0.0,0.0,0.0,0.0,0.0,0.0,0.0,0.0,0.0,0.0,0.0,0.0,0.0,0.0,0.0,0.0,0.0,0.0,0.0,0.0,0.0,0.0,0.0,0.0,0.0,0.0,0.0,0.0,0.0,0.0,0.0,0.0,0.0,0.0,0.0,0.0,0.0,0.0,0.0,0.0,0.0,0.0,0.0,0.0,0.0,0.0,0.0,0.0,0.0,0.0,0.0,0.0,0.0,0.0,0.0,0.0,0.0,0.0,0.0,0.0,0.0,0.0,0.0,0.0,0.0,0.0
0.0,0.0,0.0,0.0,0.0,0.0,0.0,0.0,0.0,0.0,0.0,0.0,0.0,0.0,0.0,0.0,0.0,0.0,0.0,0.0,0.0,0.0,0.0,0.0,0.0,0.0,0.0,0.0,0.0,0.0,0.0,0.0,0.0,0.0,0.0,0.0,0.0,0.0,0.0,0.0,0.0,0.0,0.0,0.0,0.0,0.0,0.0,0.0,0.0,0.0,0.0,0.0,0.0,0.0,0.0,0.0,0.0,0.0,0.0,0.0,0.0,0.0,0.0,0.0,0.0,0.0,0.0,0.0,0.0,0.0,0.0,0.0,0.0,0.0,0.0,0.0,0.0,0.0,0.0,0.0,0.0,0.0,0.0,0.0,0.0
0.0,0.0,0.0,0.0,0.0,0.0,0.0,0.0,0.0,0.0,0.0,0.0,0.0,0.0,0.0,0.0,0.0,0.0,0.0,0.0,0.0,0.0,0.0,0.0,0.0,0.0,0.0,0.0,0.0,0.0,0.0,0.0,0.0,0.0,0.0,0.0,0.0,0.0,0.0,0.0,0.0,0.0,0.0,0.0,0.0,0.0,0.0,0.0,0.0,0.0,0.0,0.0,0.0,0.0,0.0,0.0,0.0,0.0,0.0,0.0,0.0,0.0,0.0,0.0,0.0,0.0,0.0,0.0,0.0,0.0,0.0,0.0,0.0,0.0,0.0,0.0,0.0,0.0,0.0,0.0,0.0,0.0,0.0,0.0,0.0
0.0,0.0,0.0,0.0,0.0,0.0,0.0,0.0,0.0,0.0,0.0,0.0,0.0,0.0,0.0,0.0,0.0,0.0,0.0,0.0,0.0,0.0,0.0,0.0,0.0,0.0,0.0,0.0,0.0,0.0,0.0,0.0,0.0,0.0,0.0,0.0,0.0,0.0,0.0,0.0,0.0,0.0,0.0,0.0,0.0,0.0,0.0,0.0,0.0,0.0,0.0,0.0,0.0,0.0,0.0,0.0,0.0,0.0,0.0,0.0,0.0,0.0,0.0,0.0,0.0,0.0,0.0,0.0,0.0,0.0,0.0,0.0,0.0,0.0,0.0,0.0,0.0,0.0,0.0,0.0,0.0,0.0,0.0,0.0,0.0
0.0,0.0,0.0,0.0,0.0,0.0,0.0,0.0,0.0,0.0,0.0,0.0,0.0,0.0,0.0,0.0,0.0,0.0,0.0,0.0,0.0,0.0,0.0,0.0,0.0,0.0,0.0,0.0,0.0,0.0,0.0,0.0,0.0,0.0,0.0,0.0,0.0,0.0,0.0,0.0,0.0,0.0,0.0,0.0,0.0,0.0,0.0,0.0,0.0,0.0,0.0,0.0,0.0,0.0,0.0,0.0,0.0,0.0,0.0,0.0,0.0,0.0,0.0,0.0,0.0,0.0,0.0,0.0,0.0,0.0,0.0,0.0,0.0,0.0,0.0,0.0,0.0,0.0,0.0,0.0,0.0,0.0,0.0,0.0,0.0
0.0,0.0,0.0,0.0,0.0,0.0,0.0,0.0,0.0,0.0,0.0,0.0,0.0,0.0,0.0,0.0,0.0,0.0,0.0,0.0,0.0,0.0,0.0,0.0,0.0,0.0,0.0,0.0,0.0,0.0,0.0,0.0,0.0,0.0,0.0,0.0,0.0,0.0,0.0,0.0,0.0,0.0,0.0,0.0,0.0,0.0,0.0,0.0,0.0,0.0,0.0,0.0,0.0,0.0,0.0,0.0,0.0,0.0,0.0,0.0,0.0,0.0,0.0,0.0,0.0,0.0,0.0,0.0,0.0,0.0,0.0,0.0,0.0,0.0,0.0,0.0,0.0,0.0,0.0,0.0,0.0,0.0,0.0,0.0,0.0
20230823.0,2.023082313025509e+16,2.007,2.006,2.005,2.004,2.003,2036400.0,2978200.0,5643921.0,1654100.0,2147600.0,1.63,2.028,2.008,2.005,1008700.0,-1313400.0,3660400.0,148000.0,335200.0,2.008,2.009,2.01,2.011,2.012,279200.0,3540700.0,1429300.0,397100.0,106900.0,2.023,2.038,-0.0299999999999998,0.0,779488842.651,387001004.0,2.446,-285700.0,2068300.0,-3565900.0,-581400.0,6900.0,0.0,0.0,3548614.600000024,-0.0009999999999998,723000.0,754900.0,94500.0,-433400.0,342100.0,0.0020000000000002,0.0010000000000003,2.008,0.0,0.0,4.032064,1.49769777097008e+17,0.0,0.0,2.008,0.0,0.0,8.973908470200076e-05,2.008,2.0075000000000003,1303.0,2.008,0.0004981320049812,0.001494396014944,0.0,159915.0,5753200.0,14460221.0,-8707021.0,20213421.0,0.1806731821326318,0.146092977651644,1767600.0,8707021.0,2.007589160443553,2.007879426498532,2.00939369394424,2.005076188323816
20230823.0,2.0230823130355104e+16,2.006,2.005,2.004,2.003,2.002,2649900.0,5453821.0,1633600.0,2080200.0,2734500.0,1.63,2.028,2.007,2.005,-3431900.0,-8864221.0,-4447100.0,-2919800.0,-3036600.0,2.007,2.008,2.009,2.01,2.011,782000.0,3410400.0,2813500.0,839600.0,302100.0,2.023,2.038,-0.0309999999999996,-0.0009999999999998,785979074.151,390234404.0,2.446,782000.0,3410400.0,2813500.0,839600.0,302100.0,5.555555555591951e-05,180472.2222222089,6490231.5,-0.0009999999999998,-2649900.0,-5453821.0,-1633600.0,-2080200.0,-2734500.0,0.0019999999999997,0.0009999999999998,2.007,0.0,1.0,4.031840944444443,2.72823702381772e+18,17.0,1.0,2.008,0.0,443075.0,-0.0005542784110008,2.007,2.0065,1304.0,2.008,0.0004983802641417,0.0014951407924246,-19443667.36422307,159915.0,8147600.0,14552021.0,-6404421.0,22699621.0,0.1794767218554534,0.1487819225100994,3233400.0,6404421.0,2.007246706253479,2.006772137882806,2.008566669939614,2.0042202045337896
20230823.0,2.023082313045505e+16,2.007,2.006,2.005,2.004,2.003,205000.0,3567600.0,6326421.0,1762900.0,2198100.0,1.63,2.028,2.007,2.005,4113200.0,5287400.0,6806621.0,2146400.0,2311800.0,2.008,2.009,2.01,2.011,2.012,3908200.0,1719800.0,480200.0,383500.0,113700.0,2.023,2.038,-0.0309999999999996,0.0,788678969.751,391579604.0,2.446,-3908200.0,-1719800.0,-480200.0,-383500.0,-113700.0,0.0004999999999999,109881.25,2255345.100000024,-0.0009999999999998,205000.0,3567600.0,6326421.0,1762900.0,2198100.0,0.0020000000000002,0.0010000000000003,2.007,2.0,3.0,4.030056500000001,2.451831080215763e+18,8.0,8.0,2.008,0.0009999999999998,174925.0,0.0001556848992264,2.007,2.0075000000000003,1305.0,2.008,0.0004981320049812,0.001494396014944,-19529269.142659884,159915.0,6605400.0,14060021.0,-7454621.0,20665421.0,0.1580157205490988,0.1200400249931287,1123700.0,7454621.0,2.007070481445247,2.00704983954099,2.0086487873558,2.004844843759479
20230823.0,2.0230823130555148e+16,2.007,2.006,2.005,2.004,2.003,50000.0,4097700.0,6324421.0,1942500.0,1237500.0,1.63,2.028,2.007,2.005,853600.0,48000.0,128600.0,305200.0,-990600.0,2.008,2.009,2.01,2.011,2.012,2892700.0,2200900.0,490800.0,82100.0,143700.0,2.023,2.038,-0.0309999999999996,-0.0009999999999998,793786223.251,394124304.0,2.446,-1014600.0,481100.0,-155200.0,-176000.0,30000.0,0.0002105263157892,703005.2631579041,5105245.5,-0.0009999999999998,-161000.0,529100.0,-26600.0,129200.0,-960600.0,0.0020000000000002,0.0010000000000003,2.007,1.0,2.0,4.02889447368421,2.924123987314139e+18,6.0,13.0,2.008,0.0009999999999998,1507000.0,-1.706175993654302e-05,2.006,2.0075000000000003,1306.0,2.008,0.0004981320049812,0.001494396014944,-19505891.844345223,159915.0,5810200.0,13652121.0,-7841921.0,19462321.0,0.1327630489836982,0.0873147337353127,2543700.0,7841921.0,2.00701556787357,2.00701699119856,2.008689064059757,2.0049838999376
20230823.0,2.023082313065512e+16,2.007,2.006,2.005,2.004,2.003,389100.0,3178300.0,5915821.0,1527600.0,1385000.0,1.63,2.028,2.008,2.005,2005100.0,-1957900.0,-737800.0,-482400.0,-340600.0,2.008,2.009,2.01,2.011,2.012,1319300.0,2708900.0,670200.0,628500.0,169800.0,2.023,2.038,-0.0299999999999998,0.0009999999999998,809997946.751,402197104.0,2.446,-1672000.0,982600.0,190000.0,320000.0,26100.0,0.0003684210526317,2101094.736842096,16211723.5,-0.0009999999999998,333100.0,-975300.0,-547800.0,-162400.0,-314500.0,0.0020000000000002,0.0010000000000003,2.008,4.0,4.0,4.033543947368422,3.038552087989725e+18,7.0,12.0,2.009,0.0009999999999998,4184850.0,0.0001043184871849,2.008,2.0075000000000003,1307.0,2.008,0.0004981320049812,0.001494396014944,-240925.1648458093,159915.0,5496700.0,12395821.0,-6899121.0,17892521.0,0.0976200845565756,0.1098478662040864,8072800.0,6899121.0,2.0081909003072043,2.007227756965582,2.0092032674149944,2.004972482661697
20230823.0,2.023082313075508e+16,2.008,2.007,2.006,2.005,2.004,2095500.0,2051600.0,2869600.0,6331021.0,2422900.0,1.63,2.028,2.009,2.005,2155400.0,4593000.0,3674400.0,6736821.0,2546600.0,2.009,2.01,2.011,2.012,2.013,59900.0,2541400.0,804800.0,405800.0,123700.0,2.023,2.038,-0.0289999999999999,0.0009999999999998,827796100.851,411057304.0,2.446,-59900.0,-2541400.0,-804800.0,-405800.0,-123700.0,0.000578947368421,2517510.5263158083,17794138.099999905,-0.0009999999999998,2095500.0,2051600.0,2869600.0,6331021.0,2422900.0,0.0019999999999997,0.0009999999999998,2.009,2.0,1.0,4.033755473684211,3.121416276941255e+18,9.0,10.0,2.009,0.0009999999999998,4973800.0,0.0008748979215938,2.007,2.0085,1308.0,2.008,0.0004978839930295,0.0014936519790887,20132968.73975617,159915.0,3935600.0,15770621.0,-11835021.0,19706221.0,0.1054678777277214,0.1186672861957435,8858200.0,11835021.0,2.0087758348197045,2.0089722093346944,2.0104897855473114,2.0056871257637856
20230823.0,2.023082313085249e+16,2.007,2.006,2.005,2.004,2.003,376400.0,2669700.0,6637021.0,1519100.0,1377400.0,1.63,2.028,2.007,2.005,-3401100.0,-5472900.0,-8784521.0,-2158600.0,-1553200.0,2.008,2.009,2.01,2.011,2.012,3024700.0,2803200.0,2147500.0,639500.0,175800.0,2.023,2.038,-0.0309999999999996,-0.0019999999999997,832487845.151,413393604.0,2.446,3024700.0,2803200.0,2147500.0,639500.0,175800.0,0.0006363636363637,737127.272727251,4429973.399999976,-0.0009999999999998,-376400.0,-2669700.0,-6637021.0,-1519100.0,-1377400.0,0.0020000000000002,0.0010000000000003,2.007,0.0,2.0,4.033524909090908,1.8715661654835988e+18,5.0,6.0,2.009,0.0009999999999998,1501900.0,-0.0009336784897289,2.007,2.0075000000000003,1309.0,2.009,0.0004981320049812,0.001494396014944,-41171259.157684594,159915.0,8790700.0,12579621.0,-3788921.0,21370321.0,0.1070975481288134,0.1258198891427824,2206000.0,3788921.0,2.0081475067996264,2.007110670077328,2.009105702617539,2.004932319105639
20230823.0,2.02308231309551e+16,2.007,2.006,2.005,2.004,2.003,220000.0,4273500.0,6952021.0,1821500.0,1776900.0,1.63,2.028,2.007,2.005,6612500.0,6187300.0,8578421.0,2432100.0,1952700.0,2.008,2.009,2.01,2.011,2.012,6392500.0,1913800.0,1626400.0,610600.0,175800.0,2.023,2.038,-0.0309999999999996,0.0,838538757.951,416408504.0,2.446,-6392500.0,-1913800.0,-1626400.0,-610600.0,-175800.0,0.0001578947368421,423115.7894737125,5204560.899999976,-0.0009999999999998,220000.0,4273500.0,6952021.0,1821500.0,1776900.0,0.0020000000000002,0.0010000000000003,2.007,2.0,2.0,4.028682947368421,3.269073695526115e+18,3.0,16.0,2.008,0.0,1048000.0,4.378934237425636e-05,2.007,2.0075000000000003,1310.0,2.007,0.0004981320049812,0.001494396014944,-70681.43241681531,159915.0,10719100.0,15043921.0,-4324821.0,25763021.0,0.1051229076530671,0.1232830582268866,2593200.0,4324821.0,2.0070032778034768,2.007033270321361,2.0087184931570747,2.00495600880914
20230823.0,2.023082313105511e+16,2.006,2.005,2.004,2.003,2.002,3351700.0,7452421.0,1676500.0,2366100.0,2258700.0,1.63,2.028,2.007,2.005,-6223800.0,-10442621.0,-4756000.0,-4077200.0,-2548300.0,2.007,2.008,2.009,2.01,2.011,2872100.0,2990200.0,3079500.0,1711100.0,289600.0,2.023,2.038,-0.0309999999999996,-0.0009999999999998,855710561.451,424962004.0,2.446,2872100.0,2990200.0,3079500.0,1711100.0,289600.0,0.0001578947368425,1946494.736842096,17171602.69999993,-0.0009999999999998,-3351700.0,-7452421.0,-1676500.0,-2366100.0,-2258700.0,0.0019999999999997,0.0009999999999998,2.007,1.0,2.0,4.031430052631578,3.349550847291354e+18,16.0,3.0,2.008,0.0,3753950.0,-0.0002535892404572,2.007,2.0065,1311.0,2.008,0.0004983802641417,0.0014951407924246,-21153893.55969014,159915.0,10942500.0,17105421.0,-6162921.0,28047921.0,0.1079701040491055,0.1312438901927344,8553400.0,6162921.0,2.007576250379957,2.00653852951573,2.008411094356865,2.004425147150718
0.0,0.0,0.0,0.0,0.0,0.0,0.0,0.0,0.0,0.0,0.0,0.0,0.0,0.0,0.0,0.0,0.0,0.0,0.0,0.0,0.0,0.0,0.0,0.0,0.0,0.0,0.0,0.0,0.0,0.0,0.0,0.0,0.0,0.0,0.0,0.0,0.0,0.0,0.0,0.0,0.0,0.0,0.0,0.0,0.0,0.0,0.0,0.0,0.0,0.0,0.0,0.0,0.0,0.0,0.0,0.0,0.0,0.0,0.0,0.0,0.0,0.0,0.0,0.0,0.0,0.0,0.0,0.0,0.0,0.0,0.0,0.0,0.0,0.0,0.0,0.0,0.0,0.0,0.0,0.0,0.0,0.0,0.0,0.0,0.0
20230823.0,2.0230823131252668e+16,2.008,2.007,2.006,2.005,2.004,893000.0,2073700.0,4255900.0,6858521.0,1998200.0,1.63,2.028,2.009,2.005,2405800.0,6104800.0,4995800.0,7262121.0,2485200.0,2.009,2.01,2.011,2.012,2.013,1512800.0,4031100.0,739900.0,403600.0,487000.0,2.023,2.038,-0.0289999999999999,0.0009999999999998,867511836.351,430840604.0,2.446,-1512800.0,-4031100.0,-739900.0,-403600.0,-487000.0,4.440892098500626e-16,306585.7142857313,5707958.099999905,-0.0009999999999998,893000.0,2073700.0,4255900.0,6858521.0,1998200.0,0.0019999999999997,0.0009999999999998,2.009,3.0,1.0,4.032064285714284,2.5851546023675023e+18,12.0,2.0,2.009,0.0,798050.0,0.0004740185563431,2.007,2.0085,1313.0,2.007,0.0004978839930295,0.0014936519790887,42757125.64399562,159915.0,7174400.0,16079321.0,-8904921.0,23253721.0,0.0810672366976729,0.0977824981294265,2842600.0,8904921.0,2.008006085977593,2.0083711862997755,2.010208421610169,2.0055649554480564
20230823.0,2.023082313133448e+16,2.01,2.009,2.008,2.007,2.006,1205600.0,1304300.0,1284200.0,1246200.0,2464900.0,1.63,2.028,2.011,2.005,1501900.0,3242800.0,2507100.0,3197200.0,4180400.0,2.011,2.012,2.013,2.014,2.015,296300.0,1938500.0,1222900.0,1951000.0,1715500.0,2.023,2.038,-0.0269999999999996,0.0020000000000002,880238460.351,437170504.0,2.446,-296300.0,-1938500.0,-1222900.0,-1951000.0,-1715500.0,0.0013333333333331,1243858.3333333137,11394508.599999905,-0.0009999999999998,1205600.0,1304300.0,1284200.0,1246200.0,2464900.0,0.0019999999999997,0.0009999999999998,2.011,4.0,2.0,4.042781833333333,2.261422066535701e+18,7.0,5.0,2.012,0.00225,2332675.0,0.0011318261131055,2.009,2.0105,1314.0,2.009,0.0004973887092764,0.0014921661278289,43013147.59817465,159915.0,7124200.0,7505200.0,-381000.0,14629400.0,0.1297219966533917,0.1496958607548278,5666800.0,381000.0,2.0107483235688406,2.010802716559025,2.013400171247298,2.007672160635293
20230823.0,2.0230823131416536e+16,2.013,2.012,2.011,2.01,2.009,631200.0,361100.0,1618200.0,648600.0,1153000.0,1.63,2.028,2.014,2.005,3049000.0,3042400.0,3151400.0,1361400.0,1506900.0,2.014,2.015,2.016,2.017,2.018,2417800.0,2681300.0,1533200.0,712800.0,353900.0,2.023,2.038,-0.024,0.0019999999999997,886891061.751,440477004.0,2.446,-2417800.0,-2681300.0,-1533200.0,-712800.0,-353900.0,0.0004999999999999,299150.0,1734285.6000000238,-0.0010000000000003,631200.0,361100.0,1618200.0,648600.0,1153000.0,0.0020000000000002,0.0009999999999998,2.014,2.0,1.0,4.050828,1.1622413055174024e+18,4.0,2.0,2.014,0.00075,558150.0,0.0007621843565852,2.011,2.0135,1315.0,2.012,0.0004966476285075,0.0014899428855227,43748914.46271667,159915.0,7699000.0,4412100.0,3286900.0,12111100.0,0.180034284510188,0.2080654266155876,861800.0,3286900.0,2.012399164539364,2.013207018694654,2.015208169892193,2.010698306928673
20230823.0,2.0230823131510344e+16,2.011,2.01,2.009,2.008,2.007,613500.0,1372000.0,735400.0,1442300.0,1577400.0,1.63,2.028,2.012,2.005,-2169100.0,-3037300.0,-4152700.0,-3263500.0,-2394300.0,2.012,2.013,2.014,2.015,2.016,1555600.0,1665300.0,3417300.0,1821200.0,816900.0,2.023,2.038,-0.0259999999999998,-0.0009999999999998,889192895.051,441620704.0,2.446,1555600.0,1665300.0,3417300.0,1821200.0,816900.0,0.0002500000000003,178975.0,1012200.6000000238,-0.0009999999999998,-613500.0,-1372000.0,-735400.0,-1442300.0,-1577400.0,0.0020000000000002,0.0010000000000003,2.012,0.0,1.0,4.04915025,7.794123507193221e+17,1.0,3.0,2.013,0.0002499999999998,326725.0,-0.0004856250205934,2.012,2.0115,1316.0,2.013,0.0004971414367386,0.0014914243102163,-21932654.274351463,159915.0,9276300.0,5740600.0,3535700.0,15016900.0,0.1940145852759586,0.222138301722409,503000.0,3535700.0,2.0123272365805644,2.0112828361993453,2.013857540183047,2.008651935337769
20230823.0,2.023082313162211e+16,2.009,2.008,2.007,2.006,2.005,783800.0,1469900.0,1607600.0,3255000.0,6793121.0,1.63,2.028,2.01,2.005,-850000.0,-3995000.0,-4377400.0,-3887700.0,-7630321.0,2.01,2.011,2.012,2.013,2.014,66200.0,2525100.0,2769800.0,632700.0,837200.0,2.023,2.038,-0.028,-0.0010000000000003,891265915.551,442651804.0,2.446,66200.0,2525100.0,2769800.0,632700.0,837200.0,0.000666666666667,117850.0,1109141.1000000238,-0.0010000000000003,-783800.0,-1469900.0,-1607600.0,-3255000.0,-6793121.0,0.0020000000000002,0.0009999999999998,2.01,1.0,2.0,4.0414406666666665,1.173978518923692e+18,3.0,3.0,2.011,0.0010000000000003,179525.0,-0.0003116947619704,2.009,2.0095,1317.0,2.011,0.0004976362279173,0.0014929086837522,-22005373.298769888,159915.0,6831000.0,13909421.0,-7078421.0,20740421.0,0.2068134040440006,0.2352266745398123,551800.0,7078421.0,2.010041862993881,2.0099221176470587,2.011948704435661,2.006007597656293
20230823.0,2.0230823131755784e+16,2.014,2.013,2.012,2.011,2.01,597400.0,1371600.0,2133500.0,1213200.0,882600.0,1.63,2.028,2.015,2.005,1768800.0,3140200.0,4960700.0,2224800.0,1281600.0,2.015,2.016,2.017,2.018,2.019,1171400.0,1768600.0,2827200.0,1011600.0,399000.0,2.023,2.038,-0.0229999999999996,0.0030000000000001,903422661.151,448691304.0,2.446,-1171400.0,-1768600.0,-2827200.0,-1011600.0,-399000.0,0.0008333333333325,559611.1111111045,8636017.700000048,-0.0009999999999998,597400.0,1371600.0,2133500.0,1213200.0,882600.0,0.0019999999999997,0.0009999999999998,2.015,4.0,1.0,4.052840722222222,3.5755707941219154e+18,6.0,12.0,2.015,0.0009999999999998,893425.0,0.0013161753915597,2.012,2.0145,1318.0,2.012,0.0004964010920825,0.0014892032762472,66500901.05602028,159915.0,7177800.0,6198300.0,979500.0,13376100.0,0.1584010308241183,0.1942382105916499,4288700.0,979500.0,2.013667941334215,2.014337743102668,2.0166793167823007,2.011933530161496
20230823.0,2.0230823131855228e+16,2.011,2.01,2.009,2.008,2.007,804500.0,796300.0,945200.0,2355400.0,643000.0,1.63,2.028,2.012,2.005,-1208400.0,-1857000.0,-3617900.0,-5552600.0,-2541300.0,2.012,2.013,2.014,2.015,2.016,403900.0,1060700.0,2672700.0,3197200.0,1898300.0,2.023,2.038,-0.0259999999999998,-0.0030000000000001,907124827.451,450530404.0,2.446,403900.0,1060700.0,2672700.0,3197200.0,1898300.0,0.0002631578947362,208089.4736841917,3527911.1999999285,-0.0009999999999998,-804500.0,-796300.0,-945200.0,-2355400.0,-643000.0,0.0020000000000002,0.0010000000000003,2.012,2.0,4.0,4.053228842105261,3.842539739850843e+18,6.0,13.0,2.014,0.0009999999999998,373600.0,-0.001329952984916,2.012,2.0115,1319.0,2.014,0.0004971414367386,0.0014914243102163,-44749784.700517744,159915.0,9232800.0,5544400.0,3688400.0,14777200.0,0.1580009472544694,0.1975741374745443,1752600.0,3688400.0,2.0129585758301545,2.011665756372062,2.014555118707218,2.0087770543250847
0.0,0.0,0.0,0.0,0.0,0.0,0.0,0.0,0.0,0.0,0.0,0.0,0.0,0.0,0.0,0.0,0.0,0.0,0.0,0.0,0.0,0.0,0.0,0.0,0.0,0.0,0.0,0.0,0.0,0.0,0.0,0.0,0.0,0.0,0.0,0.0,0.0,0.0,0.0,0.0,0.0,0.0,0.0,0.0,0.0,0.0,0.0,0.0,0.0,0.0,0.0,0.0,0.0,0.0,0.0,0.0,0.0,0.0,0.0,0.0,0.0,0.0,0.0,0.0,0.0,0.0,0.0,0.0,0.0,0.0,0.0,0.0,0.0,0.0,0.0,0.0,0.0,0.0,0.0,0.0,0.0,0.0,0.0,0.0,0.0
20230823.0,2.023082313204615e+16,2.009,2.008,2.007,2.006,2.005,331600.0,1523200.0,1657000.0,3095600.0,6936221.0,1.63,2.028,2.01,2.005,-1717700.0,-5505300.0,-4153400.0,-4356400.0,-7223521.0,2.01,2.011,2.012,2.013,2.014,1386100.0,3982100.0,2496400.0,1260800.0,287300.0,2.023,2.038,-0.028,-0.0010000000000003,910183598.251,452051704.0,2.446,1386100.0,3982100.0,2496400.0,1260800.0,287300.0,0.0005625,370925.0,1996005.5,-0.0010000000000003,-331600.0,-1523200.0,-1657000.0,-3095600.0,-6936221.0,0.0020000000000002,0.0009999999999998,2.01,1.0,3.0,4.0423624375,3.263747975876925e+18,6.0,10.0,2.012,0.0012500000000001,781825.0,-0.0009450826973227,2.009,2.0095,1321.0,2.012,0.0004976362279173,0.0014929086837522,-44930935.10277632,159915.0,9412700.0,13543621.0,-4130921.0,22956321.0,0.1543217717805408,0.1975760406787851,992900.0,4130921.0,2.010278477188035,2.0091930488443848,2.011477418806506,2.0059085901030453
20230823.0,2.023082313214012e+16,2.006,2.005,2.004,2.003,2.002,2612300.0,7383421.0,1964100.0,1859000.0,2704900.0,1.63,2.028,2.007,2.005,-4334400.0,-8784321.0,-4340600.0,-2624400.0,-3399700.0,2.007,2.008,2.009,2.01,2.011,1722100.0,1400900.0,2376500.0,765400.0,694800.0,2.023,2.038,-0.0309999999999996,-0.0019999999999997,916075089.451,454986204.0,2.446,1722100.0,1400900.0,2376500.0,765400.0,694800.0,0.0008571428571424,1040592.8571428657,4976391.6999999285,-0.0009999999999998,-2612300.0,-7383421.0,-1964100.0,-1859000.0,-2704900.0,0.0019999999999997,0.0009999999999998,2.007,2.0,4.0,4.031490857142858,2.880368470114567e+18,9.0,5.0,2.009,0.0009999999999998,2210450.0,-0.0008661149661675,2.007,2.0065,1322.0,2.009,0.0004983802641417,0.0014951407924246,-45259976.39599158,159915.0,6959700.0,16523721.0,-9564021.0,23483421.0,0.1495130413044129,0.180681858378209,2479000.0,9564021.0,2.0074189995965828,2.0066026901070506,2.0086134747187376,2.004323124615817
20230823.0,2.0230823132258064e+16,2.006,2.005,2.004,2.003,2.002,3405100.0,7370821.0,2034000.0,1554800.0,3055400.0,1.63,2.028,2.006,2.005,-1377500.0,-910300.0,-890400.0,-842900.0,914600.0,2.007,2.008,2.009,2.01,2.011,3183600.0,2578400.0,3483800.0,457200.0,795800.0,2.023,2.038,-0.032,0.0,921148457.151,457514104.0,2.446,1944100.0,1137500.0,958300.0,-135100.0,-59000.0,0.00015,461400.0,4018315.899999976,-0.0009999999999998,566600.0,227200.0,67900.0,-978000.0,855600.0,0.0019999999999997,0.0009999999999998,2.006,2.0,3.0,4.02744705,4.17507697233509e+18,17.0,3.0,2.007,0.0,811625.0,-8.932638779735047e-05,2.006,2.0065,1323.0,2.007,0.0004983802641417,0.0014951407924246,-22828248.071835987,159915.0,10498800.0,17420121.0,-6921321.0,27918921.0,0.1118098129953735,0.1300658176137053,2002200.0,6921321.0,2.0069503046648567,2.0065168090822167,2.0083430868289707,2.0043740169772644
0.0,0.0,0.0,0.0,0.0,0.0,0.0,0.0,0.0,0.0,0.0,0.0,0.0,0.0,0.0,0.0,0.0,0.0,0.0,0.0,0.0,0.0,0.0,0.0,0.0,0.0,0.0,0.0,0.0,0.0,0.0,0.0,0.0,0.0,0.0,0.0,0.0,0.0,0.0,0.0,0.0,0.0,0.0,0.0,0.0,0.0,0.0,0.0,0.0,0.0,0.0,0.0,0.0,0.0,0.0,0.0,0.0,0.0,0.0,0.0,0.0,0.0,0.0,0.0,0.0,0.0,0.0,0.0,0.0,0.0,0.0,0.0,0.0,0.0,0.0,0.0,0.0,0.0,0.0,0.0,0.0,0.0,0.0,0.0,0.0
20230823.0,2.023082313244003e+16,2.007,2.006,2.005,2.004,2.003,137200.0,4489000.0,7630421.0,1390500.0,2800000.0,1.63,2.028,2.007,2.005,2006600.0,8055600.0,8321921.0,2412700.0,2837300.0,2.008,2.009,2.01,2.011,2.012,1869400.0,3566600.0,691500.0,1022200.0,37300.0,2.023,2.038,-0.0309999999999996,0.0,923800766.351,458835804.0,2.446,-1869400.0,-3566600.0,-691500.0,-1022200.0,-37300.0,0.0,154900.0,1281992.6999999285,-0.0009999999999998,137200.0,4489000.0,7630421.0,1390500.0,2800000.0,0.0020000000000002,0.0010000000000003,2.007,3.0,2.0,4.0280492857142844,2.943230875413677e+18,2.0,2.0,2.008,0.0,247700.0,0.0002525939764906,2.006,2.0075000000000003,1325.0,2.006,0.0004981320049812,0.001494396014944,22805141.92659884,159915.0,7187000.0,16447121.0,-9260121.0,23634121.0,0.1022134047642862,0.1181515846406767,638800.0,9260121.0,2.00687648716332,2.007068374364597,2.00913613468763,2.004864590283004
20230823.0,2.0230823132534104e+16,2.005,2.004,2.003,2.002,2.001,6425821.0,1842100.0,2120800.0,2577500.0,7705800.0,1.63,2.028,2.006,2.005,-7898821.0,-4771700.0,-4075800.0,-4055900.0,-7911500.0,2.006,2.007,2.008,2.009,2.01,1473000.0,2929600.0,1955000.0,1478400.0,205700.0,2.023,2.038,-0.032,-0.0010000000000003,935404755.351,464619904.0,2.446,1473000.0,2929600.0,1955000.0,1478400.0,205700.0,0.0006666666666665,2490150.0,11585115.599999905,-0.0010000000000003,-6425821.0,-1842100.0,-2120800.0,-2577500.0,-7705800.0,0.0020000000000002,0.0009999999999998,2.006,2.0,3.0,4.026711833333333,2.5601713640345994e+18,7.0,5.0,2.008,0.0010000000000003,4847625.0,-0.0006937060400428,2.005,2.0055,1326.0,2.008,0.00049862877088,0.0014958863126402,-46047968.76431203,159915.0,8041700.0,20672021.0,-12630321.0,28713721.0,0.0859631461476511,0.0823057402386051,5774700.0,12630321.0,2.0061848407709326,2.005813516472901,2.0075043585311563,2.002840588493984
20230823.0,2.023082313264608e+16,2.005,2.004,2.003,2.002,2.001,6309421.0,2110300.0,2046800.0,2651200.0,7198000.0,1.63,2.028,2.005,2.005,-147700.0,463900.0,-318700.0,1029800.0,-987800.0,2.006,2.007,2.008,2.009,2.01,2076900.0,2869000.0,2406200.0,321700.0,365700.0,2.023,2.038,-0.0329999999999999,-0.0009999999999998,938503149.751,466164704.0,2.446,87700.0,-157000.0,551000.0,-1160000.0,320000.0,0.0001874999999995,261200.0,2660849.5,-0.0010000000000003,-60000.0,306900.0,232300.0,-130200.0,-667800.0,0.0020000000000002,0.0009999999999998,2.005,2.0,3.0,4.023283937499999,3.469322055054179e+18,13.0,3.0,2.006,0.0,483000.0,-4.821845998148611e-06,2.005,2.0055,1327.0,2.006,0.00049862877088,0.0014958863126402,-23262055.26393133,159915.0,8039500.0,20315721.0,-12276221.0,28355221.0,0.0549362812452732,0.0490144598362524,1326600.0,12276221.0,2.005766244534901,2.0057523467084075,2.007257453821755,2.0028858983149056
20230823.0,2.023082313275509e+16,2.006,2.005,2.004,2.003,2.002,997900.0,7525121.0,3294700.0,2235700.0,2389000.0,1.63,2.028,2.007,2.005,1003400.0,9654721.0,6132700.0,2793200.0,2989600.0,2.007,2.008,2.009,2.01,2.011,5500.0,2129600.0,2838000.0,557500.0,600600.0,2.023,2.038,-0.0309999999999996,0.0010000000000003,940744035.951,467281704.0,2.446,-5500.0,-2129600.0,-2838000.0,-557500.0,-600600.0,5.263157894752624e-05,307663.15789473057,2143595.1999999285,-0.0009999999999998,997900.0,7525121.0,3294700.0,2235700.0,2389000.0,0.0019999999999997,0.0009999999999998,2.007,2.0,1.0,4.024247421052631,4.137430917695269e+18,3.0,16.0,2.007,0.0,587100.0,0.0005654877848405,2.005,2.0065,1328.0,2.006,0.0004983802641417,0.0014951407924246,23270679.642966505,159915.0,6131200.0,16442421.0,-10311221.0,22573621.0,0.0595052599566389,0.0595052599566389,1068500.0,10311221.0,2.0061723912025538,2.006994518636636,2.008937712030271,2.004152484904747
20230823.0,2.023082313285505e+16,2.007,2.006,2.005,2.004,2.003,16100.0,1259300.0,7901021.0,2153200.0,2778200.0,1.63,2.028,2.008,2.005,87300.0,-947000.0,-253200.0,-997500.0,702000.0,2.008,2.009,2.01,2.011,2.012,2536600.0,3019400.0,1017300.0,456600.0,30200.0,2.023,2.038,-0.0299999999999998,0.0009999999999998,942445296.751,468129404.0,2.446,-73000.0,1181400.0,459800.0,16000.0,-159500.0,0.0,147531.57894736528,1673564.3000000715,-0.0009999999999998,14300.0,234400.0,206600.0,-981500.0,542500.0,0.0020000000000002,0.0010000000000003,2.008,3.0,2.0,4.028049210526317,4.15550788668144e+18,2.0,2.0,2.008,0.0,372200.0,2.7990793260990188e-06,2.006,2.0075000000000003,1329.0,2.007,0.0004981320049812,0.001494396014944,23300362.20873366,159915.0,7060100.0,14107821.0,-7047721.0,21167921.0,0.0669870507684868,0.0654413059341504,833900.0,7047721.0,2.006912459527607,2.00700630704744,2.008926984037053,2.004545067944936
20230823.0,2.023082313294908e+16,2.007,2.006,2.005,2.004,2.003,1082800.0,2764300.0,8814921.0,1997500.0,2049400.0,1.63,2.028,2.007,2.005,3402500.0,2177200.0,132900.0,69000.0,-948800.0,2.008,2.009,2.01,2.011,2.012,199400.0,2097000.0,1954300.0,516600.0,253200.0,2.023,2.038,-0.0309999999999996,0.0,946452727.151,470125504.0,2.446,-2333700.0,-922400.0,791000.0,-100000.0,220000.0,0.0004117647058827,286517.64705884457,3980131.700000048,-0.0009999999999998,1068800.0,1254800.0,923900.0,-31000.0,-728800.0,0.0020000000000002,0.0010000000000003,2.007,3.0,3.0,4.030410764705882,3.7493093825942216e+18,10.0,7.0,2.008,0.0009999999999998,619800.0,0.0004179431901826,2.007,2.0075000000000003,1330.0,2.007,0.0004981320049812,0.001494396014944,-59972.63095102459,159915.0,5020500.0,16708921.0,-11688421.0,21729421.0,0.069376264395414,0.0673610693867428,1982500.0,11688421.0,2.007632635561184,2.00784448603962,2.0097066427646646,2.0049301929789483
20230823.0,2.023082313305811e+16,2.006,2.005,2.004,2.003,2.002,1635800.0,8394921.0,1710900.0,1919100.0,3264400.0,1.63,2.028,2.007,2.005,-1660900.0,-12491921.0,-5106300.0,-2833000.0,-3671500.0,2.007,2.008,2.009,2.01,2.011,25100.0,4097000.0,3395400.0,913900.0,407100.0,2.023,2.038,-0.0309999999999996,-0.0009999999999998,948564857.951,471177704.0,2.446,25100.0,4097000.0,3395400.0,913900.0,407100.0,0.0003999999999995,226605.0,1800518.2999999523,-0.0009999999999998,-1635800.0,-8394921.0,-1710900.0,-1919100.0,-3264400.0,0.0019999999999997,0.0009999999999998,2.007,2.0,3.0,4.029655,4.43145430143985e+18,8.0,12.0,2.008,0.0009999999999998,617025.0,-0.0004823879429155,2.007,2.0065,1331.0,2.008,0.0004983802641417,0.0014951407924246,-23467894.49426747,159915.0,8838500.0,16925121.0,-8086621.0,25763621.0,0.068963607977712,0.0722953768441015,897000.0,8086621.0,2.007266778149334,2.0069848877114818,2.008726299711489,2.004190168271176
20230823.0,2.023082313315887e+16,2.005,2.004,2.003,2.002,2.001,7010821.0,2091500.0,2015700.0,2822000.0,6746300.0,1.63,2.028,2.006,2.005,-9138021.0,-4619200.0,-5572200.0,-3157000.0,-7128000.0,2.006,2.007,2.008,2.009,2.01,2127200.0,2527700.0,3556500.0,335000.0,381700.0,2.023,2.038,-0.032,-0.0010000000000003,952195920.551,472987704.0,2.446,2127200.0,2527700.0,3556500.0,335000.0,381700.0,0.0003999999999999,311110.0,3631062.600000024,-0.0010000000000003,-7010821.0,-2091500.0,-2015700.0,-2822000.0,-6746300.0,0.0020000000000002,0.0009999999999998,2.006,3.0,4.0,4.025641199999999,4.450820153410361e+18,8.0,12.0,2.007,0.0010000000000003,383925.0,-0.0006069018721164,2.006,2.0055,1332.0,2.007,0.00049862877088,0.0014958863126402,-23569226.02994,159915.0,8928100.0,20686321.0,-11758221.0,29614421.0,0.0669349978113993,0.0711343588545553,1810000.0,11758221.0,2.006111933701671,2.005767214367312,2.007363391987097,2.0029902612939243
0.0,0.0,0.0,0.0,0.0,0.0,0.0,0.0,0.0,0.0,0.0,0.0,0.0,0.0,0.0,0.0,0.0,0.0,0.0,0.0,0.0,0.0,0.0,0.0,0.0,0.0,0.0,0.0,0.0,0.0,0.0,0.0,0.0,0.0,0.0,0.0,0.0,0.0,0.0,0.0,0.0,0.0,0.0,0.0,0.0,0.0,0.0,0.0,0.0,0.0,0.0,0.0,0.0,0.0,0.0,0.0,0.0,0.0,0.0,0.0,0.0,0.0,0.0,0.0,0.0,0.0,0.0,0.0,0.0,0.0,0.0,0.0,0.0,0.0,0.0,0.0,0.0,0.0,0.0,0.0,0.0,0.0,0.0,0.0,0.0
20230823.0,2.023082313330112e+16,2.007,2.006,2.005,2.004,2.003,546800.0,1759900.0,8600621.0,2288700.0,2167500.0,1.63,2.028,2.007,2.005,-174300.0,-799000.0,-359000.0,160000.0,160000.0,2.008,2.009,2.01,2.011,2.012,1953400.0,3024700.0,690000.0,617500.0,95200.0,2.023,2.038,-0.0309999999999996,0.0,956951335.551,475358104.0,2.446,106000.0,860000.0,100000.0,-160000.0,0.0,0.0,0.0,20672.10000002384,-0.0009999999999998,-68300.0,61000.0,-259000.0,0.0,160000.0,0.0020000000000002,0.0010000000000003,2.007,0.0,0.0,4.028049,2.259653270384748e+17,0.0,0.0,2.007,0.0,0.0,-1.548613387492015e-05,2.007,2.0075000000000003,1334.0,2.007,0.0004981320049812,0.001494396014944,0.0,159915.0,6380800.0,15363521.0,-8982721.0,21744321.0,0.0791771597372103,0.0921377089616101,10300.0,8982721.0,2.0070000000023147,2.0072187025038,2.009040308425276,2.0047546005241896
20230823.0,2.023082313345812e+16,2.007,2.006,2.005,2.004,2.003,29700.0,2607900.0,9493521.0,2298600.0,1728900.0,1.63,2.028,2.007,2.005,3213300.0,5680000.0,10139921.0,3077100.0,1844100.0,2.008,2.009,2.01,2.011,2.012,3183600.0,3072100.0,646400.0,778500.0,115200.0,2.023,2.038,-0.0309999999999996,0.0,964095932.151,478918004.0,2.446,-3183600.0,-3072100.0,-646400.0,-778500.0,-115200.0,0.00015,442555.0,5073605.600000024,-0.0009999999999998,29700.0,2607900.0,9493521.0,2298600.0,1728900.0,0.0020000000000002,0.0010000000000003,2.007,2.0,2.0,4.02744705,4.5664583890795576e+18,17.0,3.0,2.007,0.0,748275.0,0.0003607409077301,2.006,2.0075000000000003,1335.0,2.007,0.0004981320049812,0.001494396014944,-20699.419131752104,159915.0,7795800.0,16158621.0,-8362821.0,23954421.0,0.0722956914069281,0.0862717542357389,2528000.0,8362821.0,2.0069642405063384,2.007009242834469,2.00891859719336,2.004808826508153
20230823.0,2.0230823133558124e+16,2.007,2.006,2.005,2.004,2.003,1126700.0,3839700.0,7652521.0,2398400.0,1522700.0,1.63,2.028,2.008,2.005,4166000.0,2554800.0,-4483300.0,309800.0,-266200.0,2.008,2.009,2.01,2.011,2.012,114600.0,1749100.0,3288700.0,568500.0,175200.0,2.023,2.038,-0.0299999999999998,0.0009999999999998,969629262.451,481673904.0,2.446,-3069000.0,-1323000.0,2642300.0,-210000.0,60000.0,9.999999999976694e-05,670200.0,5533330.299999952,-0.0009999999999998,1097000.0,1231800.0,-1841000.0,99800.0,-206200.0,0.0020000000000002,0.0010000000000003,2.008,2.0,1.0,4.0316628,4.613178500734141e+18,15.0,5.0,2.009,0.0002499999999998,1011850.0,0.000447548297171,2.007,2.0075000000000003,1336.0,2.007,0.0004981320049812,0.001494396014944,23837003.812323976,159915.0,5896100.0,16540021.0,-10643921.0,22436121.0,0.0875162762841352,0.1069249118036108,2755900.0,10643921.0,2.007812438767717,2.007907677434948,2.0098203219077013,2.005039256298405
20230823.0,2.0230823133658028e+16,2.007,2.006,2.005,2.004,2.003,808900.0,3169200.0,7975021.0,2040800.0,1991500.0,1.63,2.028,2.008,2.005,-1053500.0,-4341700.0,1930600.0,-517200.0,513200.0,2.008,2.009,2.01,2.011,2.012,850300.0,5420300.0,1680600.0,728100.0,130800.0,2.023,2.038,-0.0299999999999998,0.0,971500385.951,482605804.0,2.446,735700.0,3671200.0,-1608100.0,159600.0,-44400.0,0.00015,151680.0,1871123.5,-0.0009999999999998,-317800.0,-670500.0,322500.0,-357600.0,468800.0,0.0020000000000002,0.0010000000000003,2.008,5.0,5.0,4.03146195,4.653529405726866e+18,15.0,5.0,2.009,0.0002499999999998,193425.0,-0.0002092712210821,2.007,2.0075000000000003,1337.0,2.008,0.0004981320049812,0.001494396014944,-113753.26074839383,159915.0,8810100.0,15985421.0,-7175321.0,24795521.0,0.0969059856791136,0.0763159415996076,931900.0,7175321.0,2.007858675823586,2.007487524108004,2.0093040714634336,2.0049226295009683
20230823.0,2.023082313375824e+16,2.007,2.006,2.005,2.004,2.003,195300.0,2284900.0,7292921.0,1848100.0,1935400.0,1.63,2.028,2.008,2.005,-4124500.0,1725700.0,-131300.0,127300.0,-46100.0,2.008,2.009,2.01,2.011,2.012,4361200.0,2810300.0,1129800.0,408100.0,120800.0,2.023,2.038,-0.0299999999999998,0.0,972448973.451,483078404.0,2.446,3510900.0,-2610000.0,-550800.0,-320000.0,-10000.0,0.0004999999999999,102090.0,948587.5,-0.0009999999999998,-613600.0,-884300.0,-682100.0,-192700.0,-56100.0,0.0020000000000002,0.0010000000000003,2.008,4.0,4.0,4.030056500000001,4.661169701137987e+18,10.0,10.0,2.008,0.0009999999999998,179675.0,-0.0002215264159728,2.007,2.0075000000000003,1338.0,2.008,0.0004981320049812,0.001494396014944,-39655.89847882837,159915.0,8830200.0,13556621.0,-4726421.0,22386821.0,0.0902162130050066,0.0640536043855427,472600.0,4726421.0,2.0071677951756244,2.007042861845715,2.008767525084369,2.0047755045302216
20230823.0,2.023082313385801e+16,2.007,2.006,2.005,2.004,2.003,33900.0,3012000.0,8198221.0,2182800.0,1629300.0,1.63,2.028,2.007,2.005,-13700.0,1556700.0,1505300.0,397200.0,-373900.0,2.008,2.009,2.01,2.011,2.012,4213500.0,1980700.0,529800.0,345600.0,188600.0,2.023,2.038,-0.0309999999999996,-0.0009999999999998,973755165.851,483729204.0,2.446,-147700.0,-829600.0,-600000.0,-62500.0,67800.0,0.00015,85500.0,1306192.3999999762,-0.0009999999999998,-161400.0,727100.0,905300.0,334700.0,-306100.0,0.0020000000000002,0.0010000000000003,2.007,2.0,2.0,4.02865125,4.677105718558745e+18,3.0,17.0,2.008,0.0,167500.0,-1.7379198111844296e-05,2.007,2.0075000000000003,1339.0,2.007,0.0004981320049812,0.001494396014944,-25267.24462389201,159915.0,7258200.0,15056221.0,-7798021.0,22314421.0,0.0931258192110556,0.0615498327685305,650800.0,7798021.0,2.0070565457897604,2.0070079813532984,2.0086656609076634,2.004843147892157
20230823.0,2.023082313395805e+16,2.006,2.005,2.004,2.003,2.002,2168900.0,7735721.0,1982500.0,1739300.0,3172400.0,1.63,2.028,2.007,2.005,-4600000.0,-11184621.0,-2962600.0,-2028900.0,-3342000.0,2.007,2.008,2.009,2.01,2.011,2431100.0,3448900.0,980100.0,289600.0,169600.0,2.023,2.038,-0.0309999999999996,0.0,974446729.951,484073804.0,2.446,2431100.0,3448900.0,980100.0,289600.0,169600.0,0.0,59950.0,691564.1000000238,-0.0009999999999998,-2168900.0,-7735721.0,-1982500.0,-1739300.0,-3172400.0,0.0019999999999997,0.0009999999999998,2.007,1.0,2.0,4.0280491,4.682585886622083e+18,1.0,1.0,2.008,0.0,93275.0,-0.0002673397778594,2.006,2.0065,1340.0,2.008,0.0004983802641417,0.0014951407924246,-24113380.236169748,159915.0,7319300.0,16798821.0,-9479521.0,24118121.0,0.0848391875110179,0.0595785069638488,344600.0,9479521.0,2.006860417875868,2.0064714999999995,2.0079504050933834,2.004237482201876
20230823.0,2.023082313405835e+16,2.005,2.004,2.003,2.002,2.001,6996621.0,2535400.0,2094600.0,2462600.0,6799900.0,1.63,2.028,2.005,2.005,-7487821.0,-5370600.0,-5055100.0,-2840200.0,-6981700.0,2.006,2.007,2.008,2.009,2.01,491200.0,2835200.0,2960500.0,377600.0,181800.0,2.023,2.038,-0.0329999999999999,-0.0020000000000002,982640595.551,488158504.0,2.446,491200.0,2835200.0,2960500.0,377600.0,181800.0,0.0001000000000002,1007060.0,8193865.600000024,-0.0010000000000003,-6996621.0,-2535400.0,-2094600.0,-2462600.0,-6799900.0,0.0020000000000002,0.0009999999999998,2.005,1.0,2.0,4.023634899999999,4.74339822680235e+18,18.0,2.0,2.006,0.0,1420975.0,-0.0002677196053102,2.005,2.0055,1341.0,2.006,0.00049862877088,0.0014958863126402,-24349128.333898365,159915.0,6846300.0,20889121.0,-14042821.0,27735421.0,0.0501661126039371,0.0380333344095884,4084700.0,14042821.0,2.0059895708375213,2.0059344001412422,2.0075506477951595,2.003022319847733
20230823.0,2.023082313415804e+16,2.007,2.006,2.005,2.004,2.003,364900.0,2266200.0,9028821.0,1987500.0,1938600.0,1.63,2.028,2.008,2.005,2229200.0,5702600.0,9969421.0,2445500.0,2145600.0,2.008,2.009,2.01,2.011,2.012,1864300.0,3436400.0,940600.0,458000.0,207000.0,2.023,2.038,-0.0299999999999998,0.0030000000000001,988998143.351,491326504.0,2.446,-1864300.0,-3436400.0,-940600.0,-458000.0,-207000.0,5.000000000032756e-05,872530.0,6357547.799999952,-0.0009999999999998,364900.0,2266200.0,9028821.0,1987500.0,1938600.0,0.0020000000000002,0.0010000000000003,2.008,2.0,0.0,4.02825005,4.80812768244432e+18,4.0,16.0,2.008,0.0,1202900.0,0.0006126393521976,2.006,2.0075000000000003,1342.0,2.006,0.0004981320049812,0.001494396014944,48827488.133172825,159915.0,6906300.0,15586021.0,-8679721.0,22492321.0,0.0739566659188785,0.0726967215105496,3168000.0,8679721.0,2.00680170454544,2.007163691010228,2.009088802976992,2.0048159440437043
0.0,0.0,0.0,0.0,0.0,0.0,0.0,0.0,0.0,0.0,0.0,0.0,0.0,0.0,0.0,0.0,0.0,0.0,0.0,0.0,0.0,0.0,0.0,0.0,0.0,0.0,0.0,0.0,0.0,0.0,0.0,0.0,0.0,0.0,0.0,0.0,0.0,0.0,0.0,0.0,0.0,0.0,0.0,0.0,0.0,0.0,0.0,0.0,0.0,0.0,0.0,0.0,0.0,0.0,0.0,0.0,0.0,0.0,0.0,0.0,0.0,0.0,0.0,0.0,0.0,0.0,0.0,0.0,0.0,0.0,0.0,0.0,0.0,0.0,0.0,0.0,0.0,0.0,0.0,0.0,0.0,0.0,0.0,0.0,0.0
20230823.0,2.023082313430104e+16,2.007,2.006,2.005,2.004,2.003,460600.0,1777400.0,8810421.0,2099400.0,1988800.0,1.63,2.028,2.007,2.005,92300.0,162700.0,0.0,0.0,0.0,2.008,2.009,2.01,2.011,2.012,3483900.0,2640100.0,735000.0,407600.0,207500.0,2.023,2.038,-0.0309999999999996,-0.0009999999999998,993503519.751,493571104.0,2.446,1000.0,0.0,0.0,0.0,0.0,0.0,0.0,12042.0,-0.0009999999999998,93300.0,162700.0,0.0,0.0,0.0,0.0020000000000002,0.0010000000000003,2.007,0.0,0.0,4.028049,2.436124347037788e+17,0.0,0.0,2.007,0.0,0.0,1.0648437980265156e-05,2.007,2.0075000000000003,1344.0,2.007,0.0004981320049812,0.001494396014944,0.0,159915.0,7474100.0,15136621.0,-7662521.0,22610721.0,0.0712244989894121,0.0774550483472703,6000.0,7662521.0,2.007,2.0071167701863355,2.008824567506456,2.004776806197367
20230823.0,2.0230823134401096e+16,2.006,2.005,2.004,2.003,2.002,1200000.0,6755021.0,2016900.0,1727500.0,3106100.0,1.63,2.028,2.007,2.005,2900.0,-60000.0,-69200.0,160900.0,0.0,2.007,2.008,2.009,2.01,2.011,2279500.0,2789400.0,1859300.0,445700.0,171600.0,2.023,2.038,-0.0309999999999996,0.0010000000000003,996197596.251,494913504.0,2.446,-2500.0,0.0,23800.0,-50400.0,0.0,0.0,0.0,5017.5,-0.0009999999999998,400.0,-60000.0,-45400.0,110500.0,0.0,0.0019999999999997,0.0009999999999998,2.007,0.0,0.0,4.028049,2.44939376441558e+17,0.0,0.0,2.007,0.0,0.0,1.6094421673162884e-07,2.007,2.0065,1345.0,2.007,0.0004983802641417,0.0014951407924246,0.0,159915.0,7545500.0,14805521.0,-7260021.0,22351021.0,0.0767979249591078,0.0801763004165501,2500.0,7260021.0,2.007,2.0063448771375194,2.008130673911603,2.004082085662504
20230823.0,2.023082313455805e+16,2.006,2.005,2.004,2.003,2.002,874700.0,5981021.0,2946600.0,1662700.0,3585800.0,1.63,2.028,2.006,2.005,3257200.0,10082621.0,4008400.0,2148900.0,3762400.0,2.007,2.008,2.009,2.01,2.011,2382500.0,4101600.0,1061800.0,486200.0,176600.0,2.023,2.038,-0.032,0.0,1004523107.751,499064204.0,2.446,-2382500.0,-4101600.0,-1061800.0,-486200.0,-176600.0,0.00015,877705.0,5151761.200000048,-0.0009999999999998,874700.0,5981021.0,2946600.0,1662700.0,3585800.0,0.0019999999999997,0.0009999999999998,2.006,2.0,2.0,4.023434349999997,4.949717897961146e+18,17.0,3.0,2.006,0.0,1680025.0,0.0001379117003635,2.005,2.0065,1346.0,2.006,0.0004983802641417,0.0014951407924246,653.5279945619404,159915.0,8208700.0,15050821.0,-6842121.0,23259521.0,0.0513291011928331,0.0558857964665144,2568600.0,6842121.0,2.005668924706084,2.006268543534324,2.0080221106874414,2.0039266565591336
0.0,0.0,0.0,0.0,0.0,0.0,0.0,0.0,0.0,0.0,0.0,0.0,0.0,0.0,0.0,0.0,0.0,0.0,0.0,0.0,0.0,0.0,0.0,0.0,0.0,0.0,0.0,0.0,0.0,0.0,0.0,0.0,0.0,0.0,0.0,0.0,0.0,0.0,0.0,0.0,0.0,0.0,0.0,0.0,0.0,0.0,0.0,0.0,0.0,0.0,0.0,0.0,0.0,0.0,0.0,0.0,0.0,0.0,0.0,0.0,0.0,0.0,0.0,0.0,0.0,0.0,0.0,0.0,0.0,0.0,0.0,0.0,0.0,0.0,0.0,0.0,0.0,0.0,0.0,0.0,0.0,0.0,0.0,0.0,0.0
20230823.0,2.0230823134758084e+16,2.007,2.006,2.005,2.004,2.003,702900.0,1698100.0,6445821.0,2057000.0,1904000.0,1.63,2.028,2.007,2.005,94300.0,-3783900.0,-666400.0,58700.0,496000.0,2.008,2.009,2.01,2.011,2.012,934300.0,4723500.0,1767500.0,2412600.0,267200.0,2.023,2.038,-0.0309999999999996,-0.0009999999999998,1009618643.651,501602404.0,2.446,374700.0,2846700.0,554900.0,-466400.0,-50100.0,0.00015,72675.0,919753.7000000476,-0.0009999999999998,469000.0,-937200.0,-111500.0,-407700.0,445900.0,0.0020000000000002,0.0010000000000003,2.007,2.0,3.0,4.03146175,5.029197294063886e+18,17.0,3.0,2.008,0.0,121425.0,6.703352696546538e-05,2.007,2.0075000000000003,1348.0,2.008,0.0004981320049812,0.001494396014944,-25016658.06231697,159915.0,10105100.0,12807821.0,-2702721.0,22912921.0,0.0644148361849288,0.0832396215232147,458100.0,2702721.0,2.007757476533612,2.0074293305643782,2.00963928115506,2.0047844207847687
20230823.0,2.0230823134807136e+16,2.006,2.005,2.004,2.003,2.002,1717400.0,7026021.0,1842600.0,1981800.0,3205200.0,1.63,2.028,2.007,2.005,-1990300.0,-9806521.0,-4918100.0,-2794100.0,-5441800.0,2.007,2.008,2.009,2.01,2.011,272900.0,2780500.0,3075500.0,812300.0,2236600.0,2.023,2.038,-0.0309999999999996,0.0,1011328617.551,502454404.0,2.446,272900.0,2780500.0,3075500.0,812300.0,2236600.0,0.0,180900.0,1709973.8999999762,-0.0009999999999998,-1717400.0,-7026021.0,-1842600.0,-1981800.0,-3205200.0,0.0019999999999997,0.0009999999999998,2.007,0.0,0.0,4.028049,7.56836214159654e+17,0.0,0.0,2.007,0.0,271050.0,-0.0002822144206295,2.007,2.0065,1349.0,2.007,0.0004983802641417,0.0014951407924246,0.0,159915.0,9177800.0,15773021.0,-6595221.0,24950821.0,0.0690035033893965,0.0886125648691675,852000.0,6595221.0,2.007011619718282,2.0068628849922123,2.009213471638084,2.0041311493213634
0.0,0.0,0.0,0.0,0.0,0.0,0.0,0.0,0.0,0.0,0.0,0.0,0.0,0.0,0.0,0.0,0.0,0.0,0.0,0.0,0.0,0.0,0.0,0.0,0.0,0.0,0.0,0.0,0.0,0.0,0.0,0.0,0.0,0.0,0.0,0.0,0.0,0.0,0.0,0.0,0.0,0.0,0.0,0.0,0.0,0.0,0.0,0.0,0.0,0.0,0.0,0.0,0.0,0.0,0.0,0.0,0.0,0.0,0.0,0.0,0.0,0.0,0.0,0.0,0.0,0.0,0.0,0.0,0.0,0.0,0.0,0.0,0.0,0.0,0.0,0.0,0.0,0.0,0.0,0.0,0.0,0.0,0.0,0.0,0.0
20230823.0,2.023082313505936e+16,2.005,2.004,2.003,2.002,2.001,5909600.0,2494400.0,1637600.0,3207000.0,6812000.0,1.63,2.028,2.006,2.005,-6827000.0,-7364200.0,-4071300.0,-3584100.0,-7277300.0,2.006,2.007,2.008,2.009,2.01,917400.0,4869800.0,2433700.0,377100.0,465300.0,2.023,2.038,-0.032,-0.0010000000000003,1023712298.451,508628104.0,2.446,917400.0,4869800.0,2433700.0,377100.0,465300.0,0.0,24200.0,12383680.899999976,-0.0010000000000003,-5909600.0,-2494400.0,-1637600.0,-3207000.0,-6812000.0,0.0020000000000002,0.0009999999999998,2.006,0.0,0.0,4.024035999999999,7.759825296142004e+17,0.0,0.0,2.006,0.0,32600.0,-0.0004970499326063,2.006,2.0055,1351.0,2.006,0.00049862877088,0.0014958863126402,0.0,159915.0,9063300.0,20060600.0,-10997300.0,29123900.0,0.1115449137443867,0.1326201168775079,6173700.0,10997300.0,2.0058766865898856,2.005865621795811,2.0074045325654013,2.002874510233992
20230823.0,2.0230823135113264e+16,2.006,2.005,2.004,2.003,2.002,633400.0,7292900.0,3390900.0,1849900.0,3004400.0,1.63,2.028,2.007,2.005,763900.0,10527700.0,6447900.0,2756000.0,3610700.0,2.007,2.008,2.009,2.01,2.011,130500.0,3234800.0,3057000.0,906100.0,606300.0,2.023,2.038,-0.0309999999999996,0.0010000000000003,1026538548.551,510036704.0,2.446,-130500.0,-3234800.0,-3057000.0,-906100.0,-606300.0,0.0004000000000004,185320.0,2826250.100000024,-0.0009999999999998,633400.0,7292900.0,3390900.0,1849900.0,3004400.0,0.0019999999999997,0.0009999999999998,2.007,1.0,0.0,4.026443799999999,1.298494843280875e+18,3.0,2.0,2.007,0.0010000000000003,272200.0,0.0004802480103046,2.006,2.0065,1352.0,2.006,0.0004983802641417,0.0014951407924246,25385765.022430003,159915.0,7934700.0,16171500.0,-8236800.0,24106200.0,0.1601222603521938,0.1268653662238348,1408600.0,8236800.0,2.006424889961681,2.00682916612122,2.008826445864368,2.004043347865071
0.0,0.0,0.0,0.0,0.0,0.0,0.0,0.0,0.0,0.0,0.0,0.0,0.0,0.0,0.0,0.0,0.0,0.0,0.0,0.0,0.0,0.0,0.0,0.0,0.0,0.0,0.0,0.0,0.0,0.0,0.0,0.0,0.0,0.0,0.0,0.0,0.0,0.0,0.0,0.0,0.0,0.0,0.0,0.0,0.0,0.0,0.0,0.0,0.0,0.0,0.0,0.0,0.0,0.0,0.0,0.0,0.0,0.0,0.0,0.0,0.0,0.0,0.0,0.0,0.0,0.0,0.0,0.0,0.0,0.0,0.0,0.0,0.0,0.0,0.0,0.0,0.0,0.0,0.0,0.0,0.0,0.0,0.0,0.0,0.0
20230823.0,2.023082313535888e+16,2.008,2.007,2.006,2.005,2.004,1200.0,1647700.0,4748900.0,5682300.0,2488400.0,1.63,2.028,2.008,2.005,1494200.0,5335600.0,6730500.0,6659600.0,2811900.0,2.009,2.01,2.011,2.012,2.013,1493000.0,3687900.0,1981600.0,977300.0,323500.0,2.023,2.038,-0.0299999999999998,0.0009999999999998,1038849027.851,516168404.0,2.446,-1493000.0,-3687900.0,-1981600.0,-977300.0,-323500.0,0.0,680365.0,12310479.299999952,-0.0009999999999998,1200.0,1647700.0,4748900.0,5682300.0,2488400.0,0.0019999999999997,0.0009999999999998,2.008,4.0,4.0,4.0320642,5.30130061263884e+18,2.0,2.0,2.009,0.0,1282100.0,0.0005836546137001,2.007,2.0085,1354.0,2.008,0.0004978839930295,0.0014936519790887,-33332.138696439564,159915.0,8463300.0,14568500.0,-6105200.0,23031800.0,0.1078525724680756,0.118475873119575,6131700.0,6105200.0,2.007678017515526,2.0080008031053405,2.0104033533019035,2.005381611010056
20230823.0,2.023082313545861e+16,2.01,2.009,2.008,2.007,2.006,9100.0,624500.0,1621900.0,2282900.0,3005400.0,1.63,2.028,2.01,2.005,4189500.0,1847000.0,2091400.0,3089100.0,4554000.0,2.011,2.012,2.013,2.014,2.015,4180400.0,1222500.0,469500.0,806200.0,1548600.0,2.023,2.038,-0.028,0.0019999999999997,1045730424.451,519593004.0,2.446,-4180400.0,-1222500.0,-469500.0,-806200.0,-1548600.0,0.0004499999999998,430325.0,6881396.600000024,-0.0009999999999998,9100.0,624500.0,1621900.0,2282900.0,3005400.0,0.0019999999999997,0.0009999999999998,2.01,5.0,4.0,4.038291449999999,5.365228167642358e+18,11.0,9.0,2.01,0.0009999999999998,806900.0,0.0009962009333671,2.009,2.0105,1355.0,2.009,0.0004973887092764,0.0014921661278289,25705414.19878917,159915.0,8227200.0,7543800.0,683400.0,15771000.0,0.1118442922347128,0.1301555433764947,3424600.0,683400.0,2.0094015651463013,2.010002172096909,2.012309619311552,2.0069857896550807
0.0,0.0,0.0,0.0,0.0,0.0,0.0,0.0,0.0,0.0,0.0,0.0,0.0,0.0,0.0,0.0,0.0,0.0,0.0,0.0,0.0,0.0,0.0,0.0,0.0,0.0,0.0,0.0,0.0,0.0,0.0,0.0,0.0,0.0,0.0,0.0,0.0,0.0,0.0,0.0,0.0,0.0,0.0,0.0,0.0,0.0,0.0,0.0,0.0,0.0,0.0,0.0,0.0,0.0,0.0,0.0,0.0,0.0,0.0,0.0,0.0,0.0,0.0,0.0,0.0,0.0,0.0,0.0,0.0,0.0,0.0,0.0,0.0,0.0,0.0,0.0,0.0,0.0,0.0,0.0,0.0,0.0,0.0,0.0,0.0
20230823.0,2.0230823135658044e+16,2.012,2.011,2.01,2.009,2.008,934600.0,1318700.0,1255200.0,400700.0,1064500.0,1.63,2.028,2.013,2.005,-350300.0,2274800.0,-2303500.0,104600.0,9300.0,2.013,2.014,2.015,2.016,2.017,609600.0,4169700.0,4027100.0,935400.0,385900.0,2.023,2.038,-0.0249999999999999,0.0009999999999998,1064859455.051,529098004.0,2.446,502400.0,-2537200.0,1785400.0,-210800.0,200.0,0.0006111111111115,637694.444444418,10411334.899999976,-0.0009999999999998,152100.0,-262400.0,-518100.0,-106200.0,9500.0,0.0019999999999997,0.0009999999999998,2.013,3.0,3.0,4.053735277777777,5.008175537620545e+18,9.0,9.0,2.014,0.0009999999999998,1203125.0,-0.0001362705275553,2.012,2.0125,1357.0,2.013,0.0004968944099378,0.0014906832298135,-100233.22736876084,159915.0,10127700.0,4973700.0,5154000.0,15101400.0,0.1396673296210109,0.1401646563514304,5171400.0,5154000.0,2.013252678191588,2.012605232482839,2.0146364722493755,2.0101323360878216
20230823.0,2.023082313575501e+16,2.01,2.009,2.008,2.007,2.006,612300.0,1139600.0,742000.0,1554300.0,2302500.0,1.63,2.028,2.011,2.005,-1028700.0,-3205800.0,-6185200.0,-2736800.0,-3784400.0,2.011,2.012,2.013,2.014,2.015,416400.0,2066200.0,5443200.0,1182500.0,1481900.0,2.023,2.038,-0.0269999999999996,-0.0019999999999997,1068456486.751,530886104.0,2.446,416400.0,2066200.0,5443200.0,1182500.0,1481900.0,0.000428571428571,354900.0,3597031.700000048,-0.0009999999999998,-612300.0,-1139600.0,-742000.0,-1554300.0,-2302500.0,0.0019999999999997,0.0009999999999998,2.011,3.0,4.0,4.045845285714287,3.938723896221964e+18,5.0,9.0,2.013,0.0009999999999998,460225.0,-0.0009992121499659,2.011,2.0105,1358.0,2.012,0.0004973887092764,0.0014921661278289,-26450111.164965432,159915.0,10590200.0,6350700.0,4239500.0,16940900.0,0.1416603210992315,0.1430293072363618,1788100.0,4239500.0,2.011650187349728,2.0105952172645085,2.013117778701063,2.0074024123324987
20230823.0,2.023082313585499e+16,2.013,2.012,2.011,2.01,2.009,81800.0,1019700.0,2263800.0,1202600.0,1156300.0,1.63,2.028,2.014,2.005,831400.0,5060300.0,3406600.0,1871500.0,1704300.0,2.014,2.015,2.016,2.017,2.018,749600.0,4040600.0,1142800.0,668900.0,548000.0,2.023,2.038,-0.024,0.0029999999999996,1076947898.751,535104904.0,2.446,-749600.0,-4040600.0,-1142800.0,-668900.0,-548000.0,0.0012105263157895,303868.4210526347,8481356.99999988,-0.0010000000000003,81800.0,1019700.0,2263800.0,1202600.0,1156300.0,0.0020000000000002,0.0009999999999998,2.014,4.0,1.0,4.0513227894736845,5.393706905853568e+18,12.0,7.0,2.014,0.0019999999999997,780450.0,0.0012398832703646,2.011,2.0135,1359.0,2.011,0.0004966476285075,0.0014899428855227,79380893.5169931,159915.0,7149900.0,5724200.0,1425700.0,12874100.0,0.156030020450134,0.1608139797808129,4213800.0,1425700.0,2.012757368645849,2.0130983882607647,2.0154720345739103,2.0105926242968453
20230823.0,2.0230823135955004e+16,2.011,2.01,2.009,2.008,2.007,586000.0,1676000.0,1137200.0,1322800.0,982100.0,1.63,2.028,2.012,2.005,-914500.0,-3772000.0,-3883500.0,-3670500.0,-1802600.0,2.012,2.013,2.014,2.015,2.016,328500.0,2096000.0,2746300.0,2347700.0,820500.0,2.023,2.038,-0.0259999999999998,-0.0009999999999998,1085795525.151,539499204.0,2.446,328500.0,2096000.0,2746300.0,2347700.0,820500.0,0.0008947368421052,1002321.0526316166,8736858.5,-0.0009999999999998,-586000.0,-1676000.0,-1137200.0,-1322800.0,-982100.0,0.0020000000000002,0.0010000000000003,2.012,3.0,5.0,4.051746052631579,5.504840238977104e+18,11.0,8.0,2.015,0.0014999999999996,1867450.0,-0.0007493960413352,2.012,2.0115,1400.0,2.014,0.0004971414367386,0.0014914243102163,-53567379.47747944,159915.0,8339000.0,5704100.0,2634900.0,14043100.0,0.1647613454625194,0.1722525278299054,4339300.0,2634900.0,2.013425782960385,2.011640787315473,2.0141481832354,2.0089230378149048
20230823.0,2.023082314005503e+16,2.01,2.009,2.008,2.007,2.006,220700.0,1036300.0,1229900.0,1132400.0,2446100.0,1.63,2.028,2.011,2.005,-304300.0,-4334900.0,-3807600.0,-1754800.0,-4159800.0,2.011,2.012,2.013,2.014,2.015,83600.0,3298600.0,2577700.0,622400.0,1713700.0,2.023,2.038,-0.0269999999999996,-0.0019999999999997,1090887118.151,542031204.0,2.446,83600.0,3298600.0,2577700.0,622400.0,1713700.0,0.0001578947368416,660284.2105263472,4419584.5,-0.0009999999999998,-220700.0,-1036300.0,-1229900.0,-1132400.0,-2446100.0,0.0019999999999997,0.0009999999999998,2.011,4.0,5.0,4.044756631578947,5.565140441079355e+18,5.0,14.0,2.013,0.0004999999999997,1339150.0,-0.000639463580718,2.01,2.0105,1401.0,2.013,0.0004973887092764,0.0014921661278289,-53767715.51787826,159915.0,8296000.0,6065400.0,2230600.0,14361400.0,0.1462672753841991,0.1594175999729006,2198000.0,2230600.0,2.0107299818016378,2.010725271114032,2.013070395371263,2.0072503544696145
20230823.0,2.0230823140158044e+16,2.009,2.008,2.007,2.006,2.005,111900.0,760400.0,2008400.0,2805900.0,5885600.0,1.63,2.028,2.009,2.005,-282000.0,-3836700.0,-4445000.0,-3342900.0,-6168400.0,2.01,2.011,2.012,2.013,2.014,170100.0,3076300.0,2436600.0,537000.0,282800.0,2.023,2.038,-0.0289999999999999,-0.0020000000000002,1095500661.051,544327104.0,2.446,170100.0,3076300.0,2436600.0,537000.0,282800.0,0.00055,713450.0,4590014.200000048,-0.0010000000000003,-111900.0,-760400.0,-2008400.0,-2805900.0,-5885600.0,0.0020000000000002,0.0009999999999998,2.009,1.0,3.0,4.038291849999998,5.90077560072733e+18,7.0,13.0,2.011,0.0009999999999998,1274475.0,-0.0007373870041209,2.009,2.0095,1402.0,2.011,0.0004976362279173,0.0014929086837522,-54026974.86138853,159915.0,6502800.0,11572200.0,-5069400.0,18075000.0,0.1429065296047417,0.1623852441516624,2284200.0,5069400.0,2.0094624813939443,2.009396808510638,2.0116441686658058,2.005825383246055
20230823.0,2.023082314025795e+16,2.009,2.008,2.007,2.006,2.005,1500.0,668800.0,1961400.0,2533300.0,5510500.0,1.63,2.028,2.009,2.005,-4059400.0,-337400.0,1629000.0,-86600.0,-429100.0,2.01,2.011,2.012,2.013,2.014,4119100.0,3322100.0,760600.0,351000.0,336800.0,2.023,2.038,-0.0289999999999999,0.0,1099865898.751,546499504.0,2.446,3949000.0,245800.0,-1676000.0,-186000.0,54000.0,0.0004999999999999,666850.0,4365237.699999809,-0.0010000000000003,-110400.0,-91600.0,-47000.0,-272600.0,-375100.0,0.0020000000000002,0.0009999999999998,2.009,5.0,5.0,4.0368850999999975,5.950956592520527e+18,7.0,13.0,2.01,0.0009999999999998,1239875.0,-0.0001973147353265,2.008,2.0095,1403.0,2.009,0.0004976362279173,0.0014929086837522,-100555.39803958684,159915.0,8889600.0,10675500.0,-1785900.0,19565100.0,0.1459941439017394,0.1558908376589864,2172400.0,1785900.0,2.0094078898912766,2.0090003640246565,2.010814828563715,2.005793264952461
20230823.0,2.023082314035805e+16,2.008,2.007,2.006,2.005,2.004,393200.0,1680800.0,2850100.0,5317900.0,2296400.0,1.63,2.028,2.008,2.005,-2856100.0,-5672100.0,-6295500.0,-5819000.0,-2472400.0,2.009,2.01,2.011,2.012,2.013,2462900.0,3991300.0,3445400.0,501100.0,176000.0,2.023,2.038,-0.0299999999999998,-0.0009999999999998,1104243791.851,548679004.0,2.446,2462900.0,3991300.0,3445400.0,501100.0,176000.0,0.0003571428571427,589128.5714285374,4377893.100000143,-0.0009999999999998,-393200.0,-1680800.0,-2850100.0,-5317900.0,-2296400.0,0.0019999999999997,0.0009999999999998,2.008,2.0,3.0,4.034646357142857,4.19214761348584e+18,9.0,5.0,2.009,0.0009999999999998,1150400.0,-0.0004295066691345,2.008,2.0085,1404.0,2.009,0.0004978839930295,0.0014936519790887,-27285954.96916958,159915.0,10576700.0,12538400.0,-1961700.0,23115100.0,0.1376140559667041,0.141834255864467,2179500.0,1961700.0,2.008668547832137,2.008137670249641,2.0102375693741905,2.0054063437121163
0.0,0.0,0.0,0.0,0.0,0.0,0.0,0.0,0.0,0.0,0.0,0.0,0.0,0.0,0.0,0.0,0.0,0.0,0.0,0.0,0.0,0.0,0.0,0.0,0.0,0.0,0.0,0.0,0.0,0.0,0.0,0.0,0.0,0.0,0.0,0.0,0.0,0.0,0.0,0.0,0.0,0.0,0.0,0.0,0.0,0.0,0.0,0.0,0.0,0.0,0.0,0.0,0.0,0.0,0.0,0.0,0.0,0.0,0.0,0.0,0.0,0.0,0.0,0.0,0.0,0.0,0.0,0.0,0.0,0.0,0.0,0.0,0.0,0.0,0.0,0.0,0.0,0.0,0.0,0.0,0.0,0.0,0.0,0.0,0.0
20230823.0,2.023082314055796e+16,2.006,2.005,2.004,2.003,2.002,3273600.0,5897900.0,2260700.0,2126100.0,3193100.0,1.63,2.028,2.007,2.005,-3296900.0,-7766000.0,-5649900.0,-3614700.0,-4593100.0,2.007,2.008,2.009,2.01,2.011,23300.0,1868100.0,3389200.0,1488600.0,1400000.0,2.023,2.038,-0.0309999999999996,0.0,1115998931.351,554534604.0,2.446,23300.0,1868100.0,3389200.0,1488600.0,1400000.0,0.0004000000000004,1242555.0,7337792.299999952,-0.0009999999999998,-3273600.0,-5897900.0,-2260700.0,-2126100.0,-3193100.0,0.0019999999999997,0.0009999999999998,2.007,3.0,4.0,4.030457999999999,6.104444244370688e+18,12.0,8.0,2.008,0.0009999999999998,2431125.0,-0.0004968818703263,2.007,2.0065,1406.0,2.008,0.0004983802641417,0.0014951407924246,-27550039.047692586,159915.0,8169200.0,16751400.0,-8582200.0,24920600.0,0.1118984446366429,0.0980897560810614,3655700.0,8582200.0,2.007219492846774,2.006992932755012,2.009290591489987,2.004234774406916
20230823.0,2.023082314065798e+16,2.006,2.005,2.004,2.003,2.002,3206500.0,5828800.0,2324300.0,1344200.0,3544100.0,1.63,2.028,2.006,2.005,-923600.0,-2308800.0,62600.0,-574000.0,351000.0,2.007,2.008,2.009,2.01,2.011,879800.0,4107800.0,3390200.0,1280700.0,1400000.0,2.023,2.038,-0.032,-0.0010000000000003,1120869962.151,556961704.0,2.446,856500.0,2239700.0,1000.0,-207900.0,0.0,0.0004499999999998,297565.0,4871030.799999952,-0.0009999999999998,-67100.0,-69100.0,63600.0,-781900.0,351000.0,0.0019999999999997,0.0009999999999998,2.006,4.0,4.0,4.03025745,6.162696605803213e+18,13.0,7.0,2.008,0.0009999999999998,75050.0,-0.0001037613806559,2.006,2.0065,1407.0,2.007,0.0004983802641417,0.0014951407924246,-27923673.11772704,159915.0,11058500.0,16247900.0,-5189400.0,27306400.0,0.103017327189959,0.0951709402154811,2427100.0,5189400.0,2.0069345309216566,2.0067846952010377,2.008838431975404,2.0042344549141737
20230823.0,2.0230823140754936e+16,2.006,2.005,2.004,2.003,2.002,3543100.0,6021900.0,2274000.0,1404600.0,3549400.0,1.63,2.028,2.007,2.005,1011800.0,737800.0,-299800.0,-289200.0,3200.0,2.007,2.008,2.009,2.01,2.011,204600.0,3563100.0,3639700.0,1630300.0,1402100.0,2.023,2.038,-0.0309999999999996,0.0010000000000003,1126200207.751,559617604.0,2.446,-675200.0,-544700.0,249500.0,349600.0,2100.0,7.692307692330758e-05,547623.076923132,5330245.599999905,-0.0009999999999998,336600.0,193100.0,-50300.0,60400.0,5300.0,0.0019999999999997,0.0009999999999998,2.007,2.0,2.0,4.028358000000001,4.055349431789485e+18,2.0,11.0,2.008,0.0,781000.0,8.008077821464177e-05,2.006,2.0065,1408.0,2.007,0.0004983802641417,0.0014951407924246,-34172.183778584,159915.0,10439800.0,16793000.0,-6353200.0,27232800.0,0.0783918936874027,0.0863582464875066,2655900.0,6353200.0,2.006945141006779,2.0069454065159964,2.0090442728787905,2.004274203537188
20230823.0,2.023082314085504e+16,2.004,2.003,2.002,2.001,2.0,1059000.0,1640000.0,2777800.0,7068600.0,9625500.0,1.63,2.028,2.004,2.004,-3196404.0,-3306200.0,-7155500.0,-7595800.0,-9714600.0,2.005,2.006,2.007,2.008,2.009,2137404.0,1666200.0,4377700.0,527200.0,89100.0,2.023,2.038,-0.0339999999999998,-0.0030000000000001,1150701368.751,571835204.0,2.446,2137404.0,1666200.0,4377700.0,527200.0,89100.0,9.999999999976694e-05,2793229.200000048,24173016.5,-0.0009999999999998,-1059000.0,-1640000.0,-2777800.0,-7068600.0,-9625500.0,0.0019999999999997,0.0009999999999998,2.004,1.0,4.0,4.0204267,3.2255374825092485e+18,2.0,8.0,2.007,0.0,3695924.0,-0.0013248839233008,2.004,2.0045,1409.0,2.007,0.0004988775255674,0.0014966325767022,-84732094.1845417,159915.0,8797604.0,22170900.0,-13373296.0,30968504.0,0.1097241721072858,0.126496690929054,12054100.0,13373296.0,2.005377133091645,2.004331309809398,2.0064048825111924,2.0009823778015328
20230823.0,2.0230823140955e+16,2.003,2.002,2.001,2.0,1.999,1381700.0,3102700.0,6626300.0,11428600.0,2899300.0,1.63,2.028,2.004,2.003,-209900.0,-1898900.0,184500.0,3074100.0,778600.0,2.004,2.005,2.006,2.007,2.008,492200.0,3263104.0,2130100.0,2592900.0,185100.0,2.023,2.038,-0.0339999999999998,0.0009999999999998,1157526671.851,575241504.0,2.446,-211600.0,2147800.0,-103000.0,-1784800.0,-416100.0,0.0002105263157892,431863.15789473057,5035691.700000048,-0.0009999999999998,-421500.0,248900.0,81500.0,1289300.0,362500.0,0.0020000000000002,0.0010000000000003,2.004,4.0,4.0,4.015172421052632,6.266393634336882e+18,15.0,4.0,2.004,0.0,878100.0,9.01977775658036e-06,2.003,2.0035,1410.0,2.004,0.0004991265285749,0.001497379585725,-30241.85567954928,159915.0,8663404.0,25438600.0,-16775196.0,34102004.0,0.1152524752995807,0.1360097001597119,2513300.0,16775196.0,2.0036174352445184,2.00373733923902,2.0058517437256764,2.0005533913029807
20230823.0,2.023082314105497e+16,2.003,2.002,2.001,2.0,1.999,2143100.0,3427400.0,8580800.0,10619200.0,2600500.0,1.63,2.028,2.004,2.003,441796.0,1393104.0,1066600.0,-1668300.0,-729100.0,2.004,2.005,2.006,2.007,2.008,847204.0,1196600.0,2908600.0,3453200.0,610100.0,2.023,2.038,-0.0339999999999998,0.0,1167728280.551,580331604.0,2.446,300004.0,-1068904.0,290900.0,860300.0,425000.0,0.0004736842105264,934868.0,10111428.700000048,-0.0009999999999998,741800.0,324200.0,1357500.0,-808000.0,-304100.0,0.0020000000000002,0.0010000000000003,2.004,2.0,2.0,4.018125999999998,6.352751765835294e+18,10.0,9.0,2.005,0.0009999999999998,1475950.0,-1.2404965362700082e-06,2.004,2.0035,1411.0,2.004,0.0004991265285749,0.001497379585725,-135298.31140708178,159915.0,9015704.0,27371000.0,-18355296.0,36386704.0,0.1262542413955319,0.1461037092596315,5045100.0,18355296.0,2.004207785772343,2.0037166829860777,2.0061976985934766,2.000703825216469
