time,exchg,code,price,open,high,low,settle_price,upper_limit,lower_limit,total_volume,volume,total_turnover,turnover,open_interest,diff_interest,trading_date,action_date,action_time,pre_close,pre_settle,pre_interest,bid_price_0,bid_price_1,bid_price_2,bid_price_3,bid_price_4,bid_price_5,bid_price_6,bid_price_7,bid_price_8,bid_price_9,ask_price_0,ask_price_1,ask_price_2,ask_price_3,ask_price_4,ask_price_5,ask_price_6,ask_price_7,ask_price_8,ask_price_9,bid_qty_0,bid_qty_1,bid_qty_2,bid_qty_3,bid_qty_4,bid_qty_5,bid_qty_6,bid_qty_7,bid_qty_8,bid_qty_9,ask_qty_0,ask_qty_1,ask_qty_2,ask_qty_3,ask_qty_4,ask_qty_5,ask_qty_6,ask_qty_7,ask_qty_8,ask_qty_9
20230823093149776,SZSE,SZSE.ETF.159995,0.945,0.946,0.947,0.943,0.0,1.046,0.856,13311800.0,19100.0,12576407.7,18032.599999999627,0.0,0.0,20230823,20230823,93149775,0.951,0.0,0.0,0.944,0.943,0.942,0.941,0.94,0.0,0.0,0.0,0.0,0.0,0.945,0.946,0.947,0.948,0.949,0.0,0.0,0.0,0.0,0.0,1371600.0,3174200.0,2159400.0,1588600.0,1849500.0,0.0,0.0,0.0,0.0,0.0,757800.0,1602000.0,2657100.0,1803500.0,934700.0,0.0,0.0,0.0,0.0,0.0
20230823093151968,SZSE,SZSE.ETF.159995,0.944,0.946,0.947,0.943,0.0,1.046,0.856,13396400.0,84600.0,12656304.1,79896.40000000037,0.0,0.0,20230823,20230823,93151966,0.951,0.0,0.0,0.944,0.943,0.942,0.941,0.94,0.0,0.0,0.0,0.0,0.0,0.945,0.946,0.947,0.948,0.949,0.0,0.0,0.0,0.0,0.0,1325000.0,3192200.0,2191300.0,1153800.0,1649500.0,0.0,0.0,0.0,0.0,0.0,1038600.0,1604000.0,2657100.0,1803500.0,934700.0,0.0,0.0,0.0,0.0,0.0
20230823093154496,SZSE,SZSE.ETF.159995,0.945,0.946,0.947,0.943,0.0,1.046,0.856,13408400.0,12000.0,12667644.1,11340.0,0.0,0.0,20230823,20230823,93154496,0.951,0.0,0.0,0.944,0.943,0.942,0.941,0.94,0.0,0.0,0.0,0.0,0.0,0.945,0.946,0.947,0.948,0.949,0.0,0.0,0.0,0.0,0.0,1330000.0,3192200.0,2191300.0,1153800.0,1650500.0,0.0,0.0,0.0,0.0,0.0,1469700.0,1634000.0,2657100.0,1803500.0,934700.0,0.0,0.0,0.0,0.0,0.0
20230823093156324,SZSE,SZSE.ETF.159995,0.944,0.946,0.947,0.943,0.0,1.046,0.856,13458400.0,50000.0,12714844.1,47200.0,0.0,0.0,20230823,20230823,93156324,0.951,0.0,0.0,0.944,0.943,0.942,0.941,0.94,0.0,0.0,0.0,0.0,0.0,0.945,0.946,0.947,0.948,0.949,0.0,0.0,0.0,0.0,0.0,1185200.0,1792200.0,3601300.0,1153800.0,1653000.0,0.0,0.0,0.0,0.0,0.0,1560700.0,3004000.0,1257100.0,1803500.0,934700.0,0.0,0.0,0.0,0.0,0.0
20230823093159940,SZSE,SZSE.ETF.159995,0.945,0.946,0.947,0.943,0.0,1.046,0.856,13458500.0,100.0,12714938.6,94.5,0.0,0.0,20230823,20230823,93159939,0.951,0.0,0.0,0.944,0.943,0.942,0.941,0.94,0.0,0.0,0.0,0.0,0.0,0.945,0.946,0.947,0.948,0.949,0.0,0.0,0.0,0.0,0.0,1348300.0,3195200.0,2206300.0,1158800.0,1653000.0,0.0,0.0,0.0,0.0,0.0,1380800.0,1598200.0,2657100.0,1803500.0,934700.0,0.0,0.0,0.0,0.0,0.0
20230823093202736,SZSE,SZSE.ETF.159995,0.944,0.946,0.947,0.943,0.0,1.046,0.856,13459300.0,800.0,12715693.8,755.2000000011176,0.0,0.0,20230823,20230823,93202736,0.951,0.0,0.0,0.944,0.943,0.942,0.941,0.94,0.0,0.0,0.0,0.0,0.0,0.945,0.946,0.947,0.948,0.949,0.0,0.0,0.0,0.0,0.0,1347500.0,1795400.0,3606300.0,1158800.0,1653000.0,0.0,0.0,0.0,0.0,0.0,1381300.0,1598200.0,2657100.0,1803500.0,934700.0,0.0,0.0,0.0,0.0,0.0
20230823093205584,SZSE,SZSE.ETF.159995,0.944,0.946,0.947,0.943,0.0,1.046,0.856,13509300.0,50000.0,12762893.8,47200.0,0.0,0.0,20230823,20230823,93205586,0.951,0.0,0.0,0.944,0.943,0.942,0.941,0.94,0.0,0.0,0.0,0.0,0.0,0.945,0.946,0.947,0.948,0.949,0.0,0.0,0.0,0.0,0.0,1326500.0,1785400.0,3556300.0,1158800.0,1640000.0,0.0,0.0,0.0,0.0,0.0,1401300.0,1598200.0,2657100.0,1803500.0,934700.0,0.0,0.0,0.0,0.0,0.0
20230823093208144,SZSE,SZSE.ETF.159995,0.944,0.946,0.947,0.943,0.0,1.046,0.856,13683200.0,173900.0,12927060.9,164167.09999999963,0.0,0.0,20230823,20230823,93208144,0.951,0.0,0.0,0.944,0.943,0.942,0.941,0.94,0.0,0.0,0.0,0.0,0.0,0.945,0.946,0.947,0.948,0.949,0.0,0.0,0.0,0.0,0.0,1218600.0,1805400.0,3556300.0,1311800.0,1630000.0,0.0,0.0,0.0,0.0,0.0,2600400.0,2998200.0,1257100.0,1803500.0,934700.0,0.0,0.0,0.0,0.0,0.0
20230823093319980,SZSE,SZSE.ETF.159995,0.943,0.946,0.947,0.942,0.0,1.046,0.856,20152400.0,88900.0,19028087.3,83858.19999999925,0.0,0.0,20230823,20230823,93319980,0.951,0.0,0.0,0.943,0.942,0.941,0.94,0.939,0.0,0.0,0.0,0.0,0.0,0.944,0.945,0.946,0.947,0.948,0.0,0.0,0.0,0.0,0.0,1435500.0,2630500.0,3882300.0,2857900.0,691400.0,0.0,0.0,0.0,0.0,0.0,304400.0,3195700.0,737800.0,1939000.0,2638200.0,0.0,0.0,0.0,0.0,0.0
20230823093322184,SZSE,SZSE.ETF.159995,0.944,0.946,0.947,0.942,0.0,1.046,0.856,20213100.0,60700.0,19085327.9,57240.599999997765,0.0,0.0,20230823,20230823,93322182,0.951,0.0,0.0,0.943,0.942,0.941,0.94,0.939,0.0,0.0,0.0,0.0,0.0,0.944,0.945,0.946,0.947,0.948,0.0,0.0,0.0,0.0,0.0,1449900.0,3516500.0,3882300.0,2860400.0,701400.0,0.0,0.0,0.0,0.0,0.0,1313000.0,3195700.0,757800.0,1939000.0,2638200.0,0.0,0.0,0.0,0.0,0.0
20230823093326616,SZSE,SZSE.ETF.159995,0.943,0.946,0.947,0.942,0.0,1.046,0.856,21142700.0,929600.0,19961941.0,876613.1000000015,0.0,0.0,20230823,20230823,93326617,0.951,0.0,0.0,0.943,0.942,0.941,0.94,0.939,0.0,0.0,0.0,0.0,0.0,0.944,0.945,0.946,0.947,0.948,0.0,0.0,0.0,0.0,0.0,580700.0,3512900.0,3882300.0,2860400.0,1702000.0,0.0,0.0,0.0,0.0,0.0,1563000.0,3345700.0,757800.0,1939000.0,2638200.0,0.0,0.0,0.0,0.0,0.0
20230823093329792,SZSE,SZSE.ETF.159995,0.943,0.946,0.947,0.942,0.0,1.046,0.856,21230900.0,88200.0,20045119.8,83178.80000000075,0.0,0.0,20230823,20230823,93329792,0.951,0.0,0.0,0.943,0.942,0.941,0.94,0.939,0.0,0.0,0.0,0.0,0.0,0.944,0.945,0.946,0.947,0.948,0.0,0.0,0.0,0.0,0.0,573500.0,3072100.0,3882300.0,2911400.0,722000.0,0.0,0.0,0.0,0.0,0.0,1859900.0,3345700.0,757800.0,1939000.0,2638200.0,0.0,0.0,0.0,0.0,0.0
20230823093330932,SZSE,SZSE.ETF.159995,0.943,0.946,0.947,0.942,0.0,1.046,0.856,21306000.0,75100.0,20115972.4,70852.59999999776,0.0,0.0,20230823,20230823,93330933,0.951,0.0,0.0,0.943,0.942,0.941,0.94,0.939,0.0,0.0,0.0,0.0,0.0,0.944,0.945,0.946,0.947,0.948,0.0,0.0,0.0,0.0,0.0,645100.0,3162400.0,4002300.0,2911900.0,723000.0,0.0,0.0,0.0,0.0,0.0,1960400.0,3485700.0,877800.0,1939000.0,2638200.0,0.0,0.0,0.0,0.0,0.0
20230823093334508,SZSE,SZSE.ETF.159995,0.944,0.946,0.947,0.942,0.0,1.046,0.856,21364700.0,58700.0,20171333.0,55360.60000000149,0.0,0.0,20230823,20230823,93334509,0.951,0.0,0.0,0.943,0.942,0.941,0.94,0.939,0.0,0.0,0.0,0.0,0.0,0.944,0.945,0.946,0.947,0.948,0.0,0.0,0.0,0.0,0.0,668200.0,3189100.0,4307100.0,2911900.0,726200.0,0.0,0.0,0.0,0.0,0.0,2265900.0,3485700.0,877800.0,1939000.0,2638200.0,0.0,0.0,0.0,0.0,0.0
20230823093337700,SZSE,SZSE.ETF.159995,0.943,0.946,0.947,0.942,0.0,1.046,0.856,21379700.0,15000.0,20185478.0,14145.0,0.0,0.0,20230823,20230823,93337700,0.951,0.0,0.0,0.943,0.942,0.941,0.94,0.939,0.0,0.0,0.0,0.0,0.0,0.944,0.945,0.946,0.947,0.948,0.0,0.0,0.0,0.0,0.0,712000.0,3170600.0,4307100.0,2956900.0,1728200.0,0.0,0.0,0.0,0.0,0.0,1067100.0,6285700.0,877800.0,1939000.0,2638200.0,0.0,0.0,0.0,0.0,0.0
20230823093339992,SZSE,SZSE.ETF.159995,0.944,0.946,0.947,0.942,0.0,1.046,0.856,21696100.0,316400.0,20483881.2,298403.19999999925,0.0,0.0,20230823,20230823,93339990,0.951,0.0,0.0,0.943,0.942,0.941,0.94,0.939,0.0,0.0,0.0,0.0,0.0,0.944,0.945,0.946,0.947,0.948,0.0,0.0,0.0,0.0,0.0,1881200.0,4909500.0,2787100.0,2744900.0,1728700.0,0.0,0.0,0.0,0.0,0.0,725500.0,5003900.0,1949900.0,1939000.0,2868200.0,0.0,0.0,0.0,0.0,0.0
20230823093343648,SZSE,SZSE.ETF.159995,0.944,0.946,0.947,0.942,0.0,1.046,0.856,21706100.0,10000.0,20493321.2,9440.0,0.0,0.0,20230823,20230823,93343648,0.951,0.0,0.0,0.943,0.942,0.941,0.94,0.939,0.0,0.0,0.0,0.0,0.0,0.944,0.945,0.946,0.947,0.948,0.0,0.0,0.0,0.0,0.0,2058600.0,4907500.0,2787100.0,2694900.0,1728700.0,0.0,0.0,0.0,0.0,0.0,1714500.0,2305900.0,1949900.0,1939000.0,2868200.0,0.0,0.0,0.0,0.0,0.0
20230823093346428,SZSE,SZSE.ETF.159995,0.944,0.946,0.947,0.942,0.0,1.046,0.856,21778100.0,72000.0,20561287.2,67966.0,0.0,0.0,20230823,20230823,93346429,0.951,0.0,0.0,0.943,0.942,0.941,0.94,0.939,0.0,0.0,0.0,0.0,0.0,0.944,0.945,0.946,0.947,0.948,0.0,0.0,0.0,0.0,0.0,2080900.0,4957500.0,1788100.0,2694900.0,1728700.0,0.0,0.0,0.0,0.0,0.0,1644500.0,2305900.0,1949900.0,1939000.0,2868200.0,0.0,0.0,0.0,0.0,0.0
20230823093349704,SZSE,SZSE.ETF.159995,0.944,0.946,0.947,0.942,0.0,1.046,0.856,22529100.0,751000.0,21270231.2,708944.0,0.0,0.0,20230823,20230823,93349706,0.951,0.0,0.0,0.943,0.942,0.941,0.94,0.939,0.0,0.0,0.0,0.0,0.0,0.944,0.945,0.946,0.947,0.948,0.0,0.0,0.0,0.0,0.0,2004200.0,4957500.0,2787100.0,2704900.0,1728700.0,0.0,0.0,0.0,0.0,0.0,94500.0,2305900.0,4749900.0,939000.0,2868200.0,0.0,0.0,0.0,0.0,0.0
20230823093352368,SZSE,SZSE.ETF.159995,0.944,0.946,0.947,0.942,0.0,1.046,0.856,22542400.0,13300.0,21282786.4,12555.199999999255,0.0,0.0,20230823,20230823,93352369,0.951,0.0,0.0,0.943,0.942,0.941,0.94,0.939,0.0,0.0,0.0,0.0,0.0,0.944,0.945,0.946,0.947,0.948,0.0,0.0,0.0,0.0,0.0,2201600.0,4996500.0,2787100.0,2705400.0,1728700.0,0.0,0.0,0.0,0.0,0.0,1076900.0,2155900.0,3798100.0,1939000.0,2868200.0,0.0,0.0,0.0,0.0,0.0
20230823093354632,SZSE,SZSE.ETF.159995,0.944,0.946,0.947,0.942,0.0,1.046,0.856,23469300.0,926900.0,22157780.0,874993.6000000015,0.0,0.0,20230823,20230823,93354632,0.951,0.0,0.0,0.944,0.943,0.942,0.941,0.94,0.0,0.0,0.0,0.0,0.0,0.945,0.946,0.947,0.948,0.949,0.0,0.0,0.0,0.0,0.0,227200.0,2181600.0,3569500.0,2670500.0,2716200.0,0.0,0.0,0.0,0.0,0.0,2158900.0,3798100.0,2040800.0,2868200.0,1757200.0,0.0,0.0,0.0,0.0,0.0
20230823093357328,SZSE,SZSE.ETF.159995,0.945,0.946,0.947,0.942,0.0,1.046,0.856,23817100.0,347800.0,22486335.4,328555.3999999985,0.0,0.0,20230823,20230823,93357327,0.951,0.0,0.0,0.944,0.943,0.942,0.941,0.94,0.0,0.0,0.0,0.0,0.0,0.945,0.946,0.947,0.948,0.949,0.0,0.0,0.0,0.0,0.0,404300.0,3731600.0,3667900.0,2420500.0,3737500.0,0.0,0.0,0.0,0.0,0.0,1863900.0,3798100.0,2160800.0,2868200.0,1757200.0,0.0,0.0,0.0,0.0,0.0
20230823093400432,SZSE,SZSE.ETF.159995,0.944,0.946,0.947,0.942,0.0,1.046,0.856,23875100.0,58000.0,22541090.4,54755.0,0.0,0.0,20230823,20230823,93400433,0.951,0.0,0.0,0.944,0.943,0.942,0.941,0.94,0.0,0.0,0.0,0.0,0.0,0.945,0.946,0.947,0.948,0.949,0.0,0.0,0.0,0.0,0.0,1148500.0,3968600.0,3652300.0,2185700.0,2738500.0,0.0,0.0,0.0,0.0,0.0,1768900.0,868100.0,2160800.0,2868200.0,1987200.0,0.0,0.0,0.0,0.0,0.0
20230823093402900,SZSE,SZSE.ETF.159995,0.944,0.946,0.947,0.942,0.0,1.046,0.856,23875100.0,0.0,22541090.4,0.0,0.0,0.0,20230823,20230823,93402900,0.951,0.0,0.0,0.944,0.943,0.942,0.941,0.94,0.0,0.0,0.0,0.0,0.0,0.945,0.946,0.947,0.948,0.949,0.0,0.0,0.0,0.0,0.0,1149500.0,4096100.0,3532300.0,2185700.0,2632100.0,0.0,0.0,0.0,0.0,0.0,1783900.0,638100.0,2280800.0,2868200.0,1987200.0,0.0,0.0,0.0,0.0,0.0
20230823093405484,SZSE,SZSE.ETF.159995,0.945,0.946,0.947,0.942,0.0,1.046,0.856,24586700.0,711600.0,23212852.4,671762.0,0.0,0.0,20230823,20230823,93405484,0.951,0.0,0.0,0.944,0.943,0.942,0.941,0.94,0.0,0.0,0.0,0.0,0.0,0.945,0.946,0.947,0.948,0.949,0.0,0.0,0.0,0.0,0.0,210600.0,4096100.0,4531300.0,2185700.0,2642100.0,0.0,0.0,0.0,0.0,0.0,1780900.0,653100.0,2286100.0,2868200.0,1997300.0,0.0,0.0,0.0,0.0,0.0
20230823093408144,SZSE,SZSE.ETF.159995,0.945,0.946,0.947,0.942,0.0,1.046,0.856,24617400.0,30700.0,23241833.9,28981.5,0.0,0.0,20230823,20230823,93408146,0.951,0.0,0.0,0.944,0.943,0.942,0.941,0.94,0.0,0.0,0.0,0.0,0.0,0.945,0.946,0.947,0.948,0.949,0.0,0.0,0.0,0.0,0.0,538400.0,4126100.0,4531500.0,2196300.0,2641100.0,0.0,0.0,0.0,0.0,0.0,904100.0,4752100.0,2286100.0,2868200.0,1997300.0,0.0,0.0,0.0,0.0,0.0
20230823093417744,SZSE,SZSE.ETF.159995,0.944,0.946,0.947,0.942,0.0,1.046,0.856,26330900.0,1256200.0,24859410.9,1185852.799999997,0.0,0.0,20230823,20230823,93417745,0.951,0.0,0.0,0.943,0.942,0.941,0.94,0.939,0.0,0.0,0.0,0.0,0.0,0.944,0.945,0.946,0.947,0.948,0.0,0.0,0.0,0.0,0.0,2746000.0,4905800.0,2348300.0,1631600.0,1728900.0,0.0,0.0,0.0,0.0,0.0,405900.0,2034000.0,2903900.0,1334300.0,2866200.0,0.0,0.0,0.0,0.0,0.0
20230823093420648,SZSE,SZSE.ETF.159995,0.944,0.946,0.947,0.942,0.0,1.046,0.856,26554700.0,223800.0,25070661.9,211251.0,0.0,0.0,20230823,20230823,93420646,0.951,0.0,0.0,0.943,0.942,0.941,0.94,0.939,0.0,0.0,0.0,0.0,0.0,0.944,0.945,0.946,0.947,0.948,0.0,0.0,0.0,0.0,0.0,2744800.0,4905800.0,2348300.0,1631600.0,1728900.0,0.0,0.0,0.0,0.0,0.0,513600.0,2144000.0,2911900.0,1334300.0,2866200.0,0.0,0.0,0.0,0.0,0.0
20230823093423384,SZSE,SZSE.ETF.159995,0.944,0.946,0.947,0.942,0.0,1.046,0.856,26554800.0,100.0,25070756.3,94.40000000223517,0.0,0.0,20230823,20230823,93423382,0.951,0.0,0.0,0.943,0.942,0.941,0.94,0.939,0.0,0.0,0.0,0.0,0.0,0.944,0.945,0.946,0.947,0.948,0.0,0.0,0.0,0.0,0.0,2622500.0,5025800.0,2347900.0,1656600.0,1728900.0,0.0,0.0,0.0,0.0,0.0,738100.0,2245000.0,2931900.0,1214300.0,2866200.0,0.0,0.0,0.0,0.0,0.0
20230823093426440,SZSE,SZSE.ETF.159995,0.944,0.946,0.947,0.942,0.0,1.046,0.856,26772200.0,217400.0,25275981.9,205225.59999999776,0.0,0.0,20230823,20230823,93426442,0.951,0.0,0.0,0.943,0.942,0.941,0.94,0.939,0.0,0.0,0.0,0.0,0.0,0.944,0.945,0.946,0.947,0.948,0.0,0.0,0.0,0.0,0.0,2678600.0,5025800.0,2347900.0,1656600.0,1728900.0,0.0,0.0,0.0,0.0,0.0,526200.0,2258100.0,2731900.0,1214300.0,2866200.0,0.0,0.0,0.0,0.0,0.0
20230823093429292,SZSE,SZSE.ETF.159995,0.944,0.946,0.947,0.942,0.0,1.046,0.856,27145300.0,373100.0,25628188.3,352206.40000000224,0.0,0.0,20230823,20230823,93429292,0.951,0.0,0.0,0.943,0.942,0.941,0.94,0.939,0.0,0.0,0.0,0.0,0.0,0.944,0.945,0.946,0.947,0.948,0.0,0.0,0.0,0.0,0.0,2450000.0,4746400.0,2577900.0,1659600.0,1728900.0,0.0,0.0,0.0,0.0,0.0,153100.0,2263100.0,2731900.0,1214300.0,2862200.0,0.0,0.0,0.0,0.0,0.0
20230823093432192,SZSE,SZSE.ETF.159995,0.944,0.946,0.947,0.942,0.0,1.046,0.856,27219300.0,74000.0,25697993.1,69804.80000000075,0.0,0.0,20230823,20230823,93432194,0.951,0.0,0.0,0.943,0.942,0.941,0.94,0.939,0.0,0.0,0.0,0.0,0.0,0.944,0.945,0.946,0.947,0.948,0.0,0.0,0.0,0.0,0.0,2425900.0,4746500.0,2577900.0,1660600.0,1728900.0,0.0,0.0,0.0,0.0,0.0,130300.0,2263100.0,2731900.0,1214300.0,2862200.0,0.0,0.0,0.0,0.0,0.0
20230823093435520,SZSE,SZSE.ETF.159995,0.944,0.946,0.947,0.942,0.0,1.046,0.856,27278300.0,59000.0,25753657.1,55664.0,0.0,0.0,20230823,20230823,93435520,0.951,0.0,0.0,0.943,0.942,0.941,0.94,0.939,0.0,0.0,0.0,0.0,0.0,0.944,0.945,0.946,0.947,0.948,0.0,0.0,0.0,0.0,0.0,2383200.0,4746700.0,2548100.0,1641600.0,1728900.0,0.0,0.0,0.0,0.0,0.0,453100.0,2263100.0,2731900.0,1244300.0,2842200.0,0.0,0.0,0.0,0.0,0.0
20230823093438300,SZSE,SZSE.ETF.159995,0.944,0.946,0.947,0.942,0.0,1.046,0.856,27414500.0,136200.0,25882229.9,128572.79999999702,0.0,0.0,20230823,20230823,93438301,0.951,0.0,0.0,0.943,0.942,0.941,0.94,0.939,0.0,0.0,0.0,0.0,0.0,0.944,0.945,0.946,0.947,0.948,0.0,0.0,0.0,0.0,0.0,2448200.0,4746700.0,2548400.0,1641600.0,1728900.0,0.0,0.0,0.0,0.0,0.0,316900.0,2398100.0,2731900.0,1124300.0,2892200.0,0.0,0.0,0.0,0.0,0.0
20230823093441432,SZSE,SZSE.ETF.159995,0.944,0.946,0.947,0.942,0.0,1.046,0.856,27467500.0,53000.0,25932261.9,50032.0,0.0,0.0,20230823,20230823,93441432,0.951,0.0,0.0,0.943,0.942,0.941,0.94,0.939,0.0,0.0,0.0,0.0,0.0,0.944,0.945,0.946,0.947,0.948,0.0,0.0,0.0,0.0,0.0,2447200.0,5745700.0,2548400.0,1641600.0,1728900.0,0.0,0.0,0.0,0.0,0.0,275200.0,2398100.0,2961900.0,1124300.0,2892200.0,0.0,0.0,0.0,0.0,0.0
20230823093444360,SZSE,SZSE.ETF.159995,0.945,0.946,0.947,0.942,0.0,1.046,0.856,28736100.0,1268600.0,27130768.3,1198506.4000000022,0.0,0.0,20230823,20230823,93444359,0.951,0.0,0.0,0.944,0.943,0.942,0.941,0.94,0.0,0.0,0.0,0.0,0.0,0.945,0.946,0.947,0.948,0.949,0.0,0.0,0.0,0.0,0.0,776100.0,2444000.0,5740700.0,2398500.0,2641600.0,0.0,0.0,0.0,0.0,0.0,454500.0,2062100.0,2196500.0,2892200.0,2034100.0,0.0,0.0,0.0,0.0,0.0
20230823093447896,SZSE,SZSE.ETF.159995,0.944,0.946,0.947,0.942,0.0,1.046,0.856,30155900.0,1419800.0,28471416.0,1340647.6999999993,0.0,0.0,20230823,20230823,93447895,0.951,0.0,0.0,0.944,0.943,0.942,0.941,0.94,0.0,0.0,0.0,0.0,0.0,0.946,0.947,0.948,0.949,0.95,0.0,0.0,0.0,0.0,0.0,516400.0,4215200.0,4220700.0,1169500.0,2641600.0,0.0,0.0,0.0,0.0,0.0,813100.0,3315500.0,3042200.0,2034100.0,1312590.0,0.0,0.0,0.0,0.0,0.0
20230823093451024,SZSE,SZSE.ETF.159995,0.945,0.946,0.947,0.942,0.0,1.046,0.856,30240500.0,84600.0,28551363.0,79947.0,0.0,0.0,20230823,20230823,93451023,0.951,0.0,0.0,0.945,0.944,0.943,0.942,0.941,0.0,0.0,0.0,0.0,0.0,0.946,0.947,0.948,0.949,0.95,0.0,0.0,0.0,0.0,0.0,295400.0,1210000.0,5224200.0,3952700.0,1169500.0,0.0,0.0,0.0,0.0,0.0,1786300.0,3315500.0,3042200.0,2264100.0,1312590.0,0.0,0.0,0.0,0.0,0.0
20230823093453880,SZSE,SZSE.ETF.159995,0.946,0.946,0.947,0.942,0.0,1.046,0.856,30364400.0,123900.0,28668448.9,117085.89999999851,0.0,0.0,20230823,20230823,93453880,0.951,0.0,0.0,0.945,0.944,0.943,0.942,0.941,0.0,0.0,0.0,0.0,0.0,0.946,0.947,0.948,0.949,0.95,0.0,0.0,0.0,0.0,0.0,70000.0,1144700.0,4227300.0,4072900.0,1169500.0,0.0,0.0,0.0,0.0,0.0,1785900.0,3315500.0,3042200.0,2264100.0,1312590.0,0.0,0.0,0.0,0.0,0.0
20230823093456504,SZSE,SZSE.ETF.159995,0.945,0.946,0.947,0.942,0.0,1.046,0.856,30664400.0,300000.0,28951948.9,283500.0,0.0,0.0,20230823,20230823,93456506,0.951,0.0,0.0,0.944,0.943,0.942,0.941,0.94,0.0,0.0,0.0,0.0,0.0,0.946,0.947,0.948,0.949,0.95,0.0,0.0,0.0,0.0,0.0,1145000.0,8267300.0,8222900.0,1168500.0,2641600.0,0.0,0.0,0.0,0.0,0.0,10385300.0,11315500.0,2042200.0,2264100.0,1312590.0,0.0,0.0,0.0,0.0,0.0
20230823093500372,SZSE,SZSE.ETF.159995,0.944,0.946,0.947,0.942,0.0,1.046,0.856,30823600.0,159200.0,29102263.7,150314.80000000075,0.0,0.0,20230823,20230823,93500372,0.951,0.0,0.0,0.944,0.943,0.942,0.941,0.94,0.0,0.0,0.0,0.0,0.0,0.945,0.946,0.947,0.948,0.949,0.0,0.0,0.0,0.0,0.0,1022800.0,9258000.0,8207900.0,1162700.0,2662900.0,0.0,0.0,0.0,0.0,0.0,150000.0,9386300.0,11315500.0,2892200.0,2264100.0,0.0,0.0,0.0,0.0,0.0
20230823093503760,SZSE,SZSE.ETF.159995,0.944,0.946,0.947,0.942,0.0,1.046,0.856,31027700.0,204100.0,29294938.1,192674.40000000224,0.0,0.0,20230823,20230823,93503760,0.951,0.0,0.0,0.944,0.943,0.942,0.941,0.94,0.0,0.0,0.0,0.0,0.0,0.945,0.946,0.947,0.948,0.949,0.0,0.0,0.0,0.0,0.0,941900.0,9348000.0,8094100.0,1172700.0,2662900.0,0.0,0.0,0.0,0.0,0.0,114600.0,1490500.0,11315500.0,9891000.0,2264100.0,0.0,0.0,0.0,0.0,0.0
20230823093507204,SZSE,SZSE.ETF.159995,0.943,0.946,0.947,0.942,0.0,1.046,0.856,32027700.0,1000000.0,30238853.4,943915.299999997,0.0,0.0,20230823,20230823,93507204,0.951,0.0,0.0,0.944,0.943,0.942,0.941,0.94,0.0,0.0,0.0,0.0,0.0,0.945,0.946,0.947,0.948,0.949,0.0,0.0,0.0,0.0,0.0,156100.0,9263200.0,8214100.0,1172700.0,2647700.0,0.0,0.0,0.0,0.0,0.0,274800.0,10487500.0,11315500.0,1891000.0,2264100.0,0.0,0.0,0.0,0.0,0.0
20230823093534636,SZSE,SZSE.ETF.159995,0.946,0.946,0.947,0.942,0.0,1.046,0.856,35391600.0,0.0,33419470.2,0.0,0.0,0.0,20230823,20230823,93534635,0.951,0.0,0.0,0.946,0.945,0.944,0.943,0.942,0.0,0.0,0.0,0.0,0.0,0.947,0.948,0.949,0.95,0.951,0.0,0.0,0.0,0.0,0.0,365300.0,878800.0,7714200.0,8565200.0,2122600.0,0.0,0.0,0.0,0.0,0.0,10602200.0,11281000.0,2361200.0,1542690.0,1601900.0,0.0,0.0,0.0,0.0,0.0
20230823093537480,SZSE,SZSE.ETF.159995,0.946,0.946,0.947,0.942,0.0,1.046,0.856,35575800.0,184200.0,33593803.1,174332.90000000224,0.0,0.0,20230823,20230823,93537480,0.951,0.0,0.0,0.946,0.945,0.944,0.943,0.942,0.0,0.0,0.0,0.0,0.0,0.947,0.948,0.949,0.95,0.951,0.0,0.0,0.0,0.0,0.0,212500.0,853900.0,8484600.0,8671300.0,1114600.0,0.0,0.0,0.0,0.0,0.0,1523500.0,12232800.0,10409400.0,1542690.0,1601900.0,0.0,0.0,0.0,0.0,0.0
20230823093541072,SZSE,SZSE.ETF.159995,0.946,0.946,0.947,0.942,0.0,1.046,0.856,35788300.0,212500.0,33794828.1,201025.0,0.0,0.0,20230823,20230823,93541071,0.951,0.0,0.0,0.946,0.945,0.944,0.943,0.942,0.0,0.0,0.0,0.0,0.0,0.947,0.948,0.949,0.95,0.951,0.0,0.0,0.0,0.0,0.0,151500.0,648300.0,9257300.0,8666300.0,1119600.0,0.0,0.0,0.0,0.0,0.0,2122900.0,12232800.0,10409400.0,1542690.0,1601900.0,0.0,0.0,0.0,0.0,0.0
20230823093544732,SZSE,SZSE.ETF.159995,0.946,0.946,0.947,0.942,0.0,1.046,0.856,36004900.0,216600.0,33999753.7,204925.6000000015,0.0,0.0,20230823,20230823,93544732,0.951,0.0,0.0,0.945,0.944,0.943,0.942,0.941,0.0,0.0,0.0,0.0,0.0,0.946,0.947,0.948,0.949,0.95,0.0,0.0,0.0,0.0,0.0,658900.0,8279500.0,8801400.0,1129200.0,1159500.0,0.0,0.0,0.0,0.0,0.0,814400.0,2091400.0,12232800.0,10409400.0,1542690.0,0.0,0.0,0.0,0.0,0.0
20230823093547792,SZSE,SZSE.ETF.159995,0.946,0.946,0.947,0.942,0.0,1.046,0.856,36105300.0,100400.0,34094732.1,94978.39999999851,0.0,0.0,20230823,20230823,93547794,0.951,0.0,0.0,0.945,0.944,0.943,0.942,0.941,0.0,0.0,0.0,0.0,0.0,0.946,0.947,0.948,0.949,0.95,0.0,0.0,0.0,0.0,0.0,600100.0,7966700.0,8576300.0,1138200.0,1159500.0,0.0,0.0,0.0,0.0,0.0,150000.0,2107900.0,12124600.0,10259400.0,1542690.0,0.0,0.0,0.0,0.0,0.0
20230823093550276,SZSE,SZSE.ETF.159995,0.946,0.946,0.947,0.942,0.0,1.046,0.856,36220300.0,115000.0,34203522.1,108790.0,0.0,0.0,20230823,20230823,93550277,0.951,0.0,0.0,0.945,0.944,0.943,0.942,0.941,0.0,0.0,0.0,0.0,0.0,0.946,0.947,0.948,0.949,0.95,0.0,0.0,0.0,0.0,0.0,404700.0,8086700.0,8696200.0,1141200.0,1159500.0,0.0,0.0,0.0,0.0,0.0,89200.0,2127900.0,12244600.0,10409400.0,1542690.0,0.0,0.0,0.0,0.0,0.0
20230823093553036,SZSE,SZSE.ETF.159995,0.946,0.946,0.947,0.942,0.0,1.046,0.856,36232500.0,12200.0,34215063.3,11541.19999999553,0.0,0.0,20230823,20230823,93553035,0.951,0.0,0.0,0.945,0.944,0.943,0.942,0.941,0.0,0.0,0.0,0.0,0.0,0.946,0.947,0.948,0.949,0.95,0.0,0.0,0.0,0.0,0.0,560700.0,8100600.0,8466200.0,1121200.0,1159500.0,0.0,0.0,0.0,0.0,0.0,1814000.0,2127900.0,12244600.0,10259400.0,1542690.0,0.0,0.0,0.0,0.0,0.0
20230823093555612,SZSE,SZSE.ETF.159995,0.946,0.946,0.947,0.942,0.0,1.046,0.856,36232500.0,0.0,34215063.3,0.0,0.0,0.0,20230823,20230823,93555612,0.951,0.0,0.0,0.945,0.944,0.943,0.942,0.941,0.0,0.0,0.0,0.0,0.0,0.946,0.947,0.948,0.949,0.95,0.0,0.0,0.0,0.0,0.0,335700.0,8109700.0,8696200.0,1121200.0,1159500.0,0.0,0.0,0.0,0.0,0.0,1218200.0,2127900.0,12244600.0,10409400.0,1542690.0,0.0,0.0,0.0,0.0,0.0
20230823093559992,SZSE,SZSE.ETF.159995,0.946,0.946,0.947,0.942,0.0,1.046,0.856,36250200.0,17700.0,34231807.5,16744.20000000298,0.0,0.0,20230823,20230823,93559992,0.951,0.0,0.0,0.945,0.944,0.943,0.942,0.941,0.0,0.0,0.0,0.0,0.0,0.946,0.947,0.948,0.949,0.95,0.0,0.0,0.0,0.0,0.0,355800.0,9093800.0,8694900.0,1121200.0,1151500.0,0.0,0.0,0.0,0.0,0.0,709900.0,2127900.0,12244600.0,10409400.0,1542690.0,0.0,0.0,0.0,0.0,0.0
20230823093603540,SZSE,SZSE.ETF.159995,0.946,0.946,0.947,0.942,0.0,1.046,0.856,36352000.0,101800.0,34328108.5,96301.0,0.0,0.0,20230823,20230823,93603540,0.951,0.0,0.0,0.945,0.944,0.943,0.942,0.941,0.0,0.0,0.0,0.0,0.0,0.946,0.947,0.948,0.949,0.95,0.0,0.0,0.0,0.0,0.0,1757600.0,7974800.0,8572300.0,1121200.0,1551500.0,0.0,0.0,0.0,0.0,0.0,556700.0,2122900.0,12124600.0,10529400.0,1547990.0,0.0,0.0,0.0,0.0,0.0
20230823093605656,SZSE,SZSE.ETF.159995,0.946,0.946,0.947,0.942,0.0,1.046,0.856,36362000.0,10000.0,34337568.5,9460.0,0.0,0.0,20230823,20230823,93605655,0.951,0.0,0.0,0.945,0.944,0.943,0.942,0.941,0.0,0.0,0.0,0.0,0.0,0.946,0.947,0.948,0.949,0.95,0.0,0.0,0.0,0.0,0.0,1519700.0,8114800.0,8717300.0,1126200.0,1551500.0,0.0,0.0,0.0,0.0,0.0,599900.0,2127900.0,12264600.0,10409400.0,1520490.0,0.0,0.0,0.0,0.0,0.0
20230823093607664,SZSE,SZSE.ETF.159995,0.946,0.946,0.947,0.942,0.0,1.046,0.856,36448200.0,86200.0,34419113.7,81545.20000000298,0.0,0.0,20230823,20230823,93607666,0.951,0.0,0.0,0.945,0.944,0.943,0.942,0.941,0.0,0.0,0.0,0.0,0.0,0.946,0.947,0.948,0.949,0.95,0.0,0.0,0.0,0.0,0.0,1769700.0,7994800.0,8597300.0,1116200.0,1551500.0,0.0,0.0,0.0,0.0,0.0,911800.0,2132900.0,12144600.0,10529400.0,1520490.0,0.0,0.0,0.0,0.0,0.0
20230823093611544,SZSE,SZSE.ETF.159995,0.945,0.946,0.947,0.942,0.0,1.046,0.856,37555200.0,1107000.0,35465295.9,1046182.1999999955,0.0,0.0,20230823,20230823,93611546,0.951,0.0,0.0,0.945,0.944,0.943,0.942,0.941,0.0,0.0,0.0,0.0,0.0,0.946,0.947,0.948,0.949,0.95,0.0,0.0,0.0,0.0,0.0,964000.0,7005300.0,8718300.0,2141200.0,1551500.0,0.0,0.0,0.0,0.0,0.0,994800.0,10159300.0,12144600.0,1379400.0,1520490.0,0.0,0.0,0.0,0.0,0.0
20230823093613992,SZSE,SZSE.ETF.159995,0.945,0.946,0.947,0.942,0.0,1.046,0.856,39819600.0,2264400.0,37605182.9,2139887.0,0.0,0.0,20230823,20230823,93613994,0.951,0.0,0.0,0.944,0.943,0.942,0.941,0.94,0.0,0.0,0.0,0.0,0.0,0.945,0.946,0.947,0.948,0.949,0.0,0.0,0.0,0.0,0.0,1507300.0,10218900.0,6141200.0,1551500.0,1649600.0,0.0,0.0,0.0,0.0,0.0,442900.0,1452800.0,12111600.0,11192800.0,1259400.0,0.0,0.0,0.0,0.0,0.0
20230823093617780,SZSE,SZSE.ETF.159995,0.945,0.946,0.947,0.942,0.0,1.046,0.856,40854600.0,1035000.0,38583257.9,978075.0,0.0,0.0,20230823,20230823,93617781,0.951,0.0,0.0,0.944,0.943,0.942,0.941,0.94,0.0,0.0,0.0,0.0,0.0,0.945,0.946,0.947,0.948,0.949,0.0,0.0,0.0,0.0,0.0,2287400.0,10338900.0,7430200.0,1551500.0,1649600.0,0.0,0.0,0.0,0.0,0.0,155000.0,2580900.0,12251700.0,10922800.0,1259400.0,0.0,0.0,0.0,0.0,0.0
20230823093619688,SZSE,SZSE.ETF.159995,0.945,0.946,0.947,0.942,0.0,1.046,0.856,40870000.0,15400.0,38597810.9,14553.0,0.0,0.0,20230823,20230823,93619686,0.951,0.0,0.0,0.944,0.943,0.942,0.941,0.94,0.0,0.0,0.0,0.0,0.0,0.945,0.946,0.947,0.948,0.949,0.0,0.0,0.0,0.0,0.0,1002200.0,7939900.0,8830200.0,1551500.0,1649600.0,0.0,0.0,0.0,0.0,0.0,139700.0,3226300.0,11299900.0,10922800.0,1264400.0,0.0,0.0,0.0,0.0,0.0
20230823093622936,SZSE,SZSE.ETF.159995,0.945,0.946,0.947,0.942,0.0,1.046,0.856,40875300.0,5300.0,38602819.4,5008.5,0.0,0.0,20230823,20230823,93622938,0.951,0.0,0.0,0.944,0.943,0.942,0.941,0.94,0.0,0.0,0.0,0.0,0.0,0.945,0.946,0.947,0.948,0.949,0.0,0.0,0.0,0.0,0.0,782200.0,6939900.0,9060200.0,2551500.0,1649600.0,0.0,0.0,0.0,0.0,0.0,392200.0,4226300.0,11549900.0,9922800.0,1264400.0,0.0,0.0,0.0,0.0,0.0
20230823093625168,SZSE,SZSE.ETF.159995,0.945,0.946,0.947,0.942,0.0,1.046,0.856,40875300.0,0.0,38602819.4,0.0,0.0,0.0,20230823,20230823,93625168,0.951,0.0,0.0,0.944,0.943,0.942,0.941,0.94,0.0,0.0,0.0,0.0,0.0,0.945,0.946,0.947,0.948,0.949,0.0,0.0,0.0,0.0,0.0,782200.0,6819900.0,9180200.0,2551500.0,1649600.0,0.0,0.0,0.0,0.0,0.0,402700.0,4752700.0,11329900.0,9922800.0,1265400.0,0.0,0.0,0.0,0.0,0.0
20230823093627176,SZSE,SZSE.ETF.159995,0.945,0.946,0.947,0.942,0.0,1.046,0.856,40890000.0,14700.0,38616710.9,13891.5,0.0,0.0,20230823,20230823,93627177,0.951,0.0,0.0,0.944,0.943,0.942,0.941,0.94,0.0,0.0,0.0,0.0,0.0,0.945,0.946,0.947,0.948,0.949,0.0,0.0,0.0,0.0,0.0,794100.0,7818900.0,9230700.0,2551500.0,1601600.0,0.0,0.0,0.0,0.0,0.0,447900.0,4751200.0,11329900.0,9922800.0,1265400.0,0.0,0.0,0.0,0.0,0.0
20230823093629600,SZSE,SZSE.ETF.159995,0.945,0.946,0.947,0.942,0.0,1.046,0.856,41897800.0,1007800.0,39568081.9,951371.0,0.0,0.0,20230823,20230823,93629601,0.951,0.0,0.0,0.944,0.943,0.942,0.941,0.94,0.0,0.0,0.0,0.0,0.0,0.945,0.946,0.947,0.948,0.949,0.0,0.0,0.0,0.0,0.0,273400.0,10217900.0,7855700.0,1551600.0,1621600.0,0.0,0.0,0.0,0.0,0.0,202300.0,2791400.0,12281800.0,10922800.0,1265400.0,0.0,0.0,0.0,0.0,0.0
20230823093632132,SZSE,SZSE.ETF.159995,0.945,0.946,0.947,0.942,0.0,1.046,0.856,41981000.0,83200.0,39646623.6,78541.70000000298,0.0,0.0,20230823,20230823,93632133,0.951,0.0,0.0,0.944,0.943,0.942,0.941,0.94,0.0,0.0,0.0,0.0,0.0,0.945,0.946,0.947,0.948,0.949,0.0,0.0,0.0,0.0,0.0,484700.0,9218900.0,7855700.0,1551600.0,1621600.0,0.0,0.0,0.0,0.0,0.0,213400.0,2611400.0,12281300.0,10922800.0,1265400.0,0.0,0.0,0.0,0.0,0.0
20230823093635240,SZSE,SZSE.ETF.159995,0.944,0.946,0.947,0.942,0.0,1.046,0.856,42977100.0,996100.0,40587222.3,940598.6999999955,0.0,0.0,20230823,20230823,93635242,0.951,0.0,0.0,0.944,0.943,0.942,0.941,0.94,0.0,0.0,0.0,0.0,0.0,0.946,0.947,0.948,0.949,0.95,0.0,0.0,0.0,0.0,0.0,1084600.0,10217900.0,7855700.0,1551600.0,1621600.0,0.0,0.0,0.0,0.0,0.0,2611400.0,12281300.0,10922800.0,1265400.0,1299690.0,0.0,0.0,0.0,0.0,0.0
20230823093638108,SZSE,SZSE.ETF.159995,0.945,0.946,0.947,0.942,0.0,1.046,0.856,43025200.0,48100.0,40632651.6,45429.30000000447,0.0,0.0,20230823,20230823,93638108,0.951,0.0,0.0,0.944,0.943,0.942,0.941,0.94,0.0,0.0,0.0,0.0,0.0,0.945,0.946,0.947,0.948,0.949,0.0,0.0,0.0,0.0,0.0,1341500.0,9336900.0,7735700.0,1561600.0,1621600.0,0.0,0.0,0.0,0.0,0.0,327100.0,2493400.0,12521300.0,10922800.0,1264400.0,0.0,0.0,0.0,0.0,0.0
20230823093641144,SZSE,SZSE.ETF.159995,0.945,0.946,0.947,0.942,0.0,1.046,0.856,43030200.0,5000.0,40637376.6,4725.0,0.0,0.0,20230823,20230823,93641143,0.951,0.0,0.0,0.944,0.943,0.942,0.941,0.94,0.0,0.0,0.0,0.0,0.0,0.945,0.946,0.947,0.948,0.949,0.0,0.0,0.0,0.0,0.0,1376500.0,10438900.0,7758900.0,1561600.0,1621600.0,0.0,0.0,0.0,0.0,0.0,126600.0,2691800.0,12401300.0,10922800.0,1264400.0,0.0,0.0,0.0,0.0,0.0
20230823093644300,SZSE,SZSE.ETF.159995,0.944,0.946,0.947,0.942,0.0,1.046,0.856,43039600.0,9400.0,40646250.2,8873.60000000149,0.0,0.0,20230823,20230823,93644300,0.951,0.0,0.0,0.944,0.943,0.942,0.941,0.94,0.0,0.0,0.0,0.0,0.0,0.945,0.946,0.947,0.948,0.949,0.0,0.0,0.0,0.0,0.0,1420500.0,9439900.0,7753900.0,1561600.0,1621600.0,0.0,0.0,0.0,0.0,0.0,331600.0,2696800.0,12401300.0,10922800.0,1264400.0,0.0,0.0,0.0,0.0,0.0
20230823093647136,SZSE,SZSE.ETF.159995,0.944,0.946,0.947,0.942,0.0,1.046,0.856,43055800.0,16200.0,40661543.0,15292.79999999702,0.0,0.0,20230823,20230823,93647134,0.951,0.0,0.0,0.944,0.943,0.942,0.941,0.94,0.0,0.0,0.0,0.0,0.0,0.945,0.946,0.947,0.948,0.949,0.0,0.0,0.0,0.0,0.0,1524300.0,10524700.0,7753900.0,1562200.0,1631600.0,0.0,0.0,0.0,0.0,0.0,580300.0,2706800.0,12621300.0,10922800.0,1464400.0,0.0,0.0,0.0,0.0,0.0
20230823093650088,SZSE,SZSE.ETF.159995,0.945,0.946,0.947,0.942,0.0,1.046,0.856,43095800.0,40000.0,40699333.0,37790.0,0.0,0.0,20230823,20230823,93650088,0.951,0.0,0.0,0.944,0.943,0.942,0.941,0.94,0.0,0.0,0.0,0.0,0.0,0.945,0.946,0.947,0.948,0.949,0.0,0.0,0.0,0.0,0.0,1527900.0,10458800.0,7873900.0,1562200.0,1631600.0,0.0,0.0,0.0,0.0,0.0,699900.0,2586800.0,12621300.0,10922800.0,1464400.0,0.0,0.0,0.0,0.0,0.0
20230823093653080,SZSE,SZSE.ETF.159995,0.945,0.946,0.947,0.942,0.0,1.046,0.856,43135300.0,39500.0,40736659.0,37326.0,0.0,0.0,20230823,20230823,93653078,0.951,0.0,0.0,0.944,0.943,0.942,0.941,0.94,0.0,0.0,0.0,0.0,0.0,0.945,0.946,0.947,0.948,0.949,0.0,0.0,0.0,0.0,0.0,1529400.0,10463800.0,7993900.0,1562200.0,1631600.0,0.0,0.0,0.0,0.0,0.0,769500.0,2892100.0,12501300.0,10922800.0,1464400.0,0.0,0.0,0.0,0.0,0.0
20230823093659080,SZSE,SZSE.ETF.159995,0.945,0.946,0.947,0.942,0.0,1.046,0.856,43136300.0,0.0,40737604.0,0.0,0.0,0.0,20230823,20230823,93659079,0.951,0.0,0.0,0.944,0.943,0.942,0.941,0.94,0.0,0.0,0.0,0.0,0.0,0.945,0.946,0.947,0.948,0.949,0.0,0.0,0.0,0.0,0.0,1550500.0,10465800.0,8004100.0,1606500.0,1627800.0,0.0,0.0,0.0,0.0,0.0,924400.0,2901200.0,12821300.0,10922800.0,1464400.0,0.0,0.0,0.0,0.0,0.0
20230823093702104,SZSE,SZSE.ETF.159995,0.945,0.946,0.947,0.942,0.0,1.046,0.856,43138300.0,2000.0,40739494.0,1890.0,0.0,0.0,20230823,20230823,93702103,0.951,0.0,0.0,0.944,0.943,0.942,0.941,0.94,0.0,0.0,0.0,0.0,0.0,0.945,0.946,0.947,0.948,0.949,0.0,0.0,0.0,0.0,0.0,537900.0,9340800.0,8054100.0,1606500.0,1617800.0,0.0,0.0,0.0,0.0,0.0,932400.0,3431200.0,12721300.0,10922800.0,1464400.0,0.0,0.0,0.0,0.0,0.0
20230823093705164,SZSE,SZSE.ETF.159995,0.944,0.946,0.947,0.942,0.0,1.046,0.856,43174800.0,36500.0,40773950.0,34456.0,0.0,0.0,20230823,20230823,93705164,0.951,0.0,0.0,0.944,0.943,0.942,0.941,0.94,0.0,0.0,0.0,0.0,0.0,0.945,0.946,0.947,0.948,0.949,0.0,0.0,0.0,0.0,0.0,286200.0,8051800.0,9454100.0,2606500.0,1617800.0,0.0,0.0,0.0,0.0,0.0,934400.0,12549200.0,11649500.0,1922800.0,1464400.0,0.0,0.0,0.0,0.0,0.0
20230823093708264,SZSE,SZSE.ETF.159995,0.944,0.946,0.947,0.942,0.0,1.046,0.856,43278700.0,103900.0,40872033.6,98083.60000000149,0.0,0.0,20230823,20230823,93708263,0.951,0.0,0.0,0.944,0.943,0.942,0.941,0.94,0.0,0.0,0.0,0.0,0.0,0.945,0.946,0.947,0.948,0.949,0.0,0.0,0.0,0.0,0.0,209200.0,2952800.0,9539100.0,6756500.0,1617800.0,0.0,0.0,0.0,0.0,0.0,3220100.0,13521000.0,10530500.0,1922800.0,1464400.0,0.0,0.0,0.0,0.0,0.0
20230823093711188,SZSE,SZSE.ETF.159995,0.944,0.946,0.947,0.942,0.0,1.046,0.856,43541300.0,262600.0,41119928.0,247894.3999999985,0.0,0.0,20230823,20230823,93711189,0.951,0.0,0.0,0.943,0.942,0.941,0.94,0.939,0.0,0.0,0.0,0.0,0.0,0.944,0.945,0.946,0.947,0.948,0.0,0.0,0.0,0.0,0.0,2832900.0,9539100.0,6876500.0,1667800.0,801900.0,0.0,0.0,0.0,0.0,0.0,691600.0,3442100.0,13526000.0,10530500.0,1922800.0,0.0,0.0,0.0,0.0,0.0
20230823093714192,SZSE,SZSE.ETF.159995,0.944,0.946,0.947,0.942,0.0,1.046,0.856,43562000.0,20700.0,41139468.8,19540.79999999702,0.0,0.0,20230823,20230823,93714190,0.951,0.0,0.0,0.943,0.942,0.941,0.94,0.939,0.0,0.0,0.0,0.0,0.0,0.944,0.945,0.946,0.947,0.948,0.0,0.0,0.0,0.0,0.0,2722700.0,9659100.0,6876500.0,1667800.0,801900.0,0.0,0.0,0.0,0.0,0.0,1664100.0,3442100.0,13406000.0,10380500.0,1922800.0,0.0,0.0,0.0,0.0,0.0
20230823093717280,SZSE,SZSE.ETF.159995,0.944,0.946,0.947,0.942,0.0,1.046,0.856,43586600.0,24600.0,41162684.7,23215.90000000596,0.0,0.0,20230823,20230823,93717278,0.951,0.0,0.0,0.943,0.942,0.941,0.94,0.939,0.0,0.0,0.0,0.0,0.0,0.944,0.945,0.946,0.947,0.948,0.0,0.0,0.0,0.0,0.0,2736200.0,8660100.0,7875500.0,1669800.0,801900.0,0.0,0.0,0.0,0.0,0.0,2337100.0,3451600.0,12407000.0,10380500.0,1922800.0,0.0,0.0,0.0,0.0,0.0
20230823093945576,SZSE,SZSE.ETF.159995,0.943,0.946,0.947,0.942,0.0,1.046,0.856,45004200.0,13900.0,42500173.1,13111.60000000149,0.0,0.0,20230823,20230823,93945578,0.951,0.0,0.0,0.943,0.942,0.941,0.94,0.939,0.0,0.0,0.0,0.0,0.0,0.944,0.945,0.946,0.947,0.948,0.0,0.0,0.0,0.0,0.0,2823800.0,2609300.0,9977900.0,7992200.0,960800.0,0.0,0.0,0.0,0.0,0.0,3365900.0,12409700.0,10464900.0,1439100.0,1736400.0,0.0,0.0,0.0,0.0,0.0
20230823093947460,SZSE,SZSE.ETF.159995,0.943,0.946,0.947,0.942,0.0,1.046,0.856,45021400.0,17200.0,42516399.9,16226.79999999702,0.0,0.0,20230823,20230823,93947461,0.951,0.0,0.0,0.943,0.942,0.941,0.94,0.939,0.0,0.0,0.0,0.0,0.0,0.944,0.945,0.946,0.947,0.948,0.0,0.0,0.0,0.0,0.0,2813800.0,2516000.0,9857900.0,8114700.0,962800.0,0.0,0.0,0.0,0.0,0.0,4924700.0,12169700.0,10464900.0,1439100.0,1736400.0,0.0,0.0,0.0,0.0,0.0
20230823093951208,SZSE,SZSE.ETF.159995,0.943,0.946,0.947,0.942,0.0,1.046,0.856,45075400.0,54000.0,42567321.9,50922.0,0.0,0.0,20230823,20230823,93951206,0.951,0.0,0.0,0.943,0.942,0.941,0.94,0.939,0.0,0.0,0.0,0.0,0.0,0.944,0.945,0.946,0.947,0.948,0.0,0.0,0.0,0.0,0.0,2759800.0,2520500.0,9857900.0,8119800.0,973800.0,0.0,0.0,0.0,0.0,0.0,4924700.0,12169700.0,10464900.0,1439100.0,1736400.0,0.0,0.0,0.0,0.0,0.0
20230823093954552,SZSE,SZSE.ETF.159995,0.944,0.946,0.947,0.942,0.0,1.046,0.856,45106700.0,31300.0,42596839.1,29517.20000000298,0.0,0.0,20230823,20230823,93954551,0.951,0.0,0.0,0.943,0.942,0.941,0.94,0.939,0.0,0.0,0.0,0.0,0.0,0.944,0.945,0.946,0.947,0.948,0.0,0.0,0.0,0.0,0.0,2829900.0,2520500.0,9977900.0,7999800.0,973800.0,0.0,0.0,0.0,0.0,0.0,3403400.0,12289700.0,10464900.0,1439100.0,1736400.0,0.0,0.0,0.0,0.0,0.0
20230823093958488,SZSE,SZSE.ETF.159995,0.943,0.946,0.947,0.942,0.0,1.046,0.856,45137100.0,30400.0,42625506.3,28667.19999999553,0.0,0.0,20230823,20230823,93958488,0.951,0.0,0.0,0.943,0.942,0.941,0.94,0.939,0.0,0.0,0.0,0.0,0.0,0.944,0.945,0.946,0.947,0.948,0.0,0.0,0.0,0.0,0.0,2784800.0,2520500.0,9978200.0,7999800.0,973800.0,0.0,0.0,0.0,0.0,0.0,3408400.0,12289700.0,10464900.0,1439100.0,1736400.0,0.0,0.0,0.0,0.0,0.0
20230823094000288,SZSE,SZSE.ETF.159995,0.943,0.946,0.947,0.942,0.0,1.046,0.856,45158300.0,21200.0,42645497.9,19991.60000000149,0.0,0.0,20230823,20230823,94000287,0.951,0.0,0.0,0.943,0.942,0.941,0.94,0.939,0.0,0.0,0.0,0.0,0.0,0.944,0.945,0.946,0.947,0.948,0.0,0.0,0.0,0.0,0.0,2763600.0,2679300.0,9978200.0,7999800.0,973800.0,0.0,0.0,0.0,0.0,0.0,3428400.0,12409700.0,10464900.0,1439100.0,1736400.0,0.0,0.0,0.0,0.0,0.0
20230823094003264,SZSE,SZSE.ETF.159995,0.943,0.946,0.947,0.942,0.0,1.046,0.856,45158300.0,0.0,42645497.9,0.0,0.0,0.0,20230823,20230823,94003264,0.951,0.0,0.0,0.943,0.942,0.941,0.94,0.939,0.0,0.0,0.0,0.0,0.0,0.944,0.945,0.946,0.947,0.948,0.0,0.0,0.0,0.0,0.0,2723100.0,2564600.0,9858200.0,8118800.0,973800.0,0.0,0.0,0.0,0.0,0.0,3564100.0,12169700.0,10464900.0,1439100.0,1736400.0,0.0,0.0,0.0,0.0,0.0
20230823094005688,SZSE,SZSE.ETF.159995,0.944,0.946,0.947,0.942,0.0,1.046,0.856,45160300.0,2000.0,42647385.9,1888.0,0.0,0.0,20230823,20230823,94005689,0.951,0.0,0.0,0.943,0.942,0.941,0.94,0.939,0.0,0.0,0.0,0.0,0.0,0.944,0.945,0.946,0.947,0.948,0.0,0.0,0.0,0.0,0.0,2731500.0,2861000.0,9877400.0,8098800.0,973800.0,0.0,0.0,0.0,0.0,0.0,3562100.0,12397000.0,10464900.0,1439100.0,1736400.0,0.0,0.0,0.0,0.0,0.0
20230823094014540,SZSE,SZSE.ETF.159995,0.944,0.946,0.947,0.942,0.0,1.046,0.856,45182300.0,800.0,42668137.5,755.2000000029802,0.0,0.0,20230823,20230823,94014540,0.951,0.0,0.0,0.943,0.942,0.941,0.94,0.939,0.0,0.0,0.0,0.0,0.0,0.944,0.945,0.946,0.947,0.948,0.0,0.0,0.0,0.0,0.0,2765300.0,2771000.0,9997400.0,8024600.0,973800.0,0.0,0.0,0.0,0.0,0.0,3467700.0,11445200.0,11371700.0,1439100.0,1736400.0,0.0,0.0,0.0,0.0,0.0
20230823094017572,SZSE,SZSE.ETF.159995,0.944,0.946,0.947,0.942,0.0,1.046,0.856,45182300.0,0.0,42668137.5,0.0,0.0,0.0,20230823,20230823,94017572,0.951,0.0,0.0,0.943,0.942,0.941,0.94,0.939,0.0,0.0,0.0,0.0,0.0,0.944,0.945,0.946,0.947,0.948,0.0,0.0,0.0,0.0,0.0,2780600.0,2891100.0,9003400.0,8024600.0,974800.0,0.0,0.0,0.0,0.0,0.0,3467700.0,12517000.0,10419900.0,1439100.0,1736400.0,0.0,0.0,0.0,0.0,0.0
20230823094020556,SZSE,SZSE.ETF.159995,0.943,0.946,0.947,0.942,0.0,1.046,0.856,45237200.0,54900.0,42719908.2,51770.70000000298,0.0,0.0,20230823,20230823,94020555,0.951,0.0,0.0,0.943,0.942,0.941,0.94,0.939,0.0,0.0,0.0,0.0,0.0,0.944,0.945,0.946,0.947,0.948,0.0,0.0,0.0,0.0,0.0,2725700.0,2771700.0,9003400.0,8025600.0,974800.0,0.0,0.0,0.0,0.0,0.0,4917700.0,12397000.0,10419900.0,1439100.0,1736400.0,0.0,0.0,0.0,0.0,0.0
20230823094023348,SZSE,SZSE.ETF.159995,0.943,0.946,0.947,0.942,0.0,1.046,0.856,46558200.0,1321000.0,43965612.7,1245704.5,0.0,0.0,20230823,20230823,94023349,0.951,0.0,0.0,0.943,0.942,0.941,0.94,0.939,0.0,0.0,0.0,0.0,0.0,0.944,0.945,0.946,0.947,0.948,0.0,0.0,0.0,0.0,0.0,1434900.0,2768500.0,8883400.0,8151000.0,974800.0,0.0,0.0,0.0,0.0,0.0,5038200.0,11396000.0,10419900.0,1439100.0,1736400.0,0.0,0.0,0.0,0.0,0.0
20230823094026152,SZSE,SZSE.ETF.159995,0.943,0.946,0.947,0.942,0.0,1.046,0.856,47006900.0,448700.0,44388851.9,423239.19999999553,0.0,0.0,20230823,20230823,94026150,0.951,0.0,0.0,0.943,0.942,0.941,0.94,0.939,0.0,0.0,0.0,0.0,0.0,0.944,0.945,0.946,0.947,0.948,0.0,0.0,0.0,0.0,0.0,1011400.0,2418600.0,8883400.0,8387400.0,974800.0,0.0,0.0,0.0,0.0,0.0,5035100.0,11186000.0,10419900.0,1439100.0,1736400.0,0.0,0.0,0.0,0.0,0.0
20230823094029080,SZSE,SZSE.ETF.159995,0.943,0.946,0.947,0.942,0.0,1.046,0.856,47216400.0,209500.0,44586410.4,197558.5,0.0,0.0,20230823,20230823,94029078,0.951,0.0,0.0,0.943,0.942,0.941,0.94,0.939,0.0,0.0,0.0,0.0,0.0,0.944,0.945,0.946,0.947,0.948,0.0,0.0,0.0,0.0,0.0,801900.0,2593600.0,7483400.0,9787400.0,974800.0,0.0,0.0,0.0,0.0,0.0,5036000.0,11306000.0,10419900.0,1439100.0,1736400.0,0.0,0.0,0.0,0.0,0.0
20230823094032216,SZSE,SZSE.ETF.159995,0.943,0.946,0.947,0.942,0.0,1.046,0.856,47782300.0,565900.0,45120054.1,533643.700000003,0.0,0.0,20230823,20230823,94032214,0.951,0.0,0.0,0.943,0.942,0.941,0.94,0.939,0.0,0.0,0.0,0.0,0.0,0.944,0.945,0.946,0.947,0.948,0.0,0.0,0.0,0.0,0.0,255600.0,2493500.0,7486400.0,8388400.0,974800.0,0.0,0.0,0.0,0.0,0.0,5056000.0,11236000.0,10419900.0,1439100.0,1736400.0,0.0,0.0,0.0,0.0,0.0
20230823094035440,SZSE,SZSE.ETF.159995,0.943,0.946,0.947,0.942,0.0,1.046,0.856,48065400.0,283100.0,45387027.4,266973.299999997,0.0,0.0,20230823,20230823,94035438,0.951,0.0,0.0,0.942,0.941,0.94,0.939,0.938,0.0,0.0,0.0,0.0,0.0,0.943,0.944,0.945,0.946,0.947,0.0,0.0,0.0,0.0,0.0,2853500.0,8886400.0,8388400.0,974800.0,1213200.0,0.0,0.0,0.0,0.0,0.0,8500.0,5094300.0,11346000.0,10419900.0,1439100.0,0.0,0.0,0.0,0.0,0.0
20230823094038752,SZSE,SZSE.ETF.159995,0.943,0.946,0.947,0.942,0.0,1.046,0.856,48115400.0,50000.0,45434177.4,47150.0,0.0,0.0,20230823,20230823,94038751,0.951,0.0,0.0,0.942,0.941,0.94,0.939,0.938,0.0,0.0,0.0,0.0,0.0,0.943,0.944,0.945,0.946,0.947,0.0,0.0,0.0,0.0,0.0,2356200.0,6708800.0,9788400.0,1974800.0,1213200.0,0.0,0.0,0.0,0.0,0.0,2176300.0,14314400.0,10866700.0,963500.0,1439100.0,0.0,0.0,0.0,0.0,0.0
20230823094041952,SZSE,SZSE.ETF.159995,0.943,0.946,0.947,0.942,0.0,1.046,0.856,48220400.0,105000.0,45533192.4,99015.0,0.0,0.0,20230823,20230823,94041951,0.951,0.0,0.0,0.942,0.941,0.94,0.939,0.938,0.0,0.0,0.0,0.0,0.0,0.943,0.944,0.945,0.946,0.947,0.0,0.0,0.0,0.0,0.0,2356200.0,2488800.0,9888400.0,6244800.0,1213200.0,0.0,0.0,0.0,0.0,0.0,3040900.0,15266200.0,9910900.0,963500.0,1439100.0,0.0,0.0,0.0,0.0,0.0
20230823094044704,SZSE,SZSE.ETF.159995,0.943,0.946,0.947,0.942,0.0,1.046,0.856,48220400.0,0.0,45533192.4,0.0,0.0,0.0,20230823,20230823,94044703,0.951,0.0,0.0,0.942,0.941,0.94,0.939,0.938,0.0,0.0,0.0,0.0,0.0,0.943,0.944,0.945,0.946,0.947,0.0,0.0,0.0,0.0,0.0,2383300.0,2608800.0,9889400.0,6250800.0,1213200.0,0.0,0.0,0.0,0.0,0.0,3040900.0,15359300.0,9910900.0,963500.0,1439100.0,0.0,0.0,0.0,0.0,0.0
20230823094047660,SZSE,SZSE.ETF.159995,0.943,0.946,0.947,0.942,0.0,1.046,0.856,48221500.0,1100.0,45534229.7,1037.3000000044703,0.0,0.0,20230823,20230823,94047661,0.951,0.0,0.0,0.942,0.941,0.94,0.939,0.938,0.0,0.0,0.0,0.0,0.0,0.943,0.944,0.945,0.946,0.947,0.0,0.0,0.0,0.0,0.0,2393300.0,2488800.0,9889400.0,6251800.0,1213200.0,0.0,0.0,0.0,0.0,0.0,3066700.0,15239300.0,9910900.0,963500.0,1439100.0,0.0,0.0,0.0,0.0,0.0
20230823094050528,SZSE,SZSE.ETF.159995,0.942,0.946,0.947,0.942,0.0,1.046,0.856,48235000.0,13500.0,45546947.7,12718.0,0.0,0.0,20230823,20230823,94050530,0.951,0.0,0.0,0.942,0.941,0.94,0.939,0.938,0.0,0.0,0.0,0.0,0.0,0.943,0.944,0.945,0.946,0.947,0.0,0.0,0.0,0.0,0.0,2299700.0,2751100.0,9889400.0,6251800.0,1213200.0,0.0,0.0,0.0,0.0,0.0,3265700.0,15449700.0,9910900.0,963500.0,1439100.0,0.0,0.0,0.0,0.0,0.0
20230823094053380,SZSE,SZSE.ETF.159995,0.943,0.946,0.947,0.942,0.0,1.046,0.856,48235600.0,600.0,45547513.5,565.7999999970198,0.0,0.0,20230823,20230823,94053381,0.951,0.0,0.0,0.942,0.941,0.94,0.939,0.938,0.0,0.0,0.0,0.0,0.0,0.943,0.944,0.945,0.946,0.947,0.0,0.0,0.0,0.0,0.0,2352200.0,2541700.0,10009400.0,6251800.0,1213200.0,0.0,0.0,0.0,0.0,0.0,3397600.0,15209700.0,9910900.0,963500.0,1439100.0,0.0,0.0,0.0,0.0,0.0
20230823094056340,SZSE,SZSE.ETF.159995,0.943,0.946,0.947,0.942,0.0,1.046,0.856,48340600.0,105000.0,45646428.5,98915.0,0.0,0.0,20230823,20230823,94056339,0.951,0.0,0.0,0.942,0.941,0.94,0.939,0.938,0.0,0.0,0.0,0.0,0.0,0.943,0.944,0.945,0.946,0.947,0.0,0.0,0.0,0.0,0.0,2261700.0,2660300.0,10009400.0,6251800.0,1213200.0,0.0,0.0,0.0,0.0,0.0,3208600.0,15559700.0,9910900.0,963500.0,1209100.0,0.0,0.0,0.0,0.0,0.0
20230823094059308,SZSE,SZSE.ETF.159995,0.943,0.946,0.947,0.942,0.0,1.046,0.856,48346200.0,5600.0,45651706.3,5277.79999999702,0.0,0.0,20230823,20230823,94059307,0.951,0.0,0.0,0.942,0.941,0.94,0.939,0.938,0.0,0.0,0.0,0.0,0.0,0.943,0.944,0.945,0.946,0.947,0.0,0.0,0.0,0.0,0.0,2048700.0,2592300.0,10009400.0,6251800.0,1213200.0,0.0,0.0,0.0,0.0,0.0,3245300.0,15397500.0,9910900.0,963500.0,1209100.0,0.0,0.0,0.0,0.0,0.0
20230823094102216,SZSE,SZSE.ETF.159995,0.942,0.946,0.947,0.942,0.0,1.046,0.856,48453100.0,106900.0,45752406.1,100699.80000000447,0.0,0.0,20230823,20230823,94102215,0.951,0.0,0.0,0.942,0.941,0.94,0.939,0.938,0.0,0.0,0.0,0.0,0.0,0.943,0.944,0.945,0.946,0.947,0.0,0.0,0.0,0.0,0.0,1892800.0,2713500.0,10011400.0,6251800.0,1213200.0,0.0,0.0,0.0,0.0,0.0,3245300.0,15397500.0,9910900.0,973500.0,1209100.0,0.0,0.0,0.0,0.0,0.0
20230823094105296,SZSE,SZSE.ETF.159995,0.943,0.946,0.947,0.942,0.0,1.046,0.856,49331600.0,878500.0,46579957.2,827551.1000000015,0.0,0.0,20230823,20230823,94105294,0.951,0.0,0.0,0.942,0.941,0.94,0.939,0.938,0.0,0.0,0.0,0.0,0.0,0.943,0.944,0.945,0.946,0.947,0.0,0.0,0.0,0.0,0.0,1003400.0,2833500.0,10012500.0,6251800.0,1213200.0,0.0,0.0,0.0,0.0,0.0,3350500.0,15517500.0,9910900.0,973500.0,1209100.0,0.0,0.0,0.0,0.0,0.0
20230823094108164,SZSE,SZSE.ETF.159995,0.942,0.946,0.947,0.941,0.0,1.046,0.856,50537500.0,1205900.0,47715715.0,1135757.799999997,0.0,0.0,20230823,20230823,94108164,0.951,0.0,0.0,0.941,0.94,0.939,0.938,0.937,0.0,0.0,0.0,0.0,0.0,0.942,0.943,0.944,0.945,0.946,0.0,0.0,0.0,0.0,0.0,2409200.0,9998900.0,6371800.0,1213200.0,250400.0,0.0,0.0,0.0,0.0,0.0,440100.0,3276600.0,15068000.0,9897900.0,968500.0,0.0,0.0,0.0,0.0,0.0
20230823094111076,SZSE,SZSE.ETF.159995,0.942,0.946,0.947,0.941,0.0,1.046,0.856,50647900.0,110400.0,47819711.8,103996.79999999702,0.0,0.0,20230823,20230823,94111076,0.951,0.0,0.0,0.941,0.94,0.939,0.938,0.937,0.0,0.0,0.0,0.0,0.0,0.942,0.943,0.944,0.945,0.946,0.0,0.0,0.0,0.0,0.0,2211600.0,10226000.0,6371800.0,1213200.0,250400.0,0.0,0.0,0.0,0.0,0.0,521500.0,3514500.0,14840600.0,9740400.0,968500.0,0.0,0.0,0.0,0.0,0.0
20230823094114244,SZSE,SZSE.ETF.159995,0.942,0.946,0.947,0.941,0.0,1.046,0.856,50648500.0,600.0,47820277.0,565.2000000029802,0.0,0.0,20230823,20230823,94114244,0.951,0.0,0.0,0.941,0.94,0.939,0.938,0.937,0.0,0.0,0.0,0.0,0.0,0.942,0.943,0.944,0.945,0.946,0.0,0.0,0.0,0.0,0.0,1981700.0,9235600.0,6601800.0,1233200.0,230400.0,0.0,0.0,0.0,0.0,0.0,584800.0,3514500.0,14815200.0,8740400.0,968500.0,0.0,0.0,0.0,0.0,0.0
20230823094117040,SZSE,SZSE.ETF.159995,0.942,0.946,0.947,0.941,0.0,1.046,0.856,50649100.0,600.0,47820842.2,565.2000000029802,0.0,0.0,20230823,20230823,94117039,0.951,0.0,0.0,0.941,0.94,0.939,0.938,0.937,0.0,0.0,0.0,0.0,0.0,0.942,0.943,0.944,0.945,0.946,0.0,0.0,0.0,0.0,0.0,1971700.0,9365200.0,6601800.0,2234300.0,230400.0,0.0,0.0,0.0,0.0,0.0,648200.0,10034500.0,14808400.0,707900.0,968500.0,0.0,0.0,0.0,0.0,0.0
20230823094120260,SZSE,SZSE.ETF.159995,0.941,0.946,0.947,0.941,0.0,1.046,0.856,50695700.0,46600.0,47864701.8,43859.59999999404,0.0,0.0,20230823,20230823,94120261,0.951,0.0,0.0,0.941,0.94,0.939,0.938,0.937,0.0,0.0,0.0,0.0,0.0,0.942,0.943,0.944,0.945,0.946,0.0,0.0,0.0,0.0,0.0,2104700.0,9245200.0,6601800.0,2234300.0,230400.0,0.0,0.0,0.0,0.0,0.0,816300.0,13969500.0,14688400.0,707900.0,968500.0,0.0,0.0,0.0,0.0,0.0
20230823094123512,SZSE,SZSE.ETF.159995,0.942,0.946,0.947,0.941,0.0,1.046,0.856,51512000.0,816300.0,48633656.4,768954.6000000015,0.0,0.0,20230823,20230823,94123510,0.951,0.0,0.0,0.941,0.94,0.939,0.938,0.937,0.0,0.0,0.0,0.0,0.0,0.943,0.944,0.945,0.946,0.947,0.0,0.0,0.0,0.0,0.0,2957400.0,9365200.0,6601800.0,2234300.0,280400.0,0.0,0.0,0.0,0.0,0.0,13983400.0,14794400.0,707900.0,968500.0,1209100.0,0.0,0.0,0.0,0.0,0.0
20230823094126956,SZSE,SZSE.ETF.159995,0.942,0.946,0.947,0.941,0.0,1.046,0.856,51963500.0,451500.0,49058969.4,425313.0,0.0,0.0,20230823,20230823,94126957,0.951,0.0,0.0,0.942,0.941,0.94,0.939,0.938,0.0,0.0,0.0,0.0,0.0,0.943,0.944,0.945,0.946,0.947,0.0,0.0,0.0,0.0,0.0,203000.0,3064400.0,9139300.0,6601800.0,2204300.0,0.0,0.0,0.0,0.0,0.0,5863400.0,14773100.0,8707900.0,968500.0,1209100.0,0.0,0.0,0.0,0.0,0.0
20230823094129484,SZSE,SZSE.ETF.159995,0.942,0.946,0.947,0.941,0.0,1.046,0.856,52580700.0,617200.0,49640372.0,581402.6000000015,0.0,0.0,20230823,20230823,94129485,0.951,0.0,0.0,0.941,0.94,0.939,0.938,0.937,0.0,0.0,0.0,0.0,0.0,0.943,0.944,0.945,0.946,0.947,0.0,0.0,0.0,0.0,0.0,3210500.0,8998500.0,6601800.0,2204300.0,280400.0,0.0,0.0,0.0,0.0,0.0,13165700.0,15000500.0,855900.0,968500.0,1209100.0,0.0,0.0,0.0,0.0,0.0
20230823094132616,SZSE,SZSE.ETF.159995,0.943,0.946,0.947,0.941,0.0,1.046,0.856,52624500.0,43800.0,49681631.8,41259.79999999702,0.0,0.0,20230823,20230823,94132614,0.951,0.0,0.0,0.941,0.94,0.939,0.938,0.937,0.0,0.0,0.0,0.0,0.0,0.943,0.944,0.945,0.946,0.947,0.0,0.0,0.0,0.0,0.0,2989100.0,10101000.0,6601800.0,1215300.0,280400.0,0.0,0.0,0.0,0.0,0.0,4273000.0,13466100.0,9705900.0,1018500.0,1208600.0,0.0,0.0,0.0,0.0,0.0
20230823094135520,SZSE,SZSE.ETF.159995,0.942,0.946,0.947,0.941,0.0,1.046,0.856,52816700.0,192200.0,49862664.2,181032.40000000596,0.0,0.0,20230823,20230823,94135519,0.951,0.0,0.0,0.941,0.94,0.939,0.938,0.937,0.0,0.0,0.0,0.0,0.0,0.942,0.943,0.944,0.945,0.946,0.0,0.0,0.0,0.0,0.0,3046100.0,10111000.0,6601800.0,1226800.0,280400.0,0.0,0.0,0.0,0.0,0.0,459600.0,5346400.0,13466100.0,9655900.0,1018500.0,0.0,0.0,0.0,0.0,0.0
20230823094138072,SZSE,SZSE.ETF.159995,0.941,0.946,0.947,0.941,0.0,1.046,0.856,54132500.0,1315800.0,51101143.6,1238479.3999999985,0.0,0.0,20230823,20230823,94138072,0.951,0.0,0.0,0.941,0.94,0.939,0.938,0.937,0.0,0.0,0.0,0.0,0.0,0.942,0.943,0.944,0.945,0.946,0.0,0.0,0.0,0.0,0.0,1990100.0,10256700.0,6601800.0,1226800.0,280400.0,0.0,0.0,0.0,0.0,0.0,302800.0,5572500.0,13228100.0,9805900.0,1018500.0,0.0,0.0,0.0,0.0,0.0
20230823094141028,SZSE,SZSE.ETF.159995,0.942,0.946,0.947,0.941,0.0,1.046,0.856,54513700.0,381200.0,51460234.0,359090.3999999985,0.0,0.0,20230823,20230823,94141028,0.951,0.0,0.0,0.942,0.941,0.94,0.939,0.938,0.0,0.0,0.0,0.0,0.0,0.943,0.944,0.945,0.946,0.947,0.0,0.0,0.0,0.0,0.0,57600.0,2040100.0,10030300.0,6591800.0,1234600.0,0.0,0.0,0.0,0.0,0.0,3946400.0,13454100.0,9808900.0,1071400.0,1208600.0,0.0,0.0,0.0,0.0,0.0
20230823094144076,SZSE,SZSE.ETF.159995,0.942,0.946,0.947,0.941,0.0,1.046,0.856,54724200.0,210500.0,51658515.0,198281.0,0.0,0.0,20230823,20230823,94144077,0.951,0.0,0.0,0.941,0.94,0.939,0.938,0.937,0.0,0.0,0.0,0.0,0.0,0.943,0.944,0.945,0.946,0.947,0.0,0.0,0.0,0.0,0.0,2286200.0,9910200.0,6441800.0,1232600.0,307100.0,0.0,0.0,0.0,0.0,0.0,3894900.0,13671500.0,9766500.0,1071400.0,1208600.0,0.0,0.0,0.0,0.0,0.0
20230823094147032,SZSE,SZSE.ETF.159995,0.942,0.946,0.947,0.941,0.0,1.046,0.856,54764900.0,40700.0,51696854.4,38339.39999999851,0.0,0.0,20230823,20230823,94147031,0.951,0.0,0.0,0.942,0.941,0.94,0.939,0.938,0.0,0.0,0.0,0.0,0.0,0.943,0.944,0.945,0.946,0.947,0.0,0.0,0.0,0.0,0.0,134800.0,2478700.0,9911300.0,6441800.0,1232600.0,0.0,0.0,0.0,0.0,0.0,3053900.0,13410900.0,9766500.0,1071400.0,1208600.0,0.0,0.0,0.0,0.0,0.0
20230823094150188,SZSE,SZSE.ETF.159995,0.942,0.946,0.947,0.941,0.0,1.046,0.856,54805200.0,40300.0,51734817.3,37962.89999999851,0.0,0.0,20230823,20230823,94150188,0.951,0.0,0.0,0.942,0.941,0.94,0.939,0.938,0.0,0.0,0.0,0.0,0.0,0.943,0.944,0.945,0.946,0.947,0.0,0.0,0.0,0.0,0.0,49000.0,3686500.0,9823200.0,5441800.0,1232600.0,0.0,0.0,0.0,0.0,0.0,2932300.0,13638300.0,8766500.0,1071400.0,1208600.0,0.0,0.0,0.0,0.0,0.0
20230823094153088,SZSE,SZSE.ETF.159995,0.942,0.946,0.947,0.941,0.0,1.046,0.856,54857100.0,51900.0,51783722.1,48904.80000000447,0.0,0.0,20230823,20230823,94153086,0.951,0.0,0.0,0.942,0.941,0.94,0.939,0.938,0.0,0.0,0.0,0.0,0.0,0.943,0.944,0.945,0.946,0.947,0.0,0.0,0.0,0.0,0.0,277100.0,3796500.0,9823700.0,5211800.0,1232600.0,0.0,0.0,0.0,0.0,0.0,2878000.0,13518300.0,8766500.0,1071400.0,1208600.0,0.0,0.0,0.0,0.0,0.0
20230823094156016,SZSE,SZSE.ETF.159995,0.942,0.946,0.947,0.941,0.0,1.046,0.856,54862100.0,5000.0,51788432.1,4710.0,0.0,0.0,20230823,20230823,94156018,0.951,0.0,0.0,0.942,0.941,0.94,0.939,0.938,0.0,0.0,0.0,0.0,0.0,0.943,0.944,0.945,0.946,0.947,0.0,0.0,0.0,0.0,0.0,1526800.0,4269400.0,9943700.0,4971800.0,1062500.0,0.0,0.0,0.0,0.0,0.0,2659300.0,13758300.0,8906500.0,1071400.0,1208600.0,0.0,0.0,0.0,0.0,0.0
20230823094159352,SZSE,SZSE.ETF.159995,0.943,0.946,0.947,0.941,0.0,1.046,0.856,55821800.0,959700.0,52693418.5,904986.3999999985,0.0,0.0,20230823,20230823,94159350,0.951,0.0,0.0,0.942,0.941,0.94,0.939,0.938,0.0,0.0,0.0,0.0,0.0,0.943,0.944,0.945,0.946,0.947,0.0,0.0,0.0,0.0,0.0,1822800.0,6643900.0,8543600.0,4986200.0,1062500.0,0.0,0.0,0.0,0.0,0.0,1710300.0,12686500.0,9858300.0,1071400.0,1208600.0,0.0,0.0,0.0,0.0,0.0
20230823094202136,SZSE,SZSE.ETF.159995,0.943,0.946,0.947,0.941,0.0,1.046,0.856,55821800.0,0.0,52693418.5,0.0,0.0,0.0,20230823,20230823,94202137,0.951,0.0,0.0,0.942,0.941,0.94,0.939,0.938,0.0,0.0,0.0,0.0,0.0,0.943,0.944,0.945,0.946,0.947,0.0,0.0,0.0,0.0,0.0,1960400.0,10722400.0,8446600.0,1006200.0,1062500.0,0.0,0.0,0.0,0.0,0.0,1860300.0,12908500.0,9858300.0,1071400.0,1208600.0,0.0,0.0,0.0,0.0,0.0
20230823094205360,SZSE,SZSE.ETF.159995,0.943,0.946,0.947,0.941,0.0,1.046,0.856,56031000.0,209200.0,52890538.0,197119.5,0.0,0.0,20230823,20230823,94205361,0.951,0.0,0.0,0.942,0.941,0.94,0.939,0.938,0.0,0.0,0.0,0.0,0.0,0.943,0.944,0.945,0.946,0.947,0.0,0.0,0.0,0.0,0.0,1953800.0,10623400.0,8470600.0,1006700.0,1062500.0,0.0,0.0,0.0,0.0,0.0,1807200.0,12788500.0,9858300.0,1071400.0,1208600.0,0.0,0.0,0.0,0.0,0.0
20230823094208188,SZSE,SZSE.ETF.159995,0.943,0.946,0.947,0.941,0.0,1.046,0.856,56092000.0,61000.0,52948061.0,57523.0,0.0,0.0,20230823,20230823,94208189,0.951,0.0,0.0,0.942,0.941,0.94,0.939,0.938,0.0,0.0,0.0,0.0,0.0,0.943,0.944,0.945,0.946,0.947,0.0,0.0,0.0,0.0,0.0,1853800.0,10785400.0,8470600.0,1006700.0,1062500.0,0.0,0.0,0.0,0.0,0.0,1778600.0,12908500.0,10857300.0,1075400.0,1208600.0,0.0,0.0,0.0,0.0,0.0
20230823094211076,SZSE,SZSE.ETF.159995,0.943,0.946,0.947,0.941,0.0,1.046,0.856,56092000.0,0.0,52948061.0,0.0,0.0,0.0,20230823,20230823,94211077,0.951,0.0,0.0,0.942,0.941,0.94,0.939,0.938,0.0,0.0,0.0,0.0,0.0,0.943,0.944,0.945,0.946,0.947,0.0,0.0,0.0,0.0,0.0,1867900.0,10665400.0,8470600.0,1006700.0,1062500.0,0.0,0.0,0.0,0.0,0.0,1778600.0,12770200.0,10857300.0,1075400.0,1225200.0,0.0,0.0,0.0,0.0,0.0
20230823094214044,SZSE,SZSE.ETF.159995,0.943,0.946,0.947,0.941,0.0,1.046,0.856,56257000.0,165000.0,53103656.0,155595.0,0.0,0.0,20230823,20230823,94214045,0.951,0.0,0.0,0.942,0.941,0.94,0.939,0.938,0.0,0.0,0.0,0.0,0.0,0.943,0.944,0.945,0.946,0.947,0.0,0.0,0.0,0.0,0.0,1870900.0,10457200.0,8430600.0,1006700.0,1032500.0,0.0,0.0,0.0,0.0,0.0,1622600.0,12729400.0,10857300.0,1075400.0,1225200.0,0.0,0.0,0.0,0.0,0.0
20230823094217152,SZSE,SZSE.ETF.159995,0.943,0.946,0.947,0.941,0.0,1.046,0.856,56257800.0,800.0,53104410.4,754.3999999985099,0.0,0.0,20230823,20230823,94217152,0.951,0.0,0.0,0.942,0.941,0.94,0.939,0.938,0.0,0.0,0.0,0.0,0.0,0.943,0.944,0.945,0.946,0.947,0.0,0.0,0.0,0.0,0.0,1936900.0,6472200.0,8430600.0,5006700.0,1532500.0,0.0,0.0,0.0,0.0,0.0,1625800.0,12729400.0,10857300.0,1075400.0,1225200.0,0.0,0.0,0.0,0.0,0.0
20230823094220016,SZSE,SZSE.ETF.159995,0.942,0.946,0.947,0.941,0.0,1.046,0.856,56263700.0,5900.0,53109968.2,5557.80000000447,0.0,0.0,20230823,20230823,94220016,0.951,0.0,0.0,0.942,0.941,0.94,0.939,0.938,0.0,0.0,0.0,0.0,0.0,0.943,0.944,0.945,0.946,0.947,0.0,0.0,0.0,0.0,0.0,1921000.0,10472200.0,8430600.0,1026700.0,1552500.0,0.0,0.0,0.0,0.0,0.0,1668200.0,12729400.0,10857300.0,1075400.0,1225200.0,0.0,0.0,0.0,0.0,0.0
20230823094223080,SZSE,SZSE.ETF.159995,0.942,0.946,0.947,0.941,0.0,1.046,0.856,56263700.0,0.0,53109968.2,0.0,0.0,0.0,20230823,20230823,94223081,0.951,0.0,0.0,0.942,0.941,0.94,0.939,0.938,0.0,0.0,0.0,0.0,0.0,0.943,0.944,0.945,0.946,0.947,0.0,0.0,0.0,0.0,0.0,1836100.0,9594200.0,8430600.0,1026700.0,1555500.0,0.0,0.0,0.0,0.0,0.0,1668200.0,12855000.0,9858300.0,1075400.0,1225200.0,0.0,0.0,0.0,0.0,0.0
20230823094226068,SZSE,SZSE.ETF.159995,0.943,0.946,0.947,0.941,0.0,1.046,0.856,56266700.0,3000.0,53112797.2,2829.0,0.0,0.0,20230823,20230823,94226069,0.951,0.0,0.0,0.942,0.941,0.94,0.939,0.938,0.0,0.0,0.0,0.0,0.0,0.943,0.944,0.945,0.946,0.947,0.0,0.0,0.0,0.0,0.0,1831600.0,9474200.0,8430600.0,1028700.0,1556500.0,0.0,0.0,0.0,0.0,0.0,1849700.0,12735000.0,9858300.0,1075900.0,1225200.0,0.0,0.0,0.0,0.0,0.0
20230823094229236,SZSE,SZSE.ETF.159995,0.942,0.946,0.947,0.941,0.0,1.046,0.856,56300000.0,33300.0,53144195.9,31398.69999999553,0.0,0.0,20230823,20230823,94229235,0.951,0.0,0.0,0.942,0.941,0.94,0.939,0.938,0.0,0.0,0.0,0.0,0.0,0.943,0.944,0.945,0.946,0.947,0.0,0.0,0.0,0.0,0.0,852900.0,9519200.0,8431600.0,1030700.0,1556500.0,0.0,0.0,0.0,0.0,0.0,2818600.0,12855000.0,9858300.0,1075900.0,1225200.0,0.0,0.0,0.0,0.0,0.0
20230823094232372,SZSE,SZSE.ETF.159995,0.943,0.946,0.947,0.941,0.0,1.046,0.856,56301000.0,1000.0,53145138.9,943.0,0.0,0.0,20230823,20230823,94232371,0.951,0.0,0.0,0.942,0.941,0.94,0.939,0.938,0.0,0.0,0.0,0.0,0.0,0.943,0.944,0.945,0.946,0.947,0.0,0.0,0.0,0.0,0.0,911400.0,8054900.0,8431600.0,1030700.0,1556500.0,0.0,0.0,0.0,0.0,0.0,1818600.0,12745000.0,9858300.0,1075900.0,1225200.0,0.0,0.0,0.0,0.0,0.0
20230823094235160,SZSE,SZSE.ETF.159995,0.942,0.946,0.947,0.941,0.0,1.046,0.856,56321900.0,20900.0,53164826.7,19687.80000000447,0.0,0.0,20230823,20230823,94235158,0.951,0.0,0.0,0.942,0.941,0.94,0.939,0.938,0.0,0.0,0.0,0.0,0.0,0.943,0.944,0.945,0.946,0.947,0.0,0.0,0.0,0.0,0.0,694800.0,4174900.0,9861600.0,5030700.0,1556500.0,0.0,0.0,0.0,0.0,0.0,1818600.0,12854300.0,9858300.0,1075900.0,1225200.0,0.0,0.0,0.0,0.0,0.0
20230823094238224,SZSE,SZSE.ETF.159995,0.942,0.946,0.947,0.941,0.0,1.046,0.856,56321900.0,0.0,53164826.7,0.0,0.0,0.0,20230823,20230823,94238222,0.951,0.0,0.0,0.942,0.941,0.94,0.939,0.938,0.0,0.0,0.0,0.0,0.0,0.943,0.944,0.945,0.946,0.947,0.0,0.0,0.0,0.0,0.0,752200.0,5038800.0,9861600.0,5030700.0,1556500.0,0.0,0.0,0.0,0.0,0.0,1921200.0,13686100.0,8906500.0,1078900.0,1225200.0,0.0,0.0,0.0,0.0,0.0
20230823094241056,SZSE,SZSE.ETF.159995,0.943,0.946,0.947,0.941,0.0,1.046,0.856,56326800.0,4900.0,53169447.4,4620.69999999553,0.0,0.0,20230823,20230823,94241055,0.951,0.0,0.0,0.942,0.941,0.94,0.939,0.938,0.0,0.0,0.0,0.0,0.0,0.943,0.944,0.945,0.946,0.947,0.0,0.0,0.0,0.0,0.0,869600.0,5158900.0,9861600.0,5030700.0,1586500.0,0.0,0.0,0.0,0.0,0.0,2864800.0,12854300.0,9858300.0,1078900.0,1225200.0,0.0,0.0,0.0,0.0,0.0
20230823094244048,SZSE,SZSE.ETF.159995,0.942,0.946,0.947,0.941,0.0,1.046,0.856,56393800.0,67000.0,53232611.4,63164.0,0.0,0.0,20230823,20230823,94244048,0.951,0.0,0.0,0.942,0.941,0.94,0.939,0.938,0.0,0.0,0.0,0.0,0.0,0.943,0.944,0.945,0.946,0.947,0.0,0.0,0.0,0.0,0.0,877600.0,5040900.0,9861600.0,5030700.0,1586500.0,0.0,0.0,0.0,0.0,0.0,3244800.0,12731300.0,9858300.0,1078900.0,1225200.0,0.0,0.0,0.0,0.0,0.0
20230823094247016,SZSE,SZSE.ETF.159995,0.943,0.946,0.947,0.941,0.0,1.046,0.856,56398000.0,4200.0,53236572.0,3960.60000000149,0.0,0.0,20230823,20230823,94247018,0.951,0.0,0.0,0.942,0.941,0.94,0.939,0.938,0.0,0.0,0.0,0.0,0.0,0.943,0.944,0.945,0.946,0.947,0.0,0.0,0.0,0.0,0.0,932600.0,4161900.0,9861500.0,5030700.0,1586500.0,0.0,0.0,0.0,0.0,0.0,3240600.0,12851300.0,9858300.0,1078900.0,1225200.0,0.0,0.0,0.0,0.0,0.0
20230823094250036,SZSE,SZSE.ETF.159995,0.942,0.946,0.947,0.941,0.0,1.046,0.856,56456500.0,58500.0,53291679.0,55107.0,0.0,0.0,20230823,20230823,94250035,0.951,0.0,0.0,0.942,0.941,0.94,0.939,0.938,0.0,0.0,0.0,0.0,0.0,0.943,0.944,0.945,0.946,0.947,0.0,0.0,0.0,0.0,0.0,917200.0,8047400.0,9861500.0,1035700.0,1586500.0,0.0,0.0,0.0,0.0,0.0,4239600.0,12731300.0,9858300.0,1098900.0,1225200.0,0.0,0.0,0.0,0.0,0.0
20230823094253068,SZSE,SZSE.ETF.159995,0.942,0.946,0.947,0.941,0.0,1.046,0.856,56466500.0,10000.0,53301099.0,9420.0,0.0,0.0,20230823,20230823,94253067,0.951,0.0,0.0,0.942,0.941,0.94,0.939,0.938,0.0,0.0,0.0,0.0,0.0,0.943,0.944,0.945,0.946,0.947,0.0,0.0,0.0,0.0,0.0,1085800.0,9577400.0,8461500.0,1035700.0,1586500.0,0.0,0.0,0.0,0.0,0.0,3040800.0,12621300.0,9853300.0,1098900.0,1245200.0,0.0,0.0,0.0,0.0,0.0
20230823094256016,SZSE,SZSE.ETF.159995,0.943,0.946,0.947,0.941,0.0,1.046,0.856,56466600.0,100.0,53301193.3,94.29999999701977,0.0,0.0,20230823,20230823,94256014,0.951,0.0,0.0,0.942,0.941,0.94,0.939,0.938,0.0,0.0,0.0,0.0,0.0,0.943,0.944,0.945,0.946,0.947,0.0,0.0,0.0,0.0,0.0,1386900.0,9457400.0,8461500.0,1035700.0,1586500.0,0.0,0.0,0.0,0.0,0.0,3040700.0,12501300.0,9853300.0,1098900.0,1475200.0,0.0,0.0,0.0,0.0,0.0
20230823094259352,SZSE,SZSE.ETF.159995,0.943,0.946,0.947,0.941,0.0,1.046,0.856,56475100.0,8500.0,53309208.8,8015.5,0.0,0.0,20230823,20230823,94259352,0.951,0.0,0.0,0.942,0.941,0.94,0.939,0.938,0.0,0.0,0.0,0.0,0.0,0.943,0.944,0.945,0.946,0.947,0.0,0.0,0.0,0.0,0.0,1398900.0,9700200.0,8461500.0,1036900.0,1636500.0,0.0,0.0,0.0,0.0,0.0,4031700.0,12621300.0,9853300.0,1099100.0,1475200.0,0.0,0.0,0.0,0.0,0.0
20230823094302104,SZSE,SZSE.ETF.159995,0.942,0.946,0.947,0.941,0.0,1.046,0.856,56478100.0,3000.0,53312034.8,2826.0,0.0,0.0,20230823,20230823,94302104,0.951,0.0,0.0,0.942,0.941,0.94,0.939,0.938,0.0,0.0,0.0,0.0,0.0,0.943,0.944,0.945,0.946,0.947,0.0,0.0,0.0,0.0,0.0,1196000.0,4190200.0,9862500.0,5036900.0,1636500.0,0.0,0.0,0.0,0.0,0.0,3047700.0,12501300.0,9853300.0,1099100.0,1475200.0,0.0,0.0,0.0,0.0,0.0
20230823094305056,SZSE,SZSE.ETF.159995,0.942,0.946,0.947,0.941,0.0,1.046,0.856,56478100.0,0.0,53312034.8,0.0,0.0,0.0,20230823,20230823,94305057,0.951,0.0,0.0,0.942,0.941,0.94,0.939,0.938,0.0,0.0,0.0,0.0,0.0,0.943,0.944,0.945,0.946,0.947,0.0,0.0,0.0,0.0,0.0,1251700.0,4308200.0,9862500.0,5035700.0,1656500.0,0.0,0.0,0.0,0.0,0.0,4147000.0,13573100.0,8901500.0,1099100.0,1475200.0,0.0,0.0,0.0,0.0,0.0
20230823094308344,SZSE,SZSE.ETF.159995,0.942,0.946,0.947,0.941,0.0,1.046,0.856,56484100.0,6000.0,53317686.8,5652.0,0.0,0.0,20230823,20230823,94308346,0.951,0.0,0.0,0.942,0.941,0.94,0.939,0.938,0.0,0.0,0.0,0.0,0.0,0.943,0.944,0.945,0.946,0.947,0.0,0.0,0.0,0.0,0.0,1245700.0,5192500.0,9862800.0,5035700.0,1656500.0,0.0,0.0,0.0,0.0,0.0,3148000.0,13453100.0,8901500.0,1099100.0,1475200.0,0.0,0.0,0.0,0.0,0.0
20230823094311112,SZSE,SZSE.ETF.159995,0.942,0.946,0.947,0.941,0.0,1.046,0.856,56504800.0,20700.0,53337186.2,19499.40000000596,0.0,0.0,20230823,20230823,94311114,0.951,0.0,0.0,0.942,0.941,0.94,0.939,0.938,0.0,0.0,0.0,0.0,0.0,0.943,0.944,0.945,0.946,0.947,0.0,0.0,0.0,0.0,0.0,1270000.0,5313700.0,9862800.0,5045700.0,1656500.0,0.0,0.0,0.0,0.0,0.0,3153000.0,13573100.0,8901500.0,1099100.0,1475200.0,0.0,0.0,0.0,0.0,0.0
20230823094314116,SZSE,SZSE.ETF.159995,0.943,0.946,0.947,0.941,0.0,1.046,0.856,56510800.0,6000.0,53342844.2,5658.0,0.0,0.0,20230823,20230823,94314116,0.951,0.0,0.0,0.942,0.941,0.94,0.939,0.938,0.0,0.0,0.0,0.0,0.0,0.943,0.944,0.945,0.946,0.947,0.0,0.0,0.0,0.0,0.0,1276000.0,5139800.0,9862800.0,5045700.0,1766500.0,0.0,0.0,0.0,0.0,0.0,3147000.0,13453100.0,8901500.0,1099100.0,1475200.0,0.0,0.0,0.0,0.0,0.0
20230823094317096,SZSE,SZSE.ETF.159995,0.943,0.946,0.947,0.941,0.0,1.046,0.856,56510800.0,0.0,53342844.2,0.0,0.0,0.0,20230823,20230823,94317094,0.951,0.0,0.0,0.942,0.941,0.94,0.939,0.938,0.0,0.0,0.0,0.0,0.0,0.943,0.944,0.945,0.946,0.947,0.0,0.0,0.0,0.0,0.0,1276000.0,5259800.0,9882900.0,5045700.0,1771500.0,0.0,0.0,0.0,0.0,0.0,3166600.0,13573100.0,8901500.0,1099100.0,1475200.0,0.0,0.0,0.0,0.0,0.0
20230823094319988,SZSE,SZSE.ETF.159995,0.943,0.946,0.947,0.941,0.0,1.046,0.856,56511200.0,400.0,53343221.4,377.19999999552965,0.0,0.0,20230823,20230823,94319988,0.951,0.0,0.0,0.942,0.941,0.94,0.939,0.938,0.0,0.0,0.0,0.0,0.0,0.943,0.944,0.945,0.946,0.947,0.0,0.0,0.0,0.0,0.0,1315800.0,5062000.0,9882900.0,5045700.0,1771500.0,0.0,0.0,0.0,0.0,0.0,3166200.0,13453100.0,8901500.0,1099100.0,1475200.0,0.0,0.0,0.0,0.0,0.0
20230823094323020,SZSE,SZSE.ETF.159995,0.943,0.946,0.947,0.941,0.0,1.046,0.856,56721200.0,210000.0,53541041.5,197820.1000000015,0.0,0.0,20230823,20230823,94323020,0.951,0.0,0.0,0.942,0.941,0.94,0.939,0.938,0.0,0.0,0.0,0.0,0.0,0.943,0.944,0.945,0.946,0.947,0.0,0.0,0.0,0.0,0.0,1105900.0,5232000.0,9882900.0,5045700.0,1771500.0,0.0,0.0,0.0,0.0,0.0,3166100.0,13573100.0,8901500.0,1099100.0,1475200.0,0.0,0.0,0.0,0.0,0.0
20230823094325988,SZSE,SZSE.ETF.159995,0.943,0.946,0.947,0.941,0.0,1.046,0.856,56721200.0,0.0,53541041.5,0.0,0.0,0.0,20230823,20230823,94325988,0.951,0.0,0.0,0.942,0.941,0.94,0.939,0.938,0.0,0.0,0.0,0.0,0.0,0.943,0.944,0.945,0.946,0.947,0.0,0.0,0.0,0.0,0.0,1105900.0,9112500.0,9882900.0,1045700.0,1771500.0,0.0,0.0,0.0,0.0,0.0,3196400.0,12501300.0,9803300.0,1099100.0,1475200.0,0.0,0.0,0.0,0.0,0.0
20230823094328992,SZSE,SZSE.ETF.159995,0.943,0.946,0.947,0.941,0.0,1.046,0.856,56723200.0,2000.0,53542927.5,1886.0,0.0,0.0,20230823,20230823,94328993,0.951,0.0,0.0,0.942,0.941,0.94,0.939,0.938,0.0,0.0,0.0,0.0,0.0,0.943,0.944,0.945,0.946,0.947,0.0,0.0,0.0,0.0,0.0,1077600.0,10512500.0,8480200.0,1045700.0,1781700.0,0.0,0.0,0.0,0.0,0.0,3194400.0,12501300.0,9803300.0,1049100.0,1475200.0,0.0,0.0,0.0,0.0,0.0
20230823094332032,SZSE,SZSE.ETF.159995,0.943,0.946,0.947,0.941,0.0,1.046,0.856,56723200.0,0.0,53542927.5,0.0,0.0,0.0,20230823,20230823,94332030,0.951,0.0,0.0,0.942,0.941,0.94,0.939,0.938,0.0,0.0,0.0,0.0,0.0,0.943,0.944,0.945,0.946,0.947,0.0,0.0,0.0,0.0,0.0,1092600.0,10632500.0,8480200.0,1045700.0,1781700.0,0.0,0.0,0.0,0.0,0.0,3194400.0,12494000.0,9803300.0,1049100.0,1425200.0,0.0,0.0,0.0,0.0,0.0
20230823094335044,SZSE,SZSE.ETF.159995,0.943,0.946,0.947,0.941,0.0,1.046,0.856,56724800.0,1600.0,53544436.3,1508.7999999970198,0.0,0.0,20230823,20230823,94335045,0.951,0.0,0.0,0.942,0.941,0.94,0.939,0.938,0.0,0.0,0.0,0.0,0.0,0.943,0.944,0.945,0.946,0.947,0.0,0.0,0.0,0.0,0.0,1073600.0,10574300.0,8480200.0,1045700.0,1781700.0,0.0,0.0,0.0,0.0,0.0,3187800.0,12374000.0,9803300.0,1049100.0,1425200.0,0.0,0.0,0.0,0.0,0.0
20230823094338316,SZSE,SZSE.ETF.159995,0.943,0.946,0.947,0.941,0.0,1.046,0.856,57241700.0,516900.0,54031873.0,487436.700000003,0.0,0.0,20230823,20230823,94338315,0.951,0.0,0.0,0.942,0.941,0.94,0.939,0.938,0.0,0.0,0.0,0.0,0.0,0.943,0.944,0.945,0.946,0.947,0.0,0.0,0.0,0.0,0.0,1141000.0,10804700.0,8549900.0,1085600.0,1781700.0,0.0,0.0,0.0,0.0,0.0,787400.0,12494000.0,10803300.0,1049100.0,1445200.0,0.0,0.0,0.0,0.0,0.0
20230823094340996,SZSE,SZSE.ETF.159995,0.942,0.946,0.947,0.941,0.0,1.046,0.856,57351700.0,110000.0,54135503.0,103630.0,0.0,0.0,20230823,20230823,94340997,0.951,0.0,0.0,0.942,0.941,0.94,0.939,0.938,0.0,0.0,0.0,0.0,0.0,0.943,0.944,0.945,0.946,0.947,0.0,0.0,0.0,0.0,0.0,1989500.0,10664400.0,7549900.0,1085600.0,1781700.0,0.0,0.0,0.0,0.0,0.0,779400.0,4372000.0,10803300.0,9049100.0,1445200.0,0.0,0.0,0.0,0.0,0.0
20230823094343992,SZSE,SZSE.ETF.159995,0.943,0.946,0.947,0.941,0.0,1.046,0.856,58284000.0,932300.0,55014659.0,879156.0,0.0,0.0,20230823,20230823,94343991,0.951,0.0,0.0,0.943,0.942,0.941,0.94,0.939,0.0,0.0,0.0,0.0,0.0,0.944,0.945,0.946,0.947,0.948,0.0,0.0,0.0,0.0,0.0,123800.0,2246100.0,10676100.0,7557100.0,1085600.0,0.0,0.0,0.0,0.0,0.0,4288000.0,11007200.0,9049100.0,1445200.0,1720800.0,0.0,0.0,0.0,0.0,0.0
20230823094346988,SZSE,SZSE.ETF.159995,0.943,0.946,0.947,0.941,0.0,1.046,0.856,58287000.0,3000.0,55017488.0,2829.0,0.0,0.0,20230823,20230823,94346988,0.951,0.0,0.0,0.943,0.942,0.941,0.94,0.939,0.0,0.0,0.0,0.0,0.0,0.944,0.945,0.946,0.947,0.948,0.0,0.0,0.0,0.0,0.0,271400.0,2503400.0,10331400.0,7407100.0,1085600.0,0.0,0.0,0.0,0.0,0.0,3940600.0,11234500.0,9199100.0,1445200.0,1720800.0,0.0,0.0,0.0,0.0,0.0
20230823094349980,SZSE,SZSE.ETF.159995,0.943,0.946,0.947,0.941,0.0,1.046,0.856,58297000.0,10000.0,55026918.0,9430.0,0.0,0.0,20230823,20230823,94349979,0.951,0.0,0.0,0.943,0.942,0.941,0.94,0.939,0.0,0.0,0.0,0.0,0.0,0.944,0.945,0.946,0.947,0.948,0.0,0.0,0.0,0.0,0.0,170600.0,3575500.0,10331400.0,7407100.0,1085600.0,0.0,0.0,0.0,0.0,0.0,4040600.0,11234500.0,9199100.0,1445200.0,1720800.0,0.0,0.0,0.0,0.0,0.0
20230823094353048,SZSE,SZSE.ETF.159995,0.943,0.946,0.947,0.941,0.0,1.046,0.856,58382400.0,85400.0,55107450.2,80532.20000000298,0.0,0.0,20230823,20230823,94353047,0.951,0.0,0.0,0.943,0.942,0.941,0.94,0.939,0.0,0.0,0.0,0.0,0.0,0.944,0.945,0.946,0.947,0.948,0.0,0.0,0.0,0.0,0.0,117200.0,3695500.0,10321300.0,7407100.0,1085600.0,0.0,0.0,0.0,0.0,0.0,4040600.0,11354500.0,9199100.0,1445200.0,1720800.0,0.0,0.0,0.0,0.0,0.0
20230823094355992,SZSE,SZSE.ETF.159995,0.943,0.946,0.947,0.941,0.0,1.046,0.856,58398600.0,16200.0,55122726.8,15276.59999999404,0.0,0.0,20230823,20230823,94355991,0.951,0.0,0.0,0.943,0.942,0.941,0.94,0.939,0.0,0.0,0.0,0.0,0.0,0.944,0.945,0.946,0.947,0.948,0.0,0.0,0.0,0.0,0.0,257500.0,3575500.0,10321300.0,7407100.0,1085600.0,0.0,0.0,0.0,0.0,0.0,4040600.0,11234500.0,9199100.0,1449200.0,1720800.0,0.0,0.0,0.0,0.0,0.0
20230823094614868,SZSE,SZSE.ETF.159995,0.942,0.946,0.947,0.941,0.0,1.046,0.856,65251200.0,26700.0,61578518.1,25151.39999999851,0.0,0.0,20230823,20230823,94614867,0.951,0.0,0.0,0.941,0.94,0.939,0.938,0.937,0.0,0.0,0.0,0.0,0.0,0.942,0.943,0.944,0.945,0.946,0.0,0.0,0.0,0.0,0.0,3582000.0,10397700.0,5369700.0,1787300.0,322500.0,0.0,0.0,0.0,0.0,0.0,377700.0,4808900.0,13792100.0,8589100.0,1061600.0,0.0,0.0,0.0,0.0,0.0
20230823094617324,SZSE,SZSE.ETF.159995,0.942,0.946,0.947,0.941,0.0,1.046,0.856,65251200.0,0.0,61578518.1,0.0,0.0,0.0,20230823,20230823,94617323,0.951,0.0,0.0,0.941,0.94,0.939,0.938,0.937,0.0,0.0,0.0,0.0,0.0,0.942,0.943,0.944,0.945,0.946,0.0,0.0,0.0,0.0,0.0,3699000.0,10287700.0,5369700.0,1787300.0,322500.0,0.0,0.0,0.0,0.0,0.0,959600.0,4688900.0,13363300.0,8589100.0,1061600.0,0.0,0.0,0.0,0.0,0.0
20230823094624284,SZSE,SZSE.ETF.159995,0.942,0.946,0.947,0.941,0.0,1.046,0.856,65273100.0,21900.0,61599147.9,20629.79999999702,0.0,0.0,20230823,20230823,94624285,0.951,0.0,0.0,0.941,0.94,0.939,0.938,0.937,0.0,0.0,0.0,0.0,0.0,0.942,0.943,0.944,0.945,0.946,0.0,0.0,0.0,0.0,0.0,3605000.0,10534000.0,6368700.0,1797300.0,322500.0,0.0,0.0,0.0,0.0,0.0,1120600.0,4808900.0,13363300.0,8589100.0,1061600.0,0.0,0.0,0.0,0.0,0.0
20230823094624484,SZSE,SZSE.ETF.159995,0.942,0.946,0.947,0.941,0.0,1.046,0.856,65298500.0,25400.0,61623066.7,23918.80000000447,0.0,0.0,20230823,20230823,94624485,0.951,0.0,0.0,0.941,0.94,0.939,0.938,0.937,0.0,0.0,0.0,0.0,0.0,0.942,0.943,0.944,0.945,0.946,0.0,0.0,0.0,0.0,0.0,3267000.0,10414000.0,6598700.0,1797300.0,322500.0,0.0,0.0,0.0,0.0,0.0,1303500.0,4683600.0,13363300.0,8589100.0,1061600.0,0.0,0.0,0.0,0.0,0.0
20230823094627832,SZSE,SZSE.ETF.159995,0.942,0.946,0.947,0.941,0.0,1.046,0.856,65298600.0,100.0,61623160.9,94.19999999552965,0.0,0.0,20230823,20230823,94627831,0.951,0.0,0.0,0.941,0.94,0.939,0.938,0.937,0.0,0.0,0.0,0.0,0.0,0.942,0.943,0.944,0.945,0.946,0.0,0.0,0.0,0.0,0.0,2312600.0,9134000.0,7999700.0,1797300.0,455300.0,0.0,0.0,0.0,0.0,0.0,1742200.0,5762400.0,12311500.0,8589100.0,1061600.0,0.0,0.0,0.0,0.0,0.0
20230823094630648,SZSE,SZSE.ETF.159995,0.941,0.946,0.947,0.941,0.0,1.046,0.856,65313200.0,14600.0,61636904.5,13743.60000000149,0.0,0.0,20230823,20230823,94630648,0.951,0.0,0.0,0.941,0.94,0.939,0.938,0.937,0.0,0.0,0.0,0.0,0.0,0.942,0.943,0.944,0.945,0.946,0.0,0.0,0.0,0.0,0.0,2388000.0,9014000.0,8999700.0,1797400.0,455300.0,0.0,0.0,0.0,0.0,0.0,1808200.0,16442400.0,12311600.0,589100.0,1061600.0,0.0,0.0,0.0,0.0,0.0
20230823094641052,SZSE,SZSE.ETF.159995,0.942,0.946,0.947,0.941,0.0,1.046,0.856,65402200.0,6200.0,61720661.4,5837.19999999553,0.0,0.0,20230823,20230823,94641053,0.951,0.0,0.0,0.941,0.94,0.939,0.938,0.937,0.0,0.0,0.0,0.0,0.0,0.942,0.943,0.944,0.945,0.946,0.0,0.0,0.0,0.0,0.0,2231900.0,5415000.0,8999700.0,5797400.0,555300.0,0.0,0.0,0.0,0.0,0.0,4485700.0,12912000.0,11206600.0,587100.0,731700.0,0.0,0.0,0.0,0.0,0.0
20230823094644040,SZSE,SZSE.ETF.159995,0.942,0.946,0.947,0.941,0.0,1.046,0.856,65408500.0,6300.0,61726591.0,5929.60000000149,0.0,0.0,20230823,20230823,94644042,0.951,0.0,0.0,0.941,0.94,0.939,0.938,0.937,0.0,0.0,0.0,0.0,0.0,0.942,0.943,0.944,0.945,0.946,0.0,0.0,0.0,0.0,0.0,2226900.0,6414000.0,8999700.0,1797400.0,555300.0,0.0,0.0,0.0,0.0,0.0,4484400.0,12782000.0,11216600.0,587100.0,731700.0,0.0,0.0,0.0,0.0,0.0
20230823094650068,SZSE,SZSE.ETF.159995,0.941,0.946,0.947,0.941,0.0,1.046,0.856,65710400.0,5000.0,62010678.9,4705.0,0.0,0.0,20230823,20230823,94650067,0.951,0.0,0.0,0.941,0.94,0.939,0.938,0.937,0.0,0.0,0.0,0.0,0.0,0.942,0.943,0.944,0.945,0.946,0.0,0.0,0.0,0.0,0.0,1916900.0,5413300.0,9009700.0,5936700.0,555400.0,0.0,0.0,0.0,0.0,0.0,4670100.0,12962000.0,11096600.0,587100.0,501700.0,0.0,0.0,0.0,0.0,0.0
20230823094653120,SZSE,SZSE.ETF.159995,0.941,0.946,0.947,0.941,0.0,1.046,0.856,65999100.0,288700.0,62282345.6,271666.700000003,0.0,0.0,20230823,20230823,94653119,0.951,0.0,0.0,0.941,0.94,0.939,0.938,0.937,0.0,0.0,0.0,0.0,0.0,0.942,0.943,0.944,0.945,0.946,0.0,0.0,0.0,0.0,0.0,1640500.0,4133300.0,9009700.0,5936700.0,555400.0,0.0,0.0,0.0,0.0,0.0,5549100.0,13082000.0,10217600.0,580900.0,501700.0,0.0,0.0,0.0,0.0,0.0
20230823094655988,SZSE,SZSE.ETF.159995,0.942,0.946,0.947,0.941,0.0,1.046,0.856,66038000.0,38900.0,62318956.5,36610.89999999851,0.0,0.0,20230823,20230823,94655988,0.951,0.0,0.0,0.941,0.94,0.939,0.938,0.937,0.0,0.0,0.0,0.0,0.0,0.942,0.943,0.944,0.945,0.946,0.0,0.0,0.0,0.0,0.0,1517600.0,4008700.0,9009700.0,5936700.0,555400.0,0.0,0.0,0.0,0.0,0.0,5673100.0,12962000.0,10097600.0,580900.0,501700.0,0.0,0.0,0.0,0.0,0.0
20230823094659004,SZSE,SZSE.ETF.159995,0.941,0.946,0.947,0.941,0.0,1.046,0.856,67546800.0,1508800.0,63738737.3,1419780.799999997,0.0,0.0,20230823,20230823,94659005,0.951,0.0,0.0,0.94,0.939,0.938,0.937,0.936,0.0,0.0,0.0,0.0,0.0,0.941,0.942,0.943,0.944,0.945,0.0,0.0,0.0,0.0,0.0,3984300.0,8996200.0,6176700.0,555400.0,967800.0,0.0,0.0,0.0,0.0,0.0,784300.0,5901300.0,12853900.0,10097600.0,580900.0,0.0,0.0,0.0,0.0,0.0
20230823094702016,SZSE,SZSE.ETF.159995,0.941,0.946,0.947,0.941,0.0,1.046,0.856,67568000.0,21200.0,63758686.5,19949.20000000298,0.0,0.0,20230823,20230823,94702017,0.951,0.0,0.0,0.94,0.939,0.938,0.937,0.936,0.0,0.0,0.0,0.0,0.0,0.941,0.942,0.943,0.944,0.945,0.0,0.0,0.0,0.0,0.0,3639100.0,9224300.0,6176700.0,555400.0,967800.0,0.0,0.0,0.0,0.0,0.0,973200.0,6046100.0,12506400.0,9940100.0,580900.0,0.0,0.0,0.0,0.0,0.0
20230823094705048,SZSE,SZSE.ETF.159995,0.941,0.946,0.947,0.941,0.0,1.046,0.856,67583000.0,15000.0,63772801.5,14115.0,0.0,0.0,20230823,20230823,94705049,0.951,0.0,0.0,0.94,0.939,0.938,0.937,0.936,0.0,0.0,0.0,0.0,0.0,0.941,0.942,0.943,0.944,0.945,0.0,0.0,0.0,0.0,0.0,3639100.0,9224300.0,6176700.0,555400.0,967800.0,0.0,0.0,0.0,0.0,0.0,965700.0,5572500.0,12506400.0,9940100.0,580900.0,0.0,0.0,0.0,0.0,0.0
20230823094708092,SZSE,SZSE.ETF.159995,0.94,0.946,0.947,0.94,0.0,1.046,0.856,67583200.0,200.0,63772989.5,188.0,0.0,0.0,20230823,20230823,94708092,0.951,0.0,0.0,0.94,0.939,0.938,0.937,0.936,0.0,0.0,0.0,0.0,0.0,0.941,0.942,0.943,0.944,0.945,0.0,0.0,0.0,0.0,0.0,3641700.0,9344300.0,6176700.0,555400.0,972800.0,0.0,0.0,0.0,0.0,0.0,995700.0,5542500.0,12326400.0,9940100.0,581900.0,0.0,0.0,0.0,0.0,0.0
20230823094710992,SZSE,SZSE.ETF.159995,0.941,0.946,0.947,0.94,0.0,1.046,0.856,67839700.0,256500.0,64014324.0,241334.5,0.0,0.0,20230823,20230823,94710994,0.951,0.0,0.0,0.94,0.939,0.938,0.937,0.936,0.0,0.0,0.0,0.0,0.0,0.941,0.942,0.943,0.944,0.945,0.0,0.0,0.0,0.0,0.0,3673600.0,9224300.0,6176700.0,555400.0,988900.0,0.0,0.0,0.0,0.0,0.0,783500.0,5422500.0,12326400.0,9940100.0,582900.0,0.0,0.0,0.0,0.0,0.0
20230823094714028,SZSE,SZSE.ETF.159995,0.94,0.946,0.947,0.94,0.0,1.046,0.856,68217700.0,378000.0,64369667.0,355343.0,0.0,0.0,20230823,20230823,94714029,0.951,0.0,0.0,0.94,0.939,0.938,0.937,0.936,0.0,0.0,0.0,0.0,0.0,0.941,0.942,0.943,0.944,0.945,0.0,0.0,0.0,0.0,0.0,3327600.0,9344400.0,6177700.0,555400.0,988900.0,0.0,0.0,0.0,0.0,0.0,780500.0,5542500.0,12326400.0,9940100.0,582900.0,0.0,0.0,0.0,0.0,0.0
20230823094716992,SZSE,SZSE.ETF.159995,0.94,0.946,0.947,0.94,0.0,1.046,0.856,68224500.0,6800.0,64376062.3,6395.29999999702,0.0,0.0,20230823,20230823,94716992,0.951,0.0,0.0,0.94,0.939,0.938,0.937,0.936,0.0,0.0,0.0,0.0,0.0,0.941,0.942,0.943,0.944,0.945,0.0,0.0,0.0,0.0,0.0,3302500.0,9444400.0,6177700.0,578800.0,999600.0,0.0,0.0,0.0,0.0,0.0,779200.0,13192500.0,12206400.0,1940100.0,582900.0,0.0,0.0,0.0,0.0,0.0
20230823094720156,SZSE,SZSE.ETF.159995,0.94,0.946,0.947,0.94,0.0,1.046,0.856,68235200.0,10700.0,64386120.3,10058.0,0.0,0.0,20230823,20230823,94720155,0.951,0.0,0.0,0.94,0.939,0.938,0.937,0.936,0.0,0.0,0.0,0.0,0.0,0.941,0.942,0.943,0.944,0.945,0.0,0.0,0.0,0.0,0.0,2313000.0,8565900.0,7176700.0,575400.0,1003600.0,0.0,0.0,0.0,0.0,0.0,1773200.0,13362100.0,10255600.0,1934500.0,582900.0,0.0,0.0,0.0,0.0,0.0
20230823094723536,SZSE,SZSE.ETF.159995,0.941,0.946,0.947,0.94,0.0,1.046,0.856,68235500.0,300.0,64386402.6,282.30000000447035,0.0,0.0,20230823,20230823,94723538,0.951,0.0,0.0,0.94,0.939,0.938,0.937,0.936,0.0,0.0,0.0,0.0,0.0,0.941,0.942,0.943,0.944,0.945,0.0,0.0,0.0,0.0,0.0,2314400.0,9439900.0,8156800.0,575500.0,1003600.0,0.0,0.0,0.0,0.0,0.0,773900.0,13242100.0,10255600.0,1934500.0,582900.0,0.0,0.0,0.0,0.0,0.0
20230823094726304,SZSE,SZSE.ETF.159995,0.94,0.946,0.947,0.94,0.0,1.046,0.856,68294500.0,59000.0,64441862.6,55460.0,0.0,0.0,20230823,20230823,94726303,0.951,0.0,0.0,0.94,0.939,0.938,0.937,0.936,0.0,0.0,0.0,0.0,0.0,0.941,0.942,0.943,0.944,0.945,0.0,0.0,0.0,0.0,0.0,2102200.0,8160900.0,8996000.0,575500.0,1003600.0,0.0,0.0,0.0,0.0,0.0,1133900.0,5342100.0,10255600.0,1914500.0,582900.0,0.0,0.0,0.0,0.0,0.0
20230823094729172,SZSE,SZSE.ETF.159995,0.94,0.946,0.947,0.94,0.0,1.046,0.856,68294500.0,0.0,64441862.6,0.0,0.0,0.0,20230823,20230823,94729171,0.951,0.0,0.0,0.94,0.939,0.938,0.937,0.936,0.0,0.0,0.0,0.0,0.0,0.941,0.942,0.943,0.944,0.945,0.0,0.0,0.0,0.0,0.0,2182900.0,8021100.0,9996000.0,575500.0,1003600.0,0.0,0.0,0.0,0.0,0.0,2136200.0,13222100.0,10255600.0,1914500.0,582900.0,0.0,0.0,0.0,0.0,0.0
20230823094732036,SZSE,SZSE.ETF.159995,0.94,0.946,0.947,0.94,0.0,1.046,0.856,68304700.0,10200.0,64451450.8,9588.19999999553,0.0,0.0,20230823,20230823,94732037,0.951,0.0,0.0,0.94,0.939,0.938,0.937,0.936,0.0,0.0,0.0,0.0,0.0,0.941,0.942,0.943,0.944,0.945,0.0,0.0,0.0,0.0,0.0,2178400.0,8141100.0,9960100.0,585500.0,1008400.0,0.0,0.0,0.0,0.0,0.0,3223800.0,13342100.0,9255600.0,1914500.0,582900.0,0.0,0.0,0.0,0.0,0.0
20230823094735012,SZSE,SZSE.ETF.159995,0.94,0.946,0.947,0.94,0.0,1.046,0.856,68324700.0,20000.0,64470250.8,18800.0,0.0,0.0,20230823,20230823,94735012,0.951,0.0,0.0,0.94,0.939,0.938,0.937,0.936,0.0,0.0,0.0,0.0,0.0,0.941,0.942,0.943,0.944,0.945,0.0,0.0,0.0,0.0,0.0,2159600.0,8041100.0,9960100.0,585500.0,1108400.0,0.0,0.0,0.0,0.0,0.0,3262200.0,13222100.0,9255600.0,1914500.0,582900.0,0.0,0.0,0.0,0.0,0.0
20230823094738008,SZSE,SZSE.ETF.159995,0.94,0.946,0.947,0.94,0.0,1.046,0.856,68428200.0,103500.0,64567540.8,97290.0,0.0,0.0,20230823,20230823,94738007,0.951,0.0,0.0,0.94,0.939,0.938,0.937,0.936,0.0,0.0,0.0,0.0,0.0,0.941,0.942,0.943,0.944,0.945,0.0,0.0,0.0,0.0,0.0,1861100.0,4036100.0,9968000.0,4586700.0,1128400.0,0.0,0.0,0.0,0.0,0.0,3312200.0,13211400.0,9255600.0,1914500.0,582900.0,0.0,0.0,0.0,0.0,0.0
20230823094741008,SZSE,SZSE.ETF.159995,0.94,0.946,0.947,0.94,0.0,1.046,0.856,68443200.0,15000.0,64581640.8,14100.0,0.0,0.0,20230823,20230823,94741006,0.951,0.0,0.0,0.94,0.939,0.938,0.937,0.936,0.0,0.0,0.0,0.0,0.0,0.941,0.942,0.943,0.944,0.945,0.0,0.0,0.0,0.0,0.0,1865200.0,4356100.0,9996000.0,4586700.0,1133400.0,0.0,0.0,0.0,0.0,0.0,3342200.0,13425200.0,9155600.0,1914500.0,587900.0,0.0,0.0,0.0,0.0,0.0
20230823094744008,SZSE,SZSE.ETF.159995,0.941,0.946,0.947,0.94,0.0,1.046,0.856,68459900.0,16700.0,64597340.8,15700.0,0.0,0.0,20230823,20230823,94744007,0.951,0.0,0.0,0.94,0.939,0.938,0.937,0.936,0.0,0.0,0.0,0.0,0.0,0.941,0.942,0.943,0.944,0.945,0.0,0.0,0.0,0.0,0.0,1877800.0,4241100.0,9996000.0,4586700.0,1133400.0,0.0,0.0,0.0,0.0,0.0,2406400.0,13305200.0,9155600.0,1914500.0,587900.0,0.0,0.0,0.0,0.0,0.0
20230823094747004,SZSE,SZSE.ETF.159995,0.94,0.946,0.947,0.94,0.0,1.046,0.856,68577600.0,117700.0,64707980.8,110640.0,0.0,0.0,20230823,20230823,94747004,0.951,0.0,0.0,0.94,0.939,0.938,0.937,0.936,0.0,0.0,0.0,0.0,0.0,0.941,0.942,0.943,0.944,0.945,0.0,0.0,0.0,0.0,0.0,1704600.0,4361100.0,9997000.0,4590600.0,1133400.0,0.0,0.0,0.0,0.0,0.0,2404400.0,13425200.0,9155600.0,1914500.0,588200.0,0.0,0.0,0.0,0.0,0.0
20230823094750024,SZSE,SZSE.ETF.159995,0.94,0.946,0.947,0.94,0.0,1.046,0.856,68577600.0,0.0,64707980.8,0.0,0.0,0.0,20230823,20230823,94750023,0.951,0.0,0.0,0.94,0.939,0.938,0.937,0.936,0.0,0.0,0.0,0.0,0.0,0.941,0.942,0.943,0.944,0.945,0.0,0.0,0.0,0.0,0.0,1718300.0,4224100.0,9997000.0,4590600.0,1133400.0,0.0,0.0,0.0,0.0,0.0,2432100.0,13298900.0,9155600.0,1914500.0,588200.0,0.0,0.0,0.0,0.0,0.0
20230823094753048,SZSE,SZSE.ETF.159995,0.94,0.946,0.947,0.94,0.0,1.046,0.856,68761100.0,183500.0,64880470.8,172490.0,0.0,0.0,20230823,20230823,94753048,0.951,0.0,0.0,0.94,0.939,0.938,0.937,0.936,0.0,0.0,0.0,0.0,0.0,0.941,0.942,0.943,0.944,0.945,0.0,0.0,0.0,0.0,0.0,1384900.0,4345500.0,9997000.0,4740600.0,1133400.0,0.0,0.0,0.0,0.0,0.0,2452100.0,13418900.0,9155600.0,1914500.0,598200.0,0.0,0.0,0.0,0.0,0.0
20230823094756048,SZSE,SZSE.ETF.159995,0.94,0.946,0.947,0.94,0.0,1.046,0.856,69187200.0,426100.0,65281014.8,400544.0,0.0,0.0,20230823,20230823,94756050,0.951,0.0,0.0,0.94,0.939,0.938,0.937,0.936,0.0,0.0,0.0,0.0,0.0,0.941,0.942,0.943,0.944,0.945,0.0,0.0,0.0,0.0,0.0,1172400.0,4225500.0,9997000.0,4590600.0,1133700.0,0.0,0.0,0.0,0.0,0.0,2531200.0,13293900.0,9155600.0,1924500.0,648200.0,0.0,0.0,0.0,0.0,0.0
20230823094759136,SZSE,SZSE.ETF.159995,0.941,0.946,0.947,0.94,0.0,1.046,0.856,69203000.0,15800.0,65295882.1,14867.30000000447,0.0,0.0,20230823,20230823,94759137,0.951,0.0,0.0,0.94,0.939,0.938,0.937,0.936,0.0,0.0,0.0,0.0,0.0,0.941,0.942,0.943,0.944,0.945,0.0,0.0,0.0,0.0,0.0,1031900.0,3396500.0,10005000.0,4741600.0,1133700.0,0.0,0.0,0.0,0.0,0.0,3514900.0,13413900.0,9155600.0,1904500.0,648200.0,0.0,0.0,0.0,0.0,0.0
20230823094802124,SZSE,SZSE.ETF.159995,0.94,0.946,0.947,0.94,0.0,1.046,0.856,69229100.0,26100.0,65320417.2,24535.10000000149,0.0,0.0,20230823,20230823,94802125,0.951,0.0,0.0,0.94,0.939,0.938,0.937,0.936,0.0,0.0,0.0,0.0,0.0,0.941,0.942,0.943,0.944,0.945,0.0,0.0,0.0,0.0,0.0,1050100.0,3276500.0,10025000.0,4741600.0,1163700.0,0.0,0.0,0.0,0.0,0.0,3693800.0,13293900.0,9035600.0,1904500.0,648200.0,0.0,0.0,0.0,0.0,0.0
20230823094805268,SZSE,SZSE.ETF.159995,0.94,0.946,0.947,0.94,0.0,1.046,0.856,69277400.0,48300.0,65365819.2,45402.0,0.0,0.0,20230823,20230823,94805268,0.951,0.0,0.0,0.94,0.939,0.938,0.937,0.936,0.0,0.0,0.0,0.0,0.0,0.941,0.942,0.943,0.944,0.945,0.0,0.0,0.0,0.0,0.0,1266800.0,3405200.0,10003700.0,4591600.0,1163700.0,0.0,0.0,0.0,0.0,0.0,4099800.0,13643900.0,9035600.0,1904500.0,423900.0,0.0,0.0,0.0,0.0,0.0
20230823094808160,SZSE,SZSE.ETF.159995,0.941,0.946,0.947,0.94,0.0,1.046,0.856,69278100.0,700.0,65366477.9,658.6999999955297,0.0,0.0,20230823,20230823,94808162,0.951,0.0,0.0,0.94,0.939,0.938,0.937,0.936,0.0,0.0,0.0,0.0,0.0,0.941,0.942,0.943,0.944,0.945,0.0,0.0,0.0,0.0,0.0,1477000.0,3288000.0,10003700.0,4591600.0,1175000.0,0.0,0.0,0.0,0.0,0.0,4099100.0,12595400.0,9987400.0,1904500.0,423900.0,0.0,0.0,0.0,0.0,0.0
20230823094811056,SZSE,SZSE.ETF.159995,0.941,0.946,0.947,0.94,0.0,1.046,0.856,70310800.0,1032700.0,66337216.2,970738.3000000045,0.0,0.0,20230823,20230823,94811056,0.951,0.0,0.0,0.94,0.939,0.938,0.937,0.936,0.0,0.0,0.0,0.0,0.0,0.941,0.942,0.943,0.944,0.945,0.0,0.0,0.0,0.0,0.0,765600.0,8823300.0,8603700.0,591600.0,1176000.0,0.0,0.0,0.0,0.0,0.0,1590800.0,12483400.0,11107400.0,1904500.0,423900.0,0.0,0.0,0.0,0.0,0.0
20230823094814108,SZSE,SZSE.ETF.159995,0.941,0.946,0.947,0.94,0.0,1.046,0.856,70330800.0,20000.0,66356036.2,18820.0,0.0,0.0,20230823,20230823,94814107,0.951,0.0,0.0,0.94,0.939,0.938,0.937,0.936,0.0,0.0,0.0,0.0,0.0,0.941,0.942,0.943,0.944,0.945,0.0,0.0,0.0,0.0,0.0,772500.0,8751600.0,8624700.0,571600.0,1176000.0,0.0,0.0,0.0,0.0,0.0,3587300.0,12363400.0,10127400.0,1904500.0,653900.0,0.0,0.0,0.0,0.0,0.0
20230823094817016,SZSE,SZSE.ETF.159995,0.94,0.946,0.947,0.94,0.0,1.046,0.856,70455400.0,124600.0,66473161.4,117125.19999999553,0.0,0.0,20230823,20230823,94817017,0.951,0.0,0.0,0.94,0.939,0.938,0.937,0.936,0.0,0.0,0.0,0.0,0.0,0.941,0.942,0.943,0.944,0.945,0.0,0.0,0.0,0.0,0.0,459100.0,4875100.0,8624900.0,4571600.0,1176000.0,0.0,0.0,0.0,0.0,0.0,3586100.0,12483400.0,10127400.0,1904500.0,653900.0,0.0,0.0,0.0,0.0,0.0
20230823094820036,SZSE,SZSE.ETF.159995,0.94,0.946,0.947,0.94,0.0,1.046,0.856,71391300.0,935900.0,67352907.5,879746.1000000015,0.0,0.0,20230823,20230823,94820035,0.951,0.0,0.0,0.94,0.939,0.938,0.937,0.936,0.0,0.0,0.0,0.0,0.0,0.941,0.942,0.943,0.944,0.945,0.0,0.0,0.0,0.0,0.0,198000.0,8659800.0,8624900.0,601600.0,1176000.0,0.0,0.0,0.0,0.0,0.0,2587000.0,12363400.0,10127400.0,1904500.0,653900.0,0.0,0.0,0.0,0.0,0.0
20230823094823016,SZSE,SZSE.ETF.159995,0.94,0.946,0.947,0.94,0.0,1.046,0.856,72275800.0,884500.0,68184342.6,831435.099999994,0.0,0.0,20230823,20230823,94823014,0.951,0.0,0.0,0.94,0.939,0.938,0.937,0.936,0.0,0.0,0.0,0.0,0.0,0.941,0.942,0.943,0.944,0.945,0.0,0.0,0.0,0.0,0.0,427200.0,8800100.0,8624900.0,751500.0,1176000.0,0.0,0.0,0.0,0.0,0.0,3580900.0,12483400.0,10127400.0,1904500.0,663900.0,0.0,0.0,0.0,0.0,0.0
20230823094826024,SZSE,SZSE.ETF.159995,0.94,0.946,0.947,0.94,0.0,1.046,0.856,72295800.0,20000.0,68203152.6,18810.0,0.0,0.0,20230823,20230823,94826023,0.951,0.0,0.0,0.94,0.939,0.938,0.937,0.936,0.0,0.0,0.0,0.0,0.0,0.941,0.942,0.943,0.944,0.945,0.0,0.0,0.0,0.0,0.0,441100.0,4680300.0,8622900.0,4751500.0,1176000.0,0.0,0.0,0.0,0.0,0.0,3510800.0,12353400.0,10130400.0,1904500.0,663900.0,0.0,0.0,0.0,0.0,0.0
20230823094829024,SZSE,SZSE.ETF.159995,0.94,0.946,0.947,0.94,0.0,1.046,0.856,72460300.0,164500.0,68357782.6,154630.0,0.0,0.0,20230823,20230823,94829023,0.951,0.0,0.0,0.94,0.939,0.938,0.937,0.936,0.0,0.0,0.0,0.0,0.0,0.941,0.942,0.943,0.944,0.945,0.0,0.0,0.0,0.0,0.0,298000.0,8810400.0,8622900.0,762200.0,1174000.0,0.0,0.0,0.0,0.0,0.0,3428000.0,12473400.0,10130400.0,1954500.0,663900.0,0.0,0.0,0.0,0.0,0.0
20230823094832012,SZSE,SZSE.ETF.159995,0.94,0.946,0.947,0.94,0.0,1.046,0.856,72492900.0,32600.0,68388426.6,30644.0,0.0,0.0,20230823,20230823,94832011,0.951,0.0,0.0,0.94,0.939,0.938,0.937,0.936,0.0,0.0,0.0,0.0,0.0,0.941,0.942,0.943,0.944,0.945,0.0,0.0,0.0,0.0,0.0,1085300.0,7304200.0,10021900.0,762200.0,1174000.0,0.0,0.0,0.0,0.0,0.0,2429000.0,12353900.0,10130400.0,1954500.0,663900.0,0.0,0.0,0.0,0.0,0.0
20230823094835048,SZSE,SZSE.ETF.159995,0.941,0.946,0.947,0.94,0.0,1.046,0.856,72643300.0,150400.0,68529803.0,141376.40000000596,0.0,0.0,20230823,20230823,94835048,0.951,0.0,0.0,0.94,0.939,0.938,0.937,0.936,0.0,0.0,0.0,0.0,0.0,0.941,0.942,0.943,0.944,0.945,0.0,0.0,0.0,0.0,0.0,964900.0,8834200.0,8621900.0,770100.0,1224000.0,0.0,0.0,0.0,0.0,0.0,3427600.0,12473900.0,10130400.0,1963500.0,663900.0,0.0,0.0,0.0,0.0,0.0
20230823094838000,SZSE,SZSE.ETF.159995,0.941,0.946,0.947,0.94,0.0,1.046,0.856,72742100.0,98800.0,68622686.0,92883.0,0.0,0.0,20230823,20230823,94837998,0.951,0.0,0.0,0.94,0.939,0.938,0.937,0.936,0.0,0.0,0.0,0.0,0.0,0.941,0.942,0.943,0.944,0.945,0.0,0.0,0.0,0.0,0.0,1092900.0,8724200.0,8621900.0,771700.0,1224000.0,0.0,0.0,0.0,0.0,0.0,3416600.0,12353900.0,10130400.0,1983500.0,663900.0,0.0,0.0,0.0,0.0,0.0
20230823094841020,SZSE,SZSE.ETF.159995,0.941,0.946,0.947,0.94,0.0,1.046,0.856,72742100.0,0.0,68622686.0,0.0,0.0,0.0,20230823,20230823,94841021,0.951,0.0,0.0,0.94,0.939,0.938,0.937,0.936,0.0,0.0,0.0,0.0,0.0,0.941,0.942,0.943,0.944,0.945,0.0,0.0,0.0,0.0,0.0,1289800.0,8739200.0,8621900.0,641700.0,1223700.0,0.0,0.0,0.0,0.0,0.0,1421400.0,12353900.0,11130400.0,1983500.0,664900.0,0.0,0.0,0.0,0.0,0.0
20230823094935736,SZSE,SZSE.ETF.159995,0.941,0.946,0.947,0.94,0.0,1.046,0.856,75303200.0,501100.0,71032581.3,471537.09999999404,0.0,0.0,20230823,20230823,94935734,0.951,0.0,0.0,0.941,0.94,0.939,0.938,0.937,0.0,0.0,0.0,0.0,0.0,0.942,0.943,0.944,0.945,0.946,0.0,0.0,0.0,0.0,0.0,78900.0,5535200.0,9475100.0,7370200.0,729000.0,0.0,0.0,0.0,0.0,0.0,3431700.0,10743200.0,11107700.0,669900.0,429000.0,0.0,0.0,0.0,0.0,0.0
20230823094938240,SZSE,SZSE.ETF.159995,0.941,0.946,0.947,0.94,0.0,1.046,0.856,75308200.0,5000.0,71037286.3,4705.0,0.0,0.0,20230823,20230823,94938242,0.951,0.0,0.0,0.94,0.939,0.938,0.937,0.936,0.0,0.0,0.0,0.0,0.0,0.941,0.942,0.943,0.944,0.945,0.0,0.0,0.0,0.0,0.0,5319800.0,9581600.0,7520200.0,729000.0,1227400.0,0.0,0.0,0.0,0.0,0.0,45000.0,3537900.0,10517100.0,11107700.0,669900.0,0.0,0.0,0.0,0.0,0.0
20230823094942964,SZSE,SZSE.ETF.159995,0.941,0.946,0.947,0.94,0.0,1.046,0.856,75328700.0,20500.0,71056576.8,19290.5,0.0,0.0,20230823,20230823,94942965,0.951,0.0,0.0,0.94,0.939,0.938,0.937,0.936,0.0,0.0,0.0,0.0,0.0,0.941,0.942,0.943,0.944,0.945,0.0,0.0,0.0,0.0,0.0,5092300.0,9809200.0,7301000.0,729300.0,1227400.0,0.0,0.0,0.0,0.0,0.0,326500.0,3765000.0,11241400.0,10005900.0,669900.0,0.0,0.0,0.0,0.0,0.0
20230823094946292,SZSE,SZSE.ETF.159995,0.941,0.946,0.947,0.94,0.0,1.046,0.856,75369200.0,40500.0,71094687.3,38110.5,0.0,0.0,20230823,20230823,94946293,0.951,0.0,0.0,0.94,0.939,0.938,0.937,0.936,0.0,0.0,0.0,0.0,0.0,0.941,0.942,0.943,0.944,0.945,0.0,0.0,0.0,0.0,0.0,5454000.0,9809200.0,7061000.0,729300.0,1227400.0,0.0,0.0,0.0,0.0,0.0,136000.0,3535000.0,11481400.0,10005900.0,669900.0,0.0,0.0,0.0,0.0,0.0
20230823094948716,SZSE,SZSE.ETF.159995,0.941,0.946,0.947,0.94,0.0,1.046,0.856,75389100.0,19900.0,71113413.2,18725.90000000596,0.0,0.0,20230823,20230823,94948717,0.951,0.0,0.0,0.94,0.939,0.938,0.937,0.936,0.0,0.0,0.0,0.0,0.0,0.941,0.942,0.943,0.944,0.945,0.0,0.0,0.0,0.0,0.0,5465000.0,9824200.0,7056000.0,724300.0,1228400.0,0.0,0.0,0.0,0.0,0.0,266100.0,3655000.0,11481400.0,10005900.0,671900.0,0.0,0.0,0.0,0.0,0.0
20230823094951108,SZSE,SZSE.ETF.159995,0.941,0.946,0.947,0.94,0.0,1.046,0.856,75405000.0,15900.0,71128375.1,14961.89999999106,0.0,0.0,20230823,20230823,94951108,0.951,0.0,0.0,0.94,0.939,0.938,0.937,0.936,0.0,0.0,0.0,0.0,0.0,0.941,0.942,0.943,0.944,0.945,0.0,0.0,0.0,0.0,0.0,5622800.0,9599600.0,7296000.0,724300.0,1228400.0,0.0,0.0,0.0,0.0,0.0,254300.0,3658400.0,11361400.0,10005900.0,671900.0,0.0,0.0,0.0,0.0,0.0
20230823094953104,SZSE,SZSE.ETF.159995,0.941,0.946,0.947,0.94,0.0,1.046,0.856,75441100.0,36100.0,71162345.2,33970.10000000894,0.0,0.0,20230823,20230823,94953103,0.951,0.0,0.0,0.94,0.939,0.938,0.937,0.936,0.0,0.0,0.0,0.0,0.0,0.941,0.942,0.943,0.944,0.945,0.0,0.0,0.0,0.0,0.0,5722000.0,9719600.0,7296000.0,724700.0,1228400.0,0.0,0.0,0.0,0.0,0.0,218200.0,3778400.0,11361400.0,10005900.0,671900.0,0.0,0.0,0.0,0.0,0.0
20230823094955992,SZSE,SZSE.ETF.159995,0.941,0.946,0.947,0.94,0.0,1.046,0.856,75441100.0,0.0,71162345.2,0.0,0.0,0.0,20230823,20230823,94955994,0.951,0.0,0.0,0.94,0.939,0.938,0.937,0.936,0.0,0.0,0.0,0.0,0.0,0.941,0.942,0.943,0.944,0.945,0.0,0.0,0.0,0.0,0.0,5781500.0,9599600.0,7296000.0,725000.0,1228400.0,0.0,0.0,0.0,0.0,0.0,218200.0,2649800.0,12360400.0,10005900.0,671900.0,0.0,0.0,0.0,0.0,0.0
20230823095014052,SZSE,SZSE.ETF.159995,0.941,0.946,0.947,0.94,0.0,1.046,0.856,75625300.0,0.0,71335782.4,0.0,0.0,0.0,20230823,20230823,95014051,0.951,0.0,0.0,0.941,0.94,0.939,0.938,0.937,0.0,0.0,0.0,0.0,0.0,0.942,0.943,0.944,0.945,0.946,0.0,0.0,0.0,0.0,0.0,1893500.0,7131000.0,9271300.0,5886800.0,726000.0,0.0,0.0,0.0,0.0,0.0,3197300.0,12949000.0,10159900.0,689900.0,429000.0,0.0,0.0,0.0,0.0,0.0
20230823095017064,SZSE,SZSE.ETF.159995,0.941,0.946,0.947,0.94,0.0,1.046,0.856,75635300.0,10000.0,71345192.4,9410.0,0.0,0.0,20230823,20230823,95017065,0.951,0.0,0.0,0.941,0.94,0.939,0.938,0.937,0.0,0.0,0.0,0.0,0.0,0.942,0.943,0.944,0.945,0.946,0.0,0.0,0.0,0.0,0.0,1843000.0,7012100.0,9271300.0,5886800.0,726000.0,0.0,0.0,0.0,0.0,0.0,3077300.0,12829000.0,10159900.0,689900.0,429000.0,0.0,0.0,0.0,0.0,0.0
20230823095020080,SZSE,SZSE.ETF.159995,0.941,0.946,0.947,0.94,0.0,1.046,0.856,75637300.0,2000.0,71347075.4,1883.0,0.0,0.0,20230823,20230823,95020078,0.951,0.0,0.0,0.941,0.94,0.939,0.938,0.937,0.0,0.0,0.0,0.0,0.0,0.942,0.943,0.944,0.945,0.946,0.0,0.0,0.0,0.0,0.0,1694000.0,7146600.0,9271400.0,5886800.0,726000.0,0.0,0.0,0.0,0.0,0.0,3234700.0,12949000.0,10159900.0,689900.0,429000.0,0.0,0.0,0.0,0.0,0.0
20230823095023128,SZSE,SZSE.ETF.159995,0.941,0.946,0.947,0.94,0.0,1.046,0.856,75637600.0,300.0,71347357.7,282.29999999701977,0.0,0.0,20230823,20230823,95023130,0.951,0.0,0.0,0.941,0.94,0.939,0.938,0.937,0.0,0.0,0.0,0.0,0.0,0.942,0.943,0.944,0.945,0.946,0.0,0.0,0.0,0.0,0.0,1497500.0,7026600.0,9273400.0,5886800.0,726000.0,0.0,0.0,0.0,0.0,0.0,3234700.0,12829000.0,10159900.0,689900.0,429000.0,0.0,0.0,0.0,0.0,0.0
20230823095026120,SZSE,SZSE.ETF.159995,0.941,0.946,0.947,0.94,0.0,1.046,0.856,77136800.0,1499200.0,72758104.9,1410747.200000003,0.0,0.0,20230823,20230823,95026122,0.951,0.0,0.0,0.94,0.939,0.938,0.937,0.936,0.0,0.0,0.0,0.0,0.0,0.941,0.942,0.943,0.944,0.945,0.0,0.0,0.0,0.0,0.0,7045200.0,9379900.0,5886800.0,766000.0,1202200.0,0.0,0.0,0.0,0.0,0.0,149200.0,3340900.0,12835900.0,10159900.0,689900.0,0.0,0.0,0.0,0.0,0.0
20230823095029072,SZSE,SZSE.ETF.159995,0.941,0.946,0.947,0.94,0.0,1.046,0.856,77153900.0,17100.0,72774196.0,16091.09999999404,0.0,0.0,20230823,20230823,95029073,0.951,0.0,0.0,0.94,0.939,0.938,0.937,0.936,0.0,0.0,0.0,0.0,0.0,0.941,0.942,0.943,0.944,0.945,0.0,0.0,0.0,0.0,0.0,5196700.0,9607500.0,6036800.0,766000.0,1202200.0,0.0,0.0,0.0,0.0,0.0,318000.0,3569900.0,12488400.0,10009900.0,704900.0,0.0,0.0,0.0,0.0,0.0
20230823095032040,SZSE,SZSE.ETF.159995,0.94,0.946,0.947,0.94,0.0,1.046,0.856,77187600.0,33700.0,72805874.0,31678.0,0.0,0.0,20230823,20230823,95032042,0.951,0.0,0.0,0.94,0.939,0.938,0.937,0.936,0.0,0.0,0.0,0.0,0.0,0.941,0.942,0.943,0.944,0.945,0.0,0.0,0.0,0.0,0.0,5106600.0,9604700.0,7160800.0,766000.0,1202200.0,0.0,0.0,0.0,0.0,0.0,3118700.0,3569900.0,12488400.0,10009900.0,704900.0,0.0,0.0,0.0,0.0,0.0
20230823095035060,SZSE,SZSE.ETF.159995,0.941,0.946,0.947,0.94,0.0,1.046,0.856,77430000.0,242400.0,73033972.4,228098.40000000596,0.0,0.0,20230823,20230823,95035059,0.951,0.0,0.0,0.94,0.939,0.938,0.937,0.936,0.0,0.0,0.0,0.0,0.0,0.941,0.942,0.943,0.944,0.945,0.0,0.0,0.0,0.0,0.0,5137700.0,9824700.0,7040800.0,766000.0,1202200.0,0.0,0.0,0.0,0.0,0.0,2800900.0,3679900.0,12488400.0,10009900.0,704900.0,0.0,0.0,0.0,0.0,0.0
20230823095108568,SZSE,SZSE.ETF.159995,0.941,0.946,0.947,0.94,0.0,1.046,0.856,77738700.0,2200.0,73324162.6,2070.199999988079,0.0,0.0,20230823,20230823,95108569,0.951,0.0,0.0,0.94,0.939,0.938,0.937,0.936,0.0,0.0,0.0,0.0,0.0,0.941,0.942,0.943,0.944,0.945,0.0,0.0,0.0,0.0,0.0,3315300.0,9860600.0,8515300.0,771500.0,1238200.0,0.0,0.0,0.0,0.0,0.0,468300.0,12575200.0,10264800.0,1909900.0,713000.0,0.0,0.0,0.0,0.0,0.0
20230823095111048,SZSE,SZSE.ETF.159995,0.941,0.946,0.947,0.94,0.0,1.046,0.856,77800200.0,61500.0,73382001.3,57838.70000000298,0.0,0.0,20230823,20230823,95111049,0.951,0.0,0.0,0.94,0.939,0.938,0.937,0.936,0.0,0.0,0.0,0.0,0.0,0.941,0.942,0.943,0.944,0.945,0.0,0.0,0.0,0.0,0.0,4293500.0,9740600.0,7515300.0,771500.0,1238200.0,0.0,0.0,0.0,0.0,0.0,439600.0,4460200.0,11264800.0,9909900.0,713000.0,0.0,0.0,0.0,0.0,0.0
20230823095115892,SZSE,SZSE.ETF.159995,0.941,0.946,0.947,0.94,0.0,1.046,0.856,77815400.0,15200.0,73396304.5,14303.20000000298,0.0,0.0,20230823,20230823,95115893,0.951,0.0,0.0,0.94,0.939,0.938,0.937,0.936,0.0,0.0,0.0,0.0,0.0,0.941,0.942,0.943,0.944,0.945,0.0,0.0,0.0,0.0,0.0,3303500.0,9861100.0,8515300.0,833500.0,1238200.0,0.0,0.0,0.0,0.0,0.0,274400.0,12580200.0,11264800.0,1909900.0,713000.0,0.0,0.0,0.0,0.0,0.0
20230823095118956,SZSE,SZSE.ETF.159995,0.941,0.946,0.947,0.94,0.0,1.046,0.856,77825600.0,10200.0,73405902.7,9598.20000000298,0.0,0.0,20230823,20230823,95118956,0.951,0.0,0.0,0.94,0.939,0.938,0.937,0.936,0.0,0.0,0.0,0.0,0.0,0.941,0.942,0.943,0.944,0.945,0.0,0.0,0.0,0.0,0.0,3303600.0,9741100.0,8515300.0,833500.0,1238200.0,0.0,0.0,0.0,0.0,0.0,1319400.0,14031400.0,9312500.0,1909900.0,713000.0,0.0,0.0,0.0,0.0,0.0
20230823095120572,SZSE,SZSE.ETF.159995,0.941,0.946,0.947,0.94,0.0,1.046,0.856,77831600.0,6000.0,73411548.7,5646.0,0.0,0.0,20230823,20230823,95120571,0.951,0.0,0.0,0.94,0.939,0.938,0.937,0.936,0.0,0.0,0.0,0.0,0.0,0.941,0.942,0.943,0.944,0.945,0.0,0.0,0.0,0.0,0.0,3249600.0,8461100.0,9915300.0,834700.0,1238200.0,0.0,0.0,0.0,0.0,0.0,1319800.0,14151400.0,9312500.0,1909900.0,713000.0,0.0,0.0,0.0,0.0,0.0
20230823095123512,SZSE,SZSE.ETF.159995,0.94,0.946,0.947,0.94,0.0,1.046,0.856,78048300.0,216700.0,73615256.7,203708.0,0.0,0.0,20230823,20230823,95123512,0.951,0.0,0.0,0.94,0.939,0.938,0.937,0.936,0.0,0.0,0.0,0.0,0.0,0.941,0.942,0.943,0.944,0.945,0.0,0.0,0.0,0.0,0.0,4047900.0,8341100.0,7516300.0,834700.0,1243200.0,0.0,0.0,0.0,0.0,0.0,309800.0,13079600.0,10312500.0,1909900.0,713000.0,0.0,0.0,0.0,0.0,0.0
20230823095126208,SZSE,SZSE.ETF.159995,0.941,0.946,0.947,0.94,0.0,1.046,0.856,78049300.0,1000.0,73616197.7,941.0,0.0,0.0,20230823,20230823,95126207,0.951,0.0,0.0,0.94,0.939,0.938,0.937,0.936,0.0,0.0,0.0,0.0,0.0,0.941,0.942,0.943,0.944,0.945,0.0,0.0,0.0,0.0,0.0,3101200.0,9861100.0,8516300.0,834700.0,1243200.0,0.0,0.0,0.0,0.0,0.0,308800.0,13199600.0,11264300.0,1909900.0,713000.0,0.0,0.0,0.0,0.0,0.0
20230823095129120,SZSE,SZSE.ETF.159995,0.94,0.946,0.947,0.94,0.0,1.046,0.856,78122100.0,72800.0,73684629.7,68432.0,0.0,0.0,20230823,20230823,95129118,0.951,0.0,0.0,0.94,0.939,0.938,0.937,0.936,0.0,0.0,0.0,0.0,0.0,0.941,0.942,0.943,0.944,0.945,0.0,0.0,0.0,0.0,0.0,3050400.0,9743100.0,8516300.0,834700.0,1243200.0,0.0,0.0,0.0,0.0,0.0,1318800.0,13178600.0,10258900.0,1909900.0,713000.0,0.0,0.0,0.0,0.0,0.0
20230823095132344,SZSE,SZSE.ETF.159995,0.941,0.946,0.947,0.94,0.0,1.046,0.856,78177100.0,55000.0,73736384.7,51755.0,0.0,0.0,20230823,20230823,95132345,0.951,0.0,0.0,0.94,0.939,0.938,0.937,0.936,0.0,0.0,0.0,0.0,0.0,0.941,0.942,0.943,0.944,0.945,0.0,0.0,0.0,0.0,0.0,4080400.0,9863100.0,7516300.0,834700.0,1263200.0,0.0,0.0,0.0,0.0,0.0,3051600.0,13298600.0,11258900.0,1909900.0,713000.0,0.0,0.0,0.0,0.0,0.0
20230823095135388,SZSE,SZSE.ETF.159995,0.941,0.946,0.947,0.94,0.0,1.046,0.856,78180100.0,3000.0,73739207.7,2823.0,0.0,0.0,20230823,20230823,95135387,0.951,0.0,0.0,0.94,0.939,0.938,0.937,0.936,0.0,0.0,0.0,0.0,0.0,0.941,0.942,0.943,0.944,0.945,0.0,0.0,0.0,0.0,0.0,4470400.0,9743100.0,7516800.0,839700.0,1263200.0,0.0,0.0,0.0,0.0,0.0,3170200.0,13188600.0,11258900.0,1909900.0,713000.0,0.0,0.0,0.0,0.0,0.0
20230823095138140,SZSE,SZSE.ETF.159995,0.941,0.946,0.947,0.94,0.0,1.046,0.856,78203800.0,23700.0,73761506.9,22299.20000000298,0.0,0.0,20230823,20230823,95138139,0.951,0.0,0.0,0.94,0.939,0.938,0.937,0.936,0.0,0.0,0.0,0.0,0.0,0.941,0.942,0.943,0.944,0.945,0.0,0.0,0.0,0.0,0.0,4888700.0,8864100.0,8516800.0,839700.0,1263200.0,0.0,0.0,0.0,0.0,0.0,4152100.0,13293000.0,10258900.0,1909900.0,713000.0,0.0,0.0,0.0,0.0,0.0
20230823095141036,SZSE,SZSE.ETF.159995,0.941,0.946,0.947,0.94,0.0,1.046,0.856,78203800.0,0.0,73761506.9,0.0,0.0,0.0,20230823,20230823,95141036,0.951,0.0,0.0,0.94,0.939,0.938,0.937,0.936,0.0,0.0,0.0,0.0,0.0,0.941,0.942,0.943,0.944,0.945,0.0,0.0,0.0,0.0,0.0,5945500.0,9743100.0,7516800.0,840700.0,1258200.0,0.0,0.0,0.0,0.0,0.0,3196400.0,13173000.0,11258900.0,1909900.0,713000.0,0.0,0.0,0.0,0.0,0.0
20230823095144020,SZSE,SZSE.ETF.159995,0.941,0.946,0.947,0.94,0.0,1.046,0.856,78218800.0,15000.0,73775621.9,14115.0,0.0,0.0,20230823,20230823,95144019,0.951,0.0,0.0,0.94,0.939,0.938,0.937,0.936,0.0,0.0,0.0,0.0,0.0,0.941,0.942,0.943,0.944,0.945,0.0,0.0,0.0,0.0,0.0,4960500.0,8864100.0,8526800.0,840700.0,1258500.0,0.0,0.0,0.0,0.0,0.0,3181400.0,13293000.0,11258900.0,1909900.0,713000.0,0.0,0.0,0.0,0.0,0.0
20230823095146960,SZSE,SZSE.ETF.159995,0.94,0.946,0.947,0.94,0.0,1.046,0.856,78220900.0,2100.0,73777595.9,1974.0,0.0,0.0,20230823,20230823,95146962,0.951,0.0,0.0,0.94,0.939,0.938,0.937,0.936,0.0,0.0,0.0,0.0,0.0,0.941,0.942,0.943,0.944,0.945,0.0,0.0,0.0,0.0,0.0,4989400.0,8754100.0,8526800.0,842700.0,1258500.0,0.0,0.0,0.0,0.0,0.0,4222400.0,13273000.0,11158900.0,1909900.0,713000.0,0.0,0.0,0.0,0.0,0.0
20230823095150008,SZSE,SZSE.ETF.159995,0.94,0.946,0.947,0.94,0.0,1.046,0.856,78220900.0,0.0,73777595.9,0.0,0.0,0.0,20230823,20230823,95150007,0.951,0.0,0.0,0.94,0.939,0.938,0.937,0.936,0.0,0.0,0.0,0.0,0.0,0.941,0.942,0.943,0.944,0.945,0.0,0.0,0.0,0.0,0.0,5989500.0,9873100.0,7506800.0,842700.0,1258500.0,0.0,0.0,0.0,0.0,0.0,3254300.0,13393000.0,11158900.0,1909900.0,713000.0,0.0,0.0,0.0,0.0,0.0
20230823095152936,SZSE,SZSE.ETF.159995,0.94,0.946,0.947,0.94,0.0,1.046,0.856,78220900.0,0.0,73777595.9,0.0,0.0,0.0,20230823,20230823,95152938,0.951,0.0,0.0,0.94,0.939,0.938,0.937,0.936,0.0,0.0,0.0,0.0,0.0,0.941,0.942,0.943,0.944,0.945,0.0,0.0,0.0,0.0,0.0,3600500.0,9753100.0,8506800.0,842700.0,1258500.0,0.0,0.0,0.0,0.0,0.0,483100.0,13273000.0,11158900.0,1909900.0,713000.0,0.0,0.0,0.0,0.0,0.0
20230823095155956,SZSE,SZSE.ETF.159995,0.941,0.946,0.947,0.94,0.0,1.046,0.856,78221000.0,100.0,73777690.0,94.09999999403954,0.0,0.0,20230823,20230823,95155957,0.951,0.0,0.0,0.94,0.939,0.938,0.937,0.936,0.0,0.0,0.0,0.0,0.0,0.941,0.942,0.943,0.944,0.945,0.0,0.0,0.0,0.0,0.0,4806100.0,9753200.0,7506800.0,842700.0,1261500.0,0.0,0.0,0.0,0.0,0.0,483000.0,13273000.0,11158900.0,1909900.0,713000.0,0.0,0.0,0.0,0.0,0.0
20230823095159324,SZSE,SZSE.ETF.159995,0.941,0.946,0.947,0.94,0.0,1.046,0.856,78221000.0,0.0,73777690.0,0.0,0.0,0.0,20230823,20230823,95159324,0.951,0.0,0.0,0.94,0.939,0.938,0.937,0.936,0.0,0.0,0.0,0.0,0.0,0.941,0.942,0.943,0.944,0.945,0.0,0.0,0.0,0.0,0.0,3901800.0,8755300.0,8506800.0,842700.0,1286500.0,0.0,0.0,0.0,0.0,0.0,1438200.0,13273000.0,11158900.0,1909900.0,713000.0,0.0,0.0,0.0,0.0,0.0
20230823095202672,SZSE,SZSE.ETF.159995,0.941,0.946,0.947,0.94,0.0,1.046,0.856,78221000.0,0.0,73777690.0,0.0,0.0,0.0,20230823,20230823,95202672,0.951,0.0,0.0,0.94,0.939,0.938,0.937,0.936,0.0,0.0,0.0,0.0,0.0,0.941,0.942,0.943,0.944,0.945,0.0,0.0,0.0,0.0,0.0,4916800.0,8755300.0,7506800.0,842700.0,1286500.0,0.0,0.0,0.0,0.0,0.0,439200.0,5273000.0,11158900.0,9909900.0,713000.0,0.0,0.0,0.0,0.0,0.0
20230823095205640,SZSE,SZSE.ETF.159995,0.941,0.946,0.947,0.94,0.0,1.046,0.856,78254000.0,33000.0,73808710.1,31020.09999999404,0.0,0.0,20230823,20230823,95205639,0.951,0.0,0.0,0.94,0.939,0.938,0.937,0.936,0.0,0.0,0.0,0.0,0.0,0.941,0.942,0.943,0.944,0.945,0.0,0.0,0.0,0.0,0.0,4885000.0,9874300.0,7506800.0,842700.0,1286500.0,0.0,0.0,0.0,0.0,0.0,439100.0,5393000.0,11158900.0,9909900.0,713000.0,0.0,0.0,0.0,0.0,0.0
