TradeDate,OrigTime,BidPx1,BidPx2,BidPx3,BidPx4,BidPx5,BidSize1,BidSize2,BidSize3,BidSize4,BidSize5,DownLimitPx,HighPx,LastPx,LowPx,OFI1,OFI2,OFI3,OFI4,OFI5,OfferPx1,OfferPx2,OfferPx3,OfferPx4,OfferPx5,OfferSize1,OfferSize2,OfferSize3,OfferSize4,OfferSize5,OpenPx,PreClosePx,PxChange1,PxChange2,TotalValueTrade,TotalVolumeTrade,UpLimitPx,aOF1,aOF2,aOF3,aOF4,aOF5,abs_diff,abs_diff_v,amount,ask_spread,bOF1,bOF2,bOF3,bOF4,bOF5,bid_ask_spread,bid_spread,close,df_max,df_min,energy,energy_v,f_max,f_min,high,iqr_p,iqr_p_v,log_return,low,mid,minute,open,price_spread,price_spread2,tendency,ticker,total_ask_qty,total_bid_qty,total_qty_diff,total_volume,volatility,volatility_QMLE,volume,volume_imbalance,vwap,wap1,weighted_ask_prc,weighted_bid_prc
0.0,0.0,0.0,0.0,0.0,0.0,0.0,0.0,0.0,0.0,0.0,0.0,0.0,0.0,0.0,0.0,0.0,0.0,0.0,0.0,0.0,0.0,0.0,0.0,0.0,0.0,0.0,0.0,0.0,0.0,0.0,0.0,0.0,0.0,0.0,0.0,0.0,0.0,0.0,0.0,0.0,0.0,0.0,0.0,0.0,0.0,0.0,0.0,0.0,0.0,0.0,0.0,0.0,0.0,0.0,0.0,0.0,0.0,0.0,0.0,0.0,0.0,0.0,0.0,0.0,0.0,0.0,0.0,0.0,0.0,0.0,0.0,0.0,0.0,0.0,0.0,0.0,0.0,0.0,0.0,0.0,0.0,0.0,0.0,0.0
0.0,0.0,0.0,0.0,0.0,0.0,0.0,0.0,0.0,0.0,0.0,0.0,0.0,0.0,0.0,0.0,0.0,0.0,0.0,0.0,0.0,0.0,0.0,0.0,0.0,0.0,0.0,0.0,0.0,0.0,0.0,0.0,0.0,0.0,0.0,0.0,0.0,0.0,0.0,0.0,0.0,0.0,0.0,0.0,0.0,0.0,0.0,0.0,0.0,0.0,0.0,0.0,0.0,0.0,0.0,0.0,0.0,0.0,0.0,0.0,0.0,0.0,0.0,0.0,0.0,0.0,0.0,0.0,0.0,0.0,0.0,0.0,0.0,0.0,0.0,0.0,0.0,0.0,0.0,0.0,0.0,0.0,0.0,0.0,0.0
0.0,0.0,0.0,0.0,0.0,0.0,0.0,0.0,0.0,0.0,0.0,0.0,0.0,0.0,0.0,0.0,0.0,0.0,0.0,0.0,0.0,0.0,0.0,0.0,0.0,0.0,0.0,0.0,0.0,0.0,0.0,0.0,0.0,0.0,0.0,0.0,0.0,0.0,0.0,0.0,0.0,0.0,0.0,0.0,0.0,0.0,0.0,0.0,0.0,0.0,0.0,0.0,0.0,0.0,0.0,0.0,0.0,0.0,0.0,0.0,0.0,0.0,0.0,0.0,0.0,0.0,0.0,0.0,0.0,0.0,0.0,0.0,0.0,0.0,0.0,0.0,0.0,0.0,0.0,0.0,0.0,0.0,0.0,0.0,0.0
0.0,0.0,0.0,0.0,0.0,0.0,0.0,0.0,0.0,0.0,0.0,0.0,0.0,0.0,0.0,0.0,0.0,0.0,0.0,0.0,0.0,0.0,0.0,0.0,0.0,0.0,0.0,0.0,0.0,0.0,0.0,0.0,0.0,0.0,0.0,0.0,0.0,0.0,0.0,0.0,0.0,0.0,0.0,0.0,0.0,0.0,0.0,0.0,0.0,0.0,0.0,0.0,0.0,0.0,0.0,0.0,0.0,0.0,0.0,0.0,0.0,0.0,0.0,0.0,0.0,0.0,0.0,0.0,0.0,0.0,0.0,0.0,0.0,0.0,0.0,0.0,0.0,0.0,0.0,0.0,0.0,0.0,0.0,0.0,0.0
0.0,0.0,0.0,0.0,0.0,0.0,0.0,0.0,0.0,0.0,0.0,0.0,0.0,0.0,0.0,0.0,0.0,0.0,0.0,0.0,0.0,0.0,0.0,0.0,0.0,0.0,0.0,0.0,0.0,0.0,0.0,0.0,0.0,0.0,0.0,0.0,0.0,0.0,0.0,0.0,0.0,0.0,0.0,0.0,0.0,0.0,0.0,0.0,0.0,0.0,0.0,0.0,0.0,0.0,0.0,0.0,0.0,0.0,0.0,0.0,0.0,0.0,0.0,0.0,0.0,0.0,0.0,0.0,0.0,0.0,0.0,0.0,0.0,0.0,0.0,0.0,0.0,0.0,0.0,0.0,0.0,0.0,0.0,0.0,0.0
0.0,0.0,0.0,0.0,0.0,0.0,0.0,0.0,0.0,0.0,0.0,0.0,0.0,0.0,0.0,0.0,0.0,0.0,0.0,0.0,0.0,0.0,0.0,0.0,0.0,0.0,0.0,0.0,0.0,0.0,0.0,0.0,0.0,0.0,0.0,0.0,0.0,0.0,0.0,0.0,0.0,0.0,0.0,0.0,0.0,0.0,0.0,0.0,0.0,0.0,0.0,0.0,0.0,0.0,0.0,0.0,0.0,0.0,0.0,0.0,0.0,0.0,0.0,0.0,0.0,0.0,0.0,0.0,0.0,0.0,0.0,0.0,0.0,0.0,0.0,0.0,0.0,0.0,0.0,0.0,0.0,0.0,0.0,0.0,0.0
0.0,0.0,0.0,0.0,0.0,0.0,0.0,0.0,0.0,0.0,0.0,0.0,0.0,0.0,0.0,0.0,0.0,0.0,0.0,0.0,0.0,0.0,0.0,0.0,0.0,0.0,0.0,0.0,0.0,0.0,0.0,0.0,0.0,0.0,0.0,0.0,0.0,0.0,0.0,0.0,0.0,0.0,0.0,0.0,0.0,0.0,0.0,0.0,0.0,0.0,0.0,0.0,0.0,0.0,0.0,0.0,0.0,0.0,0.0,0.0,0.0,0.0,0.0,0.0,0.0,0.0,0.0,0.0,0.0,0.0,0.0,0.0,0.0,0.0,0.0,0.0,0.0,0.0,0.0,0.0,0.0,0.0,0.0,0.0,0.0
0.0,0.0,0.0,0.0,0.0,0.0,0.0,0.0,0.0,0.0,0.0,0.0,0.0,0.0,0.0,0.0,0.0,0.0,0.0,0.0,0.0,0.0,0.0,0.0,0.0,0.0,0.0,0.0,0.0,0.0,0.0,0.0,0.0,0.0,0.0,0.0,0.0,0.0,0.0,0.0,0.0,0.0,0.0,0.0,0.0,0.0,0.0,0.0,0.0,0.0,0.0,0.0,0.0,0.0,0.0,0.0,0.0,0.0,0.0,0.0,0.0,0.0,0.0,0.0,0.0,0.0,0.0,0.0,0.0,0.0,0.0,0.0,0.0,0.0,0.0,0.0,0.0,0.0,0.0,0.0,0.0,0.0,0.0,0.0,0.0
0.0,0.0,0.0,0.0,0.0,0.0,0.0,0.0,0.0,0.0,0.0,0.0,0.0,0.0,0.0,0.0,0.0,0.0,0.0,0.0,0.0,0.0,0.0,0.0,0.0,0.0,0.0,0.0,0.0,0.0,0.0,0.0,0.0,0.0,0.0,0.0,0.0,0.0,0.0,0.0,0.0,0.0,0.0,0.0,0.0,0.0,0.0,0.0,0.0,0.0,0.0,0.0,0.0,0.0,0.0,0.0,0.0,0.0,0.0,0.0,0.0,0.0,0.0,0.0,0.0,0.0,0.0,0.0,0.0,0.0,0.0,0.0,0.0,0.0,0.0,0.0,0.0,0.0,0.0,0.0,0.0,0.0,0.0,0.0,0.0
0.0,0.0,0.0,0.0,0.0,0.0,0.0,0.0,0.0,0.0,0.0,0.0,0.0,0.0,0.0,0.0,0.0,0.0,0.0,0.0,0.0,0.0,0.0,0.0,0.0,0.0,0.0,0.0,0.0,0.0,0.0,0.0,0.0,0.0,0.0,0.0,0.0,0.0,0.0,0.0,0.0,0.0,0.0,0.0,0.0,0.0,0.0,0.0,0.0,0.0,0.0,0.0,0.0,0.0,0.0,0.0,0.0,0.0,0.0,0.0,0.0,0.0,0.0,0.0,0.0,0.0,0.0,0.0,0.0,0.0,0.0,0.0,0.0,0.0,0.0,0.0,0.0,0.0,0.0,0.0,0.0,0.0,0.0,0.0,0.0
0.0,0.0,0.0,0.0,0.0,0.0,0.0,0.0,0.0,0.0,0.0,0.0,0.0,0.0,0.0,0.0,0.0,0.0,0.0,0.0,0.0,0.0,0.0,0.0,0.0,0.0,0.0,0.0,0.0,0.0,0.0,0.0,0.0,0.0,0.0,0.0,0.0,0.0,0.0,0.0,0.0,0.0,0.0,0.0,0.0,0.0,0.0,0.0,0.0,0.0,0.0,0.0,0.0,0.0,0.0,0.0,0.0,0.0,0.0,0.0,0.0,0.0,0.0,0.0,0.0,0.0,0.0,0.0,0.0,0.0,0.0,0.0,0.0,0.0,0.0,0.0,0.0,0.0,0.0,0.0,0.0,0.0,0.0,0.0,0.0
0.0,0.0,0.0,0.0,0.0,0.0,0.0,0.0,0.0,0.0,0.0,0.0,0.0,0.0,0.0,0.0,0.0,0.0,0.0,0.0,0.0,0.0,0.0,0.0,0.0,0.0,0.0,0.0,0.0,0.0,0.0,0.0,0.0,0.0,0.0,0.0,0.0,0.0,0.0,0.0,0.0,0.0,0.0,0.0,0.0,0.0,0.0,0.0,0.0,0.0,0.0,0.0,0.0,0.0,0.0,0.0,0.0,0.0,0.0,0.0,0.0,0.0,0.0,0.0,0.0,0.0,0.0,0.0,0.0,0.0,0.0,0.0,0.0,0.0,0.0,0.0,0.0,0.0,0.0,0.0,0.0,0.0,0.0,0.0,0.0
0.0,0.0,0.0,0.0,0.0,0.0,0.0,0.0,0.0,0.0,0.0,0.0,0.0,0.0,0.0,0.0,0.0,0.0,0.0,0.0,0.0,0.0,0.0,0.0,0.0,0.0,0.0,0.0,0.0,0.0,0.0,0.0,0.0,0.0,0.0,0.0,0.0,0.0,0.0,0.0,0.0,0.0,0.0,0.0,0.0,0.0,0.0,0.0,0.0,0.0,0.0,0.0,0.0,0.0,0.0,0.0,0.0,0.0,0.0,0.0,0.0,0.0,0.0,0.0,0.0,0.0,0.0,0.0,0.0,0.0,0.0,0.0,0.0,0.0,0.0,0.0,0.0,0.0,0.0,0.0,0.0,0.0,0.0,0.0,0.0
0.0,0.0,0.0,0.0,0.0,0.0,0.0,0.0,0.0,0.0,0.0,0.0,0.0,0.0,0.0,0.0,0.0,0.0,0.0,0.0,0.0,0.0,0.0,0.0,0.0,0.0,0.0,0.0,0.0,0.0,0.0,0.0,0.0,0.0,0.0,0.0,0.0,0.0,0.0,0.0,0.0,0.0,0.0,0.0,0.0,0.0,0.0,0.0,0.0,0.0,0.0,0.0,0.0,0.0,0.0,0.0,0.0,0.0,0.0,0.0,0.0,0.0,0.0,0.0,0.0,0.0,0.0,0.0,0.0,0.0,0.0,0.0,0.0,0.0,0.0,0.0,0.0,0.0,0.0,0.0,0.0,0.0,0.0,0.0,0.0
0.0,0.0,0.0,0.0,0.0,0.0,0.0,0.0,0.0,0.0,0.0,0.0,0.0,0.0,0.0,0.0,0.0,0.0,0.0,0.0,0.0,0.0,0.0,0.0,0.0,0.0,0.0,0.0,0.0,0.0,0.0,0.0,0.0,0.0,0.0,0.0,0.0,0.0,0.0,0.0,0.0,0.0,0.0,0.0,0.0,0.0,0.0,0.0,0.0,0.0,0.0,0.0,0.0,0.0,0.0,0.0,0.0,0.0,0.0,0.0,0.0,0.0,0.0,0.0,0.0,0.0,0.0,0.0,0.0,0.0,0.0,0.0,0.0,0.0,0.0,0.0,0.0,0.0,0.0,0.0,0.0,0.0,0.0,0.0,0.0
0.0,0.0,0.0,0.0,0.0,0.0,0.0,0.0,0.0,0.0,0.0,0.0,0.0,0.0,0.0,0.0,0.0,0.0,0.0,0.0,0.0,0.0,0.0,0.0,0.0,0.0,0.0,0.0,0.0,0.0,0.0,0.0,0.0,0.0,0.0,0.0,0.0,0.0,0.0,0.0,0.0,0.0,0.0,0.0,0.0,0.0,0.0,0.0,0.0,0.0,0.0,0.0,0.0,0.0,0.0,0.0,0.0,0.0,0.0,0.0,0.0,0.0,0.0,0.0,0.0,0.0,0.0,0.0,0.0,0.0,0.0,0.0,0.0,0.0,0.0,0.0,0.0,0.0,0.0,0.0,0.0,0.0,0.0,0.0,0.0
0.0,0.0,0.0,0.0,0.0,0.0,0.0,0.0,0.0,0.0,0.0,0.0,0.0,0.0,0.0,0.0,0.0,0.0,0.0,0.0,0.0,0.0,0.0,0.0,0.0,0.0,0.0,0.0,0.0,0.0,0.0,0.0,0.0,0.0,0.0,0.0,0.0,0.0,0.0,0.0,0.0,0.0,0.0,0.0,0.0,0.0,0.0,0.0,0.0,0.0,0.0,0.0,0.0,0.0,0.0,0.0,0.0,0.0,0.0,0.0,0.0,0.0,0.0,0.0,0.0,0.0,0.0,0.0,0.0,0.0,0.0,0.0,0.0,0.0,0.0,0.0,0.0,0.0,0.0,0.0,0.0,0.0,0.0,0.0,0.0
0.0,0.0,0.0,0.0,0.0,0.0,0.0,0.0,0.0,0.0,0.0,0.0,0.0,0.0,0.0,0.0,0.0,0.0,0.0,0.0,0.0,0.0,0.0,0.0,0.0,0.0,0.0,0.0,0.0,0.0,0.0,0.0,0.0,0.0,0.0,0.0,0.0,0.0,0.0,0.0,0.0,0.0,0.0,0.0,0.0,0.0,0.0,0.0,0.0,0.0,0.0,0.0,0.0,0.0,0.0,0.0,0.0,0.0,0.0,0.0,0.0,0.0,0.0,0.0,0.0,0.0,0.0,0.0,0.0,0.0,0.0,0.0,0.0,0.0,0.0,0.0,0.0,0.0,0.0,0.0,0.0,0.0,0.0,0.0,0.0
0.0,0.0,0.0,0.0,0.0,0.0,0.0,0.0,0.0,0.0,0.0,0.0,0.0,0.0,0.0,0.0,0.0,0.0,0.0,0.0,0.0,0.0,0.0,0.0,0.0,0.0,0.0,0.0,0.0,0.0,0.0,0.0,0.0,0.0,0.0,0.0,0.0,0.0,0.0,0.0,0.0,0.0,0.0,0.0,0.0,0.0,0.0,0.0,0.0,0.0,0.0,0.0,0.0,0.0,0.0,0.0,0.0,0.0,0.0,0.0,0.0,0.0,0.0,0.0,0.0,0.0,0.0,0.0,0.0,0.0,0.0,0.0,0.0,0.0,0.0,0.0,0.0,0.0,0.0,0.0,0.0,0.0,0.0,0.0,0.0
0.0,0.0,0.0,0.0,0.0,0.0,0.0,0.0,0.0,0.0,0.0,0.0,0.0,0.0,0.0,0.0,0.0,0.0,0.0,0.0,0.0,0.0,0.0,0.0,0.0,0.0,0.0,0.0,0.0,0.0,0.0,0.0,0.0,0.0,0.0,0.0,0.0,0.0,0.0,0.0,0.0,0.0,0.0,0.0,0.0,0.0,0.0,0.0,0.0,0.0,0.0,0.0,0.0,0.0,0.0,0.0,0.0,0.0,0.0,0.0,0.0,0.0,0.0,0.0,0.0,0.0,0.0,0.0,0.0,0.0,0.0,0.0,0.0,0.0,0.0,0.0,0.0,0.0,0.0,0.0,0.0,0.0,0.0,0.0,0.0
0.0,0.0,0.0,0.0,0.0,0.0,0.0,0.0,0.0,0.0,0.0,0.0,0.0,0.0,0.0,0.0,0.0,0.0,0.0,0.0,0.0,0.0,0.0,0.0,0.0,0.0,0.0,0.0,0.0,0.0,0.0,0.0,0.0,0.0,0.0,0.0,0.0,0.0,0.0,0.0,0.0,0.0,0.0,0.0,0.0,0.0,0.0,0.0,0.0,0.0,0.0,0.0,0.0,0.0,0.0,0.0,0.0,0.0,0.0,0.0,0.0,0.0,0.0,0.0,0.0,0.0,0.0,0.0,0.0,0.0,0.0,0.0,0.0,0.0,0.0,0.0,0.0,0.0,0.0,0.0,0.0,0.0,0.0,0.0,0.0
0.0,0.0,0.0,0.0,0.0,0.0,0.0,0.0,0.0,0.0,0.0,0.0,0.0,0.0,0.0,0.0,0.0,0.0,0.0,0.0,0.0,0.0,0.0,0.0,0.0,0.0,0.0,0.0,0.0,0.0,0.0,0.0,0.0,0.0,0.0,0.0,0.0,0.0,0.0,0.0,0.0,0.0,0.0,0.0,0.0,0.0,0.0,0.0,0.0,0.0,0.0,0.0,0.0,0.0,0.0,0.0,0.0,0.0,0.0,0.0,0.0,0.0,0.0,0.0,0.0,0.0,0.0,0.0,0.0,0.0,0.0,0.0,0.0,0.0,0.0,0.0,0.0,0.0,0.0,0.0,0.0,0.0,0.0,0.0,0.0
0.0,0.0,0.0,0.0,0.0,0.0,0.0,0.0,0.0,0.0,0.0,0.0,0.0,0.0,0.0,0.0,0.0,0.0,0.0,0.0,0.0,0.0,0.0,0.0,0.0,0.0,0.0,0.0,0.0,0.0,0.0,0.0,0.0,0.0,0.0,0.0,0.0,0.0,0.0,0.0,0.0,0.0,0.0,0.0,0.0,0.0,0.0,0.0,0.0,0.0,0.0,0.0,0.0,0.0,0.0,0.0,0.0,0.0,0.0,0.0,0.0,0.0,0.0,0.0,0.0,0.0,0.0,0.0,0.0,0.0,0.0,0.0,0.0,0.0,0.0,0.0,0.0,0.0,0.0,0.0,0.0,0.0,0.0,0.0,0.0
0.0,0.0,0.0,0.0,0.0,0.0,0.0,0.0,0.0,0.0,0.0,0.0,0.0,0.0,0.0,0.0,0.0,0.0,0.0,0.0,0.0,0.0,0.0,0.0,0.0,0.0,0.0,0.0,0.0,0.0,0.0,0.0,0.0,0.0,0.0,0.0,0.0,0.0,0.0,0.0,0.0,0.0,0.0,0.0,0.0,0.0,0.0,0.0,0.0,0.0,0.0,0.0,0.0,0.0,0.0,0.0,0.0,0.0,0.0,0.0,0.0,0.0,0.0,0.0,0.0,0.0,0.0,0.0,0.0,0.0,0.0,0.0,0.0,0.0,0.0,0.0,0.0,0.0,0.0,0.0,0.0,0.0,0.0,0.0,0.0
0.0,0.0,0.0,0.0,0.0,0.0,0.0,0.0,0.0,0.0,0.0,0.0,0.0,0.0,0.0,0.0,0.0,0.0,0.0,0.0,0.0,0.0,0.0,0.0,0.0,0.0,0.0,0.0,0.0,0.0,0.0,0.0,0.0,0.0,0.0,0.0,0.0,0.0,0.0,0.0,0.0,0.0,0.0,0.0,0.0,0.0,0.0,0.0,0.0,0.0,0.0,0.0,0.0,0.0,0.0,0.0,0.0,0.0,0.0,0.0,0.0,0.0,0.0,0.0,0.0,0.0,0.0,0.0,0.0,0.0,0.0,0.0,0.0,0.0,0.0,0.0,0.0,0.0,0.0,0.0,0.0,0.0,0.0,0.0,0.0
0.0,0.0,0.0,0.0,0.0,0.0,0.0,0.0,0.0,0.0,0.0,0.0,0.0,0.0,0.0,0.0,0.0,0.0,0.0,0.0,0.0,0.0,0.0,0.0,0.0,0.0,0.0,0.0,0.0,0.0,0.0,0.0,0.0,0.0,0.0,0.0,0.0,0.0,0.0,0.0,0.0,0.0,0.0,0.0,0.0,0.0,0.0,0.0,0.0,0.0,0.0,0.0,0.0,0.0,0.0,0.0,0.0,0.0,0.0,0.0,0.0,0.0,0.0,0.0,0.0,0.0,0.0,0.0,0.0,0.0,0.0,0.0,0.0,0.0,0.0,0.0,0.0,0.0,0.0,0.0,0.0,0.0,0.0,0.0,0.0
0.0,0.0,0.0,0.0,0.0,0.0,0.0,0.0,0.0,0.0,0.0,0.0,0.0,0.0,0.0,0.0,0.0,0.0,0.0,0.0,0.0,0.0,0.0,0.0,0.0,0.0,0.0,0.0,0.0,0.0,0.0,0.0,0.0,0.0,0.0,0.0,0.0,0.0,0.0,0.0,0.0,0.0,0.0,0.0,0.0,0.0,0.0,0.0,0.0,0.0,0.0,0.0,0.0,0.0,0.0,0.0,0.0,0.0,0.0,0.0,0.0,0.0,0.0,0.0,0.0,0.0,0.0,0.0,0.0,0.0,0.0,0.0,0.0,0.0,0.0,0.0,0.0,0.0,0.0,0.0,0.0,0.0,0.0,0.0,0.0
0.0,0.0,0.0,0.0,0.0,0.0,0.0,0.0,0.0,0.0,0.0,0.0,0.0,0.0,0.0,0.0,0.0,0.0,0.0,0.0,0.0,0.0,0.0,0.0,0.0,0.0,0.0,0.0,0.0,0.0,0.0,0.0,0.0,0.0,0.0,0.0,0.0,0.0,0.0,0.0,0.0,0.0,0.0,0.0,0.0,0.0,0.0,0.0,0.0,0.0,0.0,0.0,0.0,0.0,0.0,0.0,0.0,0.0,0.0,0.0,0.0,0.0,0.0,0.0,0.0,0.0,0.0,0.0,0.0,0.0,0.0,0.0,0.0,0.0,0.0,0.0,0.0,0.0,0.0,0.0,0.0,0.0,0.0,0.0,0.0
0.0,0.0,0.0,0.0,0.0,0.0,0.0,0.0,0.0,0.0,0.0,0.0,0.0,0.0,0.0,0.0,0.0,0.0,0.0,0.0,0.0,0.0,0.0,0.0,0.0,0.0,0.0,0.0,0.0,0.0,0.0,0.0,0.0,0.0,0.0,0.0,0.0,0.0,0.0,0.0,0.0,0.0,0.0,0.0,0.0,0.0,0.0,0.0,0.0,0.0,0.0,0.0,0.0,0.0,0.0,0.0,0.0,0.0,0.0,0.0,0.0,0.0,0.0,0.0,0.0,0.0,0.0,0.0,0.0,0.0,0.0,0.0,0.0,0.0,0.0,0.0,0.0,0.0,0.0,0.0,0.0,0.0,0.0,0.0,0.0
0.0,0.0,0.0,0.0,0.0,0.0,0.0,0.0,0.0,0.0,0.0,0.0,0.0,0.0,0.0,0.0,0.0,0.0,0.0,0.0,0.0,0.0,0.0,0.0,0.0,0.0,0.0,0.0,0.0,0.0,0.0,0.0,0.0,0.0,0.0,0.0,0.0,0.0,0.0,0.0,0.0,0.0,0.0,0.0,0.0,0.0,0.0,0.0,0.0,0.0,0.0,0.0,0.0,0.0,0.0,0.0,0.0,0.0,0.0,0.0,0.0,0.0,0.0,0.0,0.0,0.0,0.0,0.0,0.0,0.0,0.0,0.0,0.0,0.0,0.0,0.0,0.0,0.0,0.0,0.0,0.0,0.0,0.0,0.0,0.0
0.0,0.0,0.0,0.0,0.0,0.0,0.0,0.0,0.0,0.0,0.0,0.0,0.0,0.0,0.0,0.0,0.0,0.0,0.0,0.0,0.0,0.0,0.0,0.0,0.0,0.0,0.0,0.0,0.0,0.0,0.0,0.0,0.0,0.0,0.0,0.0,0.0,0.0,0.0,0.0,0.0,0.0,0.0,0.0,0.0,0.0,0.0,0.0,0.0,0.0,0.0,0.0,0.0,0.0,0.0,0.0,0.0,0.0,0.0,0.0,0.0,0.0,0.0,0.0,0.0,0.0,0.0,0.0,0.0,0.0,0.0,0.0,0.0,0.0,0.0,0.0,0.0,0.0,0.0,0.0,0.0,0.0,0.0,0.0,0.0
0.0,0.0,0.0,0.0,0.0,0.0,0.0,0.0,0.0,0.0,0.0,0.0,0.0,0.0,0.0,0.0,0.0,0.0,0.0,0.0,0.0,0.0,0.0,0.0,0.0,0.0,0.0,0.0,0.0,0.0,0.0,0.0,0.0,0.0,0.0,0.0,0.0,0.0,0.0,0.0,0.0,0.0,0.0,0.0,0.0,0.0,0.0,0.0,0.0,0.0,0.0,0.0,0.0,0.0,0.0,0.0,0.0,0.0,0.0,0.0,0.0,0.0,0.0,0.0,0.0,0.0,0.0,0.0,0.0,0.0,0.0,0.0,0.0,0.0,0.0,0.0,0.0,0.0,0.0,0.0,0.0,0.0,0.0,0.0,0.0
0.0,0.0,0.0,0.0,0.0,0.0,0.0,0.0,0.0,0.0,0.0,0.0,0.0,0.0,0.0,0.0,0.0,0.0,0.0,0.0,0.0,0.0,0.0,0.0,0.0,0.0,0.0,0.0,0.0,0.0,0.0,0.0,0.0,0.0,0.0,0.0,0.0,0.0,0.0,0.0,0.0,0.0,0.0,0.0,0.0,0.0,0.0,0.0,0.0,0.0,0.0,0.0,0.0,0.0,0.0,0.0,0.0,0.0,0.0,0.0,0.0,0.0,0.0,0.0,0.0,0.0,0.0,0.0,0.0,0.0,0.0,0.0,0.0,0.0,0.0,0.0,0.0,0.0,0.0,0.0,0.0,0.0,0.0,0.0,0.0
0.0,0.0,0.0,0.0,0.0,0.0,0.0,0.0,0.0,0.0,0.0,0.0,0.0,0.0,0.0,0.0,0.0,0.0,0.0,0.0,0.0,0.0,0.0,0.0,0.0,0.0,0.0,0.0,0.0,0.0,0.0,0.0,0.0,0.0,0.0,0.0,0.0,0.0,0.0,0.0,0.0,0.0,0.0,0.0,0.0,0.0,0.0,0.0,0.0,0.0,0.0,0.0,0.0,0.0,0.0,0.0,0.0,0.0,0.0,0.0,0.0,0.0,0.0,0.0,0.0,0.0,0.0,0.0,0.0,0.0,0.0,0.0,0.0,0.0,0.0,0.0,0.0,0.0,0.0,0.0,0.0,0.0,0.0,0.0,0.0
0.0,0.0,0.0,0.0,0.0,0.0,0.0,0.0,0.0,0.0,0.0,0.0,0.0,0.0,0.0,0.0,0.0,0.0,0.0,0.0,0.0,0.0,0.0,0.0,0.0,0.0,0.0,0.0,0.0,0.0,0.0,0.0,0.0,0.0,0.0,0.0,0.0,0.0,0.0,0.0,0.0,0.0,0.0,0.0,0.0,0.0,0.0,0.0,0.0,0.0,0.0,0.0,0.0,0.0,0.0,0.0,0.0,0.0,0.0,0.0,0.0,0.0,0.0,0.0,0.0,0.0,0.0,0.0,0.0,0.0,0.0,0.0,0.0,0.0,0.0,0.0,0.0,0.0,0.0,0.0,0.0,0.0,0.0,0.0,0.0
0.0,0.0,0.0,0.0,0.0,0.0,0.0,0.0,0.0,0.0,0.0,0.0,0.0,0.0,0.0,0.0,0.0,0.0,0.0,0.0,0.0,0.0,0.0,0.0,0.0,0.0,0.0,0.0,0.0,0.0,0.0,0.0,0.0,0.0,0.0,0.0,0.0,0.0,0.0,0.0,0.0,0.0,0.0,0.0,0.0,0.0,0.0,0.0,0.0,0.0,0.0,0.0,0.0,0.0,0.0,0.0,0.0,0.0,0.0,0.0,0.0,0.0,0.0,0.0,0.0,0.0,0.0,0.0,0.0,0.0,0.0,0.0,0.0,0.0,0.0,0.0,0.0,0.0,0.0,0.0,0.0,0.0,0.0,0.0,0.0
0.0,0.0,0.0,0.0,0.0,0.0,0.0,0.0,0.0,0.0,0.0,0.0,0.0,0.0,0.0,0.0,0.0,0.0,0.0,0.0,0.0,0.0,0.0,0.0,0.0,0.0,0.0,0.0,0.0,0.0,0.0,0.0,0.0,0.0,0.0,0.0,0.0,0.0,0.0,0.0,0.0,0.0,0.0,0.0,0.0,0.0,0.0,0.0,0.0,0.0,0.0,0.0,0.0,0.0,0.0,0.0,0.0,0.0,0.0,0.0,0.0,0.0,0.0,0.0,0.0,0.0,0.0,0.0,0.0,0.0,0.0,0.0,0.0,0.0,0.0,0.0,0.0,0.0,0.0,0.0,0.0,0.0,0.0,0.0,0.0
0.0,0.0,0.0,0.0,0.0,0.0,0.0,0.0,0.0,0.0,0.0,0.0,0.0,0.0,0.0,0.0,0.0,0.0,0.0,0.0,0.0,0.0,0.0,0.0,0.0,0.0,0.0,0.0,0.0,0.0,0.0,0.0,0.0,0.0,0.0,0.0,0.0,0.0,0.0,0.0,0.0,0.0,0.0,0.0,0.0,0.0,0.0,0.0,0.0,0.0,0.0,0.0,0.0,0.0,0.0,0.0,0.0,0.0,0.0,0.0,0.0,0.0,0.0,0.0,0.0,0.0,0.0,0.0,0.0,0.0,0.0,0.0,0.0,0.0,0.0,0.0,0.0,0.0,0.0,0.0,0.0,0.0,0.0,0.0,0.0
0.0,0.0,0.0,0.0,0.0,0.0,0.0,0.0,0.0,0.0,0.0,0.0,0.0,0.0,0.0,0.0,0.0,0.0,0.0,0.0,0.0,0.0,0.0,0.0,0.0,0.0,0.0,0.0,0.0,0.0,0.0,0.0,0.0,0.0,0.0,0.0,0.0,0.0,0.0,0.0,0.0,0.0,0.0,0.0,0.0,0.0,0.0,0.0,0.0,0.0,0.0,0.0,0.0,0.0,0.0,0.0,0.0,0.0,0.0,0.0,0.0,0.0,0.0,0.0,0.0,0.0,0.0,0.0,0.0,0.0,0.0,0.0,0.0,0.0,0.0,0.0,0.0,0.0,0.0,0.0,0.0,0.0,0.0,0.0,0.0
0.0,0.0,0.0,0.0,0.0,0.0,0.0,0.0,0.0,0.0,0.0,0.0,0.0,0.0,0.0,0.0,0.0,0.0,0.0,0.0,0.0,0.0,0.0,0.0,0.0,0.0,0.0,0.0,0.0,0.0,0.0,0.0,0.0,0.0,0.0,0.0,0.0,0.0,0.0,0.0,0.0,0.0,0.0,0.0,0.0,0.0,0.0,0.0,0.0,0.0,0.0,0.0,0.0,0.0,0.0,0.0,0.0,0.0,0.0,0.0,0.0,0.0,0.0,0.0,0.0,0.0,0.0,0.0,0.0,0.0,0.0,0.0,0.0,0.0,0.0,0.0,0.0,0.0,0.0,0.0,0.0,0.0,0.0,0.0,0.0
0.0,0.0,0.0,0.0,0.0,0.0,0.0,0.0,0.0,0.0,0.0,0.0,0.0,0.0,0.0,0.0,0.0,0.0,0.0,0.0,0.0,0.0,0.0,0.0,0.0,0.0,0.0,0.0,0.0,0.0,0.0,0.0,0.0,0.0,0.0,0.0,0.0,0.0,0.0,0.0,0.0,0.0,0.0,0.0,0.0,0.0,0.0,0.0,0.0,0.0,0.0,0.0,0.0,0.0,0.0,0.0,0.0,0.0,0.0,0.0,0.0,0.0,0.0,0.0,0.0,0.0,0.0,0.0,0.0,0.0,0.0,0.0,0.0,0.0,0.0,0.0,0.0,0.0,0.0,0.0,0.0,0.0,0.0,0.0,0.0
0.0,0.0,0.0,0.0,0.0,0.0,0.0,0.0,0.0,0.0,0.0,0.0,0.0,0.0,0.0,0.0,0.0,0.0,0.0,0.0,0.0,0.0,0.0,0.0,0.0,0.0,0.0,0.0,0.0,0.0,0.0,0.0,0.0,0.0,0.0,0.0,0.0,0.0,0.0,0.0,0.0,0.0,0.0,0.0,0.0,0.0,0.0,0.0,0.0,0.0,0.0,0.0,0.0,0.0,0.0,0.0,0.0,0.0,0.0,0.0,0.0,0.0,0.0,0.0,0.0,0.0,0.0,0.0,0.0,0.0,0.0,0.0,0.0,0.0,0.0,0.0,0.0,0.0,0.0,0.0,0.0,0.0,0.0,0.0,0.0
0.0,0.0,0.0,0.0,0.0,0.0,0.0,0.0,0.0,0.0,0.0,0.0,0.0,0.0,0.0,0.0,0.0,0.0,0.0,0.0,0.0,0.0,0.0,0.0,0.0,0.0,0.0,0.0,0.0,0.0,0.0,0.0,0.0,0.0,0.0,0.0,0.0,0.0,0.0,0.0,0.0,0.0,0.0,0.0,0.0,0.0,0.0,0.0,0.0,0.0,0.0,0.0,0.0,0.0,0.0,0.0,0.0,0.0,0.0,0.0,0.0,0.0,0.0,0.0,0.0,0.0,0.0,0.0,0.0,0.0,0.0,0.0,0.0,0.0,0.0,0.0,0.0,0.0,0.0,0.0,0.0,0.0,0.0,0.0,0.0
0.0,0.0,0.0,0.0,0.0,0.0,0.0,0.0,0.0,0.0,0.0,0.0,0.0,0.0,0.0,0.0,0.0,0.0,0.0,0.0,0.0,0.0,0.0,0.0,0.0,0.0,0.0,0.0,0.0,0.0,0.0,0.0,0.0,0.0,0.0,0.0,0.0,0.0,0.0,0.0,0.0,0.0,0.0,0.0,0.0,0.0,0.0,0.0,0.0,0.0,0.0,0.0,0.0,0.0,0.0,0.0,0.0,0.0,0.0,0.0,0.0,0.0,0.0,0.0,0.0,0.0,0.0,0.0,0.0,0.0,0.0,0.0,0.0,0.0,0.0,0.0,0.0,0.0,0.0,0.0,0.0,0.0,0.0,0.0,0.0
0.0,0.0,0.0,0.0,0.0,0.0,0.0,0.0,0.0,0.0,0.0,0.0,0.0,0.0,0.0,0.0,0.0,0.0,0.0,0.0,0.0,0.0,0.0,0.0,0.0,0.0,0.0,0.0,0.0,0.0,0.0,0.0,0.0,0.0,0.0,0.0,0.0,0.0,0.0,0.0,0.0,0.0,0.0,0.0,0.0,0.0,0.0,0.0,0.0,0.0,0.0,0.0,0.0,0.0,0.0,0.0,0.0,0.0,0.0,0.0,0.0,0.0,0.0,0.0,0.0,0.0,0.0,0.0,0.0,0.0,0.0,0.0,0.0,0.0,0.0,0.0,0.0,0.0,0.0,0.0,0.0,0.0,0.0,0.0,0.0
0.0,0.0,0.0,0.0,0.0,0.0,0.0,0.0,0.0,0.0,0.0,0.0,0.0,0.0,0.0,0.0,0.0,0.0,0.0,0.0,0.0,0.0,0.0,0.0,0.0,0.0,0.0,0.0,0.0,0.0,0.0,0.0,0.0,0.0,0.0,0.0,0.0,0.0,0.0,0.0,0.0,0.0,0.0,0.0,0.0,0.0,0.0,0.0,0.0,0.0,0.0,0.0,0.0,0.0,0.0,0.0,0.0,0.0,0.0,0.0,0.0,0.0,0.0,0.0,0.0,0.0,0.0,0.0,0.0,0.0,0.0,0.0,0.0,0.0,0.0,0.0,0.0,0.0,0.0,0.0,0.0,0.0,0.0,0.0,0.0
0.0,0.0,0.0,0.0,0.0,0.0,0.0,0.0,0.0,0.0,0.0,0.0,0.0,0.0,0.0,0.0,0.0,0.0,0.0,0.0,0.0,0.0,0.0,0.0,0.0,0.0,0.0,0.0,0.0,0.0,0.0,0.0,0.0,0.0,0.0,0.0,0.0,0.0,0.0,0.0,0.0,0.0,0.0,0.0,0.0,0.0,0.0,0.0,0.0,0.0,0.0,0.0,0.0,0.0,0.0,0.0,0.0,0.0,0.0,0.0,0.0,0.0,0.0,0.0,0.0,0.0,0.0,0.0,0.0,0.0,0.0,0.0,0.0,0.0,0.0,0.0,0.0,0.0,0.0,0.0,0.0,0.0,0.0,0.0,0.0
0.0,0.0,0.0,0.0,0.0,0.0,0.0,0.0,0.0,0.0,0.0,0.0,0.0,0.0,0.0,0.0,0.0,0.0,0.0,0.0,0.0,0.0,0.0,0.0,0.0,0.0,0.0,0.0,0.0,0.0,0.0,0.0,0.0,0.0,0.0,0.0,0.0,0.0,0.0,0.0,0.0,0.0,0.0,0.0,0.0,0.0,0.0,0.0,0.0,0.0,0.0,0.0,0.0,0.0,0.0,0.0,0.0,0.0,0.0,0.0,0.0,0.0,0.0,0.0,0.0,0.0,0.0,0.0,0.0,0.0,0.0,0.0,0.0,0.0,0.0,0.0,0.0,0.0,0.0,0.0,0.0,0.0,0.0,0.0,0.0
0.0,0.0,0.0,0.0,0.0,0.0,0.0,0.0,0.0,0.0,0.0,0.0,0.0,0.0,0.0,0.0,0.0,0.0,0.0,0.0,0.0,0.0,0.0,0.0,0.0,0.0,0.0,0.0,0.0,0.0,0.0,0.0,0.0,0.0,0.0,0.0,0.0,0.0,0.0,0.0,0.0,0.0,0.0,0.0,0.0,0.0,0.0,0.0,0.0,0.0,0.0,0.0,0.0,0.0,0.0,0.0,0.0,0.0,0.0,0.0,0.0,0.0,0.0,0.0,0.0,0.0,0.0,0.0,0.0,0.0,0.0,0.0,0.0,0.0,0.0,0.0,0.0,0.0,0.0,0.0,0.0,0.0,0.0,0.0,0.0
0.0,0.0,0.0,0.0,0.0,0.0,0.0,0.0,0.0,0.0,0.0,0.0,0.0,0.0,0.0,0.0,0.0,0.0,0.0,0.0,0.0,0.0,0.0,0.0,0.0,0.0,0.0,0.0,0.0,0.0,0.0,0.0,0.0,0.0,0.0,0.0,0.0,0.0,0.0,0.0,0.0,0.0,0.0,0.0,0.0,0.0,0.0,0.0,0.0,0.0,0.0,0.0,0.0,0.0,0.0,0.0,0.0,0.0,0.0,0.0,0.0,0.0,0.0,0.0,0.0,0.0,0.0,0.0,0.0,0.0,0.0,0.0,0.0,0.0,0.0,0.0,0.0,0.0,0.0,0.0,0.0,0.0,0.0,0.0,0.0
0.0,0.0,0.0,0.0,0.0,0.0,0.0,0.0,0.0,0.0,0.0,0.0,0.0,0.0,0.0,0.0,0.0,0.0,0.0,0.0,0.0,0.0,0.0,0.0,0.0,0.0,0.0,0.0,0.0,0.0,0.0,0.0,0.0,0.0,0.0,0.0,0.0,0.0,0.0,0.0,0.0,0.0,0.0,0.0,0.0,0.0,0.0,0.0,0.0,0.0,0.0,0.0,0.0,0.0,0.0,0.0,0.0,0.0,0.0,0.0,0.0,0.0,0.0,0.0,0.0,0.0,0.0,0.0,0.0,0.0,0.0,0.0,0.0,0.0,0.0,0.0,0.0,0.0,0.0,0.0,0.0,0.0,0.0,0.0,0.0
0.0,0.0,0.0,0.0,0.0,0.0,0.0,0.0,0.0,0.0,0.0,0.0,0.0,0.0,0.0,0.0,0.0,0.0,0.0,0.0,0.0,0.0,0.0,0.0,0.0,0.0,0.0,0.0,0.0,0.0,0.0,0.0,0.0,0.0,0.0,0.0,0.0,0.0,0.0,0.0,0.0,0.0,0.0,0.0,0.0,0.0,0.0,0.0,0.0,0.0,0.0,0.0,0.0,0.0,0.0,0.0,0.0,0.0,0.0,0.0,0.0,0.0,0.0,0.0,0.0,0.0,0.0,0.0,0.0,0.0,0.0,0.0,0.0,0.0,0.0,0.0,0.0,0.0,0.0,0.0,0.0,0.0,0.0,0.0,0.0
0.0,0.0,0.0,0.0,0.0,0.0,0.0,0.0,0.0,0.0,0.0,0.0,0.0,0.0,0.0,0.0,0.0,0.0,0.0,0.0,0.0,0.0,0.0,0.0,0.0,0.0,0.0,0.0,0.0,0.0,0.0,0.0,0.0,0.0,0.0,0.0,0.0,0.0,0.0,0.0,0.0,0.0,0.0,0.0,0.0,0.0,0.0,0.0,0.0,0.0,0.0,0.0,0.0,0.0,0.0,0.0,0.0,0.0,0.0,0.0,0.0,0.0,0.0,0.0,0.0,0.0,0.0,0.0,0.0,0.0,0.0,0.0,0.0,0.0,0.0,0.0,0.0,0.0,0.0,0.0,0.0,0.0,0.0,0.0,0.0
0.0,0.0,0.0,0.0,0.0,0.0,0.0,0.0,0.0,0.0,0.0,0.0,0.0,0.0,0.0,0.0,0.0,0.0,0.0,0.0,0.0,0.0,0.0,0.0,0.0,0.0,0.0,0.0,0.0,0.0,0.0,0.0,0.0,0.0,0.0,0.0,0.0,0.0,0.0,0.0,0.0,0.0,0.0,0.0,0.0,0.0,0.0,0.0,0.0,0.0,0.0,0.0,0.0,0.0,0.0,0.0,0.0,0.0,0.0,0.0,0.0,0.0,0.0,0.0,0.0,0.0,0.0,0.0,0.0,0.0,0.0,0.0,0.0,0.0,0.0,0.0,0.0,0.0,0.0,0.0,0.0,0.0,0.0,0.0,0.0
0.0,0.0,0.0,0.0,0.0,0.0,0.0,0.0,0.0,0.0,0.0,0.0,0.0,0.0,0.0,0.0,0.0,0.0,0.0,0.0,0.0,0.0,0.0,0.0,0.0,0.0,0.0,0.0,0.0,0.0,0.0,0.0,0.0,0.0,0.0,0.0,0.0,0.0,0.0,0.0,0.0,0.0,0.0,0.0,0.0,0.0,0.0,0.0,0.0,0.0,0.0,0.0,0.0,0.0,0.0,0.0,0.0,0.0,0.0,0.0,0.0,0.0,0.0,0.0,0.0,0.0,0.0,0.0,0.0,0.0,0.0,0.0,0.0,0.0,0.0,0.0,0.0,0.0,0.0,0.0,0.0,0.0,0.0,0.0,0.0
0.0,0.0,0.0,0.0,0.0,0.0,0.0,0.0,0.0,0.0,0.0,0.0,0.0,0.0,0.0,0.0,0.0,0.0,0.0,0.0,0.0,0.0,0.0,0.0,0.0,0.0,0.0,0.0,0.0,0.0,0.0,0.0,0.0,0.0,0.0,0.0,0.0,0.0,0.0,0.0,0.0,0.0,0.0,0.0,0.0,0.0,0.0,0.0,0.0,0.0,0.0,0.0,0.0,0.0,0.0,0.0,0.0,0.0,0.0,0.0,0.0,0.0,0.0,0.0,0.0,0.0,0.0,0.0,0.0,0.0,0.0,0.0,0.0,0.0,0.0,0.0,0.0,0.0,0.0,0.0,0.0,0.0,0.0,0.0,0.0
0.0,0.0,0.0,0.0,0.0,0.0,0.0,0.0,0.0,0.0,0.0,0.0,0.0,0.0,0.0,0.0,0.0,0.0,0.0,0.0,0.0,0.0,0.0,0.0,0.0,0.0,0.0,0.0,0.0,0.0,0.0,0.0,0.0,0.0,0.0,0.0,0.0,0.0,0.0,0.0,0.0,0.0,0.0,0.0,0.0,0.0,0.0,0.0,0.0,0.0,0.0,0.0,0.0,0.0,0.0,0.0,0.0,0.0,0.0,0.0,0.0,0.0,0.0,0.0,0.0,0.0,0.0,0.0,0.0,0.0,0.0,0.0,0.0,0.0,0.0,0.0,0.0,0.0,0.0,0.0,0.0,0.0,0.0,0.0,0.0
0.0,0.0,0.0,0.0,0.0,0.0,0.0,0.0,0.0,0.0,0.0,0.0,0.0,0.0,0.0,0.0,0.0,0.0,0.0,0.0,0.0,0.0,0.0,0.0,0.0,0.0,0.0,0.0,0.0,0.0,0.0,0.0,0.0,0.0,0.0,0.0,0.0,0.0,0.0,0.0,0.0,0.0,0.0,0.0,0.0,0.0,0.0,0.0,0.0,0.0,0.0,0.0,0.0,0.0,0.0,0.0,0.0,0.0,0.0,0.0,0.0,0.0,0.0,0.0,0.0,0.0,0.0,0.0,0.0,0.0,0.0,0.0,0.0,0.0,0.0,0.0,0.0,0.0,0.0,0.0,0.0,0.0,0.0,0.0,0.0
0.0,0.0,0.0,0.0,0.0,0.0,0.0,0.0,0.0,0.0,0.0,0.0,0.0,0.0,0.0,0.0,0.0,0.0,0.0,0.0,0.0,0.0,0.0,0.0,0.0,0.0,0.0,0.0,0.0,0.0,0.0,0.0,0.0,0.0,0.0,0.0,0.0,0.0,0.0,0.0,0.0,0.0,0.0,0.0,0.0,0.0,0.0,0.0,0.0,0.0,0.0,0.0,0.0,0.0,0.0,0.0,0.0,0.0,0.0,0.0,0.0,0.0,0.0,0.0,0.0,0.0,0.0,0.0,0.0,0.0,0.0,0.0,0.0,0.0,0.0,0.0,0.0,0.0,0.0,0.0,0.0,0.0,0.0,0.0,0.0
0.0,0.0,0.0,0.0,0.0,0.0,0.0,0.0,0.0,0.0,0.0,0.0,0.0,0.0,0.0,0.0,0.0,0.0,0.0,0.0,0.0,0.0,0.0,0.0,0.0,0.0,0.0,0.0,0.0,0.0,0.0,0.0,0.0,0.0,0.0,0.0,0.0,0.0,0.0,0.0,0.0,0.0,0.0,0.0,0.0,0.0,0.0,0.0,0.0,0.0,0.0,0.0,0.0,0.0,0.0,0.0,0.0,0.0,0.0,0.0,0.0,0.0,0.0,0.0,0.0,0.0,0.0,0.0,0.0,0.0,0.0,0.0,0.0,0.0,0.0,0.0,0.0,0.0,0.0,0.0,0.0,0.0,0.0,0.0,0.0
0.0,0.0,0.0,0.0,0.0,0.0,0.0,0.0,0.0,0.0,0.0,0.0,0.0,0.0,0.0,0.0,0.0,0.0,0.0,0.0,0.0,0.0,0.0,0.0,0.0,0.0,0.0,0.0,0.0,0.0,0.0,0.0,0.0,0.0,0.0,0.0,0.0,0.0,0.0,0.0,0.0,0.0,0.0,0.0,0.0,0.0,0.0,0.0,0.0,0.0,0.0,0.0,0.0,0.0,0.0,0.0,0.0,0.0,0.0,0.0,0.0,0.0,0.0,0.0,0.0,0.0,0.0,0.0,0.0,0.0,0.0,0.0,0.0,0.0,0.0,0.0,0.0,0.0,0.0,0.0,0.0,0.0,0.0,0.0,0.0
0.0,0.0,0.0,0.0,0.0,0.0,0.0,0.0,0.0,0.0,0.0,0.0,0.0,0.0,0.0,0.0,0.0,0.0,0.0,0.0,0.0,0.0,0.0,0.0,0.0,0.0,0.0,0.0,0.0,0.0,0.0,0.0,0.0,0.0,0.0,0.0,0.0,0.0,0.0,0.0,0.0,0.0,0.0,0.0,0.0,0.0,0.0,0.0,0.0,0.0,0.0,0.0,0.0,0.0,0.0,0.0,0.0,0.0,0.0,0.0,0.0,0.0,0.0,0.0,0.0,0.0,0.0,0.0,0.0,0.0,0.0,0.0,0.0,0.0,0.0,0.0,0.0,0.0,0.0,0.0,0.0,0.0,0.0,0.0,0.0
0.0,0.0,0.0,0.0,0.0,0.0,0.0,0.0,0.0,0.0,0.0,0.0,0.0,0.0,0.0,0.0,0.0,0.0,0.0,0.0,0.0,0.0,0.0,0.0,0.0,0.0,0.0,0.0,0.0,0.0,0.0,0.0,0.0,0.0,0.0,0.0,0.0,0.0,0.0,0.0,0.0,0.0,0.0,0.0,0.0,0.0,0.0,0.0,0.0,0.0,0.0,0.0,0.0,0.0,0.0,0.0,0.0,0.0,0.0,0.0,0.0,0.0,0.0,0.0,0.0,0.0,0.0,0.0,0.0,0.0,0.0,0.0,0.0,0.0,0.0,0.0,0.0,0.0,0.0,0.0,0.0,0.0,0.0,0.0,0.0
0.0,0.0,0.0,0.0,0.0,0.0,0.0,0.0,0.0,0.0,0.0,0.0,0.0,0.0,0.0,0.0,0.0,0.0,0.0,0.0,0.0,0.0,0.0,0.0,0.0,0.0,0.0,0.0,0.0,0.0,0.0,0.0,0.0,0.0,0.0,0.0,0.0,0.0,0.0,0.0,0.0,0.0,0.0,0.0,0.0,0.0,0.0,0.0,0.0,0.0,0.0,0.0,0.0,0.0,0.0,0.0,0.0,0.0,0.0,0.0,0.0,0.0,0.0,0.0,0.0,0.0,0.0,0.0,0.0,0.0,0.0,0.0,0.0,0.0,0.0,0.0,0.0,0.0,0.0,0.0,0.0,0.0,0.0,0.0,0.0
0.0,0.0,0.0,0.0,0.0,0.0,0.0,0.0,0.0,0.0,0.0,0.0,0.0,0.0,0.0,0.0,0.0,0.0,0.0,0.0,0.0,0.0,0.0,0.0,0.0,0.0,0.0,0.0,0.0,0.0,0.0,0.0,0.0,0.0,0.0,0.0,0.0,0.0,0.0,0.0,0.0,0.0,0.0,0.0,0.0,0.0,0.0,0.0,0.0,0.0,0.0,0.0,0.0,0.0,0.0,0.0,0.0,0.0,0.0,0.0,0.0,0.0,0.0,0.0,0.0,0.0,0.0,0.0,0.0,0.0,0.0,0.0,0.0,0.0,0.0,0.0,0.0,0.0,0.0,0.0,0.0,0.0,0.0,0.0,0.0
0.0,0.0,0.0,0.0,0.0,0.0,0.0,0.0,0.0,0.0,0.0,0.0,0.0,0.0,0.0,0.0,0.0,0.0,0.0,0.0,0.0,0.0,0.0,0.0,0.0,0.0,0.0,0.0,0.0,0.0,0.0,0.0,0.0,0.0,0.0,0.0,0.0,0.0,0.0,0.0,0.0,0.0,0.0,0.0,0.0,0.0,0.0,0.0,0.0,0.0,0.0,0.0,0.0,0.0,0.0,0.0,0.0,0.0,0.0,0.0,0.0,0.0,0.0,0.0,0.0,0.0,0.0,0.0,0.0,0.0,0.0,0.0,0.0,0.0,0.0,0.0,0.0,0.0,0.0,0.0,0.0,0.0,0.0,0.0,0.0
0.0,0.0,0.0,0.0,0.0,0.0,0.0,0.0,0.0,0.0,0.0,0.0,0.0,0.0,0.0,0.0,0.0,0.0,0.0,0.0,0.0,0.0,0.0,0.0,0.0,0.0,0.0,0.0,0.0,0.0,0.0,0.0,0.0,0.0,0.0,0.0,0.0,0.0,0.0,0.0,0.0,0.0,0.0,0.0,0.0,0.0,0.0,0.0,0.0,0.0,0.0,0.0,0.0,0.0,0.0,0.0,0.0,0.0,0.0,0.0,0.0,0.0,0.0,0.0,0.0,0.0,0.0,0.0,0.0,0.0,0.0,0.0,0.0,0.0,0.0,0.0,0.0,0.0,0.0,0.0,0.0,0.0,0.0,0.0,0.0
0.0,0.0,0.0,0.0,0.0,0.0,0.0,0.0,0.0,0.0,0.0,0.0,0.0,0.0,0.0,0.0,0.0,0.0,0.0,0.0,0.0,0.0,0.0,0.0,0.0,0.0,0.0,0.0,0.0,0.0,0.0,0.0,0.0,0.0,0.0,0.0,0.0,0.0,0.0,0.0,0.0,0.0,0.0,0.0,0.0,0.0,0.0,0.0,0.0,0.0,0.0,0.0,0.0,0.0,0.0,0.0,0.0,0.0,0.0,0.0,0.0,0.0,0.0,0.0,0.0,0.0,0.0,0.0,0.0,0.0,0.0,0.0,0.0,0.0,0.0,0.0,0.0,0.0,0.0,0.0,0.0,0.0,0.0,0.0,0.0
0.0,0.0,0.0,0.0,0.0,0.0,0.0,0.0,0.0,0.0,0.0,0.0,0.0,0.0,0.0,0.0,0.0,0.0,0.0,0.0,0.0,0.0,0.0,0.0,0.0,0.0,0.0,0.0,0.0,0.0,0.0,0.0,0.0,0.0,0.0,0.0,0.0,0.0,0.0,0.0,0.0,0.0,0.0,0.0,0.0,0.0,0.0,0.0,0.0,0.0,0.0,0.0,0.0,0.0,0.0,0.0,0.0,0.0,0.0,0.0,0.0,0.0,0.0,0.0,0.0,0.0,0.0,0.0,0.0,0.0,0.0,0.0,0.0,0.0,0.0,0.0,0.0,0.0,0.0,0.0,0.0,0.0,0.0,0.0,0.0
0.0,0.0,0.0,0.0,0.0,0.0,0.0,0.0,0.0,0.0,0.0,0.0,0.0,0.0,0.0,0.0,0.0,0.0,0.0,0.0,0.0,0.0,0.0,0.0,0.0,0.0,0.0,0.0,0.0,0.0,0.0,0.0,0.0,0.0,0.0,0.0,0.0,0.0,0.0,0.0,0.0,0.0,0.0,0.0,0.0,0.0,0.0,0.0,0.0,0.0,0.0,0.0,0.0,0.0,0.0,0.0,0.0,0.0,0.0,0.0,0.0,0.0,0.0,0.0,0.0,0.0,0.0,0.0,0.0,0.0,0.0,0.0,0.0,0.0,0.0,0.0,0.0,0.0,0.0,0.0,0.0,0.0,0.0,0.0,0.0
0.0,0.0,0.0,0.0,0.0,0.0,0.0,0.0,0.0,0.0,0.0,0.0,0.0,0.0,0.0,0.0,0.0,0.0,0.0,0.0,0.0,0.0,0.0,0.0,0.0,0.0,0.0,0.0,0.0,0.0,0.0,0.0,0.0,0.0,0.0,0.0,0.0,0.0,0.0,0.0,0.0,0.0,0.0,0.0,0.0,0.0,0.0,0.0,0.0,0.0,0.0,0.0,0.0,0.0,0.0,0.0,0.0,0.0,0.0,0.0,0.0,0.0,0.0,0.0,0.0,0.0,0.0,0.0,0.0,0.0,0.0,0.0,0.0,0.0,0.0,0.0,0.0,0.0,0.0,0.0,0.0,0.0,0.0,0.0,0.0
0.0,0.0,0.0,0.0,0.0,0.0,0.0,0.0,0.0,0.0,0.0,0.0,0.0,0.0,0.0,0.0,0.0,0.0,0.0,0.0,0.0,0.0,0.0,0.0,0.0,0.0,0.0,0.0,0.0,0.0,0.0,0.0,0.0,0.0,0.0,0.0,0.0,0.0,0.0,0.0,0.0,0.0,0.0,0.0,0.0,0.0,0.0,0.0,0.0,0.0,0.0,0.0,0.0,0.0,0.0,0.0,0.0,0.0,0.0,0.0,0.0,0.0,0.0,0.0,0.0,0.0,0.0,0.0,0.0,0.0,0.0,0.0,0.0,0.0,0.0,0.0,0.0,0.0,0.0,0.0,0.0,0.0,0.0,0.0,0.0
0.0,0.0,0.0,0.0,0.0,0.0,0.0,0.0,0.0,0.0,0.0,0.0,0.0,0.0,0.0,0.0,0.0,0.0,0.0,0.0,0.0,0.0,0.0,0.0,0.0,0.0,0.0,0.0,0.0,0.0,0.0,0.0,0.0,0.0,0.0,0.0,0.0,0.0,0.0,0.0,0.0,0.0,0.0,0.0,0.0,0.0,0.0,0.0,0.0,0.0,0.0,0.0,0.0,0.0,0.0,0.0,0.0,0.0,0.0,0.0,0.0,0.0,0.0,0.0,0.0,0.0,0.0,0.0,0.0,0.0,0.0,0.0,0.0,0.0,0.0,0.0,0.0,0.0,0.0,0.0,0.0,0.0,0.0,0.0,0.0
0.0,0.0,0.0,0.0,0.0,0.0,0.0,0.0,0.0,0.0,0.0,0.0,0.0,0.0,0.0,0.0,0.0,0.0,0.0,0.0,0.0,0.0,0.0,0.0,0.0,0.0,0.0,0.0,0.0,0.0,0.0,0.0,0.0,0.0,0.0,0.0,0.0,0.0,0.0,0.0,0.0,0.0,0.0,0.0,0.0,0.0,0.0,0.0,0.0,0.0,0.0,0.0,0.0,0.0,0.0,0.0,0.0,0.0,0.0,0.0,0.0,0.0,0.0,0.0,0.0,0.0,0.0,0.0,0.0,0.0,0.0,0.0,0.0,0.0,0.0,0.0,0.0,0.0,0.0,0.0,0.0,0.0,0.0,0.0,0.0
0.0,0.0,0.0,0.0,0.0,0.0,0.0,0.0,0.0,0.0,0.0,0.0,0.0,0.0,0.0,0.0,0.0,0.0,0.0,0.0,0.0,0.0,0.0,0.0,0.0,0.0,0.0,0.0,0.0,0.0,0.0,0.0,0.0,0.0,0.0,0.0,0.0,0.0,0.0,0.0,0.0,0.0,0.0,0.0,0.0,0.0,0.0,0.0,0.0,0.0,0.0,0.0,0.0,0.0,0.0,0.0,0.0,0.0,0.0,0.0,0.0,0.0,0.0,0.0,0.0,0.0,0.0,0.0,0.0,0.0,0.0,0.0,0.0,0.0,0.0,0.0,0.0,0.0,0.0,0.0,0.0,0.0,0.0,0.0,0.0
0.0,0.0,0.0,0.0,0.0,0.0,0.0,0.0,0.0,0.0,0.0,0.0,0.0,0.0,0.0,0.0,0.0,0.0,0.0,0.0,0.0,0.0,0.0,0.0,0.0,0.0,0.0,0.0,0.0,0.0,0.0,0.0,0.0,0.0,0.0,0.0,0.0,0.0,0.0,0.0,0.0,0.0,0.0,0.0,0.0,0.0,0.0,0.0,0.0,0.0,0.0,0.0,0.0,0.0,0.0,0.0,0.0,0.0,0.0,0.0,0.0,0.0,0.0,0.0,0.0,0.0,0.0,0.0,0.0,0.0,0.0,0.0,0.0,0.0,0.0,0.0,0.0,0.0,0.0,0.0,0.0,0.0,0.0,0.0,0.0
0.0,0.0,0.0,0.0,0.0,0.0,0.0,0.0,0.0,0.0,0.0,0.0,0.0,0.0,0.0,0.0,0.0,0.0,0.0,0.0,0.0,0.0,0.0,0.0,0.0,0.0,0.0,0.0,0.0,0.0,0.0,0.0,0.0,0.0,0.0,0.0,0.0,0.0,0.0,0.0,0.0,0.0,0.0,0.0,0.0,0.0,0.0,0.0,0.0,0.0,0.0,0.0,0.0,0.0,0.0,0.0,0.0,0.0,0.0,0.0,0.0,0.0,0.0,0.0,0.0,0.0,0.0,0.0,0.0,0.0,0.0,0.0,0.0,0.0,0.0,0.0,0.0,0.0,0.0,0.0,0.0,0.0,0.0,0.0,0.0
0.0,0.0,0.0,0.0,0.0,0.0,0.0,0.0,0.0,0.0,0.0,0.0,0.0,0.0,0.0,0.0,0.0,0.0,0.0,0.0,0.0,0.0,0.0,0.0,0.0,0.0,0.0,0.0,0.0,0.0,0.0,0.0,0.0,0.0,0.0,0.0,0.0,0.0,0.0,0.0,0.0,0.0,0.0,0.0,0.0,0.0,0.0,0.0,0.0,0.0,0.0,0.0,0.0,0.0,0.0,0.0,0.0,0.0,0.0,0.0,0.0,0.0,0.0,0.0,0.0,0.0,0.0,0.0,0.0,0.0,0.0,0.0,0.0,0.0,0.0,0.0,0.0,0.0,0.0,0.0,0.0,0.0,0.0,0.0,0.0
0.0,0.0,0.0,0.0,0.0,0.0,0.0,0.0,0.0,0.0,0.0,0.0,0.0,0.0,0.0,0.0,0.0,0.0,0.0,0.0,0.0,0.0,0.0,0.0,0.0,0.0,0.0,0.0,0.0,0.0,0.0,0.0,0.0,0.0,0.0,0.0,0.0,0.0,0.0,0.0,0.0,0.0,0.0,0.0,0.0,0.0,0.0,0.0,0.0,0.0,0.0,0.0,0.0,0.0,0.0,0.0,0.0,0.0,0.0,0.0,0.0,0.0,0.0,0.0,0.0,0.0,0.0,0.0,0.0,0.0,0.0,0.0,0.0,0.0,0.0,0.0,0.0,0.0,0.0,0.0,0.0,0.0,0.0,0.0,0.0
0.0,0.0,0.0,0.0,0.0,0.0,0.0,0.0,0.0,0.0,0.0,0.0,0.0,0.0,0.0,0.0,0.0,0.0,0.0,0.0,0.0,0.0,0.0,0.0,0.0,0.0,0.0,0.0,0.0,0.0,0.0,0.0,0.0,0.0,0.0,0.0,0.0,0.0,0.0,0.0,0.0,0.0,0.0,0.0,0.0,0.0,0.0,0.0,0.0,0.0,0.0,0.0,0.0,0.0,0.0,0.0,0.0,0.0,0.0,0.0,0.0,0.0,0.0,0.0,0.0,0.0,0.0,0.0,0.0,0.0,0.0,0.0,0.0,0.0,0.0,0.0,0.0,0.0,0.0,0.0,0.0,0.0,0.0,0.0,0.0
0.0,0.0,0.0,0.0,0.0,0.0,0.0,0.0,0.0,0.0,0.0,0.0,0.0,0.0,0.0,0.0,0.0,0.0,0.0,0.0,0.0,0.0,0.0,0.0,0.0,0.0,0.0,0.0,0.0,0.0,0.0,0.0,0.0,0.0,0.0,0.0,0.0,0.0,0.0,0.0,0.0,0.0,0.0,0.0,0.0,0.0,0.0,0.0,0.0,0.0,0.0,0.0,0.0,0.0,0.0,0.0,0.0,0.0,0.0,0.0,0.0,0.0,0.0,0.0,0.0,0.0,0.0,0.0,0.0,0.0,0.0,0.0,0.0,0.0,0.0,0.0,0.0,0.0,0.0,0.0,0.0,0.0,0.0,0.0,0.0
0.0,0.0,0.0,0.0,0.0,0.0,0.0,0.0,0.0,0.0,0.0,0.0,0.0,0.0,0.0,0.0,0.0,0.0,0.0,0.0,0.0,0.0,0.0,0.0,0.0,0.0,0.0,0.0,0.0,0.0,0.0,0.0,0.0,0.0,0.0,0.0,0.0,0.0,0.0,0.0,0.0,0.0,0.0,0.0,0.0,0.0,0.0,0.0,0.0,0.0,0.0,0.0,0.0,0.0,0.0,0.0,0.0,0.0,0.0,0.0,0.0,0.0,0.0,0.0,0.0,0.0,0.0,0.0,0.0,0.0,0.0,0.0,0.0,0.0,0.0,0.0,0.0,0.0,0.0,0.0,0.0,0.0,0.0,0.0,0.0
0.0,0.0,0.0,0.0,0.0,0.0,0.0,0.0,0.0,0.0,0.0,0.0,0.0,0.0,0.0,0.0,0.0,0.0,0.0,0.0,0.0,0.0,0.0,0.0,0.0,0.0,0.0,0.0,0.0,0.0,0.0,0.0,0.0,0.0,0.0,0.0,0.0,0.0,0.0,0.0,0.0,0.0,0.0,0.0,0.0,0.0,0.0,0.0,0.0,0.0,0.0,0.0,0.0,0.0,0.0,0.0,0.0,0.0,0.0,0.0,0.0,0.0,0.0,0.0,0.0,0.0,0.0,0.0,0.0,0.0,0.0,0.0,0.0,0.0,0.0,0.0,0.0,0.0,0.0,0.0,0.0,0.0,0.0,0.0,0.0
0.0,0.0,0.0,0.0,0.0,0.0,0.0,0.0,0.0,0.0,0.0,0.0,0.0,0.0,0.0,0.0,0.0,0.0,0.0,0.0,0.0,0.0,0.0,0.0,0.0,0.0,0.0,0.0,0.0,0.0,0.0,0.0,0.0,0.0,0.0,0.0,0.0,0.0,0.0,0.0,0.0,0.0,0.0,0.0,0.0,0.0,0.0,0.0,0.0,0.0,0.0,0.0,0.0,0.0,0.0,0.0,0.0,0.0,0.0,0.0,0.0,0.0,0.0,0.0,0.0,0.0,0.0,0.0,0.0,0.0,0.0,0.0,0.0,0.0,0.0,0.0,0.0,0.0,0.0,0.0,0.0,0.0,0.0,0.0,0.0
0.0,0.0,0.0,0.0,0.0,0.0,0.0,0.0,0.0,0.0,0.0,0.0,0.0,0.0,0.0,0.0,0.0,0.0,0.0,0.0,0.0,0.0,0.0,0.0,0.0,0.0,0.0,0.0,0.0,0.0,0.0,0.0,0.0,0.0,0.0,0.0,0.0,0.0,0.0,0.0,0.0,0.0,0.0,0.0,0.0,0.0,0.0,0.0,0.0,0.0,0.0,0.0,0.0,0.0,0.0,0.0,0.0,0.0,0.0,0.0,0.0,0.0,0.0,0.0,0.0,0.0,0.0,0.0,0.0,0.0,0.0,0.0,0.0,0.0,0.0,0.0,0.0,0.0,0.0,0.0,0.0,0.0,0.0,0.0,0.0
0.0,0.0,0.0,0.0,0.0,0.0,0.0,0.0,0.0,0.0,0.0,0.0,0.0,0.0,0.0,0.0,0.0,0.0,0.0,0.0,0.0,0.0,0.0,0.0,0.0,0.0,0.0,0.0,0.0,0.0,0.0,0.0,0.0,0.0,0.0,0.0,0.0,0.0,0.0,0.0,0.0,0.0,0.0,0.0,0.0,0.0,0.0,0.0,0.0,0.0,0.0,0.0,0.0,0.0,0.0,0.0,0.0,0.0,0.0,0.0,0.0,0.0,0.0,0.0,0.0,0.0,0.0,0.0,0.0,0.0,0.0,0.0,0.0,0.0,0.0,0.0,0.0,0.0,0.0,0.0,0.0,0.0,0.0,0.0,0.0
0.0,0.0,0.0,0.0,0.0,0.0,0.0,0.0,0.0,0.0,0.0,0.0,0.0,0.0,0.0,0.0,0.0,0.0,0.0,0.0,0.0,0.0,0.0,0.0,0.0,0.0,0.0,0.0,0.0,0.0,0.0,0.0,0.0,0.0,0.0,0.0,0.0,0.0,0.0,0.0,0.0,0.0,0.0,0.0,0.0,0.0,0.0,0.0,0.0,0.0,0.0,0.0,0.0,0.0,0.0,0.0,0.0,0.0,0.0,0.0,0.0,0.0,0.0,0.0,0.0,0.0,0.0,0.0,0.0,0.0,0.0,0.0,0.0,0.0,0.0,0.0,0.0,0.0,0.0,0.0,0.0,0.0,0.0,0.0,0.0
0.0,0.0,0.0,0.0,0.0,0.0,0.0,0.0,0.0,0.0,0.0,0.0,0.0,0.0,0.0,0.0,0.0,0.0,0.0,0.0,0.0,0.0,0.0,0.0,0.0,0.0,0.0,0.0,0.0,0.0,0.0,0.0,0.0,0.0,0.0,0.0,0.0,0.0,0.0,0.0,0.0,0.0,0.0,0.0,0.0,0.0,0.0,0.0,0.0,0.0,0.0,0.0,0.0,0.0,0.0,0.0,0.0,0.0,0.0,0.0,0.0,0.0,0.0,0.0,0.0,0.0,0.0,0.0,0.0,0.0,0.0,0.0,0.0,0.0,0.0,0.0,0.0,0.0,0.0,0.0,0.0,0.0,0.0,0.0,0.0
0.0,0.0,0.0,0.0,0.0,0.0,0.0,0.0,0.0,0.0,0.0,0.0,0.0,0.0,0.0,0.0,0.0,0.0,0.0,0.0,0.0,0.0,0.0,0.0,0.0,0.0,0.0,0.0,0.0,0.0,0.0,0.0,0.0,0.0,0.0,0.0,0.0,0.0,0.0,0.0,0.0,0.0,0.0,0.0,0.0,0.0,0.0,0.0,0.0,0.0,0.0,0.0,0.0,0.0,0.0,0.0,0.0,0.0,0.0,0.0,0.0,0.0,0.0,0.0,0.0,0.0,0.0,0.0,0.0,0.0,0.0,0.0,0.0,0.0,0.0,0.0,0.0,0.0,0.0,0.0,0.0,0.0,0.0,0.0,0.0
0.0,0.0,0.0,0.0,0.0,0.0,0.0,0.0,0.0,0.0,0.0,0.0,0.0,0.0,0.0,0.0,0.0,0.0,0.0,0.0,0.0,0.0,0.0,0.0,0.0,0.0,0.0,0.0,0.0,0.0,0.0,0.0,0.0,0.0,0.0,0.0,0.0,0.0,0.0,0.0,0.0,0.0,0.0,0.0,0.0,0.0,0.0,0.0,0.0,0.0,0.0,0.0,0.0,0.0,0.0,0.0,0.0,0.0,0.0,0.0,0.0,0.0,0.0,0.0,0.0,0.0,0.0,0.0,0.0,0.0,0.0,0.0,0.0,0.0,0.0,0.0,0.0,0.0,0.0,0.0,0.0,0.0,0.0,0.0,0.0
0.0,0.0,0.0,0.0,0.0,0.0,0.0,0.0,0.0,0.0,0.0,0.0,0.0,0.0,0.0,0.0,0.0,0.0,0.0,0.0,0.0,0.0,0.0,0.0,0.0,0.0,0.0,0.0,0.0,0.0,0.0,0.0,0.0,0.0,0.0,0.0,0.0,0.0,0.0,0.0,0.0,0.0,0.0,0.0,0.0,0.0,0.0,0.0,0.0,0.0,0.0,0.0,0.0,0.0,0.0,0.0,0.0,0.0,0.0,0.0,0.0,0.0,0.0,0.0,0.0,0.0,0.0,0.0,0.0,0.0,0.0,0.0,0.0,0.0,0.0,0.0,0.0,0.0,0.0,0.0,0.0,0.0,0.0,0.0,0.0
0.0,0.0,0.0,0.0,0.0,0.0,0.0,0.0,0.0,0.0,0.0,0.0,0.0,0.0,0.0,0.0,0.0,0.0,0.0,0.0,0.0,0.0,0.0,0.0,0.0,0.0,0.0,0.0,0.0,0.0,0.0,0.0,0.0,0.0,0.0,0.0,0.0,0.0,0.0,0.0,0.0,0.0,0.0,0.0,0.0,0.0,0.0,0.0,0.0,0.0,0.0,0.0,0.0,0.0,0.0,0.0,0.0,0.0,0.0,0.0,0.0,0.0,0.0,0.0,0.0,0.0,0.0,0.0,0.0,0.0,0.0,0.0,0.0,0.0,0.0,0.0,0.0,0.0,0.0,0.0,0.0,0.0,0.0,0.0,0.0
0.0,0.0,0.0,0.0,0.0,0.0,0.0,0.0,0.0,0.0,0.0,0.0,0.0,0.0,0.0,0.0,0.0,0.0,0.0,0.0,0.0,0.0,0.0,0.0,0.0,0.0,0.0,0.0,0.0,0.0,0.0,0.0,0.0,0.0,0.0,0.0,0.0,0.0,0.0,0.0,0.0,0.0,0.0,0.0,0.0,0.0,0.0,0.0,0.0,0.0,0.0,0.0,0.0,0.0,0.0,0.0,0.0,0.0,0.0,0.0,0.0,0.0,0.0,0.0,0.0,0.0,0.0,0.0,0.0,0.0,0.0,0.0,0.0,0.0,0.0,0.0,0.0,0.0,0.0,0.0,0.0,0.0,0.0,0.0,0.0
0.0,0.0,0.0,0.0,0.0,0.0,0.0,0.0,0.0,0.0,0.0,0.0,0.0,0.0,0.0,0.0,0.0,0.0,0.0,0.0,0.0,0.0,0.0,0.0,0.0,0.0,0.0,0.0,0.0,0.0,0.0,0.0,0.0,0.0,0.0,0.0,0.0,0.0,0.0,0.0,0.0,0.0,0.0,0.0,0.0,0.0,0.0,0.0,0.0,0.0,0.0,0.0,0.0,0.0,0.0,0.0,0.0,0.0,0.0,0.0,0.0,0.0,0.0,0.0,0.0,0.0,0.0,0.0,0.0,0.0,0.0,0.0,0.0,0.0,0.0,0.0,0.0,0.0,0.0,0.0,0.0,0.0,0.0,0.0,0.0
0.0,0.0,0.0,0.0,0.0,0.0,0.0,0.0,0.0,0.0,0.0,0.0,0.0,0.0,0.0,0.0,0.0,0.0,0.0,0.0,0.0,0.0,0.0,0.0,0.0,0.0,0.0,0.0,0.0,0.0,0.0,0.0,0.0,0.0,0.0,0.0,0.0,0.0,0.0,0.0,0.0,0.0,0.0,0.0,0.0,0.0,0.0,0.0,0.0,0.0,0.0,0.0,0.0,0.0,0.0,0.0,0.0,0.0,0.0,0.0,0.0,0.0,0.0,0.0,0.0,0.0,0.0,0.0,0.0,0.0,0.0,0.0,0.0,0.0,0.0,0.0,0.0,0.0,0.0,0.0,0.0,0.0,0.0,0.0,0.0
0.0,0.0,0.0,0.0,0.0,0.0,0.0,0.0,0.0,0.0,0.0,0.0,0.0,0.0,0.0,0.0,0.0,0.0,0.0,0.0,0.0,0.0,0.0,0.0,0.0,0.0,0.0,0.0,0.0,0.0,0.0,0.0,0.0,0.0,0.0,0.0,0.0,0.0,0.0,0.0,0.0,0.0,0.0,0.0,0.0,0.0,0.0,0.0,0.0,0.0,0.0,0.0,0.0,0.0,0.0,0.0,0.0,0.0,0.0,0.0,0.0,0.0,0.0,0.0,0.0,0.0,0.0,0.0,0.0,0.0,0.0,0.0,0.0,0.0,0.0,0.0,0.0,0.0,0.0,0.0,0.0,0.0,0.0,0.0,0.0
0.0,0.0,0.0,0.0,0.0,0.0,0.0,0.0,0.0,0.0,0.0,0.0,0.0,0.0,0.0,0.0,0.0,0.0,0.0,0.0,0.0,0.0,0.0,0.0,0.0,0.0,0.0,0.0,0.0,0.0,0.0,0.0,0.0,0.0,0.0,0.0,0.0,0.0,0.0,0.0,0.0,0.0,0.0,0.0,0.0,0.0,0.0,0.0,0.0,0.0,0.0,0.0,0.0,0.0,0.0,0.0,0.0,0.0,0.0,0.0,0.0,0.0,0.0,0.0,0.0,0.0,0.0,0.0,0.0,0.0,0.0,0.0,0.0,0.0,0.0,0.0,0.0,0.0,0.0,0.0,0.0,0.0,0.0,0.0,0.0
0.0,0.0,0.0,0.0,0.0,0.0,0.0,0.0,0.0,0.0,0.0,0.0,0.0,0.0,0.0,0.0,0.0,0.0,0.0,0.0,0.0,0.0,0.0,0.0,0.0,0.0,0.0,0.0,0.0,0.0,0.0,0.0,0.0,0.0,0.0,0.0,0.0,0.0,0.0,0.0,0.0,0.0,0.0,0.0,0.0,0.0,0.0,0.0,0.0,0.0,0.0,0.0,0.0,0.0,0.0,0.0,0.0,0.0,0.0,0.0,0.0,0.0,0.0,0.0,0.0,0.0,0.0,0.0,0.0,0.0,0.0,0.0,0.0,0.0,0.0,0.0,0.0,0.0,0.0,0.0,0.0,0.0,0.0,0.0,0.0
0.0,0.0,0.0,0.0,0.0,0.0,0.0,0.0,0.0,0.0,0.0,0.0,0.0,0.0,0.0,0.0,0.0,0.0,0.0,0.0,0.0,0.0,0.0,0.0,0.0,0.0,0.0,0.0,0.0,0.0,0.0,0.0,0.0,0.0,0.0,0.0,0.0,0.0,0.0,0.0,0.0,0.0,0.0,0.0,0.0,0.0,0.0,0.0,0.0,0.0,0.0,0.0,0.0,0.0,0.0,0.0,0.0,0.0,0.0,0.0,0.0,0.0,0.0,0.0,0.0,0.0,0.0,0.0,0.0,0.0,0.0,0.0,0.0,0.0,0.0,0.0,0.0,0.0,0.0,0.0,0.0,0.0,0.0,0.0,0.0
0.0,0.0,0.0,0.0,0.0,0.0,0.0,0.0,0.0,0.0,0.0,0.0,0.0,0.0,0.0,0.0,0.0,0.0,0.0,0.0,0.0,0.0,0.0,0.0,0.0,0.0,0.0,0.0,0.0,0.0,0.0,0.0,0.0,0.0,0.0,0.0,0.0,0.0,0.0,0.0,0.0,0.0,0.0,0.0,0.0,0.0,0.0,0.0,0.0,0.0,0.0,0.0,0.0,0.0,0.0,0.0,0.0,0.0,0.0,0.0,0.0,0.0,0.0,0.0,0.0,0.0,0.0,0.0,0.0,0.0,0.0,0.0,0.0,0.0,0.0,0.0,0.0,0.0,0.0,0.0,0.0,0.0,0.0,0.0,0.0
0.0,0.0,0.0,0.0,0.0,0.0,0.0,0.0,0.0,0.0,0.0,0.0,0.0,0.0,0.0,0.0,0.0,0.0,0.0,0.0,0.0,0.0,0.0,0.0,0.0,0.0,0.0,0.0,0.0,0.0,0.0,0.0,0.0,0.0,0.0,0.0,0.0,0.0,0.0,0.0,0.0,0.0,0.0,0.0,0.0,0.0,0.0,0.0,0.0,0.0,0.0,0.0,0.0,0.0,0.0,0.0,0.0,0.0,0.0,0.0,0.0,0.0,0.0,0.0,0.0,0.0,0.0,0.0,0.0,0.0,0.0,0.0,0.0,0.0,0.0,0.0,0.0,0.0,0.0,0.0,0.0,0.0,0.0,0.0,0.0
0.0,0.0,0.0,0.0,0.0,0.0,0.0,0.0,0.0,0.0,0.0,0.0,0.0,0.0,0.0,0.0,0.0,0.0,0.0,0.0,0.0,0.0,0.0,0.0,0.0,0.0,0.0,0.0,0.0,0.0,0.0,0.0,0.0,0.0,0.0,0.0,0.0,0.0,0.0,0.0,0.0,0.0,0.0,0.0,0.0,0.0,0.0,0.0,0.0,0.0,0.0,0.0,0.0,0.0,0.0,0.0,0.0,0.0,0.0,0.0,0.0,0.0,0.0,0.0,0.0,0.0,0.0,0.0,0.0,0.0,0.0,0.0,0.0,0.0,0.0,0.0,0.0,0.0,0.0,0.0,0.0,0.0,0.0,0.0,0.0
0.0,0.0,0.0,0.0,0.0,0.0,0.0,0.0,0.0,0.0,0.0,0.0,0.0,0.0,0.0,0.0,0.0,0.0,0.0,0.0,0.0,0.0,0.0,0.0,0.0,0.0,0.0,0.0,0.0,0.0,0.0,0.0,0.0,0.0,0.0,0.0,0.0,0.0,0.0,0.0,0.0,0.0,0.0,0.0,0.0,0.0,0.0,0.0,0.0,0.0,0.0,0.0,0.0,0.0,0.0,0.0,0.0,0.0,0.0,0.0,0.0,0.0,0.0,0.0,0.0,0.0,0.0,0.0,0.0,0.0,0.0,0.0,0.0,0.0,0.0,0.0,0.0,0.0,0.0,0.0,0.0,0.0,0.0,0.0,0.0
0.0,0.0,0.0,0.0,0.0,0.0,0.0,0.0,0.0,0.0,0.0,0.0,0.0,0.0,0.0,0.0,0.0,0.0,0.0,0.0,0.0,0.0,0.0,0.0,0.0,0.0,0.0,0.0,0.0,0.0,0.0,0.0,0.0,0.0,0.0,0.0,0.0,0.0,0.0,0.0,0.0,0.0,0.0,0.0,0.0,0.0,0.0,0.0,0.0,0.0,0.0,0.0,0.0,0.0,0.0,0.0,0.0,0.0,0.0,0.0,0.0,0.0,0.0,0.0,0.0,0.0,0.0,0.0,0.0,0.0,0.0,0.0,0.0,0.0,0.0,0.0,0.0,0.0,0.0,0.0,0.0,0.0,0.0,0.0,0.0
0.0,0.0,0.0,0.0,0.0,0.0,0.0,0.0,0.0,0.0,0.0,0.0,0.0,0.0,0.0,0.0,0.0,0.0,0.0,0.0,0.0,0.0,0.0,0.0,0.0,0.0,0.0,0.0,0.0,0.0,0.0,0.0,0.0,0.0,0.0,0.0,0.0,0.0,0.0,0.0,0.0,0.0,0.0,0.0,0.0,0.0,0.0,0.0,0.0,0.0,0.0,0.0,0.0,0.0,0.0,0.0,0.0,0.0,0.0,0.0,0.0,0.0,0.0,0.0,0.0,0.0,0.0,0.0,0.0,0.0,0.0,0.0,0.0,0.0,0.0,0.0,0.0,0.0,0.0,0.0,0.0,0.0,0.0,0.0,0.0
0.0,0.0,0.0,0.0,0.0,0.0,0.0,0.0,0.0,0.0,0.0,0.0,0.0,0.0,0.0,0.0,0.0,0.0,0.0,0.0,0.0,0.0,0.0,0.0,0.0,0.0,0.0,0.0,0.0,0.0,0.0,0.0,0.0,0.0,0.0,0.0,0.0,0.0,0.0,0.0,0.0,0.0,0.0,0.0,0.0,0.0,0.0,0.0,0.0,0.0,0.0,0.0,0.0,0.0,0.0,0.0,0.0,0.0,0.0,0.0,0.0,0.0,0.0,0.0,0.0,0.0,0.0,0.0,0.0,0.0,0.0,0.0,0.0,0.0,0.0,0.0,0.0,0.0,0.0,0.0,0.0,0.0,0.0,0.0,0.0
0.0,0.0,0.0,0.0,0.0,0.0,0.0,0.0,0.0,0.0,0.0,0.0,0.0,0.0,0.0,0.0,0.0,0.0,0.0,0.0,0.0,0.0,0.0,0.0,0.0,0.0,0.0,0.0,0.0,0.0,0.0,0.0,0.0,0.0,0.0,0.0,0.0,0.0,0.0,0.0,0.0,0.0,0.0,0.0,0.0,0.0,0.0,0.0,0.0,0.0,0.0,0.0,0.0,0.0,0.0,0.0,0.0,0.0,0.0,0.0,0.0,0.0,0.0,0.0,0.0,0.0,0.0,0.0,0.0,0.0,0.0,0.0,0.0,0.0,0.0,0.0,0.0,0.0,0.0,0.0,0.0,0.0,0.0,0.0,0.0
0.0,0.0,0.0,0.0,0.0,0.0,0.0,0.0,0.0,0.0,0.0,0.0,0.0,0.0,0.0,0.0,0.0,0.0,0.0,0.0,0.0,0.0,0.0,0.0,0.0,0.0,0.0,0.0,0.0,0.0,0.0,0.0,0.0,0.0,0.0,0.0,0.0,0.0,0.0,0.0,0.0,0.0,0.0,0.0,0.0,0.0,0.0,0.0,0.0,0.0,0.0,0.0,0.0,0.0,0.0,0.0,0.0,0.0,0.0,0.0,0.0,0.0,0.0,0.0,0.0,0.0,0.0,0.0,0.0,0.0,0.0,0.0,0.0,0.0,0.0,0.0,0.0,0.0,0.0,0.0,0.0,0.0,0.0,0.0,0.0
0.0,0.0,0.0,0.0,0.0,0.0,0.0,0.0,0.0,0.0,0.0,0.0,0.0,0.0,0.0,0.0,0.0,0.0,0.0,0.0,0.0,0.0,0.0,0.0,0.0,0.0,0.0,0.0,0.0,0.0,0.0,0.0,0.0,0.0,0.0,0.0,0.0,0.0,0.0,0.0,0.0,0.0,0.0,0.0,0.0,0.0,0.0,0.0,0.0,0.0,0.0,0.0,0.0,0.0,0.0,0.0,0.0,0.0,0.0,0.0,0.0,0.0,0.0,0.0,0.0,0.0,0.0,0.0,0.0,0.0,0.0,0.0,0.0,0.0,0.0,0.0,0.0,0.0,0.0,0.0,0.0,0.0,0.0,0.0,0.0
0.0,0.0,0.0,0.0,0.0,0.0,0.0,0.0,0.0,0.0,0.0,0.0,0.0,0.0,0.0,0.0,0.0,0.0,0.0,0.0,0.0,0.0,0.0,0.0,0.0,0.0,0.0,0.0,0.0,0.0,0.0,0.0,0.0,0.0,0.0,0.0,0.0,0.0,0.0,0.0,0.0,0.0,0.0,0.0,0.0,0.0,0.0,0.0,0.0,0.0,0.0,0.0,0.0,0.0,0.0,0.0,0.0,0.0,0.0,0.0,0.0,0.0,0.0,0.0,0.0,0.0,0.0,0.0,0.0,0.0,0.0,0.0,0.0,0.0,0.0,0.0,0.0,0.0,0.0,0.0,0.0,0.0,0.0,0.0,0.0
0.0,0.0,0.0,0.0,0.0,0.0,0.0,0.0,0.0,0.0,0.0,0.0,0.0,0.0,0.0,0.0,0.0,0.0,0.0,0.0,0.0,0.0,0.0,0.0,0.0,0.0,0.0,0.0,0.0,0.0,0.0,0.0,0.0,0.0,0.0,0.0,0.0,0.0,0.0,0.0,0.0,0.0,0.0,0.0,0.0,0.0,0.0,0.0,0.0,0.0,0.0,0.0,0.0,0.0,0.0,0.0,0.0,0.0,0.0,0.0,0.0,0.0,0.0,0.0,0.0,0.0,0.0,0.0,0.0,0.0,0.0,0.0,0.0,0.0,0.0,0.0,0.0,0.0,0.0,0.0,0.0,0.0,0.0,0.0,0.0
0.0,0.0,0.0,0.0,0.0,0.0,0.0,0.0,0.0,0.0,0.0,0.0,0.0,0.0,0.0,0.0,0.0,0.0,0.0,0.0,0.0,0.0,0.0,0.0,0.0,0.0,0.0,0.0,0.0,0.0,0.0,0.0,0.0,0.0,0.0,0.0,0.0,0.0,0.0,0.0,0.0,0.0,0.0,0.0,0.0,0.0,0.0,0.0,0.0,0.0,0.0,0.0,0.0,0.0,0.0,0.0,0.0,0.0,0.0,0.0,0.0,0.0,0.0,0.0,0.0,0.0,0.0,0.0,0.0,0.0,0.0,0.0,0.0,0.0,0.0,0.0,0.0,0.0,0.0,0.0,0.0,0.0,0.0,0.0,0.0
0.0,0.0,0.0,0.0,0.0,0.0,0.0,0.0,0.0,0.0,0.0,0.0,0.0,0.0,0.0,0.0,0.0,0.0,0.0,0.0,0.0,0.0,0.0,0.0,0.0,0.0,0.0,0.0,0.0,0.0,0.0,0.0,0.0,0.0,0.0,0.0,0.0,0.0,0.0,0.0,0.0,0.0,0.0,0.0,0.0,0.0,0.0,0.0,0.0,0.0,0.0,0.0,0.0,0.0,0.0,0.0,0.0,0.0,0.0,0.0,0.0,0.0,0.0,0.0,0.0,0.0,0.0,0.0,0.0,0.0,0.0,0.0,0.0,0.0,0.0,0.0,0.0,0.0,0.0,0.0,0.0,0.0,0.0,0.0,0.0
0.0,0.0,0.0,0.0,0.0,0.0,0.0,0.0,0.0,0.0,0.0,0.0,0.0,0.0,0.0,0.0,0.0,0.0,0.0,0.0,0.0,0.0,0.0,0.0,0.0,0.0,0.0,0.0,0.0,0.0,0.0,0.0,0.0,0.0,0.0,0.0,0.0,0.0,0.0,0.0,0.0,0.0,0.0,0.0,0.0,0.0,0.0,0.0,0.0,0.0,0.0,0.0,0.0,0.0,0.0,0.0,0.0,0.0,0.0,0.0,0.0,0.0,0.0,0.0,0.0,0.0,0.0,0.0,0.0,0.0,0.0,0.0,0.0,0.0,0.0,0.0,0.0,0.0,0.0,0.0,0.0,0.0,0.0,0.0,0.0
0.0,0.0,0.0,0.0,0.0,0.0,0.0,0.0,0.0,0.0,0.0,0.0,0.0,0.0,0.0,0.0,0.0,0.0,0.0,0.0,0.0,0.0,0.0,0.0,0.0,0.0,0.0,0.0,0.0,0.0,0.0,0.0,0.0,0.0,0.0,0.0,0.0,0.0,0.0,0.0,0.0,0.0,0.0,0.0,0.0,0.0,0.0,0.0,0.0,0.0,0.0,0.0,0.0,0.0,0.0,0.0,0.0,0.0,0.0,0.0,0.0,0.0,0.0,0.0,0.0,0.0,0.0,0.0,0.0,0.0,0.0,0.0,0.0,0.0,0.0,0.0,0.0,0.0,0.0,0.0,0.0,0.0,0.0,0.0,0.0
0.0,0.0,0.0,0.0,0.0,0.0,0.0,0.0,0.0,0.0,0.0,0.0,0.0,0.0,0.0,0.0,0.0,0.0,0.0,0.0,0.0,0.0,0.0,0.0,0.0,0.0,0.0,0.0,0.0,0.0,0.0,0.0,0.0,0.0,0.0,0.0,0.0,0.0,0.0,0.0,0.0,0.0,0.0,0.0,0.0,0.0,0.0,0.0,0.0,0.0,0.0,0.0,0.0,0.0,0.0,0.0,0.0,0.0,0.0,0.0,0.0,0.0,0.0,0.0,0.0,0.0,0.0,0.0,0.0,0.0,0.0,0.0,0.0,0.0,0.0,0.0,0.0,0.0,0.0,0.0,0.0,0.0,0.0,0.0,0.0
0.0,0.0,0.0,0.0,0.0,0.0,0.0,0.0,0.0,0.0,0.0,0.0,0.0,0.0,0.0,0.0,0.0,0.0,0.0,0.0,0.0,0.0,0.0,0.0,0.0,0.0,0.0,0.0,0.0,0.0,0.0,0.0,0.0,0.0,0.0,0.0,0.0,0.0,0.0,0.0,0.0,0.0,0.0,0.0,0.0,0.0,0.0,0.0,0.0,0.0,0.0,0.0,0.0,0.0,0.0,0.0,0.0,0.0,0.0,0.0,0.0,0.0,0.0,0.0,0.0,0.0,0.0,0.0,0.0,0.0,0.0,0.0,0.0,0.0,0.0,0.0,0.0,0.0,0.0,0.0,0.0,0.0,0.0,0.0,0.0
0.0,0.0,0.0,0.0,0.0,0.0,0.0,0.0,0.0,0.0,0.0,0.0,0.0,0.0,0.0,0.0,0.0,0.0,0.0,0.0,0.0,0.0,0.0,0.0,0.0,0.0,0.0,0.0,0.0,0.0,0.0,0.0,0.0,0.0,0.0,0.0,0.0,0.0,0.0,0.0,0.0,0.0,0.0,0.0,0.0,0.0,0.0,0.0,0.0,0.0,0.0,0.0,0.0,0.0,0.0,0.0,0.0,0.0,0.0,0.0,0.0,0.0,0.0,0.0,0.0,0.0,0.0,0.0,0.0,0.0,0.0,0.0,0.0,0.0,0.0,0.0,0.0,0.0,0.0,0.0,0.0,0.0,0.0,0.0,0.0
0.0,0.0,0.0,0.0,0.0,0.0,0.0,0.0,0.0,0.0,0.0,0.0,0.0,0.0,0.0,0.0,0.0,0.0,0.0,0.0,0.0,0.0,0.0,0.0,0.0,0.0,0.0,0.0,0.0,0.0,0.0,0.0,0.0,0.0,0.0,0.0,0.0,0.0,0.0,0.0,0.0,0.0,0.0,0.0,0.0,0.0,0.0,0.0,0.0,0.0,0.0,0.0,0.0,0.0,0.0,0.0,0.0,0.0,0.0,0.0,0.0,0.0,0.0,0.0,0.0,0.0,0.0,0.0,0.0,0.0,0.0,0.0,0.0,0.0,0.0,0.0,0.0,0.0,0.0,0.0,0.0,0.0,0.0,0.0,0.0
0.0,0.0,0.0,0.0,0.0,0.0,0.0,0.0,0.0,0.0,0.0,0.0,0.0,0.0,0.0,0.0,0.0,0.0,0.0,0.0,0.0,0.0,0.0,0.0,0.0,0.0,0.0,0.0,0.0,0.0,0.0,0.0,0.0,0.0,0.0,0.0,0.0,0.0,0.0,0.0,0.0,0.0,0.0,0.0,0.0,0.0,0.0,0.0,0.0,0.0,0.0,0.0,0.0,0.0,0.0,0.0,0.0,0.0,0.0,0.0,0.0,0.0,0.0,0.0,0.0,0.0,0.0,0.0,0.0,0.0,0.0,0.0,0.0,0.0,0.0,0.0,0.0,0.0,0.0,0.0,0.0,0.0,0.0,0.0,0.0
0.0,0.0,0.0,0.0,0.0,0.0,0.0,0.0,0.0,0.0,0.0,0.0,0.0,0.0,0.0,0.0,0.0,0.0,0.0,0.0,0.0,0.0,0.0,0.0,0.0,0.0,0.0,0.0,0.0,0.0,0.0,0.0,0.0,0.0,0.0,0.0,0.0,0.0,0.0,0.0,0.0,0.0,0.0,0.0,0.0,0.0,0.0,0.0,0.0,0.0,0.0,0.0,0.0,0.0,0.0,0.0,0.0,0.0,0.0,0.0,0.0,0.0,0.0,0.0,0.0,0.0,0.0,0.0,0.0,0.0,0.0,0.0,0.0,0.0,0.0,0.0,0.0,0.0,0.0,0.0,0.0,0.0,0.0,0.0,0.0
0.0,0.0,0.0,0.0,0.0,0.0,0.0,0.0,0.0,0.0,0.0,0.0,0.0,0.0,0.0,0.0,0.0,0.0,0.0,0.0,0.0,0.0,0.0,0.0,0.0,0.0,0.0,0.0,0.0,0.0,0.0,0.0,0.0,0.0,0.0,0.0,0.0,0.0,0.0,0.0,0.0,0.0,0.0,0.0,0.0,0.0,0.0,0.0,0.0,0.0,0.0,0.0,0.0,0.0,0.0,0.0,0.0,0.0,0.0,0.0,0.0,0.0,0.0,0.0,0.0,0.0,0.0,0.0,0.0,0.0,0.0,0.0,0.0,0.0,0.0,0.0,0.0,0.0,0.0,0.0,0.0,0.0,0.0,0.0,0.0
20230823.0,2.023082313025509e+16,2.696,2.695,2.694,2.693,2.692,37000.0,49100.0,310700.0,355900.0,526000.0,2.454,2.722,2.697,2.694,-40700.0,-280000.0,-750700.0,-846300.0,-663600.0,2.697,2.698,2.699,2.7,2.701,3700.0,230900.0,440000.0,490400.0,137600.0,2.717,2.727,-0.0299999999999998,-0.0019999999999997,96480978.908,35676316.0,3.0,3700.0,230900.0,440000.0,490400.0,137600.0,0.0,0.0,132159.20000000298,-0.0009999999999998,-37000.0,-49100.0,-310700.0,-355900.0,-526000.0,0.0020000000000002,0.0010000000000003,2.697,0.0,0.0,7.273809,1272799523331856.0,0.0,0.0,2.697,0.0,0.0,-0.000775109464297,2.697,2.6965000000000003,1303.0,2.697,0.0003708511032819,0.0011125533098461,0.0,159901.0,1302600.0,1278700.0,23900.0,2581300.0,0.1856474479132028,0.1510484723739352,49000.0,23900.0,2.6971265306123056,2.6969090909090907,2.699404805773069,2.692995229529992
20230823.0,2.0230823130355104e+16,2.696,2.695,2.694,2.693,2.692,200.0,9200.0,206700.0,255900.0,475900.0,2.454,2.722,2.696,2.694,-262100.0,-326200.0,-404000.0,-809800.0,-124400.0,2.697,2.698,2.699,2.7,2.703,221600.0,290000.0,200000.0,628000.0,56100.0,2.717,2.727,-0.0309999999999996,-0.0009999999999998,96668370.908,35745816.0,3.0,221600.0,290000.0,200000.0,628000.0,56100.0,0.0004444444444442,9205.555555552244,187392.0,-0.0009999999999998,-40500.0,-36200.0,-204000.0,-181800.0,-68300.0,0.0020000000000002,0.0010000000000003,2.696,1.0,2.0,7.2768064444444445,2.292864942016581e+16,12.0,6.0,2.698,0.0009999999999998,0.0,-0.0001108260677615,2.696,2.6965000000000003,1304.0,2.697,0.0003708511032819,0.0011125533098461,-1328290.663350973,159901.0,1395700.0,947900.0,447800.0,2343600.0,0.1879840314644579,0.1650826345741669,69500.0,447800.0,2.6962877697841727,2.696000901713256,2.699085405173032,2.6927360481063403
20230823.0,2.023082313045505e+16,2.695,2.694,2.693,2.692,2.691,72700.0,126700.0,267900.0,319400.0,492400.0,2.454,2.722,2.696,2.694,-133400.0,-304600.0,-757900.0,-637400.0,-752500.0,2.696,2.697,2.698,2.699,2.7,60700.0,177900.0,490000.0,318000.0,260100.0,2.717,2.727,-0.0309999999999996,0.0,96759226.108,35779516.0,3.0,60700.0,177900.0,490000.0,318000.0,260100.0,4.440892098500626e-16,4256.25,90585.59999999404,-0.0009999999999998,-72700.0,-126700.0,-267900.0,-319400.0,-492400.0,0.0019999999999997,0.0009999999999998,2.696,0.0,0.0,7.268416000000001,2.0477909331358896e+16,0.0,16.0,2.696,0.0,125.0,-0.0001689612786623,2.696,2.6955,1305.0,2.696,0.0003709886848452,0.0011129660545353,0.0,159901.0,1306700.0,1279100.0,27600.0,2585800.0,0.1675577173864783,0.1502068053948786,33600.0,27600.0,2.6959999999998225,2.6955449775112443,2.6984124129486493,2.6921931045266203
20230823.0,2.0230823130555148e+16,2.694,2.693,2.692,2.691,2.69,212400.0,213000.0,298700.0,548500.0,711400.0,2.454,2.722,2.695,2.694,-435900.0,-313700.0,-636600.0,-956500.0,-1171500.0,2.695,2.696,2.697,2.698,2.699,223500.0,100700.0,337900.0,408000.0,460100.0,2.717,2.727,-0.032,-0.0010000000000003,97096101.108,35904516.0,3.0,223500.0,100700.0,337900.0,408000.0,460100.0,0.0002631578947371,43215.78947368264,336875.0,-0.0010000000000003,-212400.0,-213000.0,-298700.0,-548500.0,-711400.0,0.0020000000000002,0.0009999999999998,2.695,0.0,1.0,7.264443684210526,2.4431950238709664e+16,5.0,14.0,2.696,0.0005000000000001,94000.0,-0.0004999349244353,2.695,2.6945,1306.0,2.696,0.0003711263685284,0.0011133791055854,-1329777.9591841176,159901.0,1530200.0,1984000.0,-453800.0,3514200.0,0.1513008381036269,0.1357032042204485,125000.0,453800.0,2.695,2.6944872677219545,2.697510064043916,2.6913278729838708
20230823.0,2.023082313065512e+16,2.694,2.693,2.692,2.691,2.69,18800.0,216700.0,298700.0,523900.0,512400.0,2.454,2.722,2.695,2.694,-75700.0,263700.0,275400.0,1028100.0,-249000.0,2.696,2.697,2.698,2.699,2.7,117900.0,260000.0,415400.0,1052700.0,50000.0,2.717,2.727,-0.032,0.0,97797070.508,36164616.0,3.0,-117900.0,-260000.0,-415400.0,-1052700.0,-50000.0,5.263157894708215e-05,41784.21052631736,700969.400000006,-0.0009999999999998,-193600.0,3700.0,-140000.0,-24600.0,-299000.0,0.0019999999999997,0.0009999999999998,2.695,1.0,1.0,7.262741368421051,2.4742415734044864e+16,18.0,1.0,2.695,0.0,31000.0,-7.723918643243177e-05,2.694,2.6950000000000003,1307.0,2.695,0.0007421150278293,0.0014842300556586,-493.8978806748055,159901.0,1896000.0,1570500.0,325500.0,3466500.0,0.1178997374602334,0.0743558794882537,260100.0,325500.0,2.6949996155325104,2.694275054864667,2.698346466244726,2.691175803884113
20230823.0,2.023082313075508e+16,2.695,2.694,2.693,2.692,2.691,37400.0,131500.0,218300.0,537900.0,543400.0,2.454,2.722,2.695,2.694,415300.0,281500.0,642800.0,781500.0,599700.0,2.697,2.698,2.699,2.7,2.703,377900.0,150000.0,424500.0,243600.0,56300.0,2.717,2.727,-0.032,0.0,97856881.108,36186816.0,3.0,-377900.0,-150000.0,-424500.0,-243600.0,-56300.0,0.0001578947368416,8747.368421055377,59810.59999999404,-0.0009999999999998,37400.0,131500.0,218300.0,537900.0,543400.0,0.0019999999999997,0.0009999999999998,2.695,1.0,1.0,7.262174105263157,2.4861734156360064e+16,16.0,3.0,2.695,0.0,20300.0,0.000119231843897,2.694,2.696,1308.0,2.695,0.0007418397626113,0.0014836795252225,-357.3641418500338,159901.0,1252300.0,1468500.0,-216200.0,2720800.0,0.1286624089855752,0.0638066901711815,22200.0,216200.0,2.6941711711709027,2.695180110763303,2.698651042082568,2.6920341164453525
20230823.0,2.023082313085249e+16,2.694,2.693,2.692,2.691,2.69,26000.0,181600.0,192700.0,408500.0,617600.0,2.454,2.722,2.695,2.694,-29200.0,-531600.0,-470600.0,-957400.0,-736800.0,2.695,2.696,2.697,2.698,2.699,3200.0,350000.0,277900.0,548900.0,119200.0,2.717,2.727,-0.032,0.0,97995134.608,36238116.0,3.0,3200.0,350000.0,277900.0,548900.0,119200.0,0.0,23618.181818179783,138253.5,-0.0010000000000003,-26000.0,-181600.0,-192700.0,-408500.0,-617600.0,0.0020000000000002,0.0009999999999998,2.695,0.0,0.0,7.263024999999999,1.4426393372690416e+16,0.0,0.0,2.695,0.0,41250.0,-0.0001229229938494,2.695,2.6945,1309.0,2.695,0.0003711263685284,0.0011133791055854,0.0,159901.0,1299200.0,1426400.0,-127200.0,2725600.0,0.129058318234938,0.0647700446477785,51300.0,127200.0,2.695,2.694890410958904,2.697331665640394,2.691011427369602
20230823.0,2.02308231309551e+16,2.694,2.693,2.692,2.691,2.69,44900.0,103000.0,229900.0,411800.0,574300.0,2.454,2.722,2.694,2.694,-77900.0,121400.0,-62800.0,181800.0,-81800.0,2.695,2.696,2.697,2.698,2.699,100000.0,327900.0,340000.0,405600.0,122500.0,2.717,2.727,-0.0329999999999999,-0.0009999999999998,98835323.808,36549916.0,3.0,96800.0,-200000.0,100000.0,-240900.0,40900.0,5.263157894708215e-05,78663.15789473802,840189.200000003,-0.0010000000000003,18900.0,-78600.0,37200.0,-59100.0,-40900.0,0.0020000000000002,0.0009999999999998,2.694,1.0,1.0,7.257919631578949,2.5088990409238064e+16,1.0,18.0,2.695,0.0,98600.0,-0.0002154464692047,2.694,2.6945,1310.0,2.694,0.0003711263685284,0.0011133791055854,-1212.2963556752077,159901.0,1296000.0,1363900.0,-67900.0,2659900.0,0.1372281780710236,0.0838379078331382,311800.0,67900.0,2.694641436818483,2.694309868875086,2.6970946759259258,2.6909972871911427
20230823.0,2.023082313105511e+16,2.694,2.693,2.692,2.691,2.69,14100.0,257800.0,231200.0,404800.0,578400.0,2.454,2.722,2.694,2.694,395000.0,494800.0,935800.0,368400.0,-71800.0,2.696,2.697,2.698,2.699,2.7,425800.0,340000.0,934500.0,293600.0,6000.0,2.717,2.727,-0.0329999999999999,0.0,99209844.008,36688916.0,3.0,-425800.0,-340000.0,-934500.0,-293600.0,-6000.0,0.0002105263157901,21505.263157896698,374520.200000003,-0.0009999999999998,-30800.0,154800.0,1300.0,74800.0,-77800.0,0.0019999999999997,0.0009999999999998,2.694,2.0,2.0,7.258770631578948,2.5496897020101664e+16,3.0,16.0,2.696,0.0,68200.0,-6.171491673401253e-05,2.694,2.6950000000000003,1311.0,2.694,0.0007421150278293,0.0014842300556586,-5633.998648425564,159901.0,1999900.0,1486300.0,513600.0,3486200.0,0.1378485984601274,0.0640286628581825,139000.0,513600.0,2.6943899280575754,2.694064105478518,2.6975569778488926,2.6911417614209783
20230823.0,2.0230823131137096e+16,2.693,2.692,2.691,2.69,2.689,267000.0,151200.0,531800.0,534900.0,152300.0,2.454,2.722,2.694,2.694,-267200.0,-158600.0,-857400.0,-952900.0,-1165300.0,2.694,2.695,2.696,2.697,2.698,200.0,7400.0,325600.0,418000.0,1013000.0,2.717,2.727,-0.0329999999999999,0.0,99298746.408,36721916.0,3.0,200.0,7400.0,325600.0,418000.0,1013000.0,0.0007272727272726,14381.818181820214,88902.40000000596,-0.0009999999999998,-267000.0,-151200.0,-531800.0,-534900.0,-152300.0,0.0019999999999997,0.0009999999999998,2.694,1.0,1.0,7.2615560000000015,1.4821875325799216e+16,4.0,7.0,2.696,0.0020000000000002,18500.0,-2.4073206723262963e-05,2.694,2.6935,1312.0,2.694,0.0003712641544458,0.0011137924633375,-3387.3888341831043,159901.0,1764200.0,1637200.0,127000.0,3401400.0,0.1260300400201926,0.0875012725194896,33000.0,127000.0,2.694012121212302,2.6939992514970057,2.6973809091939684,2.6909057537258736
20230823.0,2.0230823131252468e+16,2.696,2.695,2.694,2.693,2.692,40000.0,246600.0,28700.0,651600.0,535900.0,2.454,2.722,2.697,2.694,250000.0,771100.0,477400.0,896500.0,597900.0,2.698,2.699,2.7,2.701,2.703,210000.0,524500.0,448700.0,244900.0,62000.0,2.717,2.727,-0.0299999999999998,0.0030000000000001,100304550.208,37094916.0,3.0,-210000.0,-524500.0,-448700.0,-244900.0,-62000.0,0.0007857142857141,41571.42857142538,1005803.799999997,-0.0009999999999998,40000.0,246600.0,28700.0,651600.0,535900.0,0.0020000000000002,0.0010000000000003,2.697,4.0,1.0,7.261870785714286,1.8924152200124384e+16,8.0,6.0,2.697,0.0009999999999998,26150.0,0.0008610802210814,2.694,2.697,1313.0,2.694,0.0007415647015201,0.0014831294030404,4104628.267719697,159901.0,1490100.0,1502800.0,-12700.0,2992900.0,0.1383894442250442,0.0944405659419277,373000.0,12700.0,2.696524932975864,2.69632,2.6996553251459634,2.693070535001331
20230823.0,2.023082313133448e+16,2.699,2.698,2.697,2.696,2.695,189700.0,140500.0,417100.0,512900.0,64700.0,2.454,2.722,2.7,2.694,195500.0,144500.0,694900.0,782800.0,445300.0,2.7,2.701,2.702,2.703,2.704,5800.0,4000.0,277800.0,269900.0,380600.0,2.717,2.727,-0.0269999999999996,0.0030000000000001,100669557.408,37230216.0,3.0,-5800.0,-4000.0,-277800.0,-269900.0,-380600.0,0.0014166666666666,33841.66666666418,365007.200000003,-0.0009999999999998,189700.0,140500.0,417100.0,512900.0,64700.0,0.0019999999999997,0.0009999999999998,2.7,3.0,1.0,7.281453916666668,1.6602460343601872e+16,6.0,6.0,2.7,0.00225,65925.0,0.0013152955736958,2.697,2.6995,1314.0,2.697,0.0003704389701797,0.001111316910539,4134969.9757617977,159901.0,938100.0,1324900.0,-386800.0,2263000.0,0.151938597395315,0.1534781690679721,135300.0,386800.0,2.697762010347398,2.699970332480819,2.7030825071953952,2.696907615669107
20230823.0,2.0230823131416536e+16,2.702,2.701,2.7,2.699,2.698,40500.0,323000.0,150000.0,386100.0,1047900.0,2.454,2.722,2.702,2.694,52400.0,608400.0,609100.0,800500.0,1199100.0,2.703,2.704,2.705,2.706,2.707,11900.0,285400.0,459100.0,414400.0,151200.0,2.717,2.727,-0.0249999999999999,0.0019999999999997,100799143.708,37278216.0,3.0,-11900.0,-285400.0,-459100.0,-414400.0,-151200.0,0.0004999999999999,1550.0,11344.29999999702,-0.0010000000000003,40500.0,323000.0,150000.0,386100.0,1047900.0,0.0020000000000002,0.0009999999999998,2.702,2.0,0.0,7.294501166666667,8337276623408736.0,4.0,2.0,2.702,0.00075,3300.0,0.000670438086995,2.7,2.7025,1315.0,2.7,0.0003700277520813,0.0011100832562442,2759779.1733792955,159901.0,1322000.0,1947500.0,-625500.0,3269500.0,0.1697111522341848,0.1615466399394889,4200.0,625500.0,2.7010238095231,2.7027729007633585,2.7053083207261723,2.698933042362002
20230823.0,2.0230823131510344e+16,2.701,2.7,2.699,2.698,2.697,72300.0,155000.0,204000.0,505900.0,142100.0,2.454,2.722,2.703,2.694,-40000.0,-417300.0,-359800.0,-1065000.0,-168500.0,2.702,2.703,2.704,2.705,2.706,40000.0,339400.0,397700.0,923000.0,310500.0,2.717,2.727,-0.024,0.0,101881557.108,37678916.0,3.0,40000.0,339400.0,397700.0,923000.0,310500.0,0.0,0.0,0.0,-0.0009999999999998,0.0,-77900.0,37900.0,-142000.0,142000.0,0.0019999999999997,0.0009999999999998,2.703,0.0,0.0,7.306208999999999,5678802843740224.0,0.0,0.0,2.703,0.0,0.0,3.556562692441645e-05,2.703,2.7015,1316.0,2.703,0.0003701647233018,0.0011104941699054,0.0,159901.0,2010600.0,1079300.0,931300.0,3089900.0,0.168108605633872,0.1794518424246934,0.0,931300.0,0.0,2.7016438112199466,2.704559335521735,2.6985455387751323
20230823.0,2.023082313162211e+16,2.697,2.696,2.695,2.694,2.693,43700.0,92200.0,292600.0,346900.0,341800.0,2.454,2.722,2.697,2.694,-44400.0,-303200.0,-592600.0,-862200.0,-494400.0,2.699,2.7,2.701,2.702,2.703,700.0,211000.0,300000.0,515300.0,152600.0,2.717,2.727,-0.0299999999999998,-0.0019999999999997,102648681.008,37963116.0,3.0,700.0,211000.0,300000.0,515300.0,152600.0,0.0003333333333332,25233.333333335817,434916.299999997,-0.0010000000000003,-43700.0,-92200.0,-292600.0,-346900.0,-341800.0,0.0020000000000002,0.0009999999999998,2.697,0.0,1.0,7.282802333333333,8592732393361536.0,5.0,1.0,2.699,0.0,15700.0,-0.0003757359981565,2.697,2.698,1317.0,2.699,0.000741289844329,0.0014825796886582,-2815210.678531392,159901.0,1179600.0,1117200.0,62400.0,2296800.0,0.1607483322173797,0.1725907066525986,161200.0,62400.0,2.6979919354838526,2.6989684684684683,2.701515513733469,2.6942383637665595
20230823.0,2.0230823131755784e+16,2.701,2.7,2.699,2.698,2.697,121500.0,491700.0,1048800.0,364500.0,190300.0,2.454,2.722,2.7,2.694,269200.0,670500.0,1387900.0,768200.0,290700.0,2.704,2.705,2.706,2.707,2.708,147700.0,178800.0,339100.0,403700.0,100400.0,2.717,2.727,-0.0269999999999996,0.0030000000000001,102716137.008,37988116.0,3.0,-147700.0,-178800.0,-339100.0,-403700.0,-100400.0,0.0004999999999992,1950.0,67456.0,-0.0009999999999998,121500.0,491700.0,1048800.0,364500.0,190300.0,0.0019999999999997,0.0009999999999998,2.7,3.0,0.0,7.287300944444447,2.597307911923701e+16,12.0,6.0,2.7,0.0010000000000003,1000.0,0.0012570691826897,2.697,2.7025,1318.0,2.697,0.0011100832562442,0.0018501387604069,4222210.333820617,159901.0,1169700.0,2216800.0,-1047100.0,3386500.0,0.1598864354204715,0.1577880521210616,25000.0,1047100.0,2.69824,2.702354011887073,2.706111396084466,2.698995308552869
20230823.0,2.0230823131855228e+16,2.7,2.699,2.698,2.697,2.696,53700.0,130100.0,307900.0,420100.0,292400.0,2.454,2.722,2.701,2.694,-55400.0,-347900.0,-427700.0,-917800.0,-571200.0,2.701,2.702,2.703,2.704,2.705,1700.0,217800.0,119800.0,497700.0,278800.0,2.717,2.727,-0.0259999999999998,0.0009999999999998,102962746.308,38079416.0,3.0,1700.0,217800.0,119800.0,497700.0,278800.0,5.263157894708215e-05,11394.736842103302,246609.29999999705,-0.0009999999999998,-53700.0,-130100.0,-307900.0,-420100.0,-292400.0,0.0020000000000002,0.0010000000000003,2.701,2.0,1.0,7.295116842105262,2.7462169744746464e+16,17.0,2.0,2.702,0.0,23500.0,-0.0004340474152787,2.7,2.7005,1319.0,2.7,0.0003703017959636,0.0011109053878911,1405377.136630712,159901.0,1115800.0,1204200.0,-88400.0,2320000.0,0.1415887680895396,0.1361517485917885,91300.0,88400.0,2.7010876232201206,2.700969314079422,2.703747535400609,2.6973627304434475
0.0,0.0,0.0,0.0,0.0,0.0,0.0,0.0,0.0,0.0,0.0,0.0,0.0,0.0,0.0,0.0,0.0,0.0,0.0,0.0,0.0,0.0,0.0,0.0,0.0,0.0,0.0,0.0,0.0,0.0,0.0,0.0,0.0,0.0,0.0,0.0,0.0,0.0,0.0,0.0,0.0,0.0,0.0,0.0,0.0,0.0,0.0,0.0,0.0,0.0,0.0,0.0,0.0,0.0,0.0,0.0,0.0,0.0,0.0,0.0,0.0,0.0,0.0,0.0,0.0,0.0,0.0,0.0,0.0,0.0,0.0,0.0,0.0,0.0,0.0,0.0,0.0,0.0,0.0,0.0,0.0,0.0,0.0,0.0,0.0
20230823.0,2.023082313204615e+16,2.696,2.695,2.694,2.693,2.692,42300.0,243900.0,316400.0,514800.0,357800.0,2.454,2.722,2.697,2.694,-320200.0,-638400.0,-811900.0,-642700.0,-417600.0,2.699,2.7,2.701,2.702,2.703,277900.0,394500.0,495500.0,127900.0,59800.0,2.717,2.727,-0.0299999999999998,-0.0030000000000001,104199611.208,38537716.0,3.0,277900.0,394500.0,495500.0,127900.0,59800.0,0.0013124999999991,150962.5,1163694.700000003,-0.0010000000000003,-42300.0,-243900.0,-316400.0,-514800.0,-357800.0,0.0020000000000006,0.0010000000000003,2.697,1.0,2.0,7.280892187500001,2.3577184428933696e+16,6.0,10.0,2.7,0.0030000000000001,393800.0,-0.0014144906980465,2.697,2.6975,1321.0,2.7,0.0011121408711768,0.0018535681186284,-4281472.626010503,159901.0,1355600.0,1475200.0,-119600.0,2830800.0,0.1488182389603355,0.1498171440736155,431200.0,119600.0,2.6987353896103965,2.696396314803248,2.700481557981705,2.69338862527115
20230823.0,2.02308231321401e+16,2.695,2.694,2.693,2.692,2.691,400.0,30100.0,307200.0,542000.0,493400.0,2.454,2.722,2.695,2.694,-199400.0,-268000.0,-657200.0,-1019200.0,-584300.0,2.696,2.697,2.698,2.699,2.7,199000.0,237900.0,350000.0,477200.0,90900.0,2.717,2.727,-0.032,-0.0020000000000002,104509050.808,38652516.0,3.0,199000.0,237900.0,350000.0,477200.0,90900.0,0.0002857142857144,42100.0,309439.59999999404,-0.0009999999999998,-400.0,-30100.0,-307200.0,-542000.0,-493400.0,0.0019999999999997,0.0009999999999998,2.695,0.0,2.0,7.266875857142858,2.0844915921455184e+16,9.0,5.0,2.697,0.0010000000000003,81900.0,-0.0003963676386179,2.695,2.6955,1322.0,2.697,0.0003709886848452,0.0011129660545353,-2862209.184444533,159901.0,1355000.0,1373100.0,-18100.0,2728100.0,0.1316760144448562,0.1286814624209845,114800.0,18100.0,2.695466898954652,2.695002006018054,2.69801704797048,2.691909110771248
20230823.0,2.0230823132258064e+16,2.694,2.693,2.692,2.691,2.69,64300.0,228300.0,307300.0,514700.0,569200.0,2.454,2.722,2.694,2.694,19100.0,-31100.0,-213700.0,-135200.0,179300.0,2.695,2.696,2.697,2.698,2.699,15000.0,309000.0,377900.0,545600.0,122500.0,2.717,2.727,-0.0329999999999999,-0.0009999999999998,104712233.808,38727916.0,3.0,11300.0,32100.0,217900.0,37600.0,-37600.0,4.999999999988347e-05,19765.0,161141.0,-0.0010000000000003,30400.0,1000.0,4200.0,-97600.0,141700.0,0.0020000000000002,0.0009999999999998,2.694,0.0,1.0,7.262755549999999,2.993505070422872e+16,19.0,1.0,2.695,0.0,37800.0,-3.367558209343979e-05,2.694,2.6945,1323.0,2.695,0.0003711263685284,0.0011133791055854,-1437561.8411282753,159901.0,1370000.0,1683800.0,-313800.0,3053800.0,0.1254617948139204,0.1215818431796401,59800.0,313800.0,2.694665551839465,2.694810844892812,2.6973296350364966,2.6912301936096927
0.0,0.0,0.0,0.0,0.0,0.0,0.0,0.0,0.0,0.0,0.0,0.0,0.0,0.0,0.0,0.0,0.0,0.0,0.0,0.0,0.0,0.0,0.0,0.0,0.0,0.0,0.0,0.0,0.0,0.0,0.0,0.0,0.0,0.0,0.0,0.0,0.0,0.0,0.0,0.0,0.0,0.0,0.0,0.0,0.0,0.0,0.0,0.0,0.0,0.0,0.0,0.0,0.0,0.0,0.0,0.0,0.0,0.0,0.0,0.0,0.0,0.0,0.0,0.0,0.0,0.0,0.0,0.0,0.0,0.0,0.0,0.0,0.0,0.0,0.0,0.0,0.0,0.0,0.0,0.0,0.0,0.0,0.0,0.0,0.0
20230823.0,2.023082313244003e+16,2.694,2.693,2.692,2.691,2.69,161100.0,180700.0,307300.0,552300.0,497300.0,2.454,2.722,2.695,2.694,374800.0,215300.0,390000.0,275700.0,-70900.0,2.696,2.697,2.698,2.699,2.7,359200.0,177900.0,430000.0,238100.0,6700.0,2.717,2.727,-0.032,0.0,104915963.508,38803516.0,3.0,-359200.0,-177900.0,-430000.0,-238100.0,-6700.0,0.0,8642.857142858207,56595.0,-0.0009999999999998,15600.0,37400.0,-40000.0,37600.0,-77600.0,0.0019999999999997,0.0009999999999998,2.695,0.0,0.0,7.263024999999999,2.1070591945599584e+16,0.0,0.0,2.695,0.0,20000.0,-9.448597391725766e-05,2.695,2.6950000000000003,1325.0,2.695,0.0007421150278293,0.0014842300556586,0.0,159901.0,1211900.0,1698700.0,-486800.0,2910600.0,0.0910833754582202,0.0917703694386024,21000.0,486800.0,2.695,2.694619258120315,2.697467942899579,2.6913854123741685
20230823.0,2.0230823132534104e+16,2.692,2.691,2.69,2.689,2.688,1900.0,194100.0,459300.0,520600.0,224600.0,2.454,2.722,2.693,2.692,-17500.0,-522100.0,-519300.0,-1087800.0,-384700.0,2.693,2.694,2.695,2.696,2.697,15600.0,328000.0,60000.0,567200.0,160100.0,2.717,2.727,-0.0339999999999998,-0.0019999999999997,105823656.108,39140516.0,3.0,15600.0,328000.0,60000.0,567200.0,160100.0,0.0004166666666671,102675.0,817140.599999994,-0.0009999999999998,-1900.0,-194100.0,-459300.0,-520600.0,-224600.0,0.0020000000000002,0.0010000000000003,2.693,0.0,2.0,7.254493916666668,1.828712759698587e+16,3.0,9.0,2.695,0.0002499999999998,167025.0,-0.0010741862662716,2.693,2.6925,1326.0,2.695,0.0003714020427111,0.0011142061281337,-2892071.74767182,159901.0,1130900.0,1400500.0,-269600.0,2531400.0,0.0886130007604101,0.0854256237970213,303400.0,269600.0,2.6932781806196244,2.692108571428572,2.6954670616323284,2.689448839700108
20230823.0,2.023082313264608e+16,2.692,2.691,2.69,2.689,2.688,40000.0,149300.0,539400.0,512600.0,357700.0,2.454,2.722,2.693,2.691,296100.0,230000.0,612200.0,288500.0,-4400.0,2.694,2.695,2.696,2.697,2.698,258000.0,230000.0,460200.0,268100.0,6000.0,2.717,2.727,-0.0339999999999998,0.0009999999999998,106289789.208,39313616.0,3.0,-258000.0,-230000.0,-460200.0,-268100.0,-6000.0,0.0001249999999997,74712.5,454018.60000000894,-0.0009999999999998,38100.0,0.0,152000.0,20400.0,-10400.0,0.0020000000000002,0.0010000000000003,2.693,1.0,0.0,7.251575874999999,2.4635139570434496e+16,14.0,2.0,2.693,0.0,132800.0,9.593437693355966e-05,2.692,2.693,1327.0,2.692,0.0007426661715558,0.0014853323431117,1454801.930931886,159901.0,1222300.0,1599000.0,-376700.0,2821300.0,0.0900656900193266,0.0949581467565913,168600.0,376700.0,2.6928742586002903,2.692268456375839,2.6956188333469693,2.689375422138837
20230823.0,2.023082313275509e+16,2.693,2.692,2.691,2.69,2.689,81900.0,123300.0,670800.0,722400.0,252300.0,2.454,2.722,2.695,2.691,181900.0,421400.0,940800.0,1286500.0,263000.0,2.695,2.696,2.697,2.698,2.7,100000.0,298100.0,270000.0,564100.0,10700.0,2.717,2.727,-0.032,0.0019999999999997,106500383.008,39391816.0,3.0,-100000.0,-298100.0,-270000.0,-564100.0,-10700.0,0.0004210526315793,3121.0526315793395,97487.79999999702,-0.0010000000000003,81900.0,123300.0,670800.0,722400.0,252300.0,0.0020000000000002,0.0009999999999998,2.695,1.0,0.0,7.254517631578947,2.9477019221986864e+16,4.0,15.0,2.695,0.0,2700.0,0.0006378670615488,2.693,2.694,1328.0,2.693,0.0007423904974015,0.0014847809948032,2923325.862708398,159901.0,1242900.0,1850700.0,-607800.0,3093600.0,0.1050704091133667,0.0989142213969668,36200.0,607800.0,2.6930331491711885,2.6939004947773504,2.6970789283128167,2.6904921381099043
20230823.0,2.023082313285503e+16,2.694,2.693,2.692,2.691,2.69,173300.0,126900.0,501700.0,480200.0,335800.0,2.454,2.722,2.695,2.691,491200.0,583800.0,1463800.0,756000.0,386000.0,2.697,2.698,2.699,2.7,2.701,317900.0,456900.0,962100.0,275800.0,50200.0,2.717,2.727,-0.032,0.0,107209460.708,39654916.0,3.0,-317900.0,-456900.0,-962100.0,-275800.0,-50200.0,0.0007894736842106,122563.15789473802,709077.700000003,-0.0009999999999998,173300.0,126900.0,501700.0,480200.0,335800.0,0.0019999999999997,0.0009999999999998,2.695,2.0,3.0,7.261890789473684,2.9667877459124864e+16,12.0,7.0,2.696,0.0009999999999998,187400.0,0.0004297429599121,2.694,2.6955,1329.0,2.695,0.0011129660545353,0.0018549434242255,-1864.979137206916,159901.0,2062900.0,1617900.0,445000.0,3680800.0,0.1172875756578981,0.1084997327709963,263100.0,445000.0,2.6950881793994794,2.695058428338762,2.698652673420912,2.69158075282774
20230823.0,2.0230823132949064e+16,2.696,2.695,2.694,2.693,2.692,150000.0,250700.0,130000.0,268600.0,407900.0,2.454,2.722,2.695,2.691,389100.0,223700.0,752100.0,287300.0,226300.0,2.697,2.698,2.699,2.7,2.701,700.0,483900.0,340000.0,257100.0,181700.0,2.717,2.727,-0.032,-0.0020000000000002,107263363.308,39674916.0,3.0,-239100.0,27000.0,-622100.0,-18700.0,181600.0,0.0007058823529413,7005.882352940738,53363.20000000298,-0.0009999999999998,150000.0,250700.0,130000.0,268600.0,407900.0,0.0020000000000002,0.0010000000000003,2.695,0.0,1.0,7.266831117647058,2.675023395223875e+16,6.0,11.0,2.697,0.0020000000000002,19100.0,0.0007398081713804,2.695,2.6965000000000003,1330.0,2.697,0.0003708511032819,0.0011125533098461,-2944283.1910949494,159901.0,1263400.0,1207200.0,56200.0,2470600.0,0.1294331659722083,0.1233588302064551,19800.0,56200.0,2.695111111111262,2.6969953550099537,2.6991070128225423,2.693557902584493
20230823.0,2.023082313305811e+16,2.694,2.693,2.692,2.691,2.69,30300.0,88800.0,209500.0,581400.0,343200.0,2.454,2.722,2.694,2.691,-230300.0,-388800.0,-443100.0,-821900.0,-503900.0,2.696,2.697,2.698,2.699,2.7,200000.0,300000.0,233600.0,240500.0,160700.0,2.717,2.727,-0.0329999999999999,-0.0020000000000002,108162069.808,40008316.0,3.0,200000.0,300000.0,233600.0,240500.0,160700.0,0.0005000000000001,17410.0,865545.700000003,-0.0009999999999998,-30300.0,-88800.0,-209500.0,-581400.0,-343200.0,0.0019999999999997,0.0009999999999998,2.694,2.0,2.0,7.26545115,3.187184174697072e+16,9.0,11.0,2.697,0.0010000000000003,43675.0,-0.0008586659801554,2.694,2.6950000000000003,1331.0,2.696,0.0007421150278293,0.0014842300556586,-2971644.912998707,159901.0,1134800.0,1253200.0,-118400.0,2388000.0,0.1192762121486138,0.1126228754465204,321100.0,118400.0,2.6955643101837525,2.694263135041251,2.6978783045470567,2.691107564634536
20230823.0,2.023082313315887e+16,2.692,2.691,2.69,2.689,2.688,276900.0,120700.0,706000.0,300200.0,219700.0,2.454,2.722,2.693,2.691,-281300.0,-538700.0,-1132000.0,-378400.0,-575800.0,2.694,2.695,2.696,2.697,2.698,4400.0,418000.0,426000.0,78200.0,356100.0,2.717,2.727,-0.0339999999999998,-0.0009999999999998,108529886.408,40144816.0,3.0,4400.0,418000.0,426000.0,78200.0,356100.0,0.0014999999999996,28340.0,367816.60000000894,-0.0009999999999998,-276900.0,-120700.0,-706000.0,-300200.0,-219700.0,0.0020000000000002,0.0010000000000003,2.693,1.0,2.0,7.260332000000004,3.218164304412272e+16,9.0,11.0,2.696,0.0030000000000001,55800.0,-0.0001092819971578,2.693,2.693,1332.0,2.695,0.0007426661715558,0.0014853323431117,-2982103.777176992,159901.0,1282700.0,1623500.0,-340800.0,2906200.0,0.1083876073225173,0.1053086903949873,136500.0,340800.0,2.694627106227172,2.6939687166725914,2.696283464566929,2.6899599014474904
20230823.0,2.0230823133258104e+16,2.695,2.694,2.693,2.692,2.691,3000.0,134700.0,198100.0,580100.0,443800.0,2.454,2.722,2.695,2.691,80900.0,474700.0,614100.0,861100.0,641600.0,2.696,2.697,2.698,2.699,2.7,77900.0,340000.0,416000.0,281000.0,197800.0,2.717,2.727,-0.032,0.0019999999999997,108699946.008,40207916.0,3.0,-77900.0,-340000.0,-416000.0,-281000.0,-197800.0,0.0010526315789469,18815.78947368264,170059.59999999404,-0.0009999999999998,3000.0,134700.0,198100.0,580100.0,443800.0,0.0019999999999997,0.0009999999999998,2.695,2.0,3.0,7.25735447368421,3.0655952185508464e+16,13.0,6.0,2.696,0.0024999999999999,31700.0,0.0003964984264074,2.692,2.6955,1333.0,2.693,0.0003709886848452,0.0011129660545353,2975034.3599203583,159901.0,1312700.0,1359700.0,-47000.0,2672400.0,0.1359169307700253,0.1344162391758507,63100.0,47000.0,2.6950808240886537,2.695037082818294,2.698137731393312,2.6920240494226664
20230823.0,2.023082313335805e+16,2.694,2.693,2.692,2.691,2.69,50000.0,100000.0,263000.0,399100.0,629800.0,2.454,2.722,2.694,2.691,-279500.0,-160200.0,-706000.0,-333200.0,-442700.0,2.696,2.697,2.698,2.699,2.7,307400.0,400200.0,859000.0,215100.0,10700.0,2.717,2.727,-0.0329999999999999,-0.0009999999999998,109714164.908,40584316.0,3.0,229500.0,60200.0,443000.0,-65900.0,-187100.0,0.0002777777777778,84194.44444444776,1014218.900000006,-0.0009999999999998,-50000.0,-100000.0,-263000.0,-399100.0,-629800.0,0.0019999999999997,0.0009999999999998,2.694,2.0,3.0,7.261528388888887,2.931503704282981e+16,11.0,7.0,2.697,0.0009999999999998,131675.0,-0.0002810316390374,2.694,2.6950000000000003,1334.0,2.695,0.0007421150278293,0.0014842300556586,-1503724.2302888008,159901.0,1792400.0,1441900.0,350500.0,3234300.0,0.1357336416098586,0.1190302279189122,376400.0,350500.0,2.6945241764080925,2.694279798545048,2.697565666145949,2.690988348706568
20230823.0,2.023082313345812e+16,2.694,2.693,2.692,2.691,2.69,40000.0,178100.0,444900.0,662200.0,346600.0,2.454,2.722,2.694,2.691,208100.0,1034100.0,560000.0,323800.0,-233000.0,2.697,2.698,2.699,2.7,2.701,218100.0,956000.0,378100.0,60700.0,50200.0,2.717,2.727,-0.0329999999999999,0.0,110227732.308,40774916.0,3.0,-218100.0,-956000.0,-378100.0,-60700.0,-50200.0,0.0004210526315788,17136.84210526198,513567.3999999911,-0.0009999999999998,-10000.0,78100.0,181900.0,263100.0,-283200.0,0.0019999999999997,0.0009999999999998,2.694,1.0,1.0,7.25990547368421,3.1483178220117664e+16,4.0,15.0,2.696,0.0,43100.0,6.87126725918974e-05,2.694,2.6955,1335.0,2.694,0.0011129660545353,0.0018549434242255,-8566.091258958913,159901.0,1663100.0,1671800.0,-8700.0,3334900.0,0.1353195441031459,0.1072927848161251,190600.0,8700.0,2.694477439664172,2.6944649360712902,2.698259755877578,2.6913436415839214
20230823.0,2.0230823133558124e+16,2.695,2.694,2.693,2.692,2.691,150100.0,274100.0,421800.0,312500.0,164000.0,2.454,2.722,2.696,2.691,275000.0,574100.0,820100.0,527700.0,339900.0,2.698,2.699,2.7,2.701,2.702,124900.0,300000.0,398300.0,215200.0,175900.0,2.717,2.727,-0.0309999999999996,0.0020000000000002,110367149.008,40826616.0,3.0,-124900.0,-300000.0,-398300.0,-215200.0,-175900.0,0.0008888888888893,18427.77777777612,139416.70000000298,-0.0009999999999998,150100.0,274100.0,421800.0,312500.0,164000.0,0.0019999999999997,0.0009999999999998,2.696,1.0,1.0,7.269016555555556,2.995404638198661e+16,10.0,8.0,2.697,0.0009999999999998,33300.0,0.0008059645075736,2.694,2.6965,1336.0,2.694,0.0011125533098461,0.0018542555164101,3021267.6528160293,159901.0,1214300.0,1322500.0,-108200.0,2536800.0,0.1811245611871537,0.189454806092598,51700.0,108200.0,2.696647969052282,2.6966374545454546,2.700014164539241,2.692949943289225
20230823.0,2.0230823133658028e+16,2.695,2.694,2.693,2.692,2.691,20000.0,273300.0,340000.0,650900.0,159400.0,2.454,2.722,2.695,2.691,-170100.0,-434700.0,-1067200.0,25000.0,-44700.0,2.697,2.698,2.699,2.7,2.701,40000.0,433900.0,985400.0,313400.0,40100.0,2.717,2.727,-0.032,-0.0010000000000003,110433178.508,40851116.0,3.0,40000.0,433900.0,985400.0,313400.0,40100.0,0.0008947368421048,5126.315789476037,66029.5,-0.0009999999999998,-130100.0,-800.0,-81800.0,338400.0,-4600.0,0.0019999999999997,0.0009999999999998,2.695,2.0,2.0,7.268984315789474,3.1678325016899264e+16,8.0,11.0,2.697,0.0020000000000002,1700.0,-0.0003600642202122,2.695,2.696,1337.0,2.696,0.0007418397626113,0.0014836795252225,-1519727.1296154235,159901.0,1812800.0,1443600.0,369200.0,3256400.0,0.1751643046437141,0.1764315462062013,24500.0,369200.0,2.695081632653061,2.695666666666667,2.698933638570167,2.6925453034081466
20230823.0,2.023082313375824e+16,2.694,2.693,2.692,2.691,2.69,105300.0,40100.0,477200.0,471300.0,369700.0,2.454,2.722,2.695,2.691,-106400.0,-358000.0,-727200.0,-886200.0,-488900.0,2.695,2.696,2.697,2.698,2.699,1100.0,317900.0,250000.0,414900.0,119200.0,2.717,2.727,-0.032,0.0,110684891.508,40944516.0,3.0,1100.0,317900.0,250000.0,414900.0,119200.0,0.0,25489.473684214056,251713.0,-0.0010000000000003,-105300.0,-40100.0,-477200.0,-471300.0,-369700.0,0.0020000000000002,0.0009999999999998,2.695,0.0,0.0,7.263024999999999,3.1747065142431264e+16,0.0,0.0,2.695,0.0,24600.0,-0.0002511772128873,2.695,2.6945,1338.0,2.695,0.0003711263685284,0.0011133791055854,0.0,159901.0,1103100.0,1463600.0,-360500.0,2566700.0,0.1658164929365147,0.168039796771424,93400.0,360500.0,2.695,2.694989661654136,2.6973020578370046,2.691344083082809
20230823.0,2.023082313385801e+16,2.693,2.692,2.691,2.69,2.689,318200.0,440000.0,566700.0,376400.0,172400.0,2.454,2.722,2.694,2.691,-278200.0,-11900.0,133800.0,-101700.0,47200.0,2.696,2.697,2.698,2.699,2.7,40000.0,428100.0,700500.0,274700.0,219600.0,2.717,2.727,-0.0329999999999999,-0.0009999999999998,110739580.708,40964816.0,3.0,-40000.0,-428100.0,-700500.0,-274700.0,-219600.0,0.0003157894736838,1757.894736841321,54689.20000000298,-0.0009999999999998,-318200.0,-440000.0,-566700.0,-376400.0,-172400.0,0.0019999999999997,0.0009999999999998,2.694,0.0,1.0,7.259337789473683,3.1857061832218464e+16,6.0,13.0,2.695,0.0009999999999998,300.0,0.0002505558295327,2.694,2.6945,1339.0,2.695,0.0011133791055854,0.0018556318426423,-1519881.811432646,159901.0,1662900.0,1873700.0,-210800.0,3536600.0,0.1886833243008125,0.1855519664150813,20300.0,210800.0,2.69404926108389,2.695664991624791,2.698123759696915,2.691189571436196
20230823.0,2.023082313395805e+16,2.694,2.693,2.692,2.691,2.69,25100.0,236300.0,379100.0,408600.0,576400.0,2.454,2.722,2.694,2.691,-14900.0,-91600.0,28900.0,-391900.0,282800.0,2.695,2.696,2.697,2.698,2.699,40000.0,327900.0,350200.0,800500.0,293600.0,2.717,2.727,-0.0329999999999999,0.0,110788611.508,40983016.0,3.0,40000.0,327900.0,350200.0,800500.0,293600.0,0.0,1820.0,49030.79999999702,-0.0010000000000003,25100.0,236300.0,379100.0,408600.0,576400.0,0.0020000000000002,0.0009999999999998,2.694,0.0,0.0,7.257636000000001,3.356530589936192e+16,0.0,0.0,2.694,0.0,0.0,-0.0004747380235204,2.694,2.6945,1340.0,2.694,0.0003711263685284,0.0011133791055854,0.0,159901.0,1812200.0,1625500.0,186700.0,3437700.0,0.1972322413960511,0.1634931782181894,18200.0,186700.0,2.693999999999836,2.694385560675883,2.6975406688003534,2.691215687480775
20230823.0,2.023082313405835e+16,2.694,2.693,2.692,2.691,2.69,56600.0,276300.0,233600.0,624900.0,576400.0,2.454,2.722,2.694,2.691,121500.0,478100.0,635000.0,509900.0,10700.0,2.696,2.697,2.698,2.699,2.7,90000.0,438100.0,780500.0,293600.0,10700.0,2.717,2.727,-0.0329999999999999,0.0,110870246.708,41013316.0,3.0,-90000.0,-438100.0,-780500.0,-293600.0,-10700.0,0.0003999999999999,5200.0,81635.20000000298,-0.0009999999999998,31500.0,40000.0,-145500.0,216300.0,0.0,0.0019999999999997,0.0009999999999998,2.694,2.0,2.0,7.260869399999999,3.360291606941672e+16,12.0,8.0,2.695,0.0009999999999998,10400.0,0.000143476406505,2.694,2.6950000000000003,1341.0,2.694,0.0007421150278293,0.0014842300556586,-1994.0131095964464,159901.0,1612900.0,1767800.0,-154900.0,3380700.0,0.1760810470834939,0.0776057868452366,30300.0,154900.0,2.6942310231024087,2.694772169167804,2.697812077624155,2.6912147301730966
20230823.0,2.023082313415804e+16,2.695,2.694,2.693,2.692,2.691,2500.0,450800.0,399100.0,604900.0,155800.0,2.454,2.722,2.697,2.691,80400.0,896800.0,683600.0,1018300.0,196800.0,2.697,2.698,2.699,2.7,2.701,77900.0,446000.0,284500.0,413400.0,41000.0,2.717,2.727,-0.0299999999999998,0.0030000000000001,110871595.208,41013816.0,3.0,-77900.0,-446000.0,-284500.0,-413400.0,-41000.0,0.000900000000001,150.0,1348.5,-0.0009999999999998,2500.0,450800.0,399100.0,604900.0,155800.0,0.0019999999999997,0.0009999999999998,2.697,1.0,0.0,7.262487900000001,3.364208786771312e+16,6.0,14.0,2.697,0.0030000000000001,500.0,0.0001076173655543,2.694,2.696,1342.0,2.694,0.0007418397626113,0.0014836795252225,4562159.73303688,159901.0,1262800.0,1613100.0,-350300.0,2875900.0,0.2006712188699374,0.0850017287820308,500.0,350300.0,2.697,2.695062189054726,2.698915742793792,2.692714400843097
20230823.0,2.0230823134258016e+16,2.695,2.694,2.693,2.692,2.691,125300.0,200000.0,236300.0,664900.0,196700.0,2.454,2.722,2.696,2.691,-127200.0,-264700.0,-559200.0,75500.0,81800.0,2.697,2.698,2.699,2.7,2.701,327900.0,459900.0,680900.0,397900.0,100.0,2.717,2.727,-0.0309999999999996,-0.0009999999999998,111071152.008,41087816.0,3.0,250000.0,13900.0,396400.0,-15500.0,-40900.0,0.00015,3820.0,199556.79999999705,-0.0009999999999998,122800.0,-250800.0,-162800.0,60000.0,40900.0,0.0019999999999997,0.0009999999999998,2.696,0.0,1.0,7.269224950000002,3.375789630959232e+16,3.0,17.0,2.697,0.0,0.0,0.0001820822616126,2.696,2.696,1343.0,2.697,0.0007418397626113,0.0014836795252225,-1524028.7833826216,159901.0,1866700.0,1423200.0,443500.0,3289900.0,0.1983318981282769,0.0947369588094613,74000.0,443500.0,2.696713513513473,2.6955529567519863,2.698615578293245,2.6925730044969085
20230823.0,2.0230823134358004e+16,2.695,2.694,2.693,2.692,2.691,106200.0,100000.0,343700.0,364900.0,456700.0,2.454,2.722,2.696,2.691,-159100.0,0.0,562900.0,-115500.0,169900.0,2.697,2.698,2.699,2.7,2.701,467900.0,359900.0,225400.0,213400.0,90200.0,2.717,2.727,-0.0309999999999996,0.0,111303547.208,41174016.0,3.0,140000.0,-100000.0,-455500.0,-184500.0,90100.0,4.440892098500626e-16,23665.0,232395.2000000029,-0.0009999999999998,-19100.0,-100000.0,107400.0,-300000.0,260000.0,0.0019999999999997,0.0009999999999998,2.696,0.0,0.0,7.268416,3.381345605498472e+16,20.0,0.0,2.696,0.0,31075.0,-6.78868409345057e-05,2.696,2.696,1344.0,2.696,0.0007418397626113,0.0014836795252225,0.0,159901.0,1356800.0,1371500.0,-14700.0,2728300.0,0.1694337370314325,0.102309484482563,86200.0,14700.0,2.6960000000000344,2.695369970388434,2.698335274174528,2.6922957345971565
20230823.0,2.0230823134458016e+16,2.695,2.694,2.693,2.692,2.691,100.0,133900.0,348700.0,290100.0,531500.0,2.454,2.722,2.695,2.691,-306100.0,-434000.0,-754900.0,-452900.0,14100.0,2.696,2.697,2.698,2.699,2.7,200000.0,467900.0,759900.0,378100.0,60700.0,2.717,2.727,-0.032,-0.0010000000000003,111590564.708,41280516.0,3.0,200000.0,467900.0,759900.0,378100.0,60700.0,0.0003000000000001,43065.0,287017.5,-0.0009999999999998,-106100.0,33900.0,5000.0,-74800.0,74800.0,0.0019999999999997,0.0009999999999998,2.695,0.0,1.0,7.2646423,3.397699655931672e+16,6.0,14.0,2.696,0.0010000000000003,106200.0,-0.0001370854344556,2.695,2.6955,1345.0,2.696,0.0003709886848452,0.0011129660545353,-1528505.231911457,159901.0,1866600.0,1304300.0,562300.0,3170900.0,0.1579187813420239,0.0985107132034392,106500.0,562300.0,2.695,2.6950004997501247,2.6978026358084213,2.692065399064633
20230823.0,2.023082313455805e+16,2.694,2.693,2.692,2.691,2.69,181700.0,330600.0,504900.0,496700.0,394100.0,2.454,2.722,2.695,2.691,-211300.0,-330600.0,195100.0,-1004000.0,-546800.0,2.695,2.697,2.698,2.699,2.7,29600.0,467900.0,59900.0,885400.0,213400.0,2.717,2.727,-0.032,0.0,111702137.708,41321916.0,3.0,29600.0,0.0,-700000.0,507300.0,152700.0,0.0,7152.631578944624,111573.0,-0.0020000000000002,-181700.0,-330600.0,-504900.0,-496700.0,-394100.0,0.0030000000000001,0.0009999999999998,2.695,0.0,0.0,7.263024999999999,3.2397227168187664e+16,0.0,0.0,2.695,0.0,19700.0,-5.216644821248728e-05,2.695,2.6945,1346.0,2.695,0.0003711263685284,0.0014842300556586,0.0,159901.0,1656200.0,1908000.0,-251800.0,3564200.0,0.0810975152270557,0.0999925015347865,41400.0,251800.0,2.695,2.6948599148130623,2.6984561647144067,2.6916903039832283
20230823.0,2.0230823134658176e+16,2.698,2.697,2.696,2.695,2.694,33600.0,40000.0,368200.0,356200.0,535800.0,2.454,2.722,2.7,2.691,561100.0,240100.0,1300800.0,552200.0,593600.0,2.7,2.701,2.702,2.703,2.704,527500.0,200100.0,932600.0,196000.0,57800.0,2.717,2.727,-0.0269999999999996,0.0050000000000003,112027386.908,41442516.0,3.0,-527500.0,-200100.0,-932600.0,-196000.0,-57800.0,0.0021500000000003,34645.0,325249.200000003,-0.0009999999999998,33600.0,40000.0,368200.0,356200.0,535800.0,0.0019999999999997,0.0009999999999998,2.7,4.0,0.0,7.278398849999998,3.429226809454232e+16,12.0,8.0,2.7,0.0050000000000003,91000.0,0.0012089236472114,2.695,2.699,1347.0,2.695,0.0007410151908114,0.0014820303816228,7674363.303587059,159901.0,1914000.0,1333800.0,580200.0,3247800.0,0.1142106500217474,0.0998151810948481,120600.0,580200.0,2.696925373134353,2.698119764747817,2.701507053291536,2.6950098965362126
20230823.0,2.0230823134758084e+16,2.698,2.697,2.696,2.695,2.694,100.0,200.0,80700.0,298900.0,286100.0,2.454,2.722,2.699,2.691,-375000.0,-899400.0,-427600.0,-385800.0,-340000.0,2.699,2.7,2.701,2.702,2.703,341500.0,859600.0,140100.0,328500.0,90300.0,2.717,2.727,-0.028,-0.0010000000000003,112514754.408,41623116.0,3.0,341500.0,859600.0,140100.0,328500.0,90300.0,0.00055,27210.0,487367.5,-0.0010000000000003,-33500.0,-39800.0,-287500.0,-57300.0,-249700.0,0.0020000000000002,0.0009999999999998,2.699,2.0,2.0,7.282172749999998,3.443209761684672e+16,7.0,13.0,2.7,0.0009999999999998,45950.0,-4.4280707811039655e-05,2.698,2.6985,1348.0,2.7,0.0003705762460625,0.0011117287381879,-1533847.5664192871,159901.0,1760000.0,666000.0,1094000.0,2426000.0,0.1191435768832813,0.1081132762939773,180600.0,1094000.0,2.6986018826135103,2.698000292740047,2.700412784090909,2.6946926426426425
20230823.0,2.0230823134807136e+16,2.696,2.695,2.694,2.693,2.692,700.0,142900.0,291400.0,356900.0,513100.0,2.454,2.722,2.697,2.691,-418500.0,-302900.0,-1191900.0,-534100.0,-513700.0,2.698,2.699,2.7,2.701,2.702,417800.0,160000.0,900500.0,177200.0,600.0,2.717,2.727,-0.0299999999999998,-0.0019999999999997,112516372.708,41623716.0,3.0,417800.0,160000.0,900500.0,177200.0,600.0,0.0003333333333328,166.66666666418314,1618.2999999970198,-0.0009999999999998,-700.0,-142900.0,-291400.0,-356900.0,-513100.0,0.0020000000000002,0.0010000000000003,2.697,0.0,1.0,7.275607333333333,5197559577479968.0,1.0,2.0,2.698,0.0004999999999997,250.0,-0.000740432407735,2.697,2.697,1349.0,2.698,0.0007415647015201,0.0014831294030404,-1543333.9265849246,159901.0,1656100.0,1305000.0,351100.0,2961100.0,0.1354717605526185,0.1342451181236145,600.0,351100.0,2.6971666666617,2.696003345280765,2.699506551536743,2.693050727969349
0.0,0.0,0.0,0.0,0.0,0.0,0.0,0.0,0.0,0.0,0.0,0.0,0.0,0.0,0.0,0.0,0.0,0.0,0.0,0.0,0.0,0.0,0.0,0.0,0.0,0.0,0.0,0.0,0.0,0.0,0.0,0.0,0.0,0.0,0.0,0.0,0.0,0.0,0.0,0.0,0.0,0.0,0.0,0.0,0.0,0.0,0.0,0.0,0.0,0.0,0.0,0.0,0.0,0.0,0.0,0.0,0.0,0.0,0.0,0.0,0.0,0.0,0.0,0.0,0.0,0.0,0.0,0.0,0.0,0.0,0.0,0.0,0.0,0.0,0.0,0.0,0.0,0.0,0.0,0.0,0.0,0.0,0.0,0.0,0.0
20230823.0,2.023082313505936e+16,2.694,2.693,2.692,2.691,2.69,193060.0,171700.0,261100.0,628400.0,396100.0,2.454,2.722,2.694,2.691,-319160.0,-499800.0,-351100.0,-928300.0,-535300.0,2.696,2.697,2.698,2.699,2.7,126100.0,328100.0,90000.0,299900.0,139200.0,2.717,2.727,-0.0329999999999999,-0.0030000000000001,113349875.668,41932956.0,3.0,126100.0,328100.0,90000.0,299900.0,139200.0,0.0006666666666665,6766.666666664183,833502.9599999934,-0.0009999999999998,-193060.0,-171700.0,-261100.0,-628400.0,-396100.0,0.0019999999999997,0.0009999999999998,2.694,0.0,1.0,7.264822666666667,5271714264846608.0,2.0,1.0,2.696,0.0009999999999998,10150.0,-0.0002943844133395,2.694,2.6950000000000003,1351.0,2.696,0.0007421150278293,0.0014842300556586,-3113062.8062364287,159901.0,983300.0,1650360.0,-667060.0,2633660.0,0.1895688361905004,0.1960817430103517,309240.0,667060.0,2.6953271245634247,2.695209800726908,2.697997966032747,2.6914772170920283
20230823.0,2.0230823135113264e+16,2.696,2.695,2.694,2.693,2.692,12500.0,218000.0,205060.0,629100.0,421000.0,2.454,2.722,2.694,2.691,302500.0,456200.0,424560.0,888400.0,471700.0,2.698,2.699,2.7,2.701,2.702,290000.0,238200.0,219500.0,259300.0,50700.0,2.717,2.727,-0.0329999999999999,0.0,113349875.668,41932956.0,3.0,-290000.0,-238200.0,-219500.0,-259300.0,-50700.0,0.0,0.0,0.0,-0.0009999999999998,12500.0,218000.0,205060.0,629100.0,421000.0,0.0020000000000002,0.0010000000000003,2.694,0.0,0.0,7.257636,8791863994489680.0,0.0,0.0,2.694,0.0,0.0,0.0003237976487694,2.694,2.697,1352.0,2.694,0.0007415647015201,0.0014831294030404,0.0,159901.0,1057700.0,1485660.0,-427960.0,2543360.0,0.2774233553065607,0.3215454763555216,0.0,427960.0,0.0,2.696082644628099,2.699567457691217,2.6931733640267623
0.0,0.0,0.0,0.0,0.0,0.0,0.0,0.0,0.0,0.0,0.0,0.0,0.0,0.0,0.0,0.0,0.0,0.0,0.0,0.0,0.0,0.0,0.0,0.0,0.0,0.0,0.0,0.0,0.0,0.0,0.0,0.0,0.0,0.0,0.0,0.0,0.0,0.0,0.0,0.0,0.0,0.0,0.0,0.0,0.0,0.0,0.0,0.0,0.0,0.0,0.0,0.0,0.0,0.0,0.0,0.0,0.0,0.0,0.0,0.0,0.0,0.0,0.0,0.0,0.0,0.0,0.0,0.0,0.0,0.0,0.0,0.0,0.0,0.0,0.0,0.0,0.0,0.0,0.0,0.0,0.0,0.0,0.0,0.0,0.0
20230823.0,2.023082313535888e+16,2.699,2.697,2.696,2.695,2.694,13500.0,292700.0,328000.0,524400.0,198660.0,2.454,2.722,2.699,2.691,314200.0,580600.0,378600.0,942300.0,206360.0,2.7,2.701,2.702,2.703,2.704,300700.0,287900.0,50600.0,417900.0,7700.0,2.717,2.727,-0.028,0.0049999999999998,113655451.568,42046256.0,3.0,-300700.0,-287900.0,-50600.0,-417900.0,-7700.0,0.0002999999999993,1560.0,305575.900000006,-0.0009999999999998,13500.0,292700.0,328000.0,524400.0,198660.0,0.0029999999999996,0.0019999999999997,2.699,1.0,1.0,7.2754277,3.532167099198032e+16,4.0,16.0,2.699,0.0,450.0,0.001097406120274,2.697,2.6995,1354.0,2.698,0.0003704389701797,0.0014820303816228,1556042.6851674218,159901.0,1064800.0,1357260.0,-292460.0,2422060.0,0.1872114329340584,0.1713487143118583,113300.0,292460.0,2.697051191526972,2.699042966263526,2.701571750563485,2.695566391111504
20230823.0,2.023082313545861e+16,2.698,2.697,2.696,2.695,2.694,373300.0,323900.0,277700.0,201100.0,212060.0,2.454,2.722,2.7,2.691,-400100.0,269000.0,-231100.0,-265000.0,-274100.0,2.7,2.701,2.702,2.703,2.704,327500.0,50100.0,231400.0,359600.0,295200.0,2.717,2.727,-0.0269999999999996,0.0010000000000003,113751519.468,42081856.0,3.0,26800.0,-237800.0,180800.0,-58300.0,287500.0,0.0001578947368421,4863.1578947380185,96067.89999999106,-0.0009999999999998,-373300.0,31200.0,-50300.0,-323300.0,13400.0,0.0019999999999997,0.0009999999999998,2.7,2.0,1.0,7.283749157894735,3.3637395998213184e+16,13.0,6.0,2.7,0.0009999999999998,3100.0,8.294615974624442e-06,2.698,2.699,1355.0,2.699,0.0007410151908114,0.0014820303816228,1558124.2764291954,159901.0,1263800.0,1388060.0,-124260.0,2651860.0,0.1571202743202094,0.1367622529856152,35600.0,124260.0,2.698536516853681,2.6990653538812786,2.702193780661497,2.696320793049292
20230823.0,2.023082313555809e+16,2.703,2.702,2.701,2.7,2.699,8900.0,66800.0,458800.0,401000.0,267200.0,2.454,2.722,2.703,2.691,24600.0,296600.0,1425900.0,829800.0,376600.0,2.704,2.705,2.706,2.707,2.708,15700.0,229800.0,967100.0,428800.0,109400.0,2.717,2.727,-0.024,0.0029999999999996,114167881.668,42236056.0,3.0,-15700.0,-229800.0,-967100.0,-428800.0,-109400.0,0.0008749999999997,1537.5,416362.200000003,-0.0009999999999998,8900.0,66800.0,458800.0,401000.0,267200.0,0.0019999999999997,0.0009999999999998,2.703,3.0,0.0,7.3014804999999985,2.8539938098347776e+16,8.0,8.0,2.703,0.0019999999999997,800.0,0.0015905575509183,2.7,2.7035,1356.0,2.7,0.0003698908821898,0.0011096726465693,4689366.36839458,159901.0,1750800.0,1202700.0,548100.0,2953500.0,0.1497756223342682,0.1788838178502849,154200.0,548100.0,2.7001439688716147,2.7033617886178862,2.7062206991089788,2.700292591668745
20230823.0,2.0230823135658044e+16,2.704,2.703,2.702,2.701,2.7,9200.0,142000.0,215100.0,460600.0,202300.0,2.454,2.722,2.704,2.691,216200.0,741800.0,966300.0,726200.0,423700.0,2.705,2.706,2.707,2.708,2.709,207000.0,599800.0,751200.0,265600.0,221400.0,2.717,2.727,-0.0229999999999996,0.0010000000000003,114447727.968,42339556.0,3.0,-207000.0,-599800.0,-751200.0,-265600.0,-221400.0,0.0001176470588233,9458.823529414833,279846.299999997,-0.0009999999999998,9200.0,142000.0,215100.0,460600.0,202300.0,0.0020000000000002,0.0010000000000003,2.704,1.0,0.0,7.310979882352941,3.040919854070051e+16,15.0,2.0,2.704,0.0,18300.0,0.0002517897808884,2.703,2.7045000000000003,1357.0,2.703,0.0003697541135144,0.0011092623405435,1562446.5976336575,159901.0,2045000.0,1029200.0,1015800.0,3074200.0,0.1553544154559974,0.1816476446061009,103500.0,1015800.0,2.7038289855072177,2.7040425531914893,2.7068506601467,2.7013151962689466
20230823.0,2.023082313575501e+16,2.701,2.7,2.699,2.698,2.697,34900.0,231000.0,347500.0,265300.0,127000.0,2.454,2.722,2.701,2.691,-357900.0,-599100.0,-539700.0,-700700.0,-218200.0,2.703,2.704,2.705,2.706,2.707,323000.0,368100.0,192200.0,435400.0,91200.0,2.717,2.727,-0.0259999999999998,-0.0030000000000001,114662274.868,42418956.0,3.0,323000.0,368100.0,192200.0,435400.0,91200.0,4.440892098500626e-16,3671.4285714253774,214546.900000006,-0.0010000000000003,-34900.0,-231000.0,-347500.0,-265300.0,-127000.0,0.0020000000000002,0.0009999999999998,2.701,0.0,2.0,7.300804857142856,2.5167322674427104e+16,10.0,4.0,2.704,0.00075,13800.0,-0.0010536176695953,2.701,2.702,1358.0,2.704,0.0007401924500369,0.001480384900074,-4708984.933671974,159901.0,1409900.0,1005700.0,404200.0,2415600.0,0.1569641586508882,0.1855877012395322,79400.0,404200.0,2.702102015113425,2.701195026543727,2.7047189162351937,2.69878273839117
20230823.0,2.023082313585499e+16,2.703,2.702,2.701,2.7,2.699,29400.0,124500.0,427900.0,233200.0,217400.0,2.454,2.722,2.703,2.691,151400.0,209200.0,1004800.0,822300.0,277000.0,2.704,2.705,2.706,2.707,2.708,122000.0,84700.0,576900.0,589100.0,59600.0,2.717,2.727,-0.024,0.0019999999999997,114803877.468,42471356.0,3.0,-122000.0,-84700.0,-576900.0,-589100.0,-59600.0,0.0007777777777771,20072.22222222388,141602.59999999404,-0.0009999999999998,29400.0,124500.0,427900.0,233200.0,217400.0,0.0019999999999997,0.0009999999999998,2.703,2.0,0.0,7.302005555555555,3.243801485084165e+16,8.0,10.0,2.703,0.0009999999999998,43325.0,0.0007398287024911,2.701,2.7035,1359.0,2.701,0.0003698908821898,0.0011096726465693,3140892.02062646,159901.0,1432300.0,1032400.0,399900.0,2464700.0,0.1577373747659588,0.1876565424627946,52400.0,399900.0,2.702339694656375,2.7031941875825627,2.706265028276199,2.7005305114296787
20230823.0,2.0230823135955004e+16,2.703,2.702,2.701,2.7,2.699,101500.0,40200.0,167900.0,511000.0,349500.0,2.454,2.722,2.703,2.691,507300.0,102600.0,-124100.0,570600.0,182300.0,2.705,2.706,2.707,2.708,2.709,435200.0,186900.0,135900.0,292800.0,100.0,2.717,2.727,-0.024,0.0,115059901.968,42566056.0,3.0,-435200.0,-186900.0,-135900.0,-292800.0,-100.0,0.0002105263157896,31515.78947368264,256024.5,-0.0009999999999998,72100.0,-84300.0,-260000.0,277800.0,182200.0,0.0019999999999997,0.0009999999999998,2.703,2.0,2.0,7.307347315789472,3.4355235168073184e+16,4.0,15.0,2.704,0.0,66200.0,6.808372462330237e-05,2.703,2.704,1400.0,2.703,0.0007396449704142,0.0014792899408284,-2184.696053257212,159901.0,1050900.0,1170100.0,-119200.0,2221000.0,0.1505678191058677,0.1788511590053107,94700.0,119200.0,2.703532206969377,2.70337823737656,2.7062727186221336,2.7001737458336894
20230823.0,2.023082314005503e+16,2.702,2.701,2.7,2.699,2.698,33400.0,41000.0,133100.0,447500.0,488100.0,2.454,2.722,2.702,2.691,-91700.0,-461400.0,-1040600.0,-912100.0,-539600.0,2.703,2.704,2.705,2.706,2.707,58300.0,420400.0,907500.0,464600.0,51500.0,2.717,2.727,-0.0249999999999999,-0.0009999999999998,115567474.468,42753856.0,3.0,58300.0,420400.0,907500.0,464600.0,51500.0,0.0008421052631577,36373.68421052396,507572.5,-0.0010000000000003,-33400.0,-41000.0,-133100.0,-447500.0,-488100.0,0.0020000000000002,0.0009999999999998,2.702,2.0,3.0,7.305356315789472,3.4649177717837584e+16,13.0,6.0,2.704,0.0015,67550.0,-0.000358265609362,2.701,2.7025,1401.0,2.703,0.0003700277520813,0.0011100832562442,-1581569.101805643,159901.0,1902300.0,1143100.0,759200.0,3045400.0,0.1247543639948527,0.1333683740134221,187800.0,759200.0,2.702728966986156,2.702364231188658,2.7050160857908847,2.6988488321231734
20230823.0,2.0230823140158044e+16,2.698,2.697,2.696,2.695,2.694,168000.0,386200.0,549400.0,150300.0,205560.0,2.454,2.722,2.7,2.691,-169600.0,-592900.0,-1027200.0,-268500.0,-456260.0,2.7,2.701,2.702,2.703,2.704,1600.0,206700.0,477800.0,118200.0,250700.0,2.717,2.727,-0.0269999999999996,-0.0019999999999997,115740326.368,42817856.0,3.0,1600.0,206700.0,477800.0,118200.0,250700.0,0.00075,4875.0,82605.09999999404,-0.0009999999999998,-168000.0,-386200.0,-549400.0,-150300.0,-205560.0,0.0019999999999997,0.0009999999999998,2.7,1.0,3.0,7.294051550000001,3.662641219665272e+16,11.0,9.0,2.702,0.0019999999999997,7100.0,-0.0005487957241363,2.699,2.699,1402.0,2.702,0.0007410151908114,0.0014820303816228,-3169530.821728717,159901.0,1055000.0,1459460.0,-404460.0,2514460.0,0.1324249987072353,0.1238876196873167,30600.0,404460.0,2.6995130718952303,2.699981132075472,2.702388341232228,2.6961101640332727
20230823.0,2.023082314025795e+16,2.698,2.697,2.696,2.695,2.694,100.0,46600.0,209900.0,438200.0,275560.0,2.454,2.722,2.699,2.691,-200500.0,-693900.0,-652500.0,-640000.0,29800.0,2.699,2.7,2.701,2.702,2.703,32600.0,354300.0,313000.0,927900.0,40200.0,2.717,2.727,-0.028,-0.0010000000000003,115875852.968,42868056.0,3.0,32600.0,354300.0,313000.0,927900.0,40200.0,0.0004000000000008,12610.0,135526.59999999404,-0.0010000000000003,-167900.0,-339600.0,-339500.0,287900.0,70000.0,0.0020000000000002,0.0009999999999998,2.699,0.0,1.0,7.2878404,3.671825093658032e+16,12.0,8.0,2.7,0.0010000000000003,33050.0,-0.0007328936100391,2.699,2.6985,1403.0,2.7,0.0003705762460625,0.0011117287381879,-1588001.333827874,159901.0,1668000.0,970360.0,697640.0,2638360.0,0.1412420580306839,0.1173551292967684,50200.0,697640.0,2.699733067728965,2.698003058103976,2.7013529976019184,2.6950286903829506
20230823.0,2.023082314035805e+16,2.697,2.696,2.695,2.694,2.693,7900.0,91900.0,258900.0,494260.0,277600.0,2.454,2.722,2.697,2.691,-285800.0,-324400.0,-458900.0,-734460.0,-408400.0,2.698,2.699,2.7,2.701,2.702,277900.0,232500.0,200000.0,240200.0,130800.0,2.717,2.727,-0.0299999999999998,-0.0019999999999997,116176938.968,42979656.0,3.0,277900.0,232500.0,200000.0,240200.0,130800.0,0.0007142857142854,38042.85714285821,301086.0,-0.0009999999999998,-7900.0,-91900.0,-258900.0,-494260.0,-277600.0,0.0019999999999997,0.0009999999999998,2.697,0.0,2.0,7.280746571428572,2.5773085066259104e+16,8.0,6.0,2.699,0.0017499999999999,73275.0,-0.0003615980932786,2.697,2.6975,1404.0,2.699,0.0003707136237256,0.0011121408711768,-3182651.4816310806,159901.0,1081400.0,1130560.0,-49160.0,2211960.0,0.1587292484248088,0.1338489945362321,111600.0,49160.0,2.6979032258064515,2.697027641707488,2.699735065655632,2.694166996886499
20230823.0,2.023082314045792e+16,2.697,2.696,2.695,2.694,2.693,16600.0,82900.0,160900.0,553460.0,178400.0,2.454,2.722,2.697,2.691,246600.0,-19000.0,-126800.0,60500.0,-140500.0,2.698,2.699,2.7,2.701,2.702,40000.0,242500.0,228800.0,238900.0,172100.0,2.717,2.727,-0.0299999999999998,0.0,116328807.268,43035956.0,3.0,-237900.0,10000.0,28800.0,-1300.0,41300.0,0.0002999999999993,14275.0,151868.30000001192,-0.0009999999999998,8700.0,-9000.0,-98000.0,59200.0,-99200.0,0.0019999999999997,0.0009999999999998,2.697,1.0,1.0,7.275427499999999,3.696956797711272e+16,6.0,14.0,2.698,0.0009999999999998,32300.0,9.849043664889034e-05,2.697,2.6975,1405.0,2.697,0.0003707136237256,0.0011121408711768,-1480.9849122641608,159901.0,922300.0,992260.0,-69960.0,1914560.0,0.1393189188193805,0.1163409308424563,56300.0,69960.0,2.697483126110336,2.697293286219081,2.700282554483357,2.694199645254268
20230823.0,2.023082314055796e+16,2.695,2.694,2.693,2.692,2.691,159300.0,233460.0,458200.0,594400.0,298400.0,2.454,2.722,2.696,2.691,-162600.0,-435460.0,-825600.0,-822400.0,-549500.0,2.696,2.697,2.698,2.699,2.7,3300.0,202000.0,367400.0,228000.0,251100.0,2.717,2.727,-0.0309999999999996,-0.0009999999999998,116445841.368,43079356.0,3.0,3300.0,202000.0,367400.0,228000.0,251100.0,0.0001000000000002,5585.0,117034.09999999404,-0.0009999999999998,-159300.0,-233460.0,-458200.0,-594400.0,-298400.0,0.0019999999999997,0.0009999999999998,2.696,1.0,2.0,7.273270000000001,3.708102145511512e+16,15.0,5.0,2.698,0.0002499999999998,10850.0,-0.000487118471546,2.696,2.6955,1406.0,2.697,0.0003709886848452,0.0011129660545353,-1598627.4174500331,159901.0,1051800.0,1743760.0,-691960.0,2795560.0,0.14231998945262,0.1252663413863704,43400.0,691960.0,2.696638248847789,2.695979704797048,2.6984959117702987,2.6926334702023214
20230823.0,2.023082314065798e+16,2.694,2.693,2.692,2.691,2.69,80560.0,136300.0,370000.0,515700.0,414400.0,2.454,2.722,2.695,2.691,-283660.0,-124200.0,-132600.0,-447300.0,-332800.0,2.696,2.697,2.698,2.699,2.7,206400.0,189900.0,130000.0,159600.0,169500.0,2.717,2.727,-0.032,-0.0010000000000003,116974906.868,43275656.0,3.0,203100.0,-12100.0,-237400.0,-68400.0,-81600.0,0.0002499999999998,42375.0,529065.5,-0.0009999999999998,-80560.0,-136300.0,-370000.0,-515700.0,-414400.0,0.0019999999999997,0.0009999999999998,2.695,0.0,1.0,7.267068249999999,3.719545288627672e+16,15.0,5.0,2.696,0.0002499999999998,38250.0,-0.0005261931227695,2.695,2.6950000000000003,1407.0,2.696,0.0007421150278293,0.0014842300556586,-1600540.1113177887,159901.0,855400.0,1516960.0,-661560.0,2372360.0,0.1407252331714816,0.130615690260098,196300.0,661560.0,2.695188487009679,2.6945614719821576,2.697878302548515,2.6913097510811097
20230823.0,2.0230823140754936e+16,2.694,2.693,2.692,2.691,2.69,94660.0,136300.0,376300.0,515700.0,322300.0,2.454,2.722,2.694,2.691,-185900.0,-206400.0,-183600.0,-690000.0,-291700.0,2.695,2.696,2.697,2.698,2.699,200000.0,206400.0,189900.0,690000.0,199600.0,2.717,2.727,-0.0329999999999999,-0.0009999999999998,117025015.268,43294256.0,3.0,200000.0,206400.0,189900.0,690000.0,199600.0,0.0002307692307685,4292.307692304254,50108.40000000596,-0.0010000000000003,14100.0,0.0,6300.0,0.0,-92100.0,0.0020000000000002,0.0009999999999998,2.694,0.0,1.0,7.261781384615385,2.435100183008397e+16,10.0,3.0,2.695,0.0,0.0,-8.915405385900854e-05,2.694,2.6945,1408.0,2.695,0.0003711263685284,0.0011133791055854,-1607062.2123235052,159901.0,1485900.0,1445260.0,40640.0,2931160.0,0.1269374905403477,0.1079984078392415,18600.0,40640.0,2.6940000000003206,2.694321251612027,2.697324920923346,2.691422470697314
20230823.0,2.0230823140855016e+16,2.692,2.691,2.69,2.689,2.688,140700.0,167700.0,463400.0,484500.0,351900.0,2.454,2.722,2.693,2.691,-153400.0,-485700.0,-713400.0,-712500.0,-554000.0,2.693,2.694,2.695,2.696,2.697,12700.0,318000.0,250000.0,228000.0,202100.0,2.717,2.727,-0.0339999999999998,-0.0009999999999998,117609719.408,43511316.0,3.0,12700.0,318000.0,250000.0,228000.0,202100.0,0.0002000000000004,48892.0,584704.1400000006,-0.0009999999999998,-140700.0,-167700.0,-463400.0,-484500.0,-351900.0,0.0020000000000002,0.0010000000000003,2.693,0.0,1.0,7.253326400000001,1.888532765697832e+16,2.0,8.0,2.694,0.0,32075.0,-0.0005220993471244,2.693,2.6925,1409.0,2.694,0.0003714020427111,0.0011142061281337,-1614337.764574646,159901.0,1010800.0,1608200.0,-597400.0,2619000.0,0.1339782691791327,0.1159153667251547,217060.0,597400.0,2.693744310328944,2.692917209908736,2.6952857142857147,2.6895403556771544
20230823.0,2.0230823140955e+16,2.692,2.691,2.69,2.689,2.688,119800.0,171800.0,495300.0,458900.0,306500.0,2.454,2.722,2.692,2.691,217200.0,192100.0,267800.0,71500.0,133200.0,2.694,2.695,2.696,2.697,2.698,239100.0,188000.0,175900.0,157100.0,128500.0,2.717,2.727,-0.0349999999999997,-0.0009999999999998,117831600.008,43593716.0,3.0,-239100.0,-188000.0,-175900.0,-157100.0,-128500.0,0.000105263157895,13484.210526317358,221880.59999999404,-0.0009999999999998,-21900.0,4100.0,91900.0,-85600.0,4700.0,0.0020000000000002,0.0010000000000003,2.692,2.0,2.0,7.251682368421052,3.6015603561169264e+16,15.0,4.0,2.694,0.0,5900.0,-9.289637720821808e-05,2.692,2.693,1410.0,2.692,0.0007426661715558,0.0014853323431117,-4127.306819130667,159901.0,888600.0,1552300.0,-663700.0,2440900.0,0.1356100228545523,0.1178302313605127,82400.0,663700.0,2.6927257281552675,2.6926675954304824,2.6957162952959712,2.6895745023513498
