time,exchg,code,price,open,high,low,settle_price,upper_limit,lower_limit,total_volume,volume,total_turnover,turnover,open_interest,diff_interest,trading_date,action_date,action_time,pre_close,pre_settle,pre_interest,bid_price_0,bid_price_1,bid_price_2,bid_price_3,bid_price_4,bid_price_5,bid_price_6,bid_price_7,bid_price_8,bid_price_9,ask_price_0,ask_price_1,ask_price_2,ask_price_3,ask_price_4,ask_price_5,ask_price_6,ask_price_7,ask_price_8,ask_price_9,bid_qty_0,bid_qty_1,bid_qty_2,bid_qty_3,bid_qty_4,bid_qty_5,bid_qty_6,bid_qty_7,bid_qty_8,bid_qty_9,ask_qty_0,ask_qty_1,ask_qty_2,ask_qty_3,ask_qty_4,ask_qty_5,ask_qty_6,ask_qty_7,ask_qty_8,ask_qty_9
20230823093659056,SZSE,SZSE.ETF.159922,5.918,5.93,5.955,5.909,0.0,6.559,5.367,15158400.0,420000.0,89825467.6,2485560.0,0.0,0.0,20230823,20230823,93659054,5.963,0.0,0.0,5.916,5.915,5.914,5.913,5.912,0.0,0.0,0.0,0.0,0.0,5.918,5.919,5.92,5.921,5.922,0.0,0.0,0.0,0.0,0.0,192100.0,282500.0,468600.0,260100.0,231000.0,0.0,0.0,0.0,0.0,0.0,10000.0,600000.0,689700.0,90000.0,254500.0,0.0,0.0,0.0,0.0,0.0
20230823093702092,SZSE,SZSE.ETF.159922,5.916,5.93,5.955,5.909,0.0,6.559,5.367,15392700.0,234300.0,91211512.0,1386044.400000006,0.0,0.0,20230823,20230823,93702092,5.963,0.0,0.0,5.916,5.914,5.913,5.912,5.91,0.0,0.0,0.0,0.0,0.0,5.917,5.918,5.919,5.92,5.921,0.0,0.0,0.0,0.0,0.0,320100.0,484600.0,110100.0,469600.0,130000.0,0.0,0.0,0.0,0.0,0.0,90000.0,410000.0,669700.0,529000.0,85500.0,0.0,0.0,0.0,0.0,0.0
20230823093705164,SZSE,SZSE.ETF.159922,5.916,5.93,5.955,5.909,0.0,6.559,5.367,15631900.0,239200.0,92626639.7,1415127.700000003,0.0,0.0,20230823,20230823,93705164,5.963,0.0,0.0,5.916,5.914,5.913,5.912,5.91,0.0,0.0,0.0,0.0,0.0,5.917,5.918,5.919,5.92,5.921,0.0,0.0,0.0,0.0,0.0,228400.0,449900.0,185700.0,361000.0,148600.0,0.0,0.0,0.0,0.0,0.0,270000.0,210000.0,385500.0,219700.0,108600.0,0.0,0.0,0.0,0.0,0.0
20230823093708264,SZSE,SZSE.ETF.159922,5.917,5.93,5.955,5.909,0.0,6.559,5.367,15691900.0,60000.0,92981659.7,355020.0,0.0,0.0,20230823,20230823,93708263,5.963,0.0,0.0,5.917,5.916,5.915,5.914,5.913,0.0,0.0,0.0,0.0,0.0,5.918,5.919,5.92,5.921,5.922,0.0,0.0,0.0,0.0,0.0,400000.0,301400.0,99900.0,705900.0,135700.0,0.0,0.0,0.0,0.0,0.0,169700.0,540000.0,284500.0,108600.0,260000.0,0.0,0.0,0.0,0.0,0.0
20230823093711188,SZSE,SZSE.ETF.159922,5.917,5.93,5.955,5.909,0.0,6.559,5.367,15791900.0,100000.0,93573359.7,591700.0,0.0,0.0,20230823,20230823,93711189,5.963,0.0,0.0,5.917,5.916,5.915,5.914,5.913,0.0,0.0,0.0,0.0,0.0,5.918,5.919,5.92,5.921,5.922,0.0,0.0,0.0,0.0,0.0,300000.0,291300.0,69900.0,741500.0,98700.0,0.0,0.0,0.0,0.0,0.0,90000.0,599700.0,259000.0,125500.0,218600.0,0.0,0.0,0.0,0.0,0.0
20230823093714068,SZSE,SZSE.ETF.159922,5.916,5.93,5.955,5.909,0.0,6.559,5.367,16081900.0,290000.0,95289239.7,1715880.0,0.0,0.0,20230823,20230823,93714068,5.963,0.0,0.0,5.916,5.915,5.914,5.913,5.912,0.0,0.0,0.0,0.0,0.0,5.917,5.918,5.919,5.92,5.921,0.0,0.0,0.0,0.0,0.0,51400.0,30000.0,284600.0,565700.0,311000.0,0.0,0.0,0.0,0.0,0.0,270000.0,439700.0,130000.0,259000.0,125500.0,0.0,0.0,0.0,0.0,0.0
20230823093717076,SZSE,SZSE.ETF.159922,5.916,5.93,5.955,5.909,0.0,6.559,5.367,16304700.0,222800.0,96607324.5,1318084.799999997,0.0,0.0,20230823,20230823,93717077,5.963,0.0,0.0,5.914,5.913,5.912,5.911,5.91,0.0,0.0,0.0,0.0,0.0,5.915,5.916,5.917,5.918,5.919,0.0,0.0,0.0,0.0,0.0,276000.0,260100.0,565200.0,70000.0,50000.0,0.0,0.0,0.0,0.0,0.0,50000.0,50000.0,1040000.0,490000.0,205500.0,0.0,0.0,0.0,0.0,0.0
20230823093945580,SZSE,SZSE.ETF.159922,5.917,5.93,5.955,5.909,0.0,6.559,5.367,19918000.0,8000.0,117985952.2,47336.0,0.0,0.0,20230823,20230823,93945579,5.963,0.0,0.0,5.916,5.915,5.914,5.913,5.912,0.0,0.0,0.0,0.0,0.0,5.918,5.919,5.92,5.921,5.922,0.0,0.0,0.0,0.0,0.0,60000.0,299900.0,370400.0,435600.0,58600.0,0.0,0.0,0.0,0.0,0.0,719000.0,260000.0,595500.0,58600.0,320000.0,0.0,0.0,0.0,0.0,0.0
20230823093947460,SZSE,SZSE.ETF.159922,5.917,5.93,5.955,5.909,0.0,6.559,5.367,19918000.0,0.0,117985952.2,0.0,0.0,0.0,20230823,20230823,93947461,5.963,0.0,0.0,5.916,5.915,5.914,5.913,5.912,0.0,0.0,0.0,0.0,0.0,5.918,5.919,5.92,5.921,5.922,0.0,0.0,0.0,0.0,0.0,290000.0,109900.0,320400.0,415600.0,58600.0,0.0,0.0,0.0,0.0,0.0,359000.0,260000.0,325500.0,230000.0,338600.0,0.0,0.0,0.0,0.0,0.0
20230823093951208,SZSE,SZSE.ETF.159922,5.917,5.93,5.955,5.909,0.0,6.559,5.367,19918000.0,0.0,117985952.2,0.0,0.0,0.0,20230823,20230823,93951206,5.963,0.0,0.0,5.916,5.915,5.914,5.913,5.912,0.0,0.0,0.0,0.0,0.0,5.917,5.918,5.919,5.92,5.921,0.0,0.0,0.0,0.0,0.0,220000.0,280000.0,316000.0,530000.0,98600.0,0.0,0.0,0.0,0.0,0.0,99000.0,440000.0,260000.0,420000.0,75500.0,0.0,0.0,0.0,0.0,0.0
20230823093954552,SZSE,SZSE.ETF.159922,5.916,5.93,5.955,5.909,0.0,6.559,5.367,19928000.0,10000.0,118045112.2,59160.0,0.0,0.0,20230823,20230823,93954551,5.963,0.0,0.0,5.916,5.915,5.914,5.913,5.912,0.0,0.0,0.0,0.0,0.0,5.917,5.918,5.919,5.92,5.921,0.0,0.0,0.0,0.0,0.0,10000.0,282000.0,280400.0,575600.0,258600.0,0.0,0.0,0.0,0.0,0.0,709000.0,410000.0,180000.0,395500.0,118600.0,0.0,0.0,0.0,0.0,0.0
20230823093958296,SZSE,SZSE.ETF.159922,5.916,5.93,5.955,5.909,0.0,6.559,5.367,19956000.0,28000.0,118210760.2,165648.0,0.0,0.0,20230823,20230823,93958296,5.963,0.0,0.0,5.916,5.915,5.914,5.913,5.912,0.0,0.0,0.0,0.0,0.0,5.917,5.918,5.919,5.92,5.921,0.0,0.0,0.0,0.0,0.0,190000.0,271900.0,200400.0,420000.0,234200.0,0.0,0.0,0.0,0.0,0.0,169000.0,335500.0,200000.0,530000.0,78600.0,0.0,0.0,0.0,0.0,0.0
20230823094000288,SZSE,SZSE.ETF.159922,5.916,5.93,5.955,5.909,0.0,6.559,5.367,20148100.0,192100.0,119347223.8,1136463.599999994,0.0,0.0,20230823,20230823,94000287,5.963,0.0,0.0,5.915,5.914,5.913,5.912,5.911,0.0,0.0,0.0,0.0,0.0,5.916,5.917,5.918,5.919,5.92,0.0,0.0,0.0,0.0,0.0,2000.0,340400.0,185600.0,448600.0,215100.0,0.0,0.0,0.0,0.0,0.0,20000.0,470000.0,460000.0,90000.0,565500.0,0.0,0.0,0.0,0.0,0.0
20230823094003264,SZSE,SZSE.ETF.159922,5.916,5.93,5.955,5.909,0.0,6.559,5.367,20148100.0,0.0,119347223.8,0.0,0.0,0.0,20230823,20230823,94003264,5.963,0.0,0.0,5.915,5.914,5.913,5.912,5.911,0.0,0.0,0.0,0.0,0.0,5.916,5.917,5.918,5.919,5.92,0.0,0.0,0.0,0.0,0.0,52000.0,690400.0,350000.0,265600.0,158700.0,0.0,0.0,0.0,0.0,0.0,264000.0,380000.0,555500.0,290000.0,258600.0,0.0,0.0,0.0,0.0,0.0
20230823094005688,SZSE,SZSE.ETF.159922,5.916,5.93,5.955,5.909,0.0,6.559,5.367,20148100.0,0.0,119347223.8,0.0,0.0,0.0,20230823,20230823,94005689,5.963,0.0,0.0,5.915,5.914,5.913,5.912,5.911,0.0,0.0,0.0,0.0,0.0,5.916,5.917,5.918,5.919,5.92,0.0,0.0,0.0,0.0,0.0,142000.0,600400.0,350000.0,215600.0,188700.0,0.0,0.0,0.0,0.0,0.0,57000.0,259800.0,410000.0,535500.0,358600.0,0.0,0.0,0.0,0.0,0.0
20230823094014336,SZSE,SZSE.ETF.159922,5.912,5.93,5.955,5.909,0.0,6.559,5.367,21190600.0,1040500.0,125510150.5,6151096.700000003,0.0,0.0,20230823,20230823,94014334,5.963,0.0,0.0,5.911,5.91,5.909,5.908,5.907,0.0,0.0,0.0,0.0,0.0,5.912,5.913,5.914,5.915,5.916,0.0,0.0,0.0,0.0,0.0,70000.0,317600.0,535800.0,530200.0,60000.0,0.0,0.0,0.0,0.0,0.0,10100.0,850000.0,660000.0,200000.0,367000.0,0.0,0.0,0.0,0.0,0.0
20230823094017372,SZSE,SZSE.ETF.159922,5.912,5.93,5.955,5.909,0.0,6.559,5.367,21260900.0,70300.0,125925694.1,415543.59999999404,0.0,0.0,20230823,20230823,94017373,5.963,0.0,0.0,5.91,5.909,5.908,5.907,5.906,0.0,0.0,0.0,0.0,0.0,5.912,5.913,5.914,5.915,5.916,0.0,0.0,0.0,0.0,0.0,93500.0,300800.0,690200.0,154300.0,220000.0,0.0,0.0,0.0,0.0,0.0,341800.0,850000.0,415600.0,40000.0,245700.0,0.0,0.0,0.0,0.0,0.0
20230823094020556,SZSE,SZSE.ETF.159922,5.909,5.93,5.955,5.909,0.0,6.559,5.367,21447700.0,186800.0,127029555.3,1103861.200000003,0.0,0.0,20230823,20230823,94020555,5.963,0.0,0.0,5.908,5.907,5.906,5.905,5.904,0.0,0.0,0.0,0.0,0.0,5.909,5.91,5.911,5.912,5.913,0.0,0.0,0.0,0.0,0.0,500200.0,345600.0,223700.0,215600.0,232300.0,0.0,0.0,0.0,0.0,0.0,16000.0,180000.0,290000.0,951800.0,450000.0,0.0,0.0,0.0,0.0,0.0
20230823094023348,SZSE,SZSE.ETF.159922,5.908,5.93,5.955,5.908,0.0,6.559,5.367,21573200.0,125500.0,127771095.9,741540.6000000089,0.0,0.0,20230823,20230823,94023348,5.963,0.0,0.0,5.908,5.907,5.906,5.905,5.904,0.0,0.0,0.0,0.0,0.0,5.909,5.91,5.911,5.912,5.913,0.0,0.0,0.0,0.0,0.0,151300.0,710000.0,485000.0,96200.0,191000.0,0.0,0.0,0.0,0.0,0.0,66000.0,50000.0,70000.0,885300.0,98700.0,0.0,0.0,0.0,0.0,0.0
20230823094026152,SZSE,SZSE.ETF.159922,5.909,5.93,5.955,5.908,0.0,6.559,5.367,21662300.0,89100.0,128297578.1,526482.1999999881,0.0,0.0,20230823,20230823,94026150,5.963,0.0,0.0,5.908,5.907,5.906,5.905,5.904,0.0,0.0,0.0,0.0,0.0,5.909,5.91,5.911,5.912,5.913,0.0,0.0,0.0,0.0,0.0,483100.0,350000.0,206600.0,90600.0,201000.0,0.0,0.0,0.0,0.0,0.0,172900.0,430700.0,110000.0,630000.0,334300.0,0.0,0.0,0.0,0.0,0.0
20230823094029068,SZSE,SZSE.ETF.159922,5.909,5.93,5.955,5.908,0.0,6.559,5.367,21728500.0,66200.0,128688753.9,391175.8000000119,0.0,0.0,20230823,20230823,94029069,5.963,0.0,0.0,5.909,5.908,5.907,5.906,5.905,0.0,0.0,0.0,0.0,0.0,5.91,5.911,5.912,5.913,5.914,0.0,0.0,0.0,0.0,0.0,393700.0,300000.0,340000.0,261000.0,76200.0,0.0,0.0,0.0,0.0,0.0,100700.0,109900.0,425600.0,508700.0,480000.0,0.0,0.0,0.0,0.0,0.0
20230823094032216,SZSE,SZSE.ETF.159922,5.909,5.93,5.955,5.908,0.0,6.559,5.367,21733400.0,4900.0,128717708.0,28954.09999999404,0.0,0.0,20230823,20230823,94032214,5.963,0.0,0.0,5.909,5.908,5.907,5.906,5.905,0.0,0.0,0.0,0.0,0.0,5.91,5.911,5.912,5.913,5.914,0.0,0.0,0.0,0.0,0.0,10000.0,40000.0,515300.0,335000.0,119300.0,0.0,0.0,0.0,0.0,0.0,494600.0,345900.0,710000.0,115600.0,198700.0,0.0,0.0,0.0,0.0,0.0
20230823094035432,SZSE,SZSE.ETF.159922,5.907,5.93,5.955,5.907,0.0,6.559,5.367,21861400.0,128000.0,129473868.0,756160.0,0.0,0.0,20230823,20230823,94035434,5.963,0.0,0.0,5.906,5.905,5.904,5.903,5.902,0.0,0.0,0.0,0.0,0.0,5.907,5.908,5.909,5.91,5.911,0.0,0.0,0.0,0.0,0.0,245000.0,498600.0,279300.0,113200.0,160000.0,0.0,0.0,0.0,0.0,0.0,16000.0,147900.0,122000.0,944600.0,190000.0,0.0,0.0,0.0,0.0,0.0
20230823094038752,SZSE,SZSE.ETF.159922,5.907,5.93,5.955,5.907,0.0,6.559,5.367,22001100.0,139700.0,130299075.9,825207.900000006,0.0,0.0,20230823,20230823,94038751,5.963,0.0,0.0,5.907,5.906,5.905,5.904,5.903,0.0,0.0,0.0,0.0,0.0,5.908,5.909,5.91,5.911,5.912,0.0,0.0,0.0,0.0,0.0,127100.0,648700.0,386600.0,279900.0,63200.0,0.0,0.0,0.0,0.0,0.0,134700.0,336000.0,594700.0,294300.0,220000.0,0.0,0.0,0.0,0.0,0.0
20230823094041952,SZSE,SZSE.ETF.159922,5.906,5.93,5.955,5.906,0.0,6.559,5.367,22215600.0,214500.0,131566164.2,1267088.299999997,0.0,0.0,20230823,20230823,94041951,5.963,0.0,0.0,5.906,5.905,5.904,5.903,5.902,0.0,0.0,0.0,0.0,0.0,5.907,5.908,5.909,5.91,5.911,0.0,0.0,0.0,0.0,0.0,490000.0,697900.0,112300.0,121900.0,385000.0,0.0,0.0,0.0,0.0,0.0,10000.0,447900.0,363900.0,834700.0,75600.0,0.0,0.0,0.0,0.0,0.0
20230823094044704,SZSE,SZSE.ETF.159922,5.907,5.93,5.955,5.906,0.0,6.559,5.367,22277600.0,62000.0,131932398.2,366234.0,0.0,0.0,20230823,20230823,94044703,5.963,0.0,0.0,5.907,5.906,5.905,5.904,5.903,0.0,0.0,0.0,0.0,0.0,5.908,5.909,5.91,5.911,5.912,0.0,0.0,0.0,0.0,0.0,8000.0,1055700.0,126600.0,292300.0,138800.0,0.0,0.0,0.0,0.0,0.0,50000.0,133900.0,420300.0,668700.0,320000.0,0.0,0.0,0.0,0.0,0.0
20230823094047660,SZSE,SZSE.ETF.159922,5.908,5.93,5.955,5.906,0.0,6.559,5.367,22278000.0,400.0,131934761.4,2363.2000000029802,0.0,0.0,20230823,20230823,94047661,5.963,0.0,0.0,5.907,5.906,5.905,5.904,5.903,0.0,0.0,0.0,0.0,0.0,5.908,5.909,5.91,5.911,5.912,0.0,0.0,0.0,0.0,0.0,6000.0,1085700.0,162200.0,302300.0,81900.0,0.0,0.0,0.0,0.0,0.0,195900.0,186000.0,534700.0,430000.0,234300.0,0.0,0.0,0.0,0.0,0.0
20230823094050528,SZSE,SZSE.ETF.159922,5.907,5.93,5.955,5.906,0.0,6.559,5.367,22448300.0,170300.0,132940723.5,1005962.099999994,0.0,0.0,20230823,20230823,94050530,5.963,0.0,0.0,5.907,5.906,5.905,5.904,5.903,0.0,0.0,0.0,0.0,0.0,5.908,5.909,5.91,5.911,5.912,0.0,0.0,0.0,0.0,0.0,360000.0,932000.0,126600.0,375900.0,81900.0,0.0,0.0,0.0,0.0,0.0,58000.0,173900.0,234700.0,465600.0,398700.0,0.0,0.0,0.0,0.0,0.0
20230823094053380,SZSE,SZSE.ETF.159922,5.908,5.93,5.955,5.906,0.0,6.559,5.367,22633200.0,184900.0,134033112.7,1092389.200000003,0.0,0.0,20230823,20230823,94053381,5.963,0.0,0.0,5.907,5.906,5.905,5.904,5.903,0.0,0.0,0.0,0.0,0.0,5.908,5.909,5.91,5.911,5.912,0.0,0.0,0.0,0.0,0.0,810000.0,1109900.0,394200.0,352300.0,82400.0,0.0,0.0,0.0,0.0,0.0,47900.0,146000.0,394700.0,430000.0,374300.0,0.0,0.0,0.0,0.0,0.0
20230823094056336,SZSE,SZSE.ETF.159922,5.908,5.93,5.955,5.906,0.0,6.559,5.367,22690600.0,57400.0,134372231.9,339119.200000003,0.0,0.0,20230823,20230823,94056338,5.963,0.0,0.0,5.908,5.907,5.906,5.905,5.904,0.0,0.0,0.0,0.0,0.0,5.909,5.91,5.911,5.912,5.913,0.0,0.0,0.0,0.0,0.0,184900.0,1149900.0,921500.0,40600.0,142300.0,0.0,0.0,0.0,0.0,0.0,40000.0,340700.0,350000.0,544300.0,80000.0,0.0,0.0,0.0,0.0,0.0
20230823094059056,SZSE,SZSE.ETF.159922,5.908,5.93,5.955,5.906,0.0,6.559,5.367,22690600.0,0.0,134372231.9,0.0,0.0,0.0,20230823,20230823,94059058,5.963,0.0,0.0,5.908,5.907,5.906,5.905,5.904,0.0,0.0,0.0,0.0,0.0,5.909,5.91,5.911,5.912,5.913,0.0,0.0,0.0,0.0,0.0,79900.0,1139900.0,831500.0,40600.0,301000.0,0.0,0.0,0.0,0.0,0.0,40000.0,550700.0,480000.0,490000.0,134300.0,0.0,0.0,0.0,0.0,0.0
20230823094102064,SZSE,SZSE.ETF.159922,5.908,5.93,5.955,5.906,0.0,6.559,5.367,22760100.0,69500.0,134782837.9,410606.0,0.0,0.0,20230823,20230823,94102062,5.963,0.0,0.0,5.907,5.906,5.905,5.904,5.903,0.0,0.0,0.0,0.0,0.0,5.908,5.909,5.91,5.911,5.912,0.0,0.0,0.0,0.0,0.0,736000.0,749900.0,376200.0,521000.0,98700.0,0.0,0.0,0.0,0.0,0.0,350000.0,298000.0,634700.0,326000.0,215600.0,0.0,0.0,0.0,0.0,0.0
20230823094105292,SZSE,SZSE.ETF.159922,5.908,5.93,5.955,5.906,0.0,6.559,5.367,22760100.0,0.0,134782837.9,0.0,0.0,0.0,20230823,20230823,94105291,5.963,0.0,0.0,5.907,5.906,5.905,5.904,5.903,0.0,0.0,0.0,0.0,0.0,5.908,5.909,5.91,5.911,5.912,0.0,0.0,0.0,0.0,0.0,670000.0,565900.0,540600.0,447900.0,82400.0,0.0,0.0,0.0,0.0,0.0,60000.0,330000.0,800700.0,95600.0,198700.0,0.0,0.0,0.0,0.0,0.0
20230823094108064,SZSE,SZSE.ETF.159922,5.907,5.93,5.955,5.906,0.0,6.559,5.367,23330500.0,570400.0,138152251.1,3369413.199999988,0.0,0.0,20230823,20230823,94108062,5.963,0.0,0.0,5.906,5.905,5.904,5.903,5.902,0.0,0.0,0.0,0.0,0.0,5.907,5.908,5.909,5.91,5.911,0.0,0.0,0.0,0.0,0.0,530000.0,556600.0,247900.0,302400.0,315000.0,0.0,0.0,0.0,0.0,0.0,140000.0,439900.0,826000.0,374700.0,75600.0,0.0,0.0,0.0,0.0,0.0
20230823094111076,SZSE,SZSE.ETF.159922,5.907,5.93,5.955,5.906,0.0,6.559,5.367,23333600.0,3100.0,138170562.8,18311.70000001788,0.0,0.0,20230823,20230823,94111075,5.963,0.0,0.0,5.906,5.905,5.904,5.903,5.902,0.0,0.0,0.0,0.0,0.0,5.907,5.908,5.909,5.91,5.911,0.0,0.0,0.0,0.0,0.0,530000.0,356600.0,352300.0,283700.0,434300.0,0.0,0.0,0.0,0.0,0.0,436100.0,405200.0,661600.0,330000.0,58700.0,0.0,0.0,0.0,0.0,0.0
20230823094114244,SZSE,SZSE.ETF.159922,5.908,5.93,5.955,5.906,0.0,6.559,5.367,24192800.0,859200.0,143245717.2,5075154.399999976,0.0,0.0,20230823,20230823,94114244,5.963,0.0,0.0,5.907,5.906,5.905,5.904,5.903,0.0,0.0,0.0,0.0,0.0,5.908,5.909,5.91,5.911,5.912,0.0,0.0,0.0,0.0,0.0,40800.0,230000.0,310500.0,508300.0,313700.0,0.0,0.0,0.0,0.0,0.0,301200.0,695600.0,250000.0,58700.0,270000.0,0.0,0.0,0.0,0.0,0.0
20230823094117020,SZSE,SZSE.ETF.159922,5.908,5.93,5.955,5.906,0.0,6.559,5.367,24192800.0,0.0,143245717.2,0.0,0.0,0.0,20230823,20230823,94117021,5.963,0.0,0.0,5.907,5.906,5.905,5.904,5.903,0.0,0.0,0.0,0.0,0.0,5.908,5.909,5.91,5.911,5.912,0.0,0.0,0.0,0.0,0.0,48900.0,222500.0,106600.0,487900.0,492400.0,0.0,0.0,0.0,0.0,0.0,855200.0,236000.0,370000.0,115600.0,288700.0,0.0,0.0,0.0,0.0,0.0
20230823094120260,SZSE,SZSE.ETF.159922,5.907,5.93,5.955,5.906,0.0,6.559,5.367,24218400.0,25600.0,143396936.4,151219.20000001788,0.0,0.0,20230823,20230823,94120261,5.963,0.0,0.0,5.907,5.906,5.905,5.904,5.903,0.0,0.0,0.0,0.0,0.0,5.908,5.909,5.91,5.911,5.912,0.0,0.0,0.0,0.0,0.0,9900.0,152500.0,516500.0,252300.0,308000.0,0.0,0.0,0.0,0.0,0.0,350800.0,1016000.0,425600.0,40000.0,288700.0,0.0,0.0,0.0,0.0,0.0
20230823094123512,SZSE,SZSE.ETF.159922,5.907,5.93,5.955,5.906,0.0,6.559,5.367,24218400.0,0.0,143396936.4,0.0,0.0,0.0,20230823,20230823,94123510,5.963,0.0,0.0,5.907,5.906,5.905,5.904,5.903,0.0,0.0,0.0,0.0,0.0,5.908,5.909,5.91,5.911,5.912,0.0,0.0,0.0,0.0,0.0,472000.0,542400.0,106500.0,182300.0,118000.0,0.0,0.0,0.0,0.0,0.0,50800.0,76000.0,265600.0,550000.0,428700.0,0.0,0.0,0.0,0.0,0.0
20230823094126956,SZSE,SZSE.ETF.159922,5.909,5.93,5.955,5.906,0.0,6.559,5.367,24335200.0,116800.0,144087056.8,690120.400000006,0.0,0.0,20230823,20230823,94126957,5.963,0.0,0.0,5.91,5.909,5.908,5.907,5.906,0.0,0.0,0.0,0.0,0.0,5.911,5.912,5.913,5.914,5.915,0.0,0.0,0.0,0.0,0.0,210000.0,306000.0,869100.0,300100.0,372500.0,0.0,0.0,0.0,0.0,0.0,20000.0,584300.0,550000.0,415000.0,60000.0,0.0,0.0,0.0,0.0,0.0
20230823094129484,SZSE,SZSE.ETF.159922,5.911,5.93,5.955,5.906,0.0,6.559,5.367,24351200.0,16000.0,144181632.8,94576.0,0.0,0.0,20230823,20230823,94129485,5.963,0.0,0.0,5.91,5.909,5.908,5.907,5.906,0.0,0.0,0.0,0.0,0.0,5.912,5.913,5.914,5.915,5.916,0.0,0.0,0.0,0.0,0.0,60000.0,306000.0,515500.0,725700.0,191200.0,0.0,0.0,0.0,0.0,0.0,459900.0,550000.0,125600.0,78700.0,265000.0,0.0,0.0,0.0,0.0,0.0
20230823094132616,SZSE,SZSE.ETF.159922,5.912,5.93,5.955,5.906,0.0,6.559,5.367,24481200.0,130000.0,144950192.8,768560.0,0.0,0.0,20230823,20230823,94132614,5.963,0.0,0.0,5.911,5.91,5.909,5.908,5.907,0.0,0.0,0.0,0.0,0.0,5.913,5.914,5.915,5.916,5.917,0.0,0.0,0.0,0.0,0.0,179500.0,240000.0,666000.0,60000.0,515800.0,0.0,0.0,0.0,0.0,0.0,415900.0,685600.0,190000.0,318700.0,75000.0,0.0,0.0,0.0,0.0,0.0
20230823094135316,SZSE,SZSE.ETF.159922,5.911,5.93,5.955,5.906,0.0,6.559,5.367,24550900.0,69700.0,145362199.3,412006.5,0.0,0.0,20230823,20230823,94135317,5.963,0.0,0.0,5.911,5.91,5.909,5.908,5.907,0.0,0.0,0.0,0.0,0.0,5.912,5.913,5.914,5.915,5.916,0.0,0.0,0.0,0.0,0.0,239900.0,276000.0,299900.0,495600.0,398900.0,0.0,0.0,0.0,0.0,0.0,40400.0,1020000.0,576000.0,135600.0,250000.0,0.0,0.0,0.0,0.0,0.0
20230823094138072,SZSE,SZSE.ETF.159922,5.91,5.93,5.955,5.906,0.0,6.559,5.367,24636900.0,86000.0,145870529.3,508330.0,0.0,0.0,20230823,20230823,94138072,5.963,0.0,0.0,5.909,5.908,5.907,5.906,5.905,0.0,0.0,0.0,0.0,0.0,5.91,5.911,5.912,5.913,5.914,0.0,0.0,0.0,0.0,0.0,19900.0,755500.0,498900.0,367500.0,70600.0,0.0,0.0,0.0,0.0,0.0,90000.0,110000.0,478300.0,760000.0,230000.0,0.0,0.0,0.0,0.0,0.0
20230823094141008,SZSE,SZSE.ETF.159922,5.911,5.93,5.955,5.906,0.0,6.559,5.367,24712900.0,76000.0,146319709.3,449180.0,0.0,0.0,20230823,20230823,94141009,5.963,0.0,0.0,5.911,5.91,5.909,5.908,5.907,0.0,0.0,0.0,0.0,0.0,5.912,5.913,5.914,5.915,5.916,0.0,0.0,0.0,0.0,0.0,460000.0,866100.0,113800.0,276000.0,80200.0,0.0,0.0,0.0,0.0,0.0,103900.0,175600.0,778700.0,390000.0,315000.0,0.0,0.0,0.0,0.0,0.0
20230823094144076,SZSE,SZSE.ETF.159922,5.912,5.93,5.955,5.906,0.0,6.559,5.367,24862700.0,149800.0,147205366.9,885657.599999994,0.0,0.0,20230823,20230823,94144077,5.963,0.0,0.0,5.912,5.911,5.91,5.909,5.908,0.0,0.0,0.0,0.0,0.0,5.915,5.916,5.917,5.918,5.919,0.0,0.0,0.0,0.0,0.0,284900.0,910000.0,276200.0,565600.0,110600.0,0.0,0.0,0.0,0.0,0.0,340000.0,844200.0,115000.0,210000.0,100000.0,0.0,0.0,0.0,0.0,0.0
20230823094147016,SZSE,SZSE.ETF.159922,5.913,5.93,5.955,5.906,0.0,6.559,5.367,24912700.0,50000.0,147501016.9,295650.0,0.0,0.0,20230823,20230823,94147016,5.963,0.0,0.0,5.912,5.911,5.91,5.909,5.908,0.0,0.0,0.0,0.0,0.0,5.914,5.915,5.916,5.917,5.918,0.0,0.0,0.0,0.0,0.0,177100.0,694000.0,525700.0,510000.0,439300.0,0.0,0.0,0.0,0.0,0.0,65900.0,545900.0,1000000.0,95500.0,180000.0,0.0,0.0,0.0,0.0,0.0
20230823094150188,SZSE,SZSE.ETF.159922,5.914,5.93,5.955,5.906,0.0,6.559,5.367,25023800.0,111100.0,148158071.3,657054.400000006,0.0,0.0,20230823,20230823,94150188,5.963,0.0,0.0,5.913,5.912,5.911,5.91,5.909,0.0,0.0,0.0,0.0,0.0,5.915,5.916,5.917,5.918,5.919,0.0,0.0,0.0,0.0,0.0,50000.0,526100.0,510000.0,100100.0,545600.0,0.0,0.0,0.0,0.0,0.0,141000.0,765500.0,150000.0,238700.0,325000.0,0.0,0.0,0.0,0.0,0.0
20230823094153088,SZSE,SZSE.ETF.159922,5.913,5.93,5.955,5.906,0.0,6.559,5.367,25309800.0,286000.0,149849261.7,1691190.3999999762,0.0,0.0,20230823,20230823,94153086,5.963,0.0,0.0,5.912,5.911,5.91,5.909,5.908,0.0,0.0,0.0,0.0,0.0,5.913,5.914,5.915,5.916,5.917,0.0,0.0,0.0,0.0,0.0,882600.0,155600.0,200100.0,498600.0,525600.0,0.0,0.0,0.0,0.0,0.0,106000.0,40000.0,189800.0,260000.0,570000.0,0.0,0.0,0.0,0.0,0.0
20230823094156008,SZSE,SZSE.ETF.159922,5.913,5.93,5.955,5.906,0.0,6.559,5.367,25489800.0,180000.0,150913601.7,1064340.0,0.0,0.0,20230823,20230823,94156006,5.963,0.0,0.0,5.913,5.912,5.911,5.91,5.909,0.0,0.0,0.0,0.0,0.0,5.914,5.915,5.916,5.917,5.918,0.0,0.0,0.0,0.0,0.0,306300.0,846300.0,150000.0,375700.0,470000.0,0.0,0.0,0.0,0.0,0.0,19800.0,89800.0,60000.0,484200.0,515000.0,0.0,0.0,0.0,0.0,0.0
20230823094159348,SZSE,SZSE.ETF.159922,5.913,5.93,5.955,5.906,0.0,6.559,5.367,25701400.0,211600.0,152164802.1,1251200.400000006,0.0,0.0,20230823,20230823,94159349,5.963,0.0,0.0,5.913,5.912,5.911,5.91,5.909,0.0,0.0,0.0,0.0,0.0,5.915,5.916,5.917,5.918,5.919,0.0,0.0,0.0,0.0,0.0,702300.0,536300.0,485900.0,280100.0,128700.0,0.0,0.0,0.0,0.0,0.0,250000.0,329800.0,110000.0,424200.0,125000.0,0.0,0.0,0.0,0.0,0.0
20230823094202052,SZSE,SZSE.ETF.159922,5.913,5.93,5.955,5.906,0.0,6.559,5.367,26035100.0,333700.0,154137970.2,1973168.099999994,0.0,0.0,20230823,20230823,94202051,5.963,0.0,0.0,5.913,5.912,5.911,5.91,5.909,0.0,0.0,0.0,0.0,0.0,5.915,5.916,5.917,5.918,5.919,0.0,0.0,0.0,0.0,0.0,300300.0,926300.0,185600.0,310100.0,98600.0,0.0,0.0,0.0,0.0,0.0,100000.0,359800.0,280000.0,275500.0,108600.0,0.0,0.0,0.0,0.0,0.0
20230823094205164,SZSE,SZSE.ETF.159922,5.915,5.93,5.955,5.906,0.0,6.559,5.367,26135400.0,100300.0,154731194.7,593224.5,0.0,0.0,20230823,20230823,94205164,5.963,0.0,0.0,5.914,5.913,5.912,5.911,5.91,0.0,0.0,0.0,0.0,0.0,5.916,5.917,5.918,5.919,5.92,0.0,0.0,0.0,0.0,0.0,450100.0,1090000.0,306200.0,40000.0,445700.0,0.0,0.0,0.0,0.0,0.0,90000.0,355300.0,310000.0,328600.0,315000.0,0.0,0.0,0.0,0.0,0.0
20230823094208188,SZSE,SZSE.ETF.159922,5.915,5.93,5.955,5.906,0.0,6.559,5.367,26135400.0,0.0,154731194.7,0.0,0.0,0.0,20230823,20230823,94208189,5.963,0.0,0.0,5.914,5.913,5.912,5.911,5.91,0.0,0.0,0.0,0.0,0.0,5.916,5.917,5.918,5.919,5.92,0.0,0.0,0.0,0.0,0.0,870100.0,940000.0,691800.0,70000.0,158700.0,0.0,0.0,0.0,0.0,0.0,90000.0,349800.0,519800.0,145500.0,298600.0,0.0,0.0,0.0,0.0,0.0
20230823094211064,SZSE,SZSE.ETF.159922,5.914,5.93,5.955,5.906,0.0,6.559,5.367,26677400.0,542000.0,157937122.7,3205928.0,0.0,0.0,20230823,20230823,94211064,5.963,0.0,0.0,5.914,5.913,5.912,5.911,5.91,0.0,0.0,0.0,0.0,0.0,5.916,5.917,5.918,5.919,5.92,0.0,0.0,0.0,0.0,0.0,668000.0,755700.0,536200.0,60000.0,398700.0,0.0,0.0,0.0,0.0,0.0,90000.0,419800.0,319800.0,40000.0,334100.0,0.0,0.0,0.0,0.0,0.0
20230823094214044,SZSE,SZSE.ETF.159922,5.914,5.93,5.955,5.906,0.0,6.559,5.367,26873400.0,196000.0,159096266.7,1159144.0,0.0,0.0,20230823,20230823,94214045,5.963,0.0,0.0,5.914,5.913,5.912,5.911,5.91,0.0,0.0,0.0,0.0,0.0,5.915,5.916,5.917,5.918,5.919,0.0,0.0,0.0,0.0,0.0,244000.0,910100.0,371800.0,80000.0,398700.0,0.0,0.0,0.0,0.0,0.0,200000.0,90000.0,519800.0,129800.0,115500.0,0.0,0.0,0.0,0.0,0.0
20230823094217152,SZSE,SZSE.ETF.159922,5.915,5.93,5.955,5.906,0.0,6.559,5.367,27083400.0,210000.0,160338416.7,1242150.0,0.0,0.0,20230823,20230823,94217152,5.963,0.0,0.0,5.915,5.914,5.913,5.912,5.911,0.0,0.0,0.0,0.0,0.0,5.916,5.917,5.918,5.919,5.92,0.0,0.0,0.0,0.0,0.0,10000.0,734100.0,504000.0,296200.0,115600.0,0.0,0.0,0.0,0.0,0.0,90000.0,339800.0,545300.0,158600.0,320000.0,0.0,0.0,0.0,0.0,0.0
20230823094220000,SZSE,SZSE.ETF.159922,5.915,5.93,5.955,5.906,0.0,6.559,5.367,27295400.0,212000.0,161592596.7,1254180.0,0.0,0.0,20230823,20230823,94220001,5.963,0.0,0.0,5.914,5.913,5.912,5.911,5.91,0.0,0.0,0.0,0.0,0.0,5.915,5.916,5.917,5.918,5.919,0.0,0.0,0.0,0.0,0.0,674000.0,324100.0,601800.0,118600.0,315100.0,0.0,0.0,0.0,0.0,0.0,432000.0,319800.0,569800.0,359800.0,155500.0,0.0,0.0,0.0,0.0,0.0
20230823094223080,SZSE,SZSE.ETF.159922,5.914,5.93,5.955,5.906,0.0,6.559,5.367,27365900.0,70500.0,162009534.4,416937.7000000179,0.0,0.0,20230823,20230823,94223081,5.963,0.0,0.0,5.914,5.913,5.912,5.911,5.91,0.0,0.0,0.0,0.0,0.0,5.915,5.916,5.917,5.918,5.919,0.0,0.0,0.0,0.0,0.0,372200.0,264000.0,146200.0,405700.0,668700.0,0.0,0.0,0.0,0.0,0.0,805800.0,419800.0,270000.0,215500.0,98600.0,0.0,0.0,0.0,0.0,0.0
20230823094226068,SZSE,SZSE.ETF.159922,5.913,5.93,5.955,5.906,0.0,6.559,5.367,27766000.0,400100.0,164375693.7,2366159.299999982,0.0,0.0,20230823,20230823,94226069,5.963,0.0,0.0,5.913,5.912,5.911,5.91,5.909,0.0,0.0,0.0,0.0,0.0,5.914,5.915,5.916,5.917,5.918,0.0,0.0,0.0,0.0,0.0,424000.0,106200.0,340000.0,454300.0,315000.0,0.0,0.0,0.0,0.0,0.0,723300.0,470000.0,969800.0,135500.0,410000.0,0.0,0.0,0.0,0.0,0.0
20230823094229044,SZSE,SZSE.ETF.159922,5.913,5.93,5.955,5.906,0.0,6.559,5.367,28066000.0,300000.0,166149593.7,1773900.0,0.0,0.0,20230823,20230823,94229044,5.963,0.0,0.0,5.913,5.912,5.911,5.91,5.909,0.0,0.0,0.0,0.0,0.0,5.914,5.915,5.916,5.917,5.918,0.0,0.0,0.0,0.0,0.0,154000.0,56200.0,320000.0,110100.0,204300.0,0.0,0.0,0.0,0.0,0.0,653300.0,660000.0,695500.0,80000.0,328700.0,0.0,0.0,0.0,0.0,0.0
20230823094232204,SZSE,SZSE.ETF.159922,5.91,5.93,5.955,5.906,0.0,6.559,5.367,28500200.0,434200.0,168716640.1,2567046.400000006,0.0,0.0,20230823,20230823,94232204,5.963,0.0,0.0,5.91,5.909,5.908,5.907,5.906,0.0,0.0,0.0,0.0,0.0,5.912,5.913,5.914,5.915,5.916,0.0,0.0,0.0,0.0,0.0,180100.0,364200.0,305600.0,280200.0,400500.0,0.0,0.0,0.0,0.0,0.0,569800.0,533800.0,853300.0,205600.0,460000.0,0.0,0.0,0.0,0.0,0.0
20230823094235160,SZSE,SZSE.ETF.159922,5.91,5.93,5.955,5.906,0.0,6.559,5.367,28934500.0,434300.0,171284153.1,2567513.0,0.0,0.0,20230823,20230823,94235158,5.963,0.0,0.0,5.911,5.91,5.909,5.908,5.907,0.0,0.0,0.0,0.0,0.0,5.913,5.914,5.915,5.916,5.917,0.0,0.0,0.0,0.0,0.0,46000.0,225800.0,449900.0,60600.0,95800.0,0.0,0.0,0.0,0.0,0.0,1055200.0,715600.0,130000.0,298700.0,40000.0,0.0,0.0,0.0,0.0,0.0
20230823094238052,SZSE,SZSE.ETF.159922,5.911,5.93,5.955,5.906,0.0,6.559,5.367,29328900.0,394400.0,173615792.6,2331639.5,0.0,0.0,20230823,20230823,94238051,5.963,0.0,0.0,5.91,5.909,5.908,5.907,5.906,0.0,0.0,0.0,0.0,0.0,5.911,5.912,5.913,5.914,5.915,0.0,0.0,0.0,0.0,0.0,291800.0,310000.0,296200.0,58900.0,415500.0,0.0,0.0,0.0,0.0,0.0,146000.0,98900.0,573800.0,846000.0,255600.0,0.0,0.0,0.0,0.0,0.0
20230823094241032,SZSE,SZSE.ETF.159922,5.91,5.93,5.955,5.906,0.0,6.559,5.367,30108900.0,780000.0,178226042.6,4610250.0,0.0,0.0,20230823,20230823,94241032,5.963,0.0,0.0,5.909,5.908,5.907,5.906,5.905,0.0,0.0,0.0,0.0,0.0,5.91,5.911,5.912,5.913,5.914,0.0,0.0,0.0,0.0,0.0,775900.0,150600.0,95800.0,299200.0,95600.0,0.0,0.0,0.0,0.0,0.0,26100.0,80000.0,310000.0,339800.0,475600.0,0.0,0.0,0.0,0.0,0.0
20230823094244036,SZSE,SZSE.ETF.159922,5.911,5.93,5.955,5.906,0.0,6.559,5.367,30150100.0,41200.0,178469544.5,243501.90000000596,0.0,0.0,20230823,20230823,94244037,5.963,0.0,0.0,5.91,5.909,5.908,5.907,5.906,0.0,0.0,0.0,0.0,0.0,5.911,5.912,5.913,5.914,5.915,0.0,0.0,0.0,0.0,0.0,707500.0,150000.0,416600.0,115800.0,420500.0,0.0,0.0,0.0,0.0,0.0,30100.0,56000.0,335200.0,418100.0,300000.0,0.0,0.0,0.0,0.0,0.0
20230823094247004,SZSE,SZSE.ETF.159922,5.91,5.93,5.955,5.906,0.0,6.559,5.367,30798600.0,648500.0,182302179.5,3832635.0,0.0,0.0,20230823,20230823,94247005,5.963,0.0,0.0,5.91,5.909,5.908,5.907,5.906,0.0,0.0,0.0,0.0,0.0,5.911,5.912,5.913,5.914,5.915,0.0,0.0,0.0,0.0,0.0,8000.0,90000.0,777000.0,150200.0,399200.0,0.0,0.0,0.0,0.0,0.0,176100.0,346000.0,433800.0,180000.0,144300.0,0.0,0.0,0.0,0.0,0.0
20230823094250036,SZSE,SZSE.ETF.159922,5.91,5.93,5.955,5.906,0.0,6.559,5.367,30806600.0,8000.0,182349459.5,47280.0,0.0,0.0,20230823,20230823,94250035,5.963,0.0,0.0,5.909,5.908,5.907,5.906,5.905,0.0,0.0,0.0,0.0,0.0,5.91,5.911,5.912,5.913,5.914,0.0,0.0,0.0,0.0,0.0,10500.0,336600.0,495000.0,344800.0,95600.0,0.0,0.0,0.0,0.0,0.0,239400.0,395200.0,739800.0,195600.0,320000.0,0.0,0.0,0.0,0.0,0.0
20230823094253064,SZSE,SZSE.ETF.159922,5.91,5.93,5.955,5.906,0.0,6.559,5.367,30806700.0,100.0,182350050.5,591.0,0.0,0.0,20230823,20230823,94253066,5.963,0.0,0.0,5.909,5.908,5.907,5.906,5.905,0.0,0.0,0.0,0.0,0.0,5.91,5.911,5.912,5.913,5.914,0.0,0.0,0.0,0.0,0.0,2600.0,521400.0,325000.0,290500.0,94900.0,0.0,0.0,0.0,0.0,0.0,53300.0,185200.0,835400.0,140000.0,298700.0,0.0,0.0,0.0,0.0,0.0
20230823094255992,SZSE,SZSE.ETF.159922,5.91,5.93,5.955,5.906,0.0,6.559,5.367,30806700.0,0.0,182350050.5,0.0,0.0,0.0,20230823,20230823,94255992,5.963,0.0,0.0,5.909,5.908,5.907,5.906,5.905,0.0,0.0,0.0,0.0,0.0,5.91,5.911,5.912,5.913,5.914,0.0,0.0,0.0,0.0,0.0,500.0,520600.0,321000.0,136100.0,59300.0,0.0,0.0,0.0,0.0,0.0,10000.0,251200.0,783800.0,175600.0,298700.0,0.0,0.0,0.0,0.0,0.0
20230823094259352,SZSE,SZSE.ETF.159922,5.909,5.93,5.955,5.906,0.0,6.559,5.367,30807200.0,500.0,182353005.0,2954.5,0.0,0.0,20230823,20230823,94259352,5.963,0.0,0.0,5.909,5.908,5.907,5.906,5.905,0.0,0.0,0.0,0.0,0.0,5.91,5.911,5.912,5.913,5.914,0.0,0.0,0.0,0.0,0.0,440000.0,290600.0,136200.0,566100.0,59300.0,0.0,0.0,0.0,0.0,0.0,292000.0,565000.0,610000.0,155600.0,298700.0,0.0,0.0,0.0,0.0,0.0
20230823094302104,SZSE,SZSE.ETF.159922,5.908,5.93,5.955,5.906,0.0,6.559,5.367,31217800.0,410600.0,184779239.8,2426234.800000012,0.0,0.0,20230823,20230823,94302104,5.963,0.0,0.0,5.907,5.906,5.905,5.904,5.903,0.0,0.0,0.0,0.0,0.0,5.908,5.909,5.91,5.911,5.912,0.0,0.0,0.0,0.0,0.0,46200.0,596100.0,369300.0,387300.0,113700.0,0.0,0.0,0.0,0.0,0.0,49400.0,228900.0,1039900.0,266100.0,250000.0,0.0,0.0,0.0,0.0,0.0
20230823094305044,SZSE,SZSE.ETF.159922,5.908,5.93,5.955,5.906,0.0,6.559,5.367,31217800.0,0.0,184779239.8,0.0,0.0,0.0,20230823,20230823,94305045,5.963,0.0,0.0,5.907,5.906,5.905,5.904,5.903,0.0,0.0,0.0,0.0,0.0,5.908,5.909,5.91,5.911,5.912,0.0,0.0,0.0,0.0,0.0,360200.0,591300.0,125400.0,337900.0,102400.0,0.0,0.0,0.0,0.0,0.0,9800.0,100000.0,481100.0,489500.0,238700.0,0.0,0.0,0.0,0.0,0.0
20230823094308344,SZSE,SZSE.ETF.159922,5.91,5.93,5.955,5.906,0.0,6.559,5.367,31265500.0,47700.0,185061123.4,281883.59999999404,0.0,0.0,20230823,20230823,94308346,5.963,0.0,0.0,5.91,5.909,5.908,5.907,5.906,0.0,0.0,0.0,0.0,0.0,5.911,5.912,5.913,5.914,5.915,0.0,0.0,0.0,0.0,0.0,364000.0,334800.0,1087800.0,100000.0,246500.0,0.0,0.0,0.0,0.0,0.0,30100.0,384300.0,335100.0,543800.0,60000.0,0.0,0.0,0.0,0.0,0.0
20230823094311112,SZSE,SZSE.ETF.159922,5.911,5.93,5.955,5.906,0.0,6.559,5.367,31359800.0,94300.0,185618530.7,557407.2999999821,0.0,0.0,20230823,20230823,94311114,5.963,0.0,0.0,5.911,5.91,5.909,5.908,5.907,0.0,0.0,0.0,0.0,0.0,5.913,5.914,5.915,5.916,5.917,0.0,0.0,0.0,0.0,0.0,426500.0,1220700.0,414300.0,1885600.0,40200.0,0.0,0.0,0.0,0.0,0.0,50000.0,285100.0,478100.0,370000.0,105000.0,0.0,0.0,0.0,0.0,0.0
20230823094314116,SZSE,SZSE.ETF.159922,5.913,5.93,5.955,5.906,0.0,6.559,5.367,31389300.0,29500.0,185792964.2,174433.5,0.0,0.0,20230823,20230823,94314116,5.963,0.0,0.0,5.911,5.91,5.909,5.908,5.907,0.0,0.0,0.0,0.0,0.0,5.914,5.915,5.916,5.917,5.918,0.0,0.0,0.0,0.0,0.0,470800.0,816300.0,114800.0,1450000.0,98900.0,0.0,0.0,0.0,0.0,0.0,345100.0,443800.0,330000.0,94200.0,215000.0,0.0,0.0,0.0,0.0,0.0
20230823094317096,SZSE,SZSE.ETF.159922,5.913,5.93,5.955,5.906,0.0,6.559,5.367,31389300.0,0.0,185792964.2,0.0,0.0,0.0,20230823,20230823,94317094,5.963,0.0,0.0,5.911,5.91,5.909,5.908,5.907,0.0,0.0,0.0,0.0,0.0,5.913,5.914,5.915,5.916,5.917,0.0,0.0,0.0,0.0,0.0,910800.0,780700.0,205600.0,1050000.0,98900.0,0.0,0.0,0.0,0.0,0.0,70000.0,395100.0,558900.0,305500.0,40000.0,0.0,0.0,0.0,0.0,0.0
20230823094319988,SZSE,SZSE.ETF.159922,5.91,5.93,5.955,5.906,0.0,6.559,5.367,31893600.0,504300.0,188773873.2,2980909.0,0.0,0.0,20230823,20230823,94319988,5.963,0.0,0.0,5.911,5.91,5.909,5.908,5.907,0.0,0.0,0.0,0.0,0.0,5.912,5.913,5.914,5.915,5.916,0.0,0.0,0.0,0.0,0.0,414800.0,448000.0,144800.0,980000.0,98900.0,0.0,0.0,0.0,0.0,0.0,40000.0,60000.0,340000.0,248900.0,430000.0,0.0,0.0,0.0,0.0,0.0
20230823094323020,SZSE,SZSE.ETF.159922,5.912,5.93,5.955,5.906,0.0,6.559,5.367,31933600.0,40000.0,189010353.2,236480.0,0.0,0.0,20230823,20230823,94323020,5.963,0.0,0.0,5.911,5.91,5.909,5.908,5.907,0.0,0.0,0.0,0.0,0.0,5.912,5.913,5.914,5.915,5.916,0.0,0.0,0.0,0.0,0.0,450000.0,762400.0,194800.0,1090000.0,134600.0,0.0,0.0,0.0,0.0,0.0,108000.0,70000.0,380700.0,373800.0,388700.0,0.0,0.0,0.0,0.0,0.0
20230823094325976,SZSE,SZSE.ETF.159922,5.912,5.93,5.955,5.906,0.0,6.559,5.367,31933600.0,0.0,189010353.2,0.0,0.0,0.0,20230823,20230823,94325978,5.963,0.0,0.0,5.911,5.91,5.909,5.908,5.907,0.0,0.0,0.0,0.0,0.0,5.912,5.913,5.914,5.915,5.916,0.0,0.0,0.0,0.0,0.0,500000.0,802400.0,230400.0,640000.0,59000.0,0.0,0.0,0.0,0.0,0.0,60000.0,110000.0,345100.0,463800.0,424200.0,0.0,0.0,0.0,0.0,0.0
20230823094328980,SZSE,SZSE.ETF.159922,5.912,5.93,5.955,5.906,0.0,6.559,5.367,31933600.0,0.0,189010353.2,0.0,0.0,0.0,20230823,20230823,94328981,5.963,0.0,0.0,5.911,5.91,5.909,5.908,5.907,0.0,0.0,0.0,0.0,0.0,5.912,5.913,5.914,5.915,5.916,0.0,0.0,0.0,0.0,0.0,450000.0,157600.0,780400.0,590000.0,119000.0,0.0,0.0,0.0,0.0,0.0,110000.0,428900.0,360000.0,100000.0,404200.0,0.0,0.0,0.0,0.0,0.0
20230823094331956,SZSE,SZSE.ETF.159922,5.911,5.93,5.955,5.906,0.0,6.559,5.367,32253600.0,320000.0,190901873.2,1891520.0,0.0,0.0,20230823,20230823,94331957,5.963,0.0,0.0,5.911,5.91,5.909,5.908,5.907,0.0,0.0,0.0,0.0,0.0,5.912,5.913,5.914,5.915,5.916,0.0,0.0,0.0,0.0,0.0,90000.0,107600.0,784800.0,620400.0,79000.0,0.0,0.0,0.0,0.0,0.0,80000.0,205100.0,703800.0,115600.0,268700.0,0.0,0.0,0.0,0.0,0.0
20230823094335044,SZSE,SZSE.ETF.159922,5.911,5.93,5.955,5.906,0.0,6.559,5.367,32403600.0,150000.0,191788473.2,886600.0,0.0,0.0,20230823,20230823,94335045,5.963,0.0,0.0,5.911,5.91,5.909,5.908,5.907,0.0,0.0,0.0,0.0,0.0,5.912,5.913,5.914,5.915,5.916,0.0,0.0,0.0,0.0,0.0,190300.0,322400.0,386000.0,534800.0,94600.0,0.0,0.0,0.0,0.0,0.0,30000.0,171100.0,495600.0,433800.0,268700.0,0.0,0.0,0.0,0.0,0.0
20230823094338316,SZSE,SZSE.ETF.159922,5.912,5.93,5.955,5.906,0.0,6.559,5.367,32413600.0,10000.0,191847593.2,59120.0,0.0,0.0,20230823,20230823,94338315,5.963,0.0,0.0,5.912,5.911,5.91,5.909,5.908,0.0,0.0,0.0,0.0,0.0,5.913,5.914,5.915,5.916,5.917,0.0,0.0,0.0,0.0,0.0,40000.0,705100.0,162400.0,150000.0,655600.0,0.0,0.0,0.0,0.0,0.0,20000.0,135100.0,689400.0,418700.0,95000.0,0.0,0.0,0.0,0.0,0.0
20230823094340988,SZSE,SZSE.ETF.159922,5.912,5.93,5.955,5.906,0.0,6.559,5.367,32413600.0,0.0,191847593.2,0.0,0.0,0.0,20230823,20230823,94340988,5.963,0.0,0.0,5.912,5.911,5.91,5.909,5.908,0.0,0.0,0.0,0.0,0.0,5.914,5.915,5.916,5.917,5.918,0.0,0.0,0.0,0.0,0.0,48000.0,735100.0,198400.0,125600.0,638700.0,0.0,0.0,0.0,0.0,0.0,131100.0,653800.0,295500.0,78700.0,255000.0,0.0,0.0,0.0,0.0,0.0
20230823094343980,SZSE,SZSE.ETF.159922,5.912,5.93,5.955,5.906,0.0,6.559,5.367,32413600.0,0.0,191847593.2,0.0,0.0,0.0,20230823,20230823,94343979,5.963,0.0,0.0,5.912,5.911,5.91,5.909,5.908,0.0,0.0,0.0,0.0,0.0,5.913,5.914,5.915,5.916,5.917,0.0,0.0,0.0,0.0,0.0,8000.0,311100.0,608000.0,110000.0,638700.0,0.0,0.0,0.0,0.0,0.0,50000.0,518900.0,796000.0,370000.0,95500.0,0.0,0.0,0.0,0.0,0.0
20230823094346964,SZSE,SZSE.ETF.159922,5.912,5.93,5.955,5.906,0.0,6.559,5.367,32413600.0,0.0,191847593.2,0.0,0.0,0.0,20230823,20230823,94346965,5.963,0.0,0.0,5.911,5.91,5.909,5.908,5.907,0.0,0.0,0.0,0.0,0.0,5.912,5.913,5.914,5.915,5.916,0.0,0.0,0.0,0.0,0.0,26300.0,572400.0,300000.0,744300.0,95300.0,0.0,0.0,0.0,0.0,0.0,50000.0,115100.0,683800.0,351600.0,370000.0,0.0,0.0,0.0,0.0,0.0
20230823094349956,SZSE,SZSE.ETF.159922,5.912,5.93,5.955,5.906,0.0,6.559,5.367,32413600.0,0.0,191847593.2,0.0,0.0,0.0,20230823,20230823,94349956,5.963,0.0,0.0,5.911,5.91,5.909,5.908,5.907,0.0,0.0,0.0,0.0,0.0,5.912,5.913,5.914,5.915,5.916,0.0,0.0,0.0,0.0,0.0,10300.0,568400.0,320000.0,725600.0,99000.0,0.0,0.0,0.0,0.0,0.0,50000.0,115100.0,749800.0,135600.0,388700.0,0.0,0.0,0.0,0.0,0.0
20230823094353048,SZSE,SZSE.ETF.159922,5.912,5.93,5.955,5.906,0.0,6.559,5.367,32413600.0,0.0,191847593.2,0.0,0.0,0.0,20230823,20230823,94353047,5.963,0.0,0.0,5.912,5.911,5.91,5.909,5.908,0.0,0.0,0.0,0.0,0.0,5.913,5.914,5.915,5.916,5.917,0.0,0.0,0.0,0.0,0.0,30000.0,300300.0,368400.0,320000.0,675600.0,0.0,0.0,0.0,0.0,0.0,70000.0,621100.0,339400.0,408700.0,60000.0,0.0,0.0,0.0,0.0,0.0
20230823094355964,SZSE,SZSE.ETF.159922,5.912,5.93,5.955,5.906,0.0,6.559,5.367,32449600.0,36000.0,192060425.2,212832.0,0.0,0.0,20230823,20230823,94355963,5.963,0.0,0.0,5.911,5.91,5.909,5.908,5.907,0.0,0.0,0.0,0.0,0.0,5.913,5.914,5.915,5.916,5.917,0.0,0.0,0.0,0.0,0.0,440300.0,173600.0,515600.0,858700.0,135300.0,0.0,0.0,0.0,0.0,0.0,325100.0,629800.0,140000.0,365500.0,78700.0,0.0,0.0,0.0,0.0,0.0
20230823094614896,SZSE,SZSE.ETF.159922,5.904,5.93,5.955,5.904,0.0,6.559,5.367,37548500.0,0.0,222180183.5,0.0,0.0,0.0,20230823,20230823,94614895,5.963,0.0,0.0,5.903,5.902,5.901,5.9,5.899,0.0,0.0,0.0,0.0,0.0,5.904,5.905,5.906,5.907,5.908,0.0,0.0,0.0,0.0,0.0,73200.0,474700.0,165000.0,326400.0,314400.0,0.0,0.0,0.0,0.0,0.0,200000.0,349500.0,792900.0,400000.0,198700.0,0.0,0.0,0.0,0.0,0.0
20230823094617324,SZSE,SZSE.ETF.159922,5.903,5.93,5.955,5.903,0.0,6.559,5.367,37671700.0,123200.0,222907433.1,727249.599999994,0.0,0.0,20230823,20230823,94617323,5.963,0.0,0.0,5.902,5.901,5.9,5.899,5.898,0.0,0.0,0.0,0.0,0.0,5.903,5.904,5.905,5.906,5.907,0.0,0.0,0.0,0.0,0.0,800.0,578900.0,402000.0,238700.0,216000.0,0.0,0.0,0.0,0.0,0.0,50000.0,350000.0,599500.0,647300.0,185600.0,0.0,0.0,0.0,0.0,0.0
20230823094624284,SZSE,SZSE.ETF.159922,5.903,5.93,5.955,5.903,0.0,6.559,5.367,37672400.0,700.0,222911565.2,4132.0999999940395,0.0,0.0,20230823,20230823,94624285,5.963,0.0,0.0,5.902,5.901,5.9,5.899,5.898,0.0,0.0,0.0,0.0,0.0,5.903,5.904,5.905,5.906,5.907,0.0,0.0,0.0,0.0,0.0,50800.0,579400.0,366400.0,325700.0,199700.0,0.0,0.0,0.0,0.0,0.0,10000.0,300000.0,239500.0,932900.0,168700.0,0.0,0.0,0.0,0.0,0.0
20230823094624484,SZSE,SZSE.ETF.159922,5.903,5.93,5.955,5.903,0.0,6.559,5.367,37684400.0,12000.0,222982401.2,70836.0,0.0,0.0,20230823,20230823,94624485,5.963,0.0,0.0,5.903,5.902,5.901,5.9,5.899,0.0,0.0,0.0,0.0,0.0,5.905,5.906,5.907,5.908,5.909,0.0,0.0,0.0,0.0,0.0,19500.0,304600.0,560500.0,141400.0,245700.0,0.0,0.0,0.0,0.0,0.0,105000.0,1087900.0,168700.0,215000.0,210000.0,0.0,0.0,0.0,0.0,0.0
20230823094627832,SZSE,SZSE.ETF.159922,5.903,5.93,5.955,5.903,0.0,6.559,5.367,37703900.0,19500.0,223097509.7,115108.5,0.0,0.0,20230823,20230823,94627831,5.963,0.0,0.0,5.902,5.901,5.9,5.899,5.898,0.0,0.0,0.0,0.0,0.0,5.904,5.905,5.906,5.907,5.908,0.0,0.0,0.0,0.0,0.0,25800.0,354400.0,652000.0,188700.0,216000.0,0.0,0.0,0.0,0.0,0.0,160000.0,810000.0,632300.0,160600.0,220000.0,0.0,0.0,0.0,0.0,0.0
20230823094630648,SZSE,SZSE.ETF.159922,5.902,5.93,5.955,5.902,0.0,6.559,5.367,37713800.0,9900.0,223155939.5,58429.80000001192,0.0,0.0,20230823,20230823,94630648,5.963,0.0,0.0,5.901,5.9,5.899,5.898,5.897,0.0,0.0,0.0,0.0,0.0,5.902,5.904,5.905,5.906,5.907,0.0,0.0,0.0,0.0,0.0,530400.0,396400.0,215700.0,229700.0,175000.0,0.0,0.0,0.0,0.0,0.0,9100.0,500000.0,360000.0,902900.0,90000.0,0.0,0.0,0.0,0.0,0.0
20230823094641032,SZSE,SZSE.ETF.159922,5.902,5.93,5.955,5.902,0.0,6.559,5.367,37871200.0,56300.0,224085006.5,332282.8000000119,0.0,0.0,20230823,20230823,94641030,5.963,0.0,0.0,5.902,5.901,5.9,5.899,5.898,0.0,0.0,0.0,0.0,0.0,5.903,5.904,5.905,5.906,5.907,0.0,0.0,0.0,0.0,0.0,44100.0,490600.0,342100.0,250000.0,289700.0,0.0,0.0,0.0,0.0,0.0,99800.0,110000.0,270000.0,660000.0,125600.0,0.0,0.0,0.0,0.0,0.0
20230823094644008,SZSE,SZSE.ETF.159922,5.902,5.93,5.955,5.902,0.0,6.559,5.367,37921200.0,50000.0,224380106.5,295100.0,0.0,0.0,20230823,20230823,94644009,5.963,0.0,0.0,5.901,5.9,5.899,5.898,5.897,0.0,0.0,0.0,0.0,0.0,5.903,5.904,5.905,5.906,5.907,0.0,0.0,0.0,0.0,0.0,540600.0,320500.0,285700.0,229700.0,175000.0,0.0,0.0,0.0,0.0,0.0,50000.0,170000.0,795000.0,295600.0,108700.0,0.0,0.0,0.0,0.0,0.0
20230823094650068,SZSE,SZSE.ETF.159922,5.902,5.93,5.955,5.902,0.0,6.559,5.367,37962200.0,0.0,224622089.5,0.0,0.0,0.0,20230823,20230823,94650067,5.963,0.0,0.0,5.902,5.901,5.9,5.899,5.898,0.0,0.0,0.0,0.0,0.0,5.904,5.905,5.906,5.907,5.908,0.0,0.0,0.0,0.0,0.0,90000.0,580600.0,320500.0,195700.0,111000.0,0.0,0.0,0.0,0.0,0.0,140000.0,575000.0,505600.0,108700.0,75000.0,0.0,0.0,0.0,0.0,0.0
20230823094653120,SZSE,SZSE.ETF.159922,5.902,5.93,5.955,5.902,0.0,6.559,5.367,38052200.0,90000.0,225153269.5,531180.0,0.0,0.0,20230823,20230823,94653119,5.963,0.0,0.0,5.901,5.9,5.899,5.898,5.897,0.0,0.0,0.0,0.0,0.0,5.903,5.904,5.905,5.906,5.907,0.0,0.0,0.0,0.0,0.0,355600.0,505500.0,165700.0,229700.0,275000.0,0.0,0.0,0.0,0.0,0.0,282300.0,350000.0,780000.0,300600.0,90000.0,0.0,0.0,0.0,0.0,0.0
20230823094655968,SZSE,SZSE.ETF.159922,5.902,5.93,5.955,5.902,0.0,6.559,5.367,38052200.0,0.0,225153269.5,0.0,0.0,0.0,20230823,20230823,94655970,5.963,0.0,0.0,5.902,5.901,5.9,5.899,5.898,0.0,0.0,0.0,0.0,0.0,5.903,5.904,5.905,5.906,5.907,0.0,0.0,0.0,0.0,0.0,40000.0,560600.0,320500.0,260000.0,146700.0,0.0,0.0,0.0,0.0,0.0,352300.0,150000.0,850600.0,200000.0,148700.0,0.0,0.0,0.0,0.0,0.0
20230823094658992,SZSE,SZSE.ETF.159922,5.902,5.93,5.955,5.902,0.0,6.559,5.367,38052200.0,0.0,225153269.5,0.0,0.0,0.0,20230823,20230823,94658991,5.963,0.0,0.0,5.902,5.901,5.9,5.899,5.898,0.0,0.0,0.0,0.0,0.0,5.903,5.904,5.905,5.906,5.907,0.0,0.0,0.0,0.0,0.0,473100.0,221500.0,320500.0,285700.0,229700.0,0.0,0.0,0.0,0.0,0.0,332300.0,130000.0,425000.0,235600.0,548700.0,0.0,0.0,0.0,0.0,0.0
20230823094702008,SZSE,SZSE.ETF.159922,5.903,5.93,5.955,5.902,0.0,6.559,5.367,38288300.0,236100.0,226546967.8,1393698.300000012,0.0,0.0,20230823,20230823,94702007,5.963,0.0,0.0,5.902,5.901,5.9,5.899,5.898,0.0,0.0,0.0,0.0,0.0,5.903,5.904,5.905,5.906,5.907,0.0,0.0,0.0,0.0,0.0,116100.0,351500.0,406100.0,260000.0,269700.0,0.0,0.0,0.0,0.0,0.0,69900.0,590000.0,205000.0,430000.0,184300.0,0.0,0.0,0.0,0.0,0.0
20230823094705028,SZSE,SZSE.ETF.159922,5.903,5.93,5.955,5.902,0.0,6.559,5.367,38288400.0,100.0,226547558.1,590.2999999821186,0.0,0.0,20230823,20230823,94705027,5.963,0.0,0.0,5.902,5.901,5.9,5.899,5.898,0.0,0.0,0.0,0.0,0.0,5.903,5.904,5.905,5.906,5.907,0.0,0.0,0.0,0.0,0.0,116100.0,366500.0,355500.0,295700.0,269700.0,0.0,0.0,0.0,0.0,0.0,29900.0,550000.0,150000.0,520600.0,188700.0,0.0,0.0,0.0,0.0,0.0
20230823094708092,SZSE,SZSE.ETF.159922,5.903,5.93,5.955,5.902,0.0,6.559,5.367,38288500.0,100.0,226548148.4,590.3000000119209,0.0,0.0,20230823,20230823,94708092,5.963,0.0,0.0,5.902,5.901,5.9,5.899,5.898,0.0,0.0,0.0,0.0,0.0,5.903,5.904,5.905,5.906,5.907,0.0,0.0,0.0,0.0,0.0,96100.0,351500.0,300500.0,505700.0,289700.0,0.0,0.0,0.0,0.0,0.0,79800.0,500000.0,405000.0,345600.0,108700.0,0.0,0.0,0.0,0.0,0.0
20230823094710972,SZSE,SZSE.ETF.159922,5.902,5.93,5.955,5.902,0.0,6.559,5.367,38384700.0,96200.0,227115920.8,567772.400000006,0.0,0.0,20230823,20230823,94710972,5.963,0.0,0.0,5.901,5.9,5.899,5.898,5.897,0.0,0.0,0.0,0.0,0.0,5.903,5.904,5.905,5.906,5.907,0.0,0.0,0.0,0.0,0.0,91400.0,520500.0,405700.0,199700.0,345000.0,0.0,0.0,0.0,0.0,0.0,360000.0,710000.0,365000.0,255600.0,108700.0,0.0,0.0,0.0,0.0,0.0
20230823094714008,SZSE,SZSE.ETF.159922,5.902,5.93,5.955,5.902,0.0,6.559,5.367,38464700.0,80000.0,227588080.8,472160.0,0.0,0.0,20230823,20230823,94714008,5.963,0.0,0.0,5.901,5.9,5.899,5.898,5.897,0.0,0.0,0.0,0.0,0.0,5.902,5.903,5.904,5.905,5.906,0.0,0.0,0.0,0.0,0.0,61500.0,330500.0,540000.0,216700.0,288700.0,0.0,0.0,0.0,0.0,0.0,62200.0,780000.0,560000.0,130600.0,220000.0,0.0,0.0,0.0,0.0,0.0
20230823094716984,SZSE,SZSE.ETF.159922,5.902,5.93,5.955,5.902,0.0,6.559,5.367,38545300.0,80600.0,228063782.0,475701.1999999881,0.0,0.0,20230823,20230823,94716986,5.963,0.0,0.0,5.902,5.901,5.9,5.899,5.898,0.0,0.0,0.0,0.0,0.0,5.903,5.904,5.905,5.906,5.907,0.0,0.0,0.0,0.0,0.0,10000.0,121500.0,380500.0,540000.0,121000.0,0.0,0.0,0.0,0.0,0.0,540000.0,595600.0,145000.0,238700.0,225000.0,0.0,0.0,0.0,0.0,0.0
20230823094720156,SZSE,SZSE.ETF.159922,5.902,5.93,5.955,5.902,0.0,6.559,5.367,38545300.0,0.0,228063782.0,0.0,0.0,0.0,20230823,20230823,94720155,5.963,0.0,0.0,5.902,5.901,5.9,5.899,5.898,0.0,0.0,0.0,0.0,0.0,5.903,5.904,5.905,5.906,5.907,0.0,0.0,0.0,0.0,0.0,50000.0,131400.0,380500.0,575700.0,219700.0,0.0,0.0,0.0,0.0,0.0,610000.0,520000.0,380600.0,220000.0,208700.0,0.0,0.0,0.0,0.0,0.0
20230823094723536,SZSE,SZSE.ETF.159922,5.902,5.93,5.955,5.902,0.0,6.559,5.367,38605300.0,60000.0,228417902.0,354120.0,0.0,0.0,20230823,20230823,94723538,5.963,0.0,0.0,5.901,5.9,5.899,5.898,5.897,0.0,0.0,0.0,0.0,0.0,5.902,5.903,5.904,5.905,5.906,0.0,0.0,0.0,0.0,0.0,21500.0,180500.0,740000.0,325400.0,305000.0,0.0,0.0,0.0,0.0,0.0,270000.0,550000.0,630000.0,110600.0,220000.0,0.0,0.0,0.0,0.0,0.0
20230823094726304,SZSE,SZSE.ETF.159922,5.902,5.93,5.955,5.902,0.0,6.559,5.367,38605300.0,0.0,228417902.0,0.0,0.0,0.0,20230823,20230823,94726303,5.963,0.0,0.0,5.901,5.9,5.899,5.898,5.897,0.0,0.0,0.0,0.0,0.0,5.902,5.903,5.904,5.905,5.906,0.0,0.0,0.0,0.0,0.0,21500.0,380500.0,540000.0,61000.0,244400.0,0.0,0.0,0.0,0.0,0.0,30000.0,690000.0,435600.0,325000.0,238700.0,0.0,0.0,0.0,0.0,0.0
20230823094729172,SZSE,SZSE.ETF.159922,5.902,5.93,5.955,5.902,0.0,6.559,5.367,38605300.0,0.0,228417902.0,0.0,0.0,0.0,20230823,20230823,94729171,5.963,0.0,0.0,5.901,5.9,5.899,5.898,5.897,0.0,0.0,0.0,0.0,0.0,5.902,5.903,5.904,5.905,5.906,0.0,0.0,0.0,0.0,0.0,21500.0,365500.0,540000.0,146700.0,218700.0,0.0,0.0,0.0,0.0,0.0,100000.0,730000.0,360000.0,325600.0,238700.0,0.0,0.0,0.0,0.0,0.0
20230823094732024,SZSE,SZSE.ETF.159922,5.901,5.93,5.955,5.901,0.0,6.559,5.367,38626800.0,21500.0,228544773.5,126871.5,0.0,0.0,20230823,20230823,94732024,5.963,0.0,0.0,5.9,5.899,5.898,5.897,5.896,0.0,0.0,0.0,0.0,0.0,5.902,5.903,5.904,5.905,5.906,0.0,0.0,0.0,0.0,0.0,365500.0,515000.0,146700.0,178700.0,245200.0,0.0,0.0,0.0,0.0,0.0,100000.0,710000.0,610600.0,110000.0,198700.0,0.0,0.0,0.0,0.0,0.0
20230823094735004,SZSE,SZSE.ETF.159922,5.902,5.93,5.955,5.901,0.0,6.559,5.367,38627200.0,400.0,228547134.3,2360.800000011921,0.0,0.0,20230823,20230823,94735003,5.963,0.0,0.0,5.901,5.9,5.899,5.898,5.897,0.0,0.0,0.0,0.0,0.0,5.902,5.903,5.904,5.905,5.906,0.0,0.0,0.0,0.0,0.0,319900.0,335500.0,395000.0,121000.0,235700.0,0.0,0.0,0.0,0.0,0.0,9600.0,280000.0,550600.0,490000.0,238700.0,0.0,0.0,0.0,0.0,0.0
20230823094737984,SZSE,SZSE.ETF.159922,5.902,5.93,5.955,5.901,0.0,6.559,5.367,38627200.0,0.0,228547134.3,0.0,0.0,0.0,20230823,20230823,94737983,5.963,0.0,0.0,5.901,5.9,5.899,5.898,5.897,0.0,0.0,0.0,0.0,0.0,5.902,5.903,5.904,5.905,5.906,0.0,0.0,0.0,0.0,0.0,90300.0,555500.0,360700.0,81000.0,318700.0,0.0,0.0,0.0,0.0,0.0,9600.0,90000.0,615000.0,400000.0,234300.0,0.0,0.0,0.0,0.0,0.0
20230823094740996,SZSE,SZSE.ETF.159922,5.901,5.93,5.955,5.901,0.0,6.559,5.367,38718100.0,90900.0,229083535.2,536400.8999999762,0.0,0.0,20230823,20230823,94740995,5.963,0.0,0.0,5.9,5.899,5.898,5.897,5.896,0.0,0.0,0.0,0.0,0.0,5.901,5.902,5.903,5.904,5.905,0.0,0.0,0.0,0.0,0.0,255500.0,580700.0,151000.0,338700.0,285200.0,0.0,0.0,0.0,0.0,0.0,29600.0,119500.0,370000.0,515000.0,365600.0,0.0,0.0,0.0,0.0,0.0
20230823094743984,SZSE,SZSE.ETF.159922,5.901,5.93,5.955,5.901,0.0,6.559,5.367,38718100.0,0.0,229083535.2,0.0,0.0,0.0,20230823,20230823,94743984,5.963,0.0,0.0,5.9,5.899,5.898,5.897,5.896,0.0,0.0,0.0,0.0,0.0,5.901,5.902,5.903,5.904,5.905,0.0,0.0,0.0,0.0,0.0,255500.0,545000.0,151000.0,355700.0,268900.0,0.0,0.0,0.0,0.0,0.0,29600.0,109900.0,560000.0,320600.0,348700.0,0.0,0.0,0.0,0.0,0.0
20230823094747004,SZSE,SZSE.ETF.159922,5.901,5.93,5.955,5.901,0.0,6.559,5.367,38718100.0,0.0,229083535.2,0.0,0.0,0.0,20230823,20230823,94747004,5.963,0.0,0.0,5.9,5.899,5.898,5.897,5.896,0.0,0.0,0.0,0.0,0.0,5.901,5.902,5.903,5.904,5.905,0.0,0.0,0.0,0.0,0.0,255500.0,500000.0,176000.0,335700.0,268900.0,0.0,0.0,0.0,0.0,0.0,29600.0,159900.0,525000.0,485600.0,108700.0,0.0,0.0,0.0,0.0,0.0
20230823094750024,SZSE,SZSE.ETF.159922,5.901,5.93,5.955,5.901,0.0,6.559,5.367,38718100.0,0.0,229083535.2,0.0,0.0,0.0,20230823,20230823,94750023,5.963,0.0,0.0,5.9,5.899,5.898,5.897,5.896,0.0,0.0,0.0,0.0,0.0,5.901,5.902,5.903,5.904,5.905,0.0,0.0,0.0,0.0,0.0,55500.0,695000.0,161000.0,395700.0,268900.0,0.0,0.0,0.0,0.0,0.0,49500.0,349900.0,340000.0,520600.0,108700.0,0.0,0.0,0.0,0.0,0.0
20230823094753048,SZSE,SZSE.ETF.159922,5.9,5.93,5.955,5.9,0.0,6.559,5.367,38737700.0,19600.0,229199175.2,115640.0,0.0,0.0,20230823,20230823,94753048,5.963,0.0,0.0,5.9,5.899,5.898,5.897,5.896,0.0,0.0,0.0,0.0,0.0,5.901,5.902,5.903,5.904,5.905,0.0,0.0,0.0,0.0,0.0,185900.0,495000.0,161000.0,445700.0,268900.0,0.0,0.0,0.0,0.0,0.0,60000.0,199900.0,570000.0,470600.0,108700.0,0.0,0.0,0.0,0.0,0.0
20230823094756048,SZSE,SZSE.ETF.159922,5.901,5.93,5.955,5.9,0.0,6.559,5.367,38737800.0,100.0,229199765.3,590.1000000238419,0.0,0.0,20230823,20230823,94756050,5.963,0.0,0.0,5.9,5.899,5.898,5.897,5.896,0.0,0.0,0.0,0.0,0.0,5.901,5.902,5.903,5.904,5.905,0.0,0.0,0.0,0.0,0.0,206900.0,530000.0,111000.0,445700.0,268900.0,0.0,0.0,0.0,0.0,0.0,59900.0,109900.0,575000.0,335600.0,348700.0,0.0,0.0,0.0,0.0,0.0
20230823094759136,SZSE,SZSE.ETF.159922,5.901,5.93,5.955,5.9,0.0,6.559,5.367,38737800.0,0.0,229199765.3,0.0,0.0,0.0,20230823,20230823,94759137,5.963,0.0,0.0,5.9,5.899,5.898,5.897,5.896,0.0,0.0,0.0,0.0,0.0,5.901,5.902,5.903,5.904,5.905,0.0,0.0,0.0,0.0,0.0,291100.0,545000.0,111000.0,395700.0,268900.0,0.0,0.0,0.0,0.0,0.0,10000.0,109900.0,560000.0,400600.0,348700.0,0.0,0.0,0.0,0.0,0.0
20230823094802124,SZSE,SZSE.ETF.159922,5.901,5.93,5.955,5.9,0.0,6.559,5.367,38787900.0,50100.0,229495405.4,295640.09999999404,0.0,0.0,20230823,20230823,94802125,5.963,0.0,0.0,5.9,5.899,5.898,5.897,5.896,0.0,0.0,0.0,0.0,0.0,5.901,5.902,5.903,5.904,5.905,0.0,0.0,0.0,0.0,0.0,510900.0,350000.0,201700.0,370000.0,228900.0,0.0,0.0,0.0,0.0,0.0,52000.0,90000.0,365000.0,450000.0,364300.0,0.0,0.0,0.0,0.0,0.0
20230823094805080,SZSE,SZSE.ETF.159922,5.902,5.93,5.955,5.9,0.0,6.559,5.367,38889800.0,101900.0,230096797.3,601391.900000006,0.0,0.0,20230823,20230823,94805082,5.963,0.0,0.0,5.902,5.901,5.9,5.899,5.898,0.0,0.0,0.0,0.0,0.0,5.903,5.904,5.905,5.906,5.907,0.0,0.0,0.0,0.0,0.0,10000.0,680000.0,211000.0,265000.0,276700.0,0.0,0.0,0.0,0.0,0.0,50000.0,215000.0,614300.0,435000.0,70000.0,0.0,0.0,0.0,0.0,0.0
20230823094808160,SZSE,SZSE.ETF.159922,5.903,5.93,5.955,5.9,0.0,6.559,5.367,38939800.0,50000.0,230391947.3,295150.0,0.0,0.0,20230823,20230823,94808162,5.963,0.0,0.0,5.902,5.901,5.9,5.899,5.898,0.0,0.0,0.0,0.0,0.0,5.903,5.904,5.905,5.906,5.907,0.0,0.0,0.0,0.0,0.0,210000.0,1230000.0,281600.0,230000.0,199700.0,0.0,0.0,0.0,0.0,0.0,50000.0,329900.0,235000.0,570000.0,94300.0,0.0,0.0,0.0,0.0,0.0
20230823094811056,SZSE,SZSE.ETF.159922,5.902,5.93,5.955,5.9,0.0,6.559,5.367,38979800.0,40000.0,230628027.3,236080.0,0.0,0.0,20230823,20230823,94811055,5.963,0.0,0.0,5.901,5.9,5.899,5.898,5.897,0.0,0.0,0.0,0.0,0.0,5.902,5.903,5.904,5.905,5.906,0.0,0.0,0.0,0.0,0.0,945000.0,716600.0,220000.0,289700.0,315000.0,0.0,0.0,0.0,0.0,0.0,10000.0,169900.0,549900.0,380000.0,195000.0,0.0,0.0,0.0,0.0,0.0
20230823094814096,SZSE,SZSE.ETF.159922,5.902,5.93,5.955,5.9,0.0,6.559,5.367,38979800.0,0.0,230628027.3,0.0,0.0,0.0,20230823,20230823,94814094,5.963,0.0,0.0,5.901,5.9,5.899,5.898,5.897,0.0,0.0,0.0,0.0,0.0,5.902,5.903,5.904,5.905,5.906,0.0,0.0,0.0,0.0,0.0,880000.0,756000.0,255700.0,251000.0,258700.0,0.0,0.0,0.0,0.0,0.0,30000.0,350000.0,319900.0,255000.0,254300.0,0.0,0.0,0.0,0.0,0.0
20230823094816992,SZSE,SZSE.ETF.159922,5.901,5.93,5.955,5.9,0.0,6.559,5.367,39049700.0,69900.0,231040507.2,412479.89999997616,0.0,0.0,20230823,20230823,94816993,5.963,0.0,0.0,5.901,5.9,5.899,5.898,5.897,0.0,0.0,0.0,0.0,0.0,5.902,5.903,5.904,5.905,5.906,0.0,0.0,0.0,0.0,0.0,410100.0,75900.0,555700.0,471000.0,348700.0,0.0,0.0,0.0,0.0,0.0,380000.0,550000.0,400000.0,115000.0,234300.0,0.0,0.0,0.0,0.0,0.0
20230823094820036,SZSE,SZSE.ETF.159922,5.901,5.93,5.955,5.9,0.0,6.559,5.367,39149700.0,100000.0,231630607.2,590100.0,0.0,0.0,20230823,20230823,94820035,5.963,0.0,0.0,5.901,5.9,5.899,5.898,5.897,0.0,0.0,0.0,0.0,0.0,5.902,5.903,5.904,5.905,5.906,0.0,0.0,0.0,0.0,0.0,310100.0,94000.0,335000.0,631000.0,234400.0,0.0,0.0,0.0,0.0,0.0,420000.0,670000.0,300600.0,250000.0,58700.0,0.0,0.0,0.0,0.0,0.0
20230823094823004,SZSE,SZSE.ETF.159922,5.901,5.93,5.955,5.9,0.0,6.559,5.367,39459800.0,310100.0,233460507.3,1829900.1000000238,0.0,0.0,20230823,20230823,94823003,5.963,0.0,0.0,5.9,5.899,5.898,5.897,5.896,0.0,0.0,0.0,0.0,0.0,5.902,5.903,5.904,5.905,5.906,0.0,0.0,0.0,0.0,0.0,54000.0,365000.0,571000.0,284400.0,255200.0,0.0,0.0,0.0,0.0,0.0,670000.0,670000.0,300600.0,250000.0,58700.0,0.0,0.0,0.0,0.0,0.0
20230823094826000,SZSE,SZSE.ETF.159922,5.9,5.93,5.955,5.9,0.0,6.559,5.367,39479800.0,20000.0,233578507.3,118000.0,0.0,0.0,20230823,20230823,94825999,5.963,0.0,0.0,5.899,5.898,5.897,5.896,5.895,0.0,0.0,0.0,0.0,0.0,5.901,5.902,5.903,5.904,5.905,0.0,0.0,0.0,0.0,0.0,105000.0,421000.0,530000.0,254600.0,275200.0,0.0,0.0,0.0,0.0,0.0,490000.0,830000.0,475600.0,215000.0,230000.0,0.0,0.0,0.0,0.0,0.0
20230823094829012,SZSE,SZSE.ETF.159922,5.9,5.93,5.955,5.9,0.0,6.559,5.367,39479800.0,0.0,233578507.3,0.0,0.0,0.0,20230823,20230823,94829013,5.963,0.0,0.0,5.899,5.898,5.897,5.896,5.895,0.0,0.0,0.0,0.0,0.0,5.9,5.901,5.902,5.903,5.904,0.0,0.0,0.0,0.0,0.0,60000.0,201000.0,520000.0,340200.0,294600.0,0.0,0.0,0.0,0.0,0.0,50000.0,730000.0,675600.0,110000.0,200000.0,0.0,0.0,0.0,0.0,0.0
20230823094832012,SZSE,SZSE.ETF.159922,5.898,5.93,5.955,5.898,0.0,6.559,5.367,39678800.0,199000.0,234752249.3,1173742.0,0.0,0.0,20230823,20230823,94832011,5.963,0.0,0.0,5.898,5.897,5.896,5.895,5.894,0.0,0.0,0.0,0.0,0.0,5.9,5.901,5.902,5.903,5.904,0.0,0.0,0.0,0.0,0.0,105000.0,180000.0,810200.0,334600.0,215000.0,0.0,0.0,0.0,0.0,0.0,460000.0,580000.0,615600.0,155000.0,258700.0,0.0,0.0,0.0,0.0,0.0
20230823094835048,SZSE,SZSE.ETF.159922,5.9,5.93,5.955,5.898,0.0,6.559,5.367,39679200.0,400.0,234754609.3,2360.0,0.0,0.0,20230823,20230823,94835048,5.963,0.0,0.0,5.898,5.897,5.896,5.895,5.894,0.0,0.0,0.0,0.0,0.0,5.9,5.901,5.902,5.903,5.904,0.0,0.0,0.0,0.0,0.0,110000.0,185000.0,840200.0,295900.0,198700.0,0.0,0.0,0.0,0.0,0.0,599800.0,350000.0,410600.0,190000.0,258700.0,0.0,0.0,0.0,0.0,0.0
20230823094837988,SZSE,SZSE.ETF.159922,5.9,5.93,5.955,5.898,0.0,6.559,5.367,39679200.0,0.0,234754609.3,0.0,0.0,0.0,20230823,20230823,94837987,5.963,0.0,0.0,5.898,5.897,5.896,5.895,5.894,0.0,0.0,0.0,0.0,0.0,5.899,5.9,5.901,5.902,5.903,0.0,0.0,0.0,0.0,0.0,20000.0,644900.0,400200.0,245900.0,198700.0,0.0,0.0,0.0,0.0,0.0,50000.0,319800.0,600000.0,540600.0,190000.0,0.0,0.0,0.0,0.0,0.0
20230823094841020,SZSE,SZSE.ETF.159922,5.9,5.93,5.955,5.898,0.0,6.559,5.367,39679200.0,0.0,234754609.3,0.0,0.0,0.0,20230823,20230823,94841021,5.963,0.0,0.0,5.898,5.897,5.896,5.895,5.894,0.0,0.0,0.0,0.0,0.0,5.899,5.9,5.901,5.902,5.903,0.0,0.0,0.0,0.0,0.0,50000.0,644900.0,400200.0,195900.0,238700.0,0.0,0.0,0.0,0.0,0.0,10000.0,109800.0,600000.0,540600.0,208700.0,0.0,0.0,0.0,0.0,0.0
20230823094935776,SZSE,SZSE.ETF.159922,5.905,5.93,5.955,5.898,0.0,6.559,5.367,40525100.0,69900.0,239747916.8,412749.5,0.0,0.0,20230823,20230823,94935775,5.963,0.0,0.0,5.905,5.904,5.903,5.902,5.901,0.0,0.0,0.0,0.0,0.0,5.907,5.908,5.909,5.91,5.911,0.0,0.0,0.0,0.0,0.0,30000.0,80000.0,870100.0,235000.0,119600.0,0.0,0.0,0.0,0.0,0.0,160600.0,878700.0,125000.0,210000.0,200000.0,0.0,0.0,0.0,0.0,0.0
20230823094938240,SZSE,SZSE.ETF.159922,5.905,5.93,5.955,5.898,0.0,6.559,5.367,40525100.0,0.0,239747916.8,0.0,0.0,0.0,20230823,20230823,94938242,5.963,0.0,0.0,5.904,5.903,5.902,5.901,5.9,0.0,0.0,0.0,0.0,0.0,5.906,5.907,5.908,5.909,5.91,0.0,0.0,0.0,0.0,0.0,55000.0,470000.0,545600.0,118300.0,285600.0,0.0,0.0,0.0,0.0,0.0,300000.0,690000.0,490000.0,110600.0,230000.0,0.0,0.0,0.0,0.0,0.0
20230823094942964,SZSE,SZSE.ETF.159922,5.904,5.93,5.955,5.898,0.0,6.559,5.367,40580100.0,55000.0,240072636.8,324720.0,0.0,0.0,20230823,20230823,94942965,5.963,0.0,0.0,5.903,5.902,5.901,5.9,5.899,0.0,0.0,0.0,0.0,0.0,5.904,5.905,5.906,5.907,5.908,0.0,0.0,0.0,0.0,0.0,120100.0,350000.0,565200.0,279300.0,216300.0,0.0,0.0,0.0,0.0,0.0,15000.0,130000.0,1220000.0,200000.0,305600.0,0.0,0.0,0.0,0.0,0.0
20230823094945352,SZSE,SZSE.ETF.159922,5.904,5.93,5.955,5.898,0.0,6.559,5.367,40595100.0,15000.0,240161196.8,88560.0,0.0,0.0,20230823,20230823,94945353,5.963,0.0,0.0,5.903,5.902,5.901,5.9,5.899,0.0,0.0,0.0,0.0,0.0,5.905,5.906,5.907,5.908,5.909,0.0,0.0,0.0,0.0,0.0,140100.0,605000.0,329600.0,316200.0,240000.0,0.0,0.0,0.0,0.0,0.0,50000.0,795600.0,215000.0,198700.0,75000.0,0.0,0.0,0.0,0.0,0.0
20230823094948716,SZSE,SZSE.ETF.159922,5.904,5.93,5.955,5.898,0.0,6.559,5.367,40595100.0,0.0,240161196.8,0.0,0.0,0.0,20230823,20230823,94948717,5.963,0.0,0.0,5.903,5.902,5.901,5.9,5.899,0.0,0.0,0.0,0.0,0.0,5.904,5.905,5.906,5.907,5.908,0.0,0.0,0.0,0.0,0.0,90100.0,335000.0,215200.0,570600.0,260000.0,0.0,0.0,0.0,0.0,0.0,50000.0,760000.0,510000.0,115000.0,255600.0,0.0,0.0,0.0,0.0,0.0
20230823094951108,SZSE,SZSE.ETF.159922,5.904,5.93,5.955,5.898,0.0,6.559,5.367,40595100.0,0.0,240161196.8,0.0,0.0,0.0,20230823,20230823,94951107,5.963,0.0,0.0,5.903,5.902,5.901,5.9,5.899,0.0,0.0,0.0,0.0,0.0,5.904,5.905,5.906,5.907,5.908,0.0,0.0,0.0,0.0,0.0,120100.0,754900.0,110000.0,170600.0,295700.0,0.0,0.0,0.0,0.0,0.0,100000.0,90000.0,755600.0,345000.0,278700.0,0.0,0.0,0.0,0.0,0.0
20230823094953104,SZSE,SZSE.ETF.159922,5.904,5.93,5.955,5.898,0.0,6.559,5.367,40595100.0,0.0,240161196.8,0.0,0.0,0.0,20230823,20230823,94953103,5.963,0.0,0.0,5.903,5.902,5.901,5.9,5.899,0.0,0.0,0.0,0.0,0.0,5.904,5.905,5.906,5.907,5.908,0.0,0.0,0.0,0.0,0.0,210000.0,739900.0,125000.0,316200.0,240000.0,0.0,0.0,0.0,0.0,0.0,20000.0,130000.0,375000.0,605600.0,238700.0,0.0,0.0,0.0,0.0,0.0
20230823094955992,SZSE,SZSE.ETF.159922,5.904,5.93,5.955,5.898,0.0,6.559,5.367,40615100.0,20000.0,240279276.8,118080.0,0.0,0.0,20230823,20230823,94955994,5.963,0.0,0.0,5.904,5.903,5.902,5.901,5.9,0.0,0.0,0.0,0.0,0.0,5.906,5.907,5.908,5.909,5.91,0.0,0.0,0.0,0.0,0.0,309900.0,620000.0,164900.0,215600.0,280600.0,0.0,0.0,0.0,0.0,0.0,100000.0,335000.0,784300.0,75000.0,210000.0,0.0,0.0,0.0,0.0,0.0
20230823095014028,SZSE,SZSE.ETF.159922,5.904,5.93,5.955,5.898,0.0,6.559,5.367,40949000.0,113800.0,242250710.5,671764.6999999881,0.0,0.0,20230823,20230823,95014028,5.963,0.0,0.0,5.903,5.902,5.901,5.9,5.899,0.0,0.0,0.0,0.0,0.0,5.904,5.905,5.906,5.907,5.908,0.0,0.0,0.0,0.0,0.0,10000.0,55000.0,349900.0,626100.0,230100.0,0.0,0.0,0.0,0.0,0.0,374600.0,710000.0,270000.0,130600.0,218700.0,0.0,0.0,0.0,0.0,0.0
20230823095017052,SZSE,SZSE.ETF.159922,5.901,5.93,5.955,5.898,0.0,6.559,5.367,41014200.0,65200.0,242635491.3,384780.8000000119,0.0,0.0,20230823,20230823,95017051,5.963,0.0,0.0,5.901,5.9,5.899,5.898,5.897,0.0,0.0,0.0,0.0,0.0,5.902,5.903,5.904,5.905,5.906,0.0,0.0,0.0,0.0,0.0,30000.0,130600.0,345800.0,687300.0,170000.0,0.0,0.0,0.0,0.0,0.0,75000.0,1246000.0,544400.0,130000.0,265600.0,0.0,0.0,0.0,0.0,0.0
20230823095020068,SZSE,SZSE.ETF.159922,5.9,5.93,5.955,5.898,0.0,6.559,5.367,41049200.0,35000.0,242841991.3,206500.0,0.0,0.0,20230823,20230823,95020068,5.963,0.0,0.0,5.9,5.899,5.898,5.897,5.896,0.0,0.0,0.0,0.0,0.0,5.901,5.902,5.903,5.904,5.905,0.0,0.0,0.0,0.0,0.0,90000.0,341300.0,512300.0,234400.0,215300.0,0.0,0.0,0.0,0.0,0.0,40000.0,405000.0,890000.0,420000.0,90000.0,0.0,0.0,0.0,0.0,0.0
20230823095023072,SZSE,SZSE.ETF.159922,5.9,5.93,5.955,5.898,0.0,6.559,5.367,41099200.0,50000.0,243136991.3,295000.0,0.0,0.0,20230823,20230823,95023070,5.963,0.0,0.0,5.899,5.898,5.897,5.896,5.895,0.0,0.0,0.0,0.0,0.0,5.9,5.901,5.902,5.903,5.904,0.0,0.0,0.0,0.0,0.0,61400.0,572300.0,485700.0,239000.0,75200.0,0.0,0.0,0.0,0.0,0.0,25800.0,208000.0,1005000.0,130000.0,263500.0,0.0,0.0,0.0,0.0,0.0
20230823095026064,SZSE,SZSE.ETF.159922,5.899,5.93,5.955,5.898,0.0,6.559,5.367,41110600.0,11400.0,243204239.9,67248.59999999404,0.0,0.0,20230823,20230823,95026065,5.963,0.0,0.0,5.898,5.897,5.896,5.895,5.894,0.0,0.0,0.0,0.0,0.0,5.899,5.9,5.901,5.902,5.903,0.0,0.0,0.0,0.0,0.0,132300.0,570000.0,406000.0,178900.0,215000.0,0.0,0.0,0.0,0.0,0.0,8600.0,300900.0,550000.0,535000.0,75600.0,0.0,0.0,0.0,0.0,0.0
20230823095029064,SZSE,SZSE.ETF.159922,5.898,5.93,5.955,5.898,0.0,6.559,5.367,41139200.0,28600.0,243372922.7,168682.79999998212,0.0,0.0,20230823,20230823,95029063,5.963,0.0,0.0,5.898,5.897,5.896,5.895,5.894,0.0,0.0,0.0,0.0,0.0,5.899,5.9,5.901,5.902,5.903,0.0,0.0,0.0,0.0,0.0,20000.0,340000.0,380300.0,485900.0,218700.0,0.0,0.0,0.0,0.0,0.0,63800.0,280000.0,610000.0,250600.0,58700.0,0.0,0.0,0.0,0.0,0.0
20230823095032020,SZSE,SZSE.ETF.159922,5.898,5.93,5.955,5.898,0.0,6.559,5.367,41161200.0,22000.0,243502680.7,129758.0,0.0,0.0,20230823,20230823,95032019,5.963,0.0,0.0,5.897,5.896,5.895,5.894,5.893,0.0,0.0,0.0,0.0,0.0,5.898,5.899,5.9,5.901,5.902,0.0,0.0,0.0,0.0,0.0,40000.0,330300.0,705900.0,268700.0,115100.0,0.0,0.0,0.0,0.0,0.0,233800.0,456300.0,640000.0,190000.0,310600.0,0.0,0.0,0.0,0.0,0.0
20230823095035052,SZSE,SZSE.ETF.159922,5.898,5.93,5.955,5.898,0.0,6.559,5.367,41199900.0,38700.0,243730933.3,228252.60000002384,0.0,0.0,20230823,20230823,95035051,5.963,0.0,0.0,5.897,5.896,5.895,5.894,5.893,0.0,0.0,0.0,0.0,0.0,5.898,5.899,5.9,5.901,5.902,0.0,0.0,0.0,0.0,0.0,40000.0,370200.0,570200.0,110000.0,194500.0,0.0,0.0,0.0,0.0,0.0,245100.0,286300.0,675600.0,140000.0,343700.0,0.0,0.0,0.0,0.0,0.0
20230823095108608,SZSE,SZSE.ETF.159922,5.898,5.93,5.955,5.895,0.0,6.559,5.367,41763500.0,81000.0,247053949.0,477675.0,0.0,0.0,20230823,20230823,95108607,5.963,0.0,0.0,5.898,5.897,5.896,5.895,5.894,0.0,0.0,0.0,0.0,0.0,5.899,5.9,5.901,5.902,5.903,0.0,0.0,0.0,0.0,0.0,17300.0,710900.0,199900.0,1000800.0,250000.0,0.0,0.0,0.0,0.0,0.0,6300.0,210000.0,340000.0,608700.0,75000.0,0.0,0.0,0.0,0.0,0.0
20230823095111016,SZSE,SZSE.ETF.159922,5.897,5.93,5.955,5.895,0.0,6.559,5.367,41831100.0,67600.0,247452653.5,398704.5,0.0,0.0,20230823,20230823,95111017,5.963,0.0,0.0,5.898,5.897,5.896,5.895,5.894,0.0,0.0,0.0,0.0,0.0,5.899,5.9,5.901,5.902,5.903,0.0,0.0,0.0,0.0,0.0,184400.0,539600.0,204900.0,950800.0,288700.0,0.0,0.0,0.0,0.0,0.0,56300.0,100000.0,225000.0,830000.0,98700.0,0.0,0.0,0.0,0.0,0.0
20230823095115892,SZSE,SZSE.ETF.159922,5.899,5.93,5.955,5.895,0.0,6.559,5.367,41881100.0,50000.0,247747603.5,294950.0,0.0,0.0,20230823,20230823,95115893,5.963,0.0,0.0,5.899,5.898,5.897,5.896,5.895,0.0,0.0,0.0,0.0,0.0,5.9,5.901,5.902,5.903,5.904,0.0,0.0,0.0,0.0,0.0,10400.0,310000.0,449900.0,291000.0,880800.0,0.0,0.0,0.0,0.0,0.0,50000.0,170000.0,545000.0,98700.0,452900.0,0.0,0.0,0.0,0.0,0.0
20230823095118956,SZSE,SZSE.ETF.159922,5.899,5.93,5.955,5.895,0.0,6.559,5.367,41893500.0,12400.0,247820751.1,73147.59999999404,0.0,0.0,20230823,20230823,95118956,5.963,0.0,0.0,5.898,5.897,5.896,5.895,5.894,0.0,0.0,0.0,0.0,0.0,5.899,5.9,5.901,5.902,5.903,0.0,0.0,0.0,0.0,0.0,69900.0,695900.0,145700.0,959500.0,286000.0,0.0,0.0,0.0,0.0,0.0,2000.0,150000.0,420000.0,625000.0,75600.0,0.0,0.0,0.0,0.0,0.0
20230823095120572,SZSE,SZSE.ETF.159922,5.899,5.93,5.955,5.895,0.0,6.559,5.367,41893500.0,0.0,247820751.1,0.0,0.0,0.0,20230823,20230823,95120571,5.963,0.0,0.0,5.898,5.897,5.896,5.895,5.894,0.0,0.0,0.0,0.0,0.0,5.899,5.9,5.901,5.902,5.903,0.0,0.0,0.0,0.0,0.0,8000.0,695900.0,150000.0,716500.0,239700.0,0.0,0.0,0.0,0.0,0.0,50000.0,100000.0,210000.0,880600.0,58700.0,0.0,0.0,0.0,0.0,0.0
20230823095123512,SZSE,SZSE.ETF.159922,5.899,5.93,5.955,5.895,0.0,6.559,5.367,41893500.0,0.0,247820751.1,0.0,0.0,0.0,20230823,20230823,95123512,5.963,0.0,0.0,5.898,5.897,5.896,5.895,5.894,0.0,0.0,0.0,0.0,0.0,5.899,5.9,5.901,5.902,5.903,0.0,0.0,0.0,0.0,0.0,250900.0,562900.0,110000.0,607000.0,219700.0,0.0,0.0,0.0,0.0,0.0,10000.0,50000.0,150000.0,970600.0,78700.0,0.0,0.0,0.0,0.0,0.0
20230823095126208,SZSE,SZSE.ETF.159922,5.899,5.93,5.955,5.895,0.0,6.559,5.367,41903500.0,10000.0,247879741.1,58990.0,0.0,0.0,20230823,20230823,95126207,5.963,0.0,0.0,5.898,5.897,5.896,5.895,5.894,0.0,0.0,0.0,0.0,0.0,5.9,5.901,5.902,5.903,5.904,0.0,0.0,0.0,0.0,0.0,120100.0,470900.0,400700.0,652300.0,219700.0,0.0,0.0,0.0,0.0,0.0,60000.0,525000.0,510000.0,94300.0,222900.0,0.0,0.0,0.0,0.0,0.0
20230823095129120,SZSE,SZSE.ETF.159922,5.898,5.93,5.955,5.895,0.0,6.559,5.367,41973600.0,70100.0,248293190.9,413449.8000000119,0.0,0.0,20230823,20230823,95129118,5.963,0.0,0.0,5.897,5.896,5.895,5.894,5.893,0.0,0.0,0.0,0.0,0.0,5.898,5.899,5.9,5.901,5.902,0.0,0.0,0.0,0.0,0.0,485900.0,435700.0,722300.0,219700.0,75100.0,0.0,0.0,0.0,0.0,0.0,229200.0,100000.0,210000.0,730000.0,290600.0,0.0,0.0,0.0,0.0,0.0
20230823095132344,SZSE,SZSE.ETF.159922,5.897,5.93,5.955,5.895,0.0,6.559,5.367,41983600.0,10000.0,248352160.9,58970.0,0.0,0.0,20230823,20230823,95132345,5.963,0.0,0.0,5.897,5.896,5.895,5.894,5.893,0.0,0.0,0.0,0.0,0.0,5.898,5.899,5.9,5.901,5.902,0.0,0.0,0.0,0.0,0.0,38000.0,145200.0,943200.0,395600.0,178800.0,0.0,0.0,0.0,0.0,0.0,307200.0,850000.0,320000.0,130600.0,278700.0,0.0,0.0,0.0,0.0,0.0
20230823095135388,SZSE,SZSE.ETF.159922,5.897,5.93,5.955,5.895,0.0,6.559,5.367,42041600.0,58000.0,248694186.9,342026.0,0.0,0.0,20230823,20230823,95135387,5.963,0.0,0.0,5.897,5.896,5.895,5.894,5.893,0.0,0.0,0.0,0.0,0.0,5.898,5.899,5.9,5.901,5.902,0.0,0.0,0.0,0.0,0.0,17000.0,556100.0,772200.0,130000.0,194500.0,0.0,0.0,0.0,0.0,0.0,327200.0,280000.0,445600.0,405000.0,238700.0,0.0,0.0,0.0,0.0,0.0
20230823095138140,SZSE,SZSE.ETF.159922,5.897,5.93,5.955,5.895,0.0,6.559,5.367,42041600.0,0.0,248694186.9,0.0,0.0,0.0,20230823,20230823,95138139,5.963,0.0,0.0,5.897,5.896,5.895,5.894,5.893,0.0,0.0,0.0,0.0,0.0,5.898,5.899,5.9,5.901,5.902,0.0,0.0,0.0,0.0,0.0,67000.0,531100.0,757200.0,155700.0,158800.0,0.0,0.0,0.0,0.0,0.0,257200.0,90000.0,765000.0,455600.0,198700.0,0.0,0.0,0.0,0.0,0.0
20230823095141036,SZSE,SZSE.ETF.159922,5.897,5.93,5.955,5.895,0.0,6.559,5.367,42041600.0,0.0,248694186.9,0.0,0.0,0.0,20230823,20230823,95141036,5.963,0.0,0.0,5.897,5.896,5.895,5.894,5.893,0.0,0.0,0.0,0.0,0.0,5.898,5.899,5.9,5.901,5.902,0.0,0.0,0.0,0.0,0.0,86900.0,731100.0,527200.0,145700.0,218800.0,0.0,0.0,0.0,0.0,0.0,277200.0,90000.0,565000.0,655600.0,198700.0,0.0,0.0,0.0,0.0,0.0
20230823095144020,SZSE,SZSE.ETF.159922,5.898,5.93,5.955,5.895,0.0,6.559,5.367,42081600.0,40000.0,248930106.9,235920.0,0.0,0.0,20230823,20230823,95144019,5.963,0.0,0.0,5.897,5.896,5.895,5.894,5.893,0.0,0.0,0.0,0.0,0.0,5.898,5.899,5.9,5.901,5.902,0.0,0.0,0.0,0.0,0.0,210900.0,550100.0,527700.0,145700.0,218800.0,0.0,0.0,0.0,0.0,0.0,50000.0,90000.0,375000.0,845600.0,198700.0,0.0,0.0,0.0,0.0,0.0
20230823095146960,SZSE,SZSE.ETF.159922,5.898,5.93,5.955,5.895,0.0,6.559,5.367,42091600.0,10000.0,248989086.9,58980.0,0.0,0.0,20230823,20230823,95146962,5.963,0.0,0.0,5.898,5.897,5.896,5.895,5.894,0.0,0.0,0.0,0.0,0.0,5.899,5.9,5.901,5.902,5.903,0.0,0.0,0.0,0.0,0.0,7000.0,129900.0,641100.0,753400.0,150000.0,0.0,0.0,0.0,0.0,0.0,100000.0,265000.0,770000.0,254300.0,75000.0,0.0,0.0,0.0,0.0,0.0
20230823095150008,SZSE,SZSE.ETF.159922,5.898,5.93,5.955,5.895,0.0,6.559,5.367,42100200.0,8600.0,249039809.7,50722.79999998212,0.0,0.0,20230823,20230823,95150007,5.963,0.0,0.0,5.897,5.896,5.895,5.894,5.893,0.0,0.0,0.0,0.0,0.0,5.899,5.9,5.901,5.902,5.903,0.0,0.0,0.0,0.0,0.0,700900.0,125100.0,598400.0,228700.0,95100.0,0.0,0.0,0.0,0.0,0.0,30000.0,130000.0,255000.0,815600.0,58700.0,0.0,0.0,0.0,0.0,0.0
20230823095152932,SZSE,SZSE.ETF.159922,5.898,5.93,5.955,5.895,0.0,6.559,5.367,42100200.0,0.0,249039809.7,0.0,0.0,0.0,20230823,20230823,95152931,5.963,0.0,0.0,5.898,5.897,5.896,5.895,5.894,0.0,0.0,0.0,0.0,0.0,5.899,5.9,5.901,5.902,5.903,0.0,0.0,0.0,0.0,0.0,50000.0,720900.0,260800.0,642700.0,250000.0,0.0,0.0,0.0,0.0,0.0,10000.0,100000.0,125000.0,870000.0,94300.0,0.0,0.0,0.0,0.0,0.0
20230823095155956,SZSE,SZSE.ETF.159922,5.899,5.93,5.955,5.895,0.0,6.559,5.367,42108200.0,8000.0,249087001.7,47192.0,0.0,0.0,20230823,20230823,95155957,5.963,0.0,0.0,5.899,5.898,5.897,5.896,5.895,0.0,0.0,0.0,0.0,0.0,5.901,5.902,5.903,5.904,5.905,0.0,0.0,0.0,0.0,0.0,50000.0,319900.0,490900.0,200800.0,222800.0,0.0,0.0,0.0,0.0,0.0,175000.0,870000.0,164300.0,272900.0,170000.0,0.0,0.0,0.0,0.0,0.0
20230823095159324,SZSE,SZSE.ETF.159922,5.899,5.93,5.955,5.895,0.0,6.559,5.367,42108200.0,0.0,249087001.7,0.0,0.0,0.0,20230823,20230823,95159324,5.963,0.0,0.0,5.899,5.898,5.897,5.896,5.895,0.0,0.0,0.0,0.0,0.0,5.901,5.902,5.903,5.904,5.905,0.0,0.0,0.0,0.0,0.0,431000.0,134900.0,349900.0,95900.0,201500.0,0.0,0.0,0.0,0.0,0.0,150000.0,520000.0,230600.0,627900.0,258700.0,0.0,0.0,0.0,0.0,0.0
20230823095202672,SZSE,SZSE.ETF.159922,5.899,5.93,5.955,5.895,0.0,6.559,5.367,42128200.0,20000.0,249204981.7,117980.0,0.0,0.0,20230823,20230823,95202672,5.963,0.0,0.0,5.898,5.897,5.896,5.895,5.894,0.0,0.0,0.0,0.0,0.0,5.9,5.901,5.902,5.903,5.904,0.0,0.0,0.0,0.0,0.0,515200.0,726600.0,110200.0,241800.0,285000.0,0.0,0.0,0.0,0.0,0.0,50000.0,670000.0,730000.0,115000.0,263500.0,0.0,0.0,0.0,0.0,0.0
20230823095205640,SZSE,SZSE.ETF.159922,5.899,5.93,5.955,5.895,0.0,6.559,5.367,42128200.0,0.0,249204981.7,0.0,0.0,0.0,20230823,20230823,95205639,5.963,0.0,0.0,5.899,5.898,5.897,5.896,5.895,0.0,0.0,0.0,0.0,0.0,5.9,5.901,5.902,5.903,5.904,0.0,0.0,0.0,0.0,0.0,69900.0,861100.0,364900.0,305900.0,183100.0,0.0,0.0,0.0,0.0,0.0,70000.0,150000.0,365000.0,535600.0,206600.0,0.0,0.0,0.0,0.0,0.0
20230823095208448,SZSE,SZSE.ETF.159922,5.899,5.93,5.955,5.895,0.0,6.559,5.367,42148200.0,20000.0,249322961.7,117980.0,0.0,0.0,20230823,20230823,95208449,5.963,0.0,0.0,5.899,5.898,5.897,5.896,5.895,0.0,0.0,0.0,0.0,0.0,5.9,5.901,5.902,5.903,5.904,0.0,0.0,0.0,0.0,0.0,269900.0,901100.0,160700.0,220200.0,241800.0,0.0,0.0,0.0,0.0,0.0,2000.0,190000.0,425000.0,540000.0,292200.0,0.0,0.0,0.0,0.0,0.0
20230823095211012,SZSE,SZSE.ETF.159922,5.901,5.93,5.955,5.895,0.0,6.559,5.367,42150200.0,2000.0,249334763.7,11802.0,0.0,0.0,20230823,20230823,95211012,5.963,0.0,0.0,5.899,5.898,5.897,5.896,5.895,0.0,0.0,0.0,0.0,0.0,5.901,5.902,5.903,5.904,5.905,0.0,0.0,0.0,0.0,0.0,220000.0,525100.0,536700.0,60200.0,241800.0,0.0,0.0,0.0,0.0,0.0,160000.0,660000.0,305000.0,292200.0,215000.0,0.0,0.0,0.0,0.0,0.0
20230823095213992,SZSE,SZSE.ETF.159922,5.901,5.93,5.955,5.895,0.0,6.559,5.367,42150200.0,0.0,249334763.7,0.0,0.0,0.0,20230823,20230823,95213993,5.963,0.0,0.0,5.899,5.898,5.897,5.896,5.895,0.0,0.0,0.0,0.0,0.0,5.901,5.902,5.903,5.904,5.905,0.0,0.0,0.0,0.0,0.0,100000.0,525100.0,691000.0,135900.0,241800.0,0.0,0.0,0.0,0.0,0.0,730000.0,750000.0,200600.0,237900.0,158700.0,0.0,0.0,0.0,0.0,0.0
20230823095216964,SZSE,SZSE.ETF.159922,5.901,5.93,5.955,5.895,0.0,6.559,5.367,42150200.0,0.0,249334763.7,0.0,0.0,0.0,20230823,20230823,95216964,5.963,0.0,0.0,5.899,5.898,5.897,5.896,5.895,0.0,0.0,0.0,0.0,0.0,5.9,5.901,5.902,5.903,5.904,0.0,0.0,0.0,0.0,0.0,10000.0,916100.0,300000.0,145900.0,161900.0,0.0,0.0,0.0,0.0,0.0,50000.0,520000.0,785600.0,75000.0,237900.0,0.0,0.0,0.0,0.0,0.0
20230823095220064,SZSE,SZSE.ETF.159922,5.901,5.93,5.955,5.895,0.0,6.559,5.367,42150200.0,0.0,249334763.7,0.0,0.0,0.0,20230823,20230823,95220063,5.963,0.0,0.0,5.899,5.898,5.897,5.896,5.895,0.0,0.0,0.0,0.0,0.0,5.9,5.901,5.902,5.903,5.904,0.0,0.0,0.0,0.0,0.0,60000.0,1106100.0,110000.0,115900.0,161900.0,0.0,0.0,0.0,0.0,0.0,2000.0,168000.0,430000.0,550600.0,296600.0,0.0,0.0,0.0,0.0,0.0
20230823095223024,SZSE,SZSE.ETF.159922,5.901,5.93,5.955,5.895,0.0,6.559,5.367,42150200.0,0.0,249334763.7,0.0,0.0,0.0,20230823,20230823,95223022,5.963,0.0,0.0,5.899,5.898,5.897,5.896,5.895,0.0,0.0,0.0,0.0,0.0,5.9,5.901,5.902,5.903,5.904,0.0,0.0,0.0,0.0,0.0,10000.0,706100.0,145700.0,150200.0,201900.0,0.0,0.0,0.0,0.0,0.0,50000.0,150000.0,390000.0,465000.0,332200.0,0.0,0.0,0.0,0.0,0.0
20230823095225968,SZSE,SZSE.ETF.159922,5.899,5.93,5.955,5.895,0.0,6.559,5.367,42160200.0,10000.0,249393753.7,58990.0,0.0,0.0,20230823,20230823,95225969,5.963,0.0,0.0,5.898,5.897,5.896,5.895,5.894,0.0,0.0,0.0,0.0,0.0,5.9,5.901,5.902,5.903,5.904,0.0,0.0,0.0,0.0,0.0,401100.0,375000.0,185900.0,161900.0,245000.0,0.0,0.0,0.0,0.0,0.0,150000.0,218000.0,675000.0,285600.0,296600.0,0.0,0.0,0.0,0.0,0.0
20230823095228960,SZSE,SZSE.ETF.159922,5.899,5.93,5.955,5.895,0.0,6.559,5.367,42160200.0,0.0,249393753.7,0.0,0.0,0.0,20230823,20230823,95228959,5.963,0.0,0.0,5.899,5.898,5.897,5.896,5.895,0.0,0.0,0.0,0.0,0.0,5.9,5.901,5.902,5.903,5.904,0.0,0.0,0.0,0.0,0.0,50000.0,711100.0,125000.0,120200.0,218900.0,0.0,0.0,0.0,0.0,0.0,80000.0,128000.0,420600.0,540000.0,336600.0,0.0,0.0,0.0,0.0,0.0
20230823095232144,SZSE,SZSE.ETF.159922,5.899,5.93,5.955,5.895,0.0,6.559,5.367,42160200.0,0.0,249393753.7,0.0,0.0,0.0,20230823,20230823,95232145,5.963,0.0,0.0,5.899,5.898,5.897,5.896,5.895,0.0,0.0,0.0,0.0,0.0,5.9,5.901,5.902,5.903,5.904,0.0,0.0,0.0,0.0,0.0,27900.0,691100.0,240700.0,220200.0,161900.0,0.0,0.0,0.0,0.0,0.0,60000.0,168000.0,565000.0,525600.0,256600.0,0.0,0.0,0.0,0.0,0.0
20230823095235032,SZSE,SZSE.ETF.159922,5.899,5.93,5.955,5.895,0.0,6.559,5.367,42160200.0,0.0,249393753.7,0.0,0.0,0.0,20230823,20230823,95235031,5.963,0.0,0.0,5.899,5.898,5.897,5.896,5.895,0.0,0.0,0.0,0.0,0.0,5.9,5.901,5.902,5.903,5.904,0.0,0.0,0.0,0.0,0.0,648900.0,175100.0,190000.0,255900.0,161900.0,0.0,0.0,0.0,0.0,0.0,10000.0,168000.0,200000.0,780600.0,276600.0,0.0,0.0,0.0,0.0,0.0
20230823095237936,SZSE,SZSE.ETF.159922,5.899,5.93,5.955,5.895,0.0,6.559,5.367,42160200.0,0.0,249393753.7,0.0,0.0,0.0,20230823,20230823,95237935,5.963,0.0,0.0,5.899,5.898,5.897,5.896,5.895,0.0,0.0,0.0,0.0,0.0,5.9,5.901,5.902,5.903,5.904,0.0,0.0,0.0,0.0,0.0,268000.0,125100.0,616700.0,80200.0,201900.0,0.0,0.0,0.0,0.0,0.0,52000.0,138000.0,620000.0,355000.0,292200.0,0.0,0.0,0.0,0.0,0.0
20230823095240904,SZSE,SZSE.ETF.159922,5.899,5.93,5.955,5.895,0.0,6.559,5.367,42188200.0,28000.0,249558925.7,165172.0,0.0,0.0,20230823,20230823,95240905,5.963,0.0,0.0,5.899,5.898,5.897,5.896,5.895,0.0,0.0,0.0,0.0,0.0,5.9,5.901,5.902,5.903,5.904,0.0,0.0,0.0,0.0,0.0,20000.0,656100.0,110000.0,185900.0,210500.0,0.0,0.0,0.0,0.0,0.0,110000.0,338000.0,650000.0,330600.0,256600.0,0.0,0.0,0.0,0.0,0.0
20230823095243936,SZSE,SZSE.ETF.159922,5.899,5.93,5.955,5.895,0.0,6.559,5.367,42188200.0,0.0,249558925.7,0.0,0.0,0.0,20230823,20230823,95243937,5.963,0.0,0.0,5.898,5.897,5.896,5.895,5.894,0.0,0.0,0.0,0.0,0.0,5.9,5.901,5.902,5.903,5.904,0.0,0.0,0.0,0.0,0.0,300100.0,516000.0,145900.0,170500.0,245000.0,0.0,0.0,0.0,0.0,0.0,170000.0,588000.0,675000.0,75600.0,256600.0,0.0,0.0,0.0,0.0,0.0
20230823095246952,SZSE,SZSE.ETF.159922,5.899,5.93,5.955,5.895,0.0,6.559,5.367,42208200.0,20000.0,249676905.7,117980.0,0.0,0.0,20230823,20230823,95246950,5.963,0.0,0.0,5.898,5.897,5.896,5.895,5.894,0.0,0.0,0.0,0.0,0.0,5.899,5.9,5.901,5.902,5.903,0.0,0.0,0.0,0.0,0.0,200.0,125000.0,766900.0,261800.0,268700.0,0.0,0.0,0.0,0.0,0.0,217200.0,450000.0,588000.0,290600.0,120000.0,0.0,0.0,0.0,0.0,0.0
20230823095249972,SZSE,SZSE.ETF.159922,5.898,5.93,5.955,5.895,0.0,6.559,5.367,42208400.0,200.0,249678085.3,1179.6000000238419,0.0,0.0,20230823,20230823,95249972,5.963,0.0,0.0,5.897,5.896,5.895,5.894,5.893,0.0,0.0,0.0,0.0,0.0,5.898,5.899,5.9,5.901,5.902,0.0,0.0,0.0,0.0,0.0,516000.0,340200.0,257500.0,198700.0,105100.0,0.0,0.0,0.0,0.0,0.0,19800.0,287200.0,130000.0,873600.0,215000.0,0.0,0.0,0.0,0.0,0.0
20230823095253040,SZSE,SZSE.ETF.159922,5.898,5.93,5.955,5.895,0.0,6.559,5.367,42208400.0,0.0,249678085.3,0.0,0.0,0.0,20230823,20230823,95253039,5.963,0.0,0.0,5.897,5.896,5.895,5.894,5.893,0.0,0.0,0.0,0.0,0.0,5.898,5.899,5.9,5.901,5.902,0.0,0.0,0.0,0.0,0.0,70000.0,605200.0,398500.0,80000.0,128800.0,0.0,0.0,0.0,0.0,0.0,23700.0,237200.0,512000.0,353000.0,234300.0,0.0,0.0,0.0,0.0,0.0
20230823095256092,SZSE,SZSE.ETF.159922,5.897,5.93,5.955,5.895,0.0,6.559,5.367,42208500.0,100.0,249678675.0,589.6999999880791,0.0,0.0,20230823,20230823,95256091,5.963,0.0,0.0,5.896,5.895,5.894,5.893,5.892,0.0,0.0,0.0,0.0,0.0,5.897,5.898,5.899,5.9,5.901,0.0,0.0,0.0,0.0,0.0,355200.0,512800.0,185700.0,228800.0,235500.0,0.0,0.0,0.0,0.0,0.0,19700.0,94700.0,327200.0,662000.0,338600.0,0.0,0.0,0.0,0.0,0.0
20230823095259044,SZSE,SZSE.ETF.159922,5.897,5.93,5.955,5.895,0.0,6.559,5.367,42209400.0,900.0,249683982.3,5307.300000011921,0.0,0.0,20230823,20230823,95259045,5.963,0.0,0.0,5.896,5.895,5.894,5.893,5.892,0.0,0.0,0.0,0.0,0.0,5.897,5.898,5.899,5.9,5.901,0.0,0.0,0.0,0.0,0.0,401200.0,386800.0,150000.0,245800.0,219200.0,0.0,0.0,0.0,0.0,0.0,19300.0,50000.0,517200.0,502600.0,286700.0,0.0,0.0,0.0,0.0,0.0
20230823095301952,SZSE,SZSE.ETF.159922,5.897,5.93,5.955,5.895,0.0,6.559,5.367,42219700.0,10300.0,249744711.4,60729.09999999404,0.0,0.0,20230823,20230823,95301951,5.963,0.0,0.0,5.896,5.895,5.894,5.893,5.892,0.0,0.0,0.0,0.0,0.0,5.897,5.898,5.899,5.9,5.901,0.0,0.0,0.0,0.0,0.0,50500.0,742900.0,165000.0,305800.0,219200.0,0.0,0.0,0.0,0.0,0.0,32600.0,99800.0,575000.0,507600.0,96700.0,0.0,0.0,0.0,0.0,0.0
20230823095305180,SZSE,SZSE.ETF.159922,5.896,5.93,5.955,5.895,0.0,6.559,5.367,42220200.0,500.0,249747659.4,2948.0,0.0,0.0,20230823,20230823,95305181,5.963,0.0,0.0,5.895,5.894,5.893,5.892,5.891,0.0,0.0,0.0,0.0,0.0,5.896,5.897,5.898,5.899,5.9,0.0,0.0,0.0,0.0,0.0,291800.0,506100.0,355800.0,279200.0,75500.0,0.0,0.0,0.0,0.0,0.0,28500.0,106300.0,350000.0,515000.0,307600.0,0.0,0.0,0.0,0.0,0.0
20230823095308064,SZSE,SZSE.ETF.159922,5.894,5.93,5.955,5.893,0.0,6.559,5.367,43326900.0,1106700.0,256270290.9,6522631.5,0.0,0.0,20230823,20230823,95308066,5.963,0.0,0.0,5.893,5.892,5.891,5.89,5.889,0.0,0.0,0.0,0.0,0.0,5.894,5.895,5.896,5.897,5.898,0.0,0.0,0.0,0.0,0.0,530000.0,356200.0,249200.0,285000.0,110000.0,0.0,0.0,0.0,0.0,0.0,95000.0,109900.0,325600.0,542300.0,450000.0,0.0,0.0,0.0,0.0,0.0
20230823095355780,SZSE,SZSE.ETF.159922,5.895,5.93,5.955,5.892,0.0,6.559,5.367,44847200.0,271600.0,265231301.3,1600902.6000000238,0.0,0.0,20230823,20230823,95355780,5.963,0.0,0.0,5.894,5.893,5.892,5.891,5.89,0.0,0.0,0.0,0.0,0.0,5.895,5.896,5.897,5.898,5.899,0.0,0.0,0.0,0.0,0.0,910500.0,630000.0,520600.0,40500.0,256200.0,0.0,0.0,0.0,0.0,0.0,100200.0,40000.0,105000.0,300000.0,584300.0,0.0,0.0,0.0,0.0,0.0
20230823095357736,SZSE,SZSE.ETF.159922,5.896,5.93,5.955,5.892,0.0,6.559,5.367,45028000.0,180800.0,266297127.9,1065826.599999994,0.0,0.0,20230823,20230823,95357738,5.963,0.0,0.0,5.895,5.894,5.893,5.892,5.891,0.0,0.0,0.0,0.0,0.0,5.897,5.898,5.899,5.9,5.901,0.0,0.0,0.0,0.0,0.0,10600.0,980500.0,681000.0,389900.0,140500.0,0.0,0.0,0.0,0.0,0.0,90000.0,315000.0,604300.0,217000.0,108000.0,0.0,0.0,0.0,0.0,0.0
20230823095400500,SZSE,SZSE.ETF.159922,5.897,5.93,5.955,5.892,0.0,6.559,5.367,45048000.0,20000.0,266415067.9,117940.0,0.0,0.0,20230823,20230823,95400500,5.963,0.0,0.0,5.895,5.894,5.893,5.892,5.891,0.0,0.0,0.0,0.0,0.0,5.897,5.898,5.899,5.9,5.901,0.0,0.0,0.0,0.0,0.0,60600.0,775500.0,826000.0,180000.0,229200.0,0.0,0.0,0.0,0.0,0.0,50000.0,380000.0,675000.0,237600.0,96700.0,0.0,0.0,0.0,0.0,0.0
20230823095403788,SZSE,SZSE.ETF.159922,5.894,5.93,5.955,5.892,0.0,6.559,5.367,45158600.0,110600.0,267067004.9,651937.0,0.0,0.0,20230823,20230823,95403788,5.963,0.0,0.0,5.894,5.893,5.892,5.891,5.89,0.0,0.0,0.0,0.0,0.0,5.895,5.896,5.897,5.898,5.899,0.0,0.0,0.0,0.0,0.0,25000.0,326000.0,550000.0,429200.0,292500.0,0.0,0.0,0.0,0.0,0.0,90000.0,489900.0,399900.0,330000.0,175000.0,0.0,0.0,0.0,0.0,0.0
20230823095406056,SZSE,SZSE.ETF.159922,5.894,5.93,5.955,5.892,0.0,6.559,5.367,45223600.0,65000.0,267450114.9,383110.0,0.0,0.0,20230823,20230823,95406056,5.963,0.0,0.0,5.893,5.892,5.891,5.89,5.889,0.0,0.0,0.0,0.0,0.0,5.894,5.895,5.896,5.897,5.898,0.0,0.0,0.0,0.0,0.0,290300.0,290000.0,570500.0,381900.0,215000.0,0.0,0.0,0.0,0.0,0.0,150000.0,119900.0,729900.0,205600.0,220000.0,0.0,0.0,0.0,0.0,0.0
20230823095409676,SZSE,SZSE.ETF.159922,5.893,5.93,5.955,5.892,0.0,6.559,5.367,45498900.0,275300.0,269072457.8,1622342.900000006,0.0,0.0,20230823,20230823,95409677,5.963,0.0,0.0,5.891,5.89,5.889,5.888,5.887,0.0,0.0,0.0,0.0,0.0,5.893,5.894,5.895,5.896,5.897,0.0,0.0,0.0,0.0,0.0,400500.0,583200.0,198700.0,216700.0,170000.0,0.0,0.0,0.0,0.0,0.0,10000.0,165000.0,539900.0,279900.0,95600.0,0.0,0.0,0.0,0.0,0.0
20230823095412244,SZSE,SZSE.ETF.159922,5.893,5.93,5.955,5.892,0.0,6.559,5.367,45558900.0,60000.0,269426037.8,353580.0,0.0,0.0,20230823,20230823,95412244,5.963,0.0,0.0,5.892,5.891,5.89,5.889,5.888,0.0,0.0,0.0,0.0,0.0,5.893,5.894,5.895,5.896,5.897,0.0,0.0,0.0,0.0,0.0,100.0,520500.0,857500.0,135700.0,181700.0,0.0,0.0,0.0,0.0,0.0,80000.0,215000.0,509900.0,435600.0,98700.0,0.0,0.0,0.0,0.0,0.0
20230823095414600,SZSE,SZSE.ETF.159922,5.892,5.93,5.955,5.892,0.0,6.559,5.367,45564000.0,5100.0,269456087.0,30049.19999998808,0.0,0.0,20230823,20230823,95414598,5.963,0.0,0.0,5.891,5.89,5.889,5.888,5.887,0.0,0.0,0.0,0.0,0.0,5.892,5.893,5.894,5.895,5.896,0.0,0.0,0.0,0.0,0.0,800500.0,707500.0,145700.0,240400.0,215000.0,0.0,0.0,0.0,0.0,0.0,15000.0,160000.0,154900.0,559900.0,375600.0,0.0,0.0,0.0,0.0,0.0
20230823095422928,SZSE,SZSE.ETF.159922,5.893,5.93,5.955,5.892,0.0,6.559,5.367,45677100.0,95100.0,270122567.3,560424.3000000119,0.0,0.0,20230823,20230823,95422929,5.963,0.0,0.0,5.893,5.892,5.891,5.89,5.889,0.0,0.0,0.0,0.0,0.0,5.894,5.895,5.896,5.897,5.898,0.0,0.0,0.0,0.0,0.0,221900.0,770300.0,730500.0,314000.0,70000.0,0.0,0.0,0.0,0.0,0.0,100000.0,300000.0,339900.0,314400.0,235000.0,0.0,0.0,0.0,0.0,0.0
20230823095426008,SZSE,SZSE.ETF.159922,5.893,5.93,5.955,5.892,0.0,6.559,5.367,45727100.0,50000.0,270417217.3,294650.0,0.0,0.0,20230823,20230823,95426008,5.963,0.0,0.0,5.893,5.892,5.891,5.89,5.889,0.0,0.0,0.0,0.0,0.0,5.894,5.895,5.896,5.897,5.898,0.0,0.0,0.0,0.0,0.0,500000.0,750400.0,656200.0,128300.0,88700.0,0.0,0.0,0.0,0.0,0.0,80000.0,330000.0,319900.0,390000.0,254400.0,0.0,0.0,0.0,0.0,0.0
20230823095429620,SZSE,SZSE.ETF.159922,5.895,5.93,5.955,5.892,0.0,6.559,5.367,45997100.0,270000.0,272008677.3,1591460.0,0.0,0.0,20230823,20230823,95429620,5.963,0.0,0.0,5.894,5.893,5.892,5.891,5.89,0.0,0.0,0.0,0.0,0.0,5.895,5.896,5.897,5.898,5.899,0.0,0.0,0.0,0.0,0.0,90000.0,980000.0,365400.0,266200.0,258300.0,0.0,0.0,0.0,0.0,0.0,150000.0,110000.0,135000.0,644400.0,175000.0,0.0,0.0,0.0,0.0,0.0
20230823095433024,SZSE,SZSE.ETF.159922,5.895,5.93,5.955,5.892,0.0,6.559,5.367,46077100.0,80000.0,272480277.3,471600.0,0.0,0.0,20230823,20230823,95433022,5.963,0.0,0.0,5.896,5.895,5.894,5.893,5.892,0.0,0.0,0.0,0.0,0.0,5.897,5.898,5.899,5.9,5.901,0.0,0.0,0.0,0.0,0.0,460000.0,700000.0,1350000.0,410000.0,386100.0,0.0,0.0,0.0,0.0,0.0,80000.0,110000.0,314300.0,957000.0,168000.0,0.0,0.0,0.0,0.0,0.0
20230823095436376,SZSE,SZSE.ETF.159922,5.897,5.93,5.955,5.892,0.0,6.559,5.367,46137100.0,60000.0,272834097.3,353820.0,0.0,0.0,20230823,20230823,95436374,5.963,0.0,0.0,5.897,5.896,5.895,5.894,5.893,0.0,0.0,0.0,0.0,0.0,5.899,5.9,5.901,5.902,5.903,0.0,0.0,0.0,0.0,0.0,5400.0,950000.0,1260000.0,1420700.0,40000.0,0.0,0.0,0.0,0.0,0.0,85000.0,302000.0,542300.0,335000.0,120000.0,0.0,0.0,0.0,0.0,0.0
20230823095438764,SZSE,SZSE.ETF.159922,5.897,5.93,5.955,5.892,0.0,6.559,5.367,46137100.0,0.0,272834097.3,0.0,0.0,0.0,20230823,20230823,95438764,5.963,0.0,0.0,5.897,5.896,5.895,5.894,5.893,0.0,0.0,0.0,0.0,0.0,5.899,5.9,5.901,5.902,5.903,0.0,0.0,0.0,0.0,0.0,1085400.0,775000.0,1355700.0,980000.0,198700.0,0.0,0.0,0.0,0.0,0.0,50000.0,152000.0,843000.0,235600.0,108700.0,0.0,0.0,0.0,0.0,0.0
20230823095441116,SZSE,SZSE.ETF.159922,5.899,5.93,5.955,5.892,0.0,6.559,5.367,46142500.0,5400.0,272865951.9,31854.599999964237,0.0,0.0,20230823,20230823,95441117,5.963,0.0,0.0,5.897,5.896,5.895,5.894,5.893,0.0,0.0,0.0,0.0,0.0,5.899,5.9,5.901,5.902,5.903,0.0,0.0,0.0,0.0,0.0,900000.0,810700.0,780000.0,1020000.0,218700.0,0.0,0.0,0.0,0.0,0.0,44600.0,152000.0,603000.0,500000.0,144300.0,0.0,0.0,0.0,0.0,0.0
20230823095444104,SZSE,SZSE.ETF.159922,5.899,5.93,5.955,5.892,0.0,6.559,5.367,46192500.0,50000.0,273160901.9,294950.0,0.0,0.0,20230823,20230823,95444105,5.963,0.0,0.0,5.898,5.897,5.896,5.895,5.894,0.0,0.0,0.0,0.0,0.0,5.9,5.901,5.902,5.903,5.904,0.0,0.0,0.0,0.0,0.0,480000.0,1140000.0,830700.0,180000.0,180000.0,0.0,0.0,0.0,0.0,0.0,42000.0,203000.0,335500.0,518600.0,342900.0,0.0,0.0,0.0,0.0,0.0
20230823095447136,SZSE,SZSE.ETF.159922,5.899,5.93,5.955,5.892,0.0,6.559,5.367,46192500.0,0.0,273160901.9,0.0,0.0,0.0,20230823,20230823,95447138,5.963,0.0,0.0,5.898,5.897,5.896,5.895,5.894,0.0,0.0,0.0,0.0,0.0,5.9,5.901,5.902,5.903,5.904,0.0,0.0,0.0,0.0,0.0,720000.0,840700.0,570000.0,80000.0,228700.0,0.0,0.0,0.0,0.0,0.0,92000.0,168000.0,334900.0,449900.0,342200.0,0.0,0.0,0.0,0.0,0.0
20230823095450048,SZSE,SZSE.ETF.159922,5.898,5.93,5.955,5.892,0.0,6.559,5.367,46282500.0,90000.0,273691721.9,530820.0,0.0,0.0,20230823,20230823,95450050,5.963,0.0,0.0,5.898,5.897,5.896,5.895,5.894,0.0,0.0,0.0,0.0,0.0,5.9,5.901,5.902,5.903,5.904,0.0,0.0,0.0,0.0,0.0,50000.0,885000.0,1075700.0,170000.0,238700.0,0.0,0.0,0.0,0.0,0.0,102000.0,337900.0,534900.0,135500.0,346600.0,0.0,0.0,0.0,0.0,0.0
20230823095452984,SZSE,SZSE.ETF.159922,5.898,5.93,5.955,5.892,0.0,6.559,5.367,46322500.0,40000.0,273927641.9,235920.0,0.0,0.0,20230823,20230823,95452985,5.963,0.0,0.0,5.897,5.896,5.895,5.894,5.893,0.0,0.0,0.0,0.0,0.0,5.9,5.901,5.902,5.903,5.904,0.0,0.0,0.0,0.0,0.0,685000.0,800000.0,135700.0,268700.0,235000.0,0.0,0.0,0.0,0.0,0.0,181900.0,427900.0,710500.0,80000.0,396600.0,0.0,0.0,0.0,0.0,0.0
20230823095456172,SZSE,SZSE.ETF.159922,5.898,5.93,5.955,5.892,0.0,6.559,5.367,46322500.0,0.0,273927641.9,0.0,0.0,0.0,20230823,20230823,95456171,5.963,0.0,0.0,5.897,5.896,5.895,5.894,5.893,0.0,0.0,0.0,0.0,0.0,5.899,5.9,5.901,5.902,5.903,0.0,0.0,0.0,0.0,0.0,505000.0,1050000.0,225700.0,290000.0,178700.0,0.0,0.0,0.0,0.0,0.0,50000.0,421900.0,537900.0,270500.0,120000.0,0.0,0.0,0.0,0.0,0.0
20230823095459072,SZSE,SZSE.ETF.159922,5.898,5.93,5.955,5.892,0.0,6.559,5.367,46322500.0,0.0,273927641.9,0.0,0.0,0.0,20230823,20230823,95459071,5.963,0.0,0.0,5.897,5.896,5.895,5.894,5.893,0.0,0.0,0.0,0.0,0.0,5.899,5.9,5.901,5.902,5.903,0.0,0.0,0.0,0.0,0.0,510000.0,1045000.0,205700.0,260000.0,208700.0,0.0,0.0,0.0,0.0,0.0,50000.0,351900.0,572900.0,235500.0,98700.0,0.0,0.0,0.0,0.0,0.0
20230823095501964,SZSE,SZSE.ETF.159922,5.898,5.93,5.955,5.892,0.0,6.559,5.367,46322500.0,0.0,273927641.9,0.0,0.0,0.0,20230823,20230823,95501965,5.963,0.0,0.0,5.897,5.896,5.895,5.894,5.893,0.0,0.0,0.0,0.0,0.0,5.898,5.899,5.9,5.901,5.902,0.0,0.0,0.0,0.0,0.0,280000.0,175000.0,615700.0,380000.0,268700.0,0.0,0.0,0.0,0.0,0.0,50000.0,589900.0,311900.0,132900.0,355600.0,0.0,0.0,0.0,0.0,0.0
20230823095505176,SZSE,SZSE.ETF.159922,5.897,5.93,5.955,5.892,0.0,6.559,5.367,46710800.0,388300.0,276217447.0,2289805.100000024,0.0,0.0,20230823,20230823,95505174,5.963,0.0,0.0,5.896,5.895,5.894,5.893,5.892,0.0,0.0,0.0,0.0,0.0,5.897,5.898,5.899,5.9,5.901,0.0,0.0,0.0,0.0,0.0,75000.0,530000.0,460000.0,154400.0,225400.0,0.0,0.0,0.0,0.0,0.0,99700.0,179900.0,489900.0,417500.0,93000.0,0.0,0.0,0.0,0.0,0.0
20230823095508252,SZSE,SZSE.ETF.159922,5.896,5.93,5.955,5.892,0.0,6.559,5.367,46750800.0,40000.0,276453287.0,235840.0,0.0,0.0,20230823,20230823,95508253,5.963,0.0,0.0,5.896,5.895,5.894,5.893,5.892,0.0,0.0,0.0,0.0,0.0,5.897,5.898,5.899,5.9,5.901,0.0,0.0,0.0,0.0,0.0,30000.0,106700.0,460000.0,590000.0,264800.0,0.0,0.0,0.0,0.0,0.0,361600.0,549900.0,205500.0,197000.0,96700.0,0.0,0.0,0.0,0.0,0.0
20230823095511272,SZSE,SZSE.ETF.159922,5.896,5.93,5.955,5.892,0.0,6.559,5.367,46780800.0,30000.0,276630167.0,176880.0,0.0,0.0,20230823,20230823,95511273,5.963,0.0,0.0,5.895,5.894,5.893,5.892,5.891,0.0,0.0,0.0,0.0,0.0,5.896,5.897,5.898,5.899,5.9,0.0,0.0,0.0,0.0,0.0,321700.0,595000.0,150000.0,504800.0,175500.0,0.0,0.0,0.0,0.0,0.0,407200.0,211700.0,90000.0,610500.0,182000.0,0.0,0.0,0.0,0.0,0.0
20230823095514068,SZSE,SZSE.ETF.159922,5.894,5.93,5.955,5.892,0.0,6.559,5.367,46974600.0,193800.0,277772616.0,1142449.0,0.0,0.0,20230823,20230823,95514067,5.963,0.0,0.0,5.894,5.893,5.892,5.891,5.89,0.0,0.0,0.0,0.0,0.0,5.895,5.896,5.897,5.898,5.899,0.0,0.0,0.0,0.0,0.0,52000.0,820000.0,176100.0,209200.0,224300.0,0.0,0.0,0.0,0.0,0.0,30000.0,258700.0,539900.0,399900.0,150600.0,0.0,0.0,0.0,0.0,0.0
20230823095516960,SZSE,SZSE.ETF.159922,5.895,5.93,5.955,5.892,0.0,6.559,5.367,47134400.0,159800.0,278714736.9,942120.8999999762,0.0,0.0,20230823,20230823,95516962,5.963,0.0,0.0,5.894,5.893,5.892,5.891,5.89,0.0,0.0,0.0,0.0,0.0,5.895,5.896,5.897,5.898,5.899,0.0,0.0,0.0,0.0,0.0,60000.0,945000.0,250400.0,236200.0,208000.0,0.0,0.0,0.0,0.0,0.0,6000.0,159900.0,489900.0,380600.0,98700.0,0.0,0.0,0.0,0.0,0.0
20230823095519976,SZSE,SZSE.ETF.159922,5.895,5.93,5.955,5.892,0.0,6.559,5.367,47134400.0,0.0,278714736.9,0.0,0.0,0.0,20230823,20230823,95519977,5.963,0.0,0.0,5.894,5.893,5.892,5.891,5.89,0.0,0.0,0.0,0.0,0.0,5.895,5.896,5.897,5.898,5.899,0.0,0.0,0.0,0.0,0.0,10000.0,340000.0,721100.0,340500.0,208000.0,0.0,0.0,0.0,0.0,0.0,50000.0,169900.0,704900.0,219900.0,134300.0,0.0,0.0,0.0,0.0,0.0
20230823095523060,SZSE,SZSE.ETF.159922,5.895,5.93,5.955,5.892,0.0,6.559,5.367,47289400.0,155000.0,279628461.9,913725.0,0.0,0.0,20230823,20230823,95523060,5.963,0.0,0.0,5.895,5.894,5.893,5.892,5.891,0.0,0.0,0.0,0.0,0.0,5.896,5.897,5.898,5.899,5.9,0.0,0.0,0.0,0.0,0.0,750000.0,312000.0,395000.0,250400.0,306200.0,0.0,0.0,0.0,0.0,0.0,40000.0,230000.0,190700.0,188700.0,772000.0,0.0,0.0,0.0,0.0,0.0
20230823095526156,SZSE,SZSE.ETF.159922,5.897,5.93,5.955,5.892,0.0,6.559,5.367,47337400.0,48000.0,279911477.9,283016.0,0.0,0.0,20230823,20230823,95526156,5.963,0.0,0.0,5.897,5.896,5.895,5.894,5.893,0.0,0.0,0.0,0.0,0.0,5.898,5.899,5.9,5.901,5.902,0.0,0.0,0.0,0.0,0.0,50000.0,195900.0,1171900.0,660000.0,220700.0,0.0,0.0,0.0,0.0,0.0,65000.0,550000.0,646300.0,148000.0,295000.0,0.0,0.0,0.0,0.0,0.0
20230823095529208,SZSE,SZSE.ETF.159922,5.898,5.93,5.955,5.892,0.0,6.559,5.367,47461300.0,123900.0,280642141.2,730663.3000000119,0.0,0.0,20230823,20230823,95529209,5.963,0.0,0.0,5.898,5.897,5.896,5.895,5.894,0.0,0.0,0.0,0.0,0.0,5.9,5.901,5.902,5.903,5.904,0.0,0.0,0.0,0.0,0.0,25000.0,621900.0,735900.0,230000.0,645700.0,0.0,0.0,0.0,0.0,0.0,22000.0,613600.0,598700.0,75000.0,237900.0,0.0,0.0,0.0,0.0,0.0
20230823095532080,SZSE,SZSE.ETF.159922,5.898,5.93,5.955,5.892,0.0,6.559,5.367,47486300.0,25000.0,280789591.2,147450.0,0.0,0.0,20230823,20230823,95532081,5.963,0.0,0.0,5.897,5.896,5.895,5.894,5.893,0.0,0.0,0.0,0.0,0.0,5.899,5.9,5.901,5.902,5.903,0.0,0.0,0.0,0.0,0.0,515000.0,925900.0,195700.0,638700.0,235000.0,0.0,0.0,0.0,0.0,0.0,50000.0,111900.0,808000.0,360600.0,40000.0,0.0,0.0,0.0,0.0,0.0
20230823095535036,SZSE,SZSE.ETF.159922,5.898,5.93,5.955,5.892,0.0,6.559,5.367,47486300.0,0.0,280789591.2,0.0,0.0,0.0,20230823,20230823,95535037,5.963,0.0,0.0,5.897,5.896,5.895,5.894,5.893,0.0,0.0,0.0,0.0,0.0,5.9,5.901,5.902,5.903,5.904,0.0,0.0,0.0,0.0,0.0,720000.0,740900.0,146500.0,640000.0,198700.0,0.0,0.0,0.0,0.0,0.0,52000.0,413000.0,575600.0,78700.0,322900.0,0.0,0.0,0.0,0.0,0.0
20230823095538008,SZSE,SZSE.ETF.159922,5.898,5.93,5.955,5.892,0.0,6.559,5.367,47486300.0,0.0,280789591.2,0.0,0.0,0.0,20230823,20230823,95538010,5.963,0.0,0.0,5.897,5.896,5.895,5.894,5.893,0.0,0.0,0.0,0.0,0.0,5.9,5.901,5.902,5.903,5.904,0.0,0.0,0.0,0.0,0.0,1401900.0,446600.0,140800.0,670000.0,98700.0,0.0,0.0,0.0,0.0,0.0,2000.0,183000.0,369900.0,475600.0,326600.0,0.0,0.0,0.0,0.0,0.0
20230823095540920,SZSE,SZSE.ETF.159922,5.898,5.93,5.955,5.892,0.0,6.559,5.367,47486300.0,0.0,280789591.2,0.0,0.0,0.0,20230823,20230823,95540921,5.963,0.0,0.0,5.898,5.897,5.896,5.895,5.894,0.0,0.0,0.0,0.0,0.0,5.9,5.901,5.902,5.903,5.904,0.0,0.0,0.0,0.0,0.0,490000.0,1552600.0,560000.0,160800.0,620000.0,0.0,0.0,0.0,0.0,0.0,2000.0,168000.0,624900.0,285600.0,326600.0,0.0,0.0,0.0,0.0,0.0
20230823095544020,SZSE,SZSE.ETF.159922,5.9,5.93,5.955,5.892,0.0,6.559,5.367,47542200.0,55900.0,281119351.2,329760.0,0.0,0.0,20230823,20230823,95544019,5.963,0.0,0.0,5.899,5.898,5.897,5.896,5.895,0.0,0.0,0.0,0.0,0.0,5.9,5.901,5.902,5.903,5.904,0.0,0.0,0.0,0.0,0.0,100.0,510000.0,1562600.0,550000.0,100800.0,0.0,0.0,0.0,0.0,0.0,46100.0,128000.0,534900.0,290000.0,382200.0,0.0,0.0,0.0,0.0,0.0
20230823095546904,SZSE,SZSE.ETF.159922,5.9,5.93,5.955,5.892,0.0,6.559,5.367,47542200.0,0.0,281119351.2,0.0,0.0,0.0,20230823,20230823,95546904,5.963,0.0,0.0,5.899,5.898,5.897,5.896,5.895,0.0,0.0,0.0,0.0,0.0,5.9,5.901,5.902,5.903,5.904,0.0,0.0,0.0,0.0,0.0,100.0,710000.0,1150700.0,310000.0,119500.0,0.0,0.0,0.0,0.0,0.0,105300.0,318000.0,334900.0,340000.0,472200.0,0.0,0.0,0.0,0.0,0.0
20230823095549920,SZSE,SZSE.ETF.159922,5.9,5.93,5.955,5.892,0.0,6.559,5.367,47672200.0,130000.0,281886351.2,767000.0,0.0,0.0,20230823,20230823,95549920,5.963,0.0,0.0,5.9,5.899,5.898,5.897,5.896,0.0,0.0,0.0,0.0,0.0,5.901,5.902,5.903,5.904,5.905,0.0,0.0,0.0,0.0,0.0,319200.0,40100.0,910100.0,965000.0,295700.0,0.0,0.0,0.0,0.0,0.0,387900.0,534900.0,175600.0,436600.0,75000.0,0.0,0.0,0.0,0.0,0.0
20230823095553096,SZSE,SZSE.ETF.159922,5.9,5.93,5.955,5.892,0.0,6.559,5.367,47672200.0,0.0,281886351.2,0.0,0.0,0.0,20230823,20230823,95553097,5.963,0.0,0.0,5.9,5.899,5.898,5.897,5.896,0.0,0.0,0.0,0.0,0.0,5.901,5.902,5.903,5.904,5.905,0.0,0.0,0.0,0.0,0.0,340000.0,110100.0,915900.0,1025700.0,268700.0,0.0,0.0,0.0,0.0,0.0,437900.0,539900.0,225000.0,413500.0,58700.0,0.0,0.0,0.0,0.0,0.0
20230823095555984,SZSE,SZSE.ETF.159922,5.9,5.93,5.955,5.892,0.0,6.559,5.367,47672200.0,0.0,281886351.2,0.0,0.0,0.0,20230823,20230823,95555982,5.963,0.0,0.0,5.9,5.899,5.898,5.897,5.896,0.0,0.0,0.0,0.0,0.0,5.901,5.902,5.903,5.904,5.905,0.0,0.0,0.0,0.0,0.0,390000.0,155200.0,1380900.0,565700.0,198700.0,0.0,0.0,0.0,0.0,0.0,38000.0,159900.0,750000.0,358500.0,58700.0,0.0,0.0,0.0,0.0,0.0
20230823095558912,SZSE,SZSE.ETF.159922,5.901,5.93,5.955,5.892,0.0,6.559,5.367,47692200.0,20000.0,282004371.2,118020.0,0.0,0.0,20230823,20230823,95558912,5.963,0.0,0.0,5.9,5.899,5.898,5.897,5.896,0.0,0.0,0.0,0.0,0.0,5.901,5.902,5.903,5.904,5.905,0.0,0.0,0.0,0.0,0.0,370000.0,355200.0,1176600.0,550000.0,258700.0,0.0,0.0,0.0,0.0,0.0,68000.0,109900.0,760000.0,322900.0,134300.0,0.0,0.0,0.0,0.0,0.0
20230823095602240,SZSE,SZSE.ETF.159922,5.901,5.93,5.955,5.892,0.0,6.559,5.367,47692200.0,0.0,282004371.2,0.0,0.0,0.0,20230823,20230823,95602241,5.963,0.0,0.0,5.9,5.899,5.898,5.897,5.896,0.0,0.0,0.0,0.0,0.0,5.901,5.902,5.903,5.904,5.905,0.0,0.0,0.0,0.0,0.0,390000.0,615200.0,1116600.0,510000.0,258700.0,0.0,0.0,0.0,0.0,0.0,68000.0,90000.0,760000.0,272900.0,154300.0,0.0,0.0,0.0,0.0,0.0
20230823095605800,SZSE,SZSE.ETF.159922,5.901,5.93,5.955,5.892,0.0,6.559,5.367,47710200.0,18000.0,282110589.2,106218.0,0.0,0.0,20230823,20230823,95605798,5.963,0.0,0.0,5.901,5.9,5.899,5.898,5.897,0.0,0.0,0.0,0.0,0.0,5.904,5.905,5.906,5.907,5.908,0.0,0.0,0.0,0.0,0.0,732000.0,610000.0,545200.0,636600.0,610000.0,0.0,0.0,0.0,0.0,0.0,332900.0,204300.0,775000.0,70000.0,200000.0,0.0,0.0,0.0,0.0,0.0
20230823095609712,SZSE,SZSE.ETF.159922,5.901,5.93,5.955,5.892,0.0,6.559,5.367,47710200.0,0.0,282110589.2,0.0,0.0,0.0,20230823,20230823,95609713,5.963,0.0,0.0,5.902,5.901,5.9,5.899,5.898,0.0,0.0,0.0,0.0,0.0,5.904,5.905,5.906,5.907,5.908,0.0,0.0,0.0,0.0,0.0,320000.0,812000.0,830600.0,150200.0,210900.0,0.0,0.0,0.0,0.0,0.0,217900.0,165000.0,790000.0,95600.0,248700.0,0.0,0.0,0.0,0.0,0.0
20230823095613288,SZSE,SZSE.ETF.159922,5.904,5.93,5.955,5.892,0.0,6.559,5.367,47758100.0,47900.0,282393390.8,282801.60000002384,0.0,0.0,20230823,20230823,95613288,5.963,0.0,0.0,5.903,5.902,5.901,5.9,5.899,0.0,0.0,0.0,0.0,0.0,5.905,5.906,5.907,5.908,5.909,0.0,0.0,0.0,0.0,0.0,470000.0,510000.0,667000.0,455600.0,180200.0,0.0,0.0,0.0,0.0,0.0,50000.0,125000.0,815600.0,408700.0,75000.0,0.0,0.0,0.0,0.0,0.0
20230823095617016,SZSE,SZSE.ETF.159922,5.904,5.93,5.955,5.892,0.0,6.559,5.367,47851800.0,93700.0,282946639.0,553248.1999999881,0.0,0.0,20230823,20230823,95617015,5.963,0.0,0.0,5.904,5.903,5.902,5.901,5.9,0.0,0.0,0.0,0.0,0.0,5.905,5.906,5.907,5.908,5.909,0.0,0.0,0.0,0.0,0.0,201700.0,280000.0,570000.0,687600.0,460000.0,0.0,0.0,0.0,0.0,0.0,149900.0,590000.0,320000.0,365600.0,58700.0,0.0,0.0,0.0,0.0,0.0
20230823095619988,SZSE,SZSE.ETF.159922,5.904,5.93,5.955,5.892,0.0,6.559,5.367,47851800.0,0.0,282946639.0,0.0,0.0,0.0,20230823,20230823,95619988,5.963,0.0,0.0,5.904,5.903,5.902,5.901,5.9,0.0,0.0,0.0,0.0,0.0,5.905,5.906,5.907,5.908,5.909,0.0,0.0,0.0,0.0,0.0,271700.0,580000.0,580000.0,95800.0,238700.0,0.0,0.0,0.0,0.0,0.0,100000.0,90000.0,760000.0,305600.0,138700.0,0.0,0.0,0.0,0.0,0.0
20230823095622072,SZSE,SZSE.ETF.159922,5.905,5.93,5.955,5.892,0.0,6.559,5.367,47880200.0,28400.0,283114341.0,167702.0,0.0,0.0,20230823,20230823,95622074,5.963,0.0,0.0,5.904,5.903,5.902,5.901,5.9,0.0,0.0,0.0,0.0,0.0,5.905,5.906,5.907,5.908,5.909,0.0,0.0,0.0,0.0,0.0,351800.0,570000.0,710000.0,115800.0,238700.0,0.0,0.0,0.0,0.0,0.0,71600.0,109900.0,760000.0,335600.0,98700.0,0.0,0.0,0.0,0.0,0.0
20230823095624320,SZSE,SZSE.ETF.159922,5.905,5.93,5.955,5.892,0.0,6.559,5.367,48051700.0,171500.0,284127048.5,1012707.5,0.0,0.0,20230823,20230823,95624318,5.963,0.0,0.0,5.905,5.904,5.903,5.902,5.901,0.0,0.0,0.0,0.0,0.0,5.906,5.907,5.908,5.909,5.91,0.0,0.0,0.0,0.0,0.0,30200.0,301800.0,520000.0,450600.0,280200.0,0.0,0.0,0.0,0.0,0.0,549900.0,315000.0,370000.0,134300.0,215000.0,0.0,0.0,0.0,0.0,0.0
20230823095626196,SZSE,SZSE.ETF.159922,5.905,5.93,5.955,5.892,0.0,6.559,5.367,48088500.0,36800.0,284344353.1,217304.60000002384,0.0,0.0,20230823,20230823,95626196,5.963,0.0,0.0,5.904,5.903,5.902,5.901,5.9,0.0,0.0,0.0,0.0,0.0,5.905,5.906,5.907,5.908,5.909,0.0,0.0,0.0,0.0,0.0,30000.0,565000.0,365600.0,328900.0,215000.0,0.0,0.0,0.0,0.0,0.0,44000.0,599400.0,420000.0,425000.0,175600.0,0.0,0.0,0.0,0.0,0.0
20230823095629036,SZSE,SZSE.ETF.159922,5.905,5.93,5.955,5.892,0.0,6.559,5.367,48093500.0,5000.0,284373878.1,29525.0,0.0,0.0,20230823,20230823,95629037,5.963,0.0,0.0,5.904,5.903,5.902,5.901,5.9,0.0,0.0,0.0,0.0,0.0,5.905,5.906,5.907,5.908,5.909,0.0,0.0,0.0,0.0,0.0,86000.0,555000.0,610000.0,145800.0,198700.0,0.0,0.0,0.0,0.0,0.0,43800.0,89400.0,745600.0,475000.0,158700.0,0.0,0.0,0.0,0.0,0.0
20230823095632088,SZSE,SZSE.ETF.159922,5.905,5.93,5.955,5.892,0.0,6.559,5.367,48093700.0,200.0,284375059.1,1181.0,0.0,0.0,20230823,20230823,95632086,5.963,0.0,0.0,5.904,5.903,5.902,5.901,5.9,0.0,0.0,0.0,0.0,0.0,5.905,5.906,5.907,5.908,5.909,0.0,0.0,0.0,0.0,0.0,140000.0,555000.0,750000.0,95800.0,238700.0,0.0,0.0,0.0,0.0,0.0,4600.0,89400.0,710000.0,330600.0,158700.0,0.0,0.0,0.0,0.0,0.0
20230823095635108,SZSE,SZSE.ETF.159922,5.905,5.93,5.955,5.892,0.0,6.559,5.367,48093700.0,0.0,284375059.1,0.0,0.0,0.0,20230823,20230823,95635108,5.963,0.0,0.0,5.905,5.904,5.903,5.902,5.901,0.0,0.0,0.0,0.0,0.0,5.906,5.907,5.908,5.909,5.91,0.0,0.0,0.0,0.0,0.0,69900.0,391600.0,775000.0,325600.0,40200.0,0.0,0.0,0.0,0.0,0.0,55200.0,510000.0,445000.0,244300.0,230000.0,0.0,0.0,0.0,0.0,0.0
20230823095637924,SZSE,SZSE.ETF.159922,5.907,5.93,5.955,5.892,0.0,6.559,5.367,48119400.0,25700.0,284526863.2,151804.09999996424,0.0,0.0,20230823,20230823,95637923,5.963,0.0,0.0,5.906,5.905,5.904,5.903,5.902,0.0,0.0,0.0,0.0,0.0,5.908,5.909,5.91,5.911,5.912,0.0,0.0,0.0,0.0,0.0,54200.0,549900.0,621700.0,120600.0,240000.0,0.0,0.0,0.0,0.0,0.0,115000.0,805600.0,338700.0,100000.0,245000.0,0.0,0.0,0.0,0.0,0.0
20230823095640944,SZSE,SZSE.ETF.159922,5.907,5.93,5.955,5.892,0.0,6.559,5.367,48119400.0,0.0,284526863.2,0.0,0.0,0.0,20230823,20230823,95640942,5.963,0.0,0.0,5.906,5.905,5.904,5.903,5.902,0.0,0.0,0.0,0.0,0.0,5.907,5.908,5.909,5.91,5.911,0.0,0.0,0.0,0.0,0.0,10000.0,300000.0,151700.0,725600.0,238700.0,0.0,0.0,0.0,0.0,0.0,59900.0,919900.0,209900.0,440600.0,80000.0,0.0,0.0,0.0,0.0,0.0
20230823095644104,SZSE,SZSE.ETF.159922,5.907,5.93,5.955,5.892,0.0,6.559,5.367,48119400.0,0.0,284526863.2,0.0,0.0,0.0,20230823,20230823,95644104,5.963,0.0,0.0,5.906,5.905,5.904,5.903,5.902,0.0,0.0,0.0,0.0,0.0,5.907,5.908,5.909,5.91,5.911,0.0,0.0,0.0,0.0,0.0,10000.0,355000.0,481700.0,560000.0,274300.0,0.0,0.0,0.0,0.0,0.0,90000.0,729900.0,255500.0,265000.0,178700.0,0.0,0.0,0.0,0.0,0.0
20230823095646944,SZSE,SZSE.ETF.159922,5.907,5.93,5.955,5.892,0.0,6.559,5.367,48119400.0,0.0,284526863.2,0.0,0.0,0.0,20230823,20230823,95646942,5.963,0.0,0.0,5.906,5.905,5.904,5.903,5.902,0.0,0.0,0.0,0.0,0.0,5.908,5.909,5.91,5.911,5.912,0.0,0.0,0.0,0.0,0.0,60000.0,355000.0,341700.0,545600.0,338700.0,0.0,0.0,0.0,0.0,0.0,729900.0,219900.0,440600.0,178700.0,225000.0,0.0,0.0,0.0,0.0,0.0
20230823095650004,SZSE,SZSE.ETF.159922,5.907,5.93,5.955,5.892,0.0,6.559,5.367,48119400.0,0.0,284526863.2,0.0,0.0,0.0,20230823,20230823,95650003,5.963,0.0,0.0,5.906,5.905,5.904,5.903,5.902,0.0,0.0,0.0,0.0,0.0,5.907,5.908,5.909,5.91,5.911,0.0,0.0,0.0,0.0,0.0,210000.0,185000.0,121700.0,715600.0,258700.0,0.0,0.0,0.0,0.0,0.0,209900.0,659900.0,219900.0,370600.0,180000.0,0.0,0.0,0.0,0.0,0.0
20230823095652988,SZSE,SZSE.ETF.159922,5.906,5.93,5.955,5.892,0.0,6.559,5.367,48399200.0,279800.0,286179362.0,1652498.800000012,0.0,0.0,20230823,20230823,95652989,5.963,0.0,0.0,5.905,5.904,5.903,5.902,5.901,0.0,0.0,0.0,0.0,0.0,5.906,5.907,5.908,5.909,5.91,0.0,0.0,0.0,0.0,0.0,114900.0,331600.0,425600.0,278700.0,265100.0,0.0,0.0,0.0,0.0,0.0,130000.0,170000.0,370000.0,380000.0,330600.0,0.0,0.0,0.0,0.0,0.0
