time,exchg,code,price,open,high,low,settle_price,upper_limit,lower_limit,total_volume,volume,total_turnover,turnover,open_interest,diff_interest,trading_date,action_date,action_time,pre_close,pre_settle,pre_interest,bid_price_0,bid_price_1,bid_price_2,bid_price_3,bid_price_4,bid_price_5,bid_price_6,bid_price_7,bid_price_8,bid_price_9,ask_price_0,ask_price_1,ask_price_2,ask_price_3,ask_price_4,ask_price_5,ask_price_6,ask_price_7,ask_price_8,ask_price_9,bid_qty_0,bid_qty_1,bid_qty_2,bid_qty_3,bid_qty_4,bid_qty_5,bid_qty_6,bid_qty_7,bid_qty_8,bid_qty_9,ask_qty_0,ask_qty_1,ask_qty_2,ask_qty_3,ask_qty_4,ask_qty_5,ask_qty_6,ask_qty_7,ask_qty_8,ask_qty_9
20230823093149388,SZSE,SZSE.ETF.159633,2.421,2.428,2.435,2.42,0.0,2.682,2.194,6917000.0,17000.0,16778636.8,41147.0,0.0,0.0,20230823,20230823,93149388,2.438,0.0,0.0,2.42,2.419,2.418,2.417,2.416,0.0,0.0,0.0,0.0,0.0,2.421,2.422,2.423,2.425,2.427,0.0,0.0,0.0,0.0,0.0,578100.0,2508000.0,1349000.0,799100.0,269200.0,0.0,0.0,0.0,0.0,0.0,1263000.0,1040800.0,799000.0,996200.0,100000.0,0.0,0.0,0.0,0.0,0.0
20230823093151768,SZSE,SZSE.ETF.159633,2.421,2.428,2.435,2.42,0.0,2.682,2.194,7112800.0,195800.0,17252658.6,474021.80000000075,0.0,0.0,20230823,20230823,93151767,2.438,0.0,0.0,2.42,2.419,2.418,2.417,2.416,0.0,0.0,0.0,0.0,0.0,2.422,2.423,2.424,2.425,2.426,0.0,0.0,0.0,0.0,0.0,2567100.0,1729000.0,1369000.0,160100.0,309200.0,0.0,0.0,0.0,0.0,0.0,1780800.0,330000.0,899000.0,1096200.0,100000.0,0.0,0.0,0.0,0.0,0.0
20230823093154244,SZSE,SZSE.ETF.159633,2.421,2.428,2.435,2.42,0.0,2.682,2.194,7122800.0,10000.0,17276868.6,24210.0,0.0,0.0,20230823,20230823,93154243,2.438,0.0,0.0,2.421,2.42,2.419,2.418,2.417,0.0,0.0,0.0,0.0,0.0,2.422,2.423,2.424,2.425,2.426,0.0,0.0,0.0,0.0,0.0,558100.0,3198000.0,979000.0,1369000.0,160100.0,0.0,0.0,0.0,0.0,0.0,1510800.0,270000.0,1029000.0,1296200.0,100000.0,0.0,0.0,0.0,0.0,0.0
20230823093156324,SZSE,SZSE.ETF.159633,2.422,2.428,2.435,2.42,0.0,2.682,2.194,7191800.0,69000.0,17443986.6,167118.0,0.0,0.0,20230823,20230823,93156324,2.438,0.0,0.0,2.421,2.42,2.419,2.418,2.417,0.0,0.0,0.0,0.0,0.0,2.422,2.423,2.424,2.425,2.426,0.0,0.0,0.0,0.0,0.0,989000.0,2968000.0,979000.0,1159000.0,417300.0,0.0,0.0,0.0,0.0,0.0,941800.0,270000.0,1239000.0,110000.0,1590800.0,0.0,0.0,0.0,0.0,0.0
20230823093159748,SZSE,SZSE.ETF.159633,2.422,2.428,2.435,2.42,0.0,2.682,2.194,7191800.0,0.0,17443986.6,0.0,0.0,0.0,20230823,20230823,93159749,2.438,0.0,0.0,2.422,2.421,2.42,2.419,2.418,0.0,0.0,0.0,0.0,0.0,2.423,2.424,2.425,2.426,2.427,0.0,0.0,0.0,0.0,0.0,150900.0,3008000.0,2018000.0,1579000.0,347200.0,0.0,0.0,0.0,0.0,0.0,1280000.0,740000.0,609000.0,500000.0,1090800.0,0.0,0.0,0.0,0.0,0.0
20230823093202736,SZSE,SZSE.ETF.159633,2.422,2.428,2.435,2.42,0.0,2.682,2.194,7348200.0,156400.0,17822787.4,378800.799999997,0.0,0.0,20230823,20230823,93202735,2.438,0.0,0.0,2.421,2.42,2.419,2.418,2.417,0.0,0.0,0.0,0.0,0.0,2.422,2.423,2.424,2.425,2.426,0.0,0.0,0.0,0.0,0.0,1259000.0,3168000.0,669000.0,1199000.0,30100.0,0.0,0.0,0.0,0.0,0.0,1500000.0,830000.0,779000.0,470000.0,100000.0,0.0,0.0,0.0,0.0,0.0
20230823093205584,SZSE,SZSE.ETF.159633,2.422,2.428,2.435,2.42,0.0,2.682,2.194,7348200.0,0.0,17822787.4,0.0,0.0,0.0,20230823,20230823,93205586,2.438,0.0,0.0,2.421,2.42,2.419,2.418,2.417,0.0,0.0,0.0,0.0,0.0,2.423,2.424,2.425,2.428,2.434,0.0,0.0,0.0,0.0,0.0,3488000.0,1818000.0,1779000.0,60000.0,130100.0,0.0,0.0,0.0,0.0,0.0,1280000.0,1240000.0,609000.0,100000.0,1000.0,0.0,0.0,0.0,0.0,0.0
20230823093208144,SZSE,SZSE.ETF.159633,2.422,2.428,2.435,2.42,0.0,2.682,2.194,7348200.0,0.0,17822787.4,0.0,0.0,0.0,20230823,20230823,93208144,2.438,0.0,0.0,2.422,2.421,2.42,2.419,2.418,0.0,0.0,0.0,0.0,0.0,2.423,2.424,2.425,2.428,2.431,0.0,0.0,0.0,0.0,0.0,500000.0,4225200.0,1768000.0,110000.0,60000.0,0.0,0.0,0.0,0.0,0.0,1010000.0,780000.0,1239000.0,200000.0,990800.0,0.0,0.0,0.0,0.0,0.0
20230823093321212,SZSE,SZSE.ETF.159633,2.422,0.0,0.0,0.0,0.0,0.0,0.0,10400000.0,3000.0,25213203.5,7266.0,0.0,0.0,20230823,20230823,93321212,0.0,0.0,0.0,2.421,2.42,2.419,2.418,2.417,0.0,0.0,0.0,0.0,0.0,2.422,2.423,2.424,0.0,0.0,0.0,0.0,0.0,0.0,0.0,2000000.0,2786900.0,1333100.0,1453500.0,150200.0,0.0,0.0,0.0,0.0,0.0,997000.0,1470000.0,2029000.0,0.0,0.0,0.0,0.0,0.0,0.0,0.0
20230823093329792,SZSE,SZSE.ETF.159633,2.422,2.428,2.435,2.42,0.0,2.682,2.194,10405000.0,5000.0,25225313.5,12110.0,0.0,0.0,20230823,20230823,93329792,2.438,0.0,0.0,2.421,2.42,2.419,2.418,2.417,0.0,0.0,0.0,0.0,0.0,2.422,2.423,2.424,2.425,2.426,0.0,0.0,0.0,0.0,0.0,1273000.0,2726500.0,2050300.0,1906700.0,200.0,0.0,0.0,0.0,0.0,0.0,1000000.0,2010000.0,1659000.0,260000.0,286800.0,0.0,0.0,0.0,0.0,0.0
20230823093330900,SZSE,SZSE.ETF.159633,2.422,2.428,2.435,2.42,0.0,2.682,2.194,10405000.0,0.0,25225313.5,0.0,0.0,0.0,20230823,20230823,93330901,2.438,0.0,0.0,2.421,2.42,2.419,2.418,2.417,0.0,0.0,0.0,0.0,0.0,2.423,2.424,2.425,2.426,2.427,0.0,0.0,0.0,0.0,0.0,3002000.0,2526900.0,1923100.0,454500.0,100200.0,0.0,0.0,0.0,0.0,0.0,1460000.0,2220000.0,885800.0,49600.0,1090800.0,0.0,0.0,0.0,0.0,0.0
20230823093334508,SZSE,SZSE.ETF.159633,2.422,2.428,2.435,2.42,0.0,2.682,2.194,10405000.0,0.0,25225313.5,0.0,0.0,0.0,20230823,20230823,93334509,2.438,0.0,0.0,2.422,2.421,2.42,2.419,2.418,0.0,0.0,0.0,0.0,0.0,2.423,2.424,2.425,2.426,2.427,0.0,0.0,0.0,0.0,0.0,1005500.0,3002000.0,1926500.0,1802500.0,225500.0,0.0,0.0,0.0,0.0,0.0,1190000.0,1160000.0,2029000.0,686800.0,149600.0,0.0,0.0,0.0,0.0,0.0
20230823093337700,SZSE,SZSE.ETF.159633,2.423,2.428,2.435,2.42,0.0,2.682,2.194,10413000.0,8000.0,25244697.5,19384.0,0.0,0.0,20230823,20230823,93337700,2.438,0.0,0.0,2.422,2.421,2.42,2.419,2.418,0.0,0.0,0.0,0.0,0.0,2.424,2.425,2.426,2.427,2.428,0.0,0.0,0.0,0.0,0.0,3004500.0,1552000.0,2236500.0,448500.0,270500.0,0.0,0.0,0.0,0.0,0.0,2470000.0,2029000.0,186800.0,149600.0,990800.0,0.0,0.0,0.0,0.0,0.0
20230823093339800,SZSE,SZSE.ETF.159633,2.423,2.428,2.435,2.42,0.0,2.682,2.194,10413000.0,0.0,25244697.5,0.0,0.0,0.0,20230823,20230823,93339800,2.438,0.0,0.0,2.422,2.421,2.42,2.419,2.418,0.0,0.0,0.0,0.0,0.0,2.424,2.425,2.426,2.427,2.428,0.0,0.0,0.0,0.0,0.0,3506500.0,1641600.0,1935900.0,219500.0,220500.0,0.0,0.0,0.0,0.0,0.0,2190000.0,1889000.0,260000.0,286800.0,299600.0,0.0,0.0,0.0,0.0,0.0
20230823093343456,SZSE,SZSE.ETF.159633,2.423,2.428,2.435,2.42,0.0,2.682,2.194,10413000.0,0.0,25244697.5,0.0,0.0,0.0,20230823,20230823,93343455,2.438,0.0,0.0,2.423,2.422,2.421,2.42,2.419,0.0,0.0,0.0,0.0,0.0,2.424,2.425,2.426,2.427,2.428,0.0,0.0,0.0,0.0,0.0,500.0,3007500.0,3411600.0,1762800.0,1268500.0,0.0,0.0,0.0,0.0,0.0,1690000.0,2159000.0,1140000.0,286800.0,199600.0,0.0,0.0,0.0,0.0,0.0
20230823093346428,SZSE,SZSE.ETF.159633,2.423,2.428,2.435,2.42,0.0,2.682,2.194,10413500.0,500.0,25245909.0,1211.5,0.0,0.0,20230823,20230823,93346427,2.438,0.0,0.0,2.422,2.421,2.42,2.419,2.418,0.0,0.0,0.0,0.0,0.0,2.423,2.424,2.425,2.426,2.427,0.0,0.0,0.0,0.0,0.0,1280600.0,2072600.0,2750600.0,1163500.0,1119500.0,0.0,0.0,0.0,0.0,0.0,1000000.0,3009000.0,1160000.0,470000.0,286800.0,0.0,0.0,0.0,0.0,0.0
20230823093349584,SZSE,SZSE.ETF.159633,2.423,2.428,2.435,2.42,0.0,2.682,2.194,10413500.0,0.0,25245909.0,0.0,0.0,0.0,20230823,20230823,93349584,2.438,0.0,0.0,2.422,2.421,2.42,2.419,2.418,0.0,0.0,0.0,0.0,0.0,2.423,2.424,2.425,2.426,2.427,0.0,0.0,0.0,0.0,0.0,2077500.0,2772000.0,1793500.0,1347500.0,220500.0,0.0,0.0,0.0,0.0,0.0,2320000.0,1470000.0,1369000.0,286800.0,199600.0,0.0,0.0,0.0,0.0,0.0
20230823093351892,SZSE,SZSE.ETF.159633,2.423,2.428,2.435,2.42,0.0,2.682,2.194,10416600.0,3100.0,25253420.3,7511.300000000745,0.0,0.0,20230823,20230823,93351892,2.438,0.0,0.0,2.422,2.421,2.42,2.419,2.418,0.0,0.0,0.0,0.0,0.0,2.424,2.425,2.426,2.427,2.428,0.0,0.0,0.0,0.0,0.0,3507500.0,1532000.0,1983500.0,1347500.0,270500.0,0.0,0.0,0.0,0.0,0.0,2660000.0,2329000.0,286800.0,199600.0,1060800.0,0.0,0.0,0.0,0.0,0.0
20230823093354432,SZSE,SZSE.ETF.159633,2.423,2.428,2.435,2.42,0.0,2.682,2.194,10416600.0,0.0,25253420.3,0.0,0.0,0.0,20230823,20230823,93354434,2.438,0.0,0.0,2.423,2.422,2.421,2.42,2.419,0.0,0.0,0.0,0.0,0.0,2.424,2.425,2.426,2.427,2.428,0.0,0.0,0.0,0.0,0.0,1500000.0,3076500.0,1011600.0,2475700.0,306700.0,0.0,0.0,0.0,0.0,0.0,1190000.0,1660000.0,2239000.0,286800.0,1040400.0,0.0,0.0,0.0,0.0,0.0
20230823093357328,SZSE,SZSE.ETF.159633,2.423,2.428,2.435,2.42,0.0,2.682,2.194,10416600.0,0.0,25253420.3,0.0,0.0,0.0,20230823,20230823,93357327,2.438,0.0,0.0,2.423,2.422,2.421,2.42,2.419,0.0,0.0,0.0,0.0,0.0,2.424,2.425,2.426,2.427,2.428,0.0,0.0,0.0,0.0,0.0,500000.0,2847500.0,2971600.0,1350700.0,1350700.0,0.0,0.0,0.0,0.0,0.0,2190000.0,2159000.0,540000.0,486800.0,1040400.0,0.0,0.0,0.0,0.0,0.0
20230823093400428,SZSE,SZSE.ETF.159633,2.423,2.428,2.435,2.42,0.0,2.682,2.194,10416600.0,0.0,25253420.3,0.0,0.0,0.0,20230823,20230823,93400427,2.438,0.0,0.0,2.423,2.422,2.421,2.42,2.419,0.0,0.0,0.0,0.0,0.0,2.424,2.425,2.426,2.427,2.428,0.0,0.0,0.0,0.0,0.0,1000000.0,3276500.0,1151600.0,2595700.0,1301700.0,0.0,0.0,0.0,0.0,0.0,2000000.0,1659000.0,740000.0,286800.0,1040400.0,0.0,0.0,0.0,0.0,0.0
20230823093402692,SZSE,SZSE.ETF.159633,2.423,2.428,2.435,2.42,0.0,2.682,2.194,11422200.0,1005600.0,27689994.6,2436574.3000000007,0.0,0.0,20230823,20230823,93402693,2.438,0.0,0.0,2.422,2.421,2.42,2.419,2.418,0.0,0.0,0.0,0.0,0.0,2.423,2.424,2.425,2.426,2.427,0.0,0.0,0.0,0.0,0.0,1462000.0,3342600.0,1905700.0,800700.0,620500.0,0.0,0.0,0.0,0.0,0.0,1000000.0,2314500.0,1659000.0,660000.0,406800.0,0.0,0.0,0.0,0.0,0.0
20230823093405220,SZSE,SZSE.ETF.159633,2.423,2.428,2.435,2.42,0.0,2.682,2.194,11422300.0,100.0,27690236.9,242.29999999701977,0.0,0.0,20230823,20230823,93405221,2.438,0.0,0.0,2.422,2.421,2.42,2.419,2.418,0.0,0.0,0.0,0.0,0.0,2.423,2.424,2.425,2.426,2.427,0.0,0.0,0.0,0.0,0.0,692000.0,3033000.0,2288500.0,947500.0,1219500.0,0.0,0.0,0.0,0.0,0.0,2820000.0,1269000.0,760000.0,376800.0,269600.0,0.0,0.0,0.0,0.0,0.0
20230823093408120,SZSE,SZSE.ETF.159633,2.422,2.428,2.435,2.42,0.0,2.682,2.194,12422300.0,1000000.0,30112236.9,2422000.0,0.0,0.0,20230823,20230823,93408122,2.438,0.0,0.0,2.421,2.42,2.419,2.418,2.417,0.0,0.0,0.0,0.0,0.0,2.423,2.424,2.425,2.426,2.427,0.0,0.0,0.0,0.0,0.0,1723000.0,1976700.0,1810300.0,1119500.0,500200.0,0.0,0.0,0.0,0.0,0.0,3510000.0,1170000.0,370000.0,426800.0,119600.0,0.0,0.0,0.0,0.0,0.0
20230823093417348,SZSE,SZSE.ETF.159633,2.421,2.428,2.435,2.42,0.0,2.682,2.194,12747200.0,52700.0,30898829.0,127586.69999999925,0.0,0.0,20230823,20230823,93417347,2.438,0.0,0.0,2.42,2.419,2.418,2.417,2.416,0.0,0.0,0.0,0.0,0.0,2.421,2.422,2.423,2.424,2.425,0.0,0.0,0.0,0.0,0.0,1010300.0,3174500.0,1386300.0,586000.0,1174200.0,0.0,0.0,0.0,0.0,0.0,2315000.0,2459000.0,710000.0,386800.0,99600.0,0.0,0.0,0.0,0.0,0.0
20230823093420236,SZSE,SZSE.ETF.159633,2.421,2.428,2.435,2.42,0.0,2.682,2.194,12747200.0,0.0,30898829.0,0.0,0.0,0.0,20230823,20230823,93420237,2.438,0.0,0.0,2.42,2.419,2.418,2.417,2.416,0.0,0.0,0.0,0.0,0.0,2.421,2.422,2.423,2.424,2.425,0.0,0.0,0.0,0.0,0.0,1010300.0,1474500.0,2699200.0,1733300.0,1224300.0,0.0,0.0,0.0,0.0,0.0,3315000.0,1159000.0,610100.0,486900.0,149700.0,0.0,0.0,0.0,0.0,0.0
20230823093423200,SZSE,SZSE.ETF.159633,2.42,2.428,2.435,2.42,0.0,2.682,2.194,13747200.0,1000000.0,33318829.0,2420000.0,0.0,0.0,20230823,20230823,93423200,2.438,0.0,0.0,2.42,2.419,2.418,2.417,2.416,0.0,0.0,0.0,0.0,0.0,2.421,2.422,2.423,2.424,2.425,0.0,0.0,0.0,0.0,0.0,10300.0,474500.0,3499200.0,1883300.0,1224300.0,0.0,0.0,0.0,0.0,0.0,2814000.0,1160000.0,610100.0,486900.0,1240500.0,0.0,0.0,0.0,0.0,0.0
20230823093426244,SZSE,SZSE.ETF.159633,2.421,2.428,2.435,2.42,0.0,2.682,2.194,13761600.0,14400.0,33353681.1,34852.10000000149,0.0,0.0,20230823,20230823,93426243,2.438,0.0,0.0,2.419,2.418,2.417,2.416,2.414,0.0,0.0,0.0,0.0,0.0,2.42,2.421,2.422,2.423,2.424,0.0,0.0,0.0,0.0,0.0,474500.0,3000200.0,3283300.0,1874300.0,8400.0,0.0,0.0,0.0,0.0,0.0,1820000.0,2269000.0,2090000.0,1410100.0,486900.0,0.0,0.0,0.0,0.0,0.0
20230823093429240,SZSE,SZSE.ETF.159633,2.421,2.428,2.435,2.42,0.0,2.682,2.194,13761600.0,0.0,33353681.1,0.0,0.0,0.0,20230823,20230823,93429240,2.438,0.0,0.0,2.419,2.418,2.417,2.416,2.415,0.0,0.0,0.0,0.0,0.0,2.42,2.421,2.422,2.423,2.424,0.0,0.0,0.0,0.0,0.0,14500.0,4789500.0,2978900.0,1548400.0,91600.0,0.0,0.0,0.0,0.0,0.0,1820000.0,2479000.0,2110100.0,1427000.0,109700.0,0.0,0.0,0.0,0.0,0.0
20230823093432192,SZSE,SZSE.ETF.159633,2.42,2.428,2.435,2.419,0.0,2.682,2.194,13791600.0,30000.0,33426256.1,72575.0,0.0,0.0,20230823,20230823,93432191,2.438,0.0,0.0,2.419,2.418,2.417,2.416,2.415,0.0,0.0,0.0,0.0,0.0,2.421,2.422,2.423,2.424,2.425,0.0,0.0,0.0,0.0,0.0,1000000.0,2789500.0,3668900.0,2008400.0,191600.0,0.0,0.0,0.0,0.0,0.0,2780000.0,3269100.0,1477000.0,109700.0,1140800.0,0.0,0.0,0.0,0.0,0.0
20230823093435296,SZSE,SZSE.ETF.159633,2.42,2.428,2.435,2.419,0.0,2.682,2.194,13791600.0,0.0,33426256.1,0.0,0.0,0.0,20230823,20230823,93435296,2.438,0.0,0.0,2.418,2.417,2.416,2.415,2.414,0.0,0.0,0.0,0.0,0.0,2.42,2.421,2.422,2.423,2.424,0.0,0.0,0.0,0.0,0.0,3890600.0,3560700.0,1016500.0,1215500.0,8400.0,0.0,0.0,0.0,0.0,0.0,1820000.0,3292500.0,2280000.0,410100.0,446500.0,0.0,0.0,0.0,0.0,0.0
20230823093438112,SZSE,SZSE.ETF.159633,2.42,2.428,2.435,2.419,0.0,2.682,2.194,13791600.0,0.0,33426256.1,0.0,0.0,0.0,20230823,20230823,93438113,2.438,0.0,0.0,2.418,2.417,2.416,2.415,2.414,0.0,0.0,0.0,0.0,0.0,2.42,2.421,2.422,2.423,2.424,0.0,0.0,0.0,0.0,0.0,2520500.0,4139000.0,2213400.0,1229100.0,149900.0,0.0,0.0,0.0,0.0,0.0,1999000.0,2223500.0,2300100.0,427000.0,159800.0,0.0,0.0,0.0,0.0,0.0
20230823093441024,SZSE,SZSE.ETF.159633,2.42,2.428,2.435,2.419,0.0,2.682,2.194,13791600.0,0.0,33426256.1,0.0,0.0,0.0,20230823,20230823,93441025,2.438,0.0,0.0,2.418,2.417,2.416,2.415,2.414,0.0,0.0,0.0,0.0,0.0,2.42,2.421,2.422,2.423,2.424,0.0,0.0,0.0,0.0,0.0,2520500.0,4209000.0,3133400.0,1229100.0,149900.0,0.0,0.0,0.0,0.0,0.0,2770000.0,2492500.0,1800100.0,477000.0,159800.0,0.0,0.0,0.0,0.0,0.0
20230823093444184,SZSE,SZSE.ETF.159633,2.42,2.428,2.435,2.419,0.0,2.682,2.194,13793700.0,2100.0,33431338.1,5082.0,0.0,0.0,20230823,20230823,93444182,2.438,0.0,0.0,2.418,2.417,2.416,2.415,2.414,0.0,0.0,0.0,0.0,0.0,2.42,2.421,2.422,2.423,2.424,0.0,0.0,0.0,0.0,0.0,4020500.0,3560400.0,2281500.0,1321000.0,149900.0,0.0,0.0,0.0,0.0,0.0,1767900.0,2692500.0,1642000.0,1476400.0,159800.0,0.0,0.0,0.0,0.0,0.0
20230823093447504,SZSE,SZSE.ETF.159633,2.42,2.428,2.435,2.419,0.0,2.682,2.194,13794200.0,500.0,33432548.1,1210.0,0.0,0.0,20230823,20230823,93447502,2.438,0.0,0.0,2.419,2.418,2.417,2.416,2.415,0.0,0.0,0.0,0.0,0.0,2.421,2.422,2.423,2.424,2.425,0.0,0.0,0.0,0.0,0.0,3500000.0,3669500.0,2560400.0,1953400.0,230100.0,0.0,0.0,0.0,0.0,0.0,493500.0,4069100.0,2018300.0,1159800.0,990800.0,0.0,0.0,0.0,0.0,0.0
20230823093450828,SZSE,SZSE.ETF.159633,2.421,2.428,2.435,2.419,0.0,2.682,2.194,13804500.0,10300.0,33457484.4,24936.29999999702,0.0,0.0,20230823,20230823,93450828,2.438,0.0,0.0,2.42,2.419,2.418,2.417,2.416,0.0,0.0,0.0,0.0,0.0,2.421,2.422,2.423,2.424,2.425,0.0,0.0,0.0,0.0,0.0,2500500.0,3000000.0,2244300.0,2720700.0,1099400.0,0.0,0.0,0.0,0.0,0.0,1083200.0,1350000.0,3013300.0,1705100.0,1090500.0,0.0,0.0,0.0,0.0,0.0
20230823093453484,SZSE,SZSE.ETF.159633,2.421,2.428,2.435,2.419,0.0,2.682,2.194,13804500.0,0.0,33457484.4,0.0,0.0,0.0,20230823,20230823,93453483,2.438,0.0,0.0,2.42,2.419,2.418,2.417,2.416,0.0,0.0,0.0,0.0,0.0,2.421,2.422,2.423,2.424,2.425,0.0,0.0,0.0,0.0,0.0,2500500.0,3269000.0,2945700.0,1533300.0,906700.0,0.0,0.0,0.0,0.0,0.0,83200.0,2850000.0,3179100.0,1538200.0,99700.0,0.0,0.0,0.0,0.0,0.0
20230823093456504,SZSE,SZSE.ETF.159633,2.421,2.428,2.435,2.419,0.0,2.682,2.194,13804500.0,0.0,33457484.4,0.0,0.0,0.0,20230823,20230823,93456505,2.438,0.0,0.0,2.42,2.419,2.418,2.417,2.416,0.0,0.0,0.0,0.0,0.0,2.421,2.422,2.423,2.424,2.425,0.0,0.0,0.0,0.0,0.0,4500000.0,1769000.0,2045700.0,1533300.0,716700.0,0.0,0.0,0.0,0.0,0.0,83200.0,1660000.0,1879100.0,2338200.0,1649700.0,0.0,0.0,0.0,0.0,0.0
20230823093459976,SZSE,SZSE.ETF.159633,2.421,2.428,2.435,2.419,0.0,2.682,2.194,13887700.0,83200.0,33658911.6,201427.20000000298,0.0,0.0,20230823,20230823,93459976,2.438,0.0,0.0,2.421,2.42,2.419,2.418,2.417,0.0,0.0,0.0,0.0,0.0,2.422,2.423,2.424,2.425,2.427,0.0,0.0,0.0,0.0,0.0,1000000.0,3999000.0,3066300.0,2222900.0,697100.0,0.0,0.0,0.0,0.0,0.0,690000.0,2300100.0,3107200.0,1099700.0,1090800.0,0.0,0.0,0.0,0.0,0.0
20230823093503364,SZSE,SZSE.ETF.159633,2.42,2.428,2.435,2.419,0.0,2.682,2.194,13965100.0,77400.0,33846224.8,187313.19999999553,0.0,0.0,20230823,20230823,93503363,2.438,0.0,0.0,2.42,2.419,2.418,2.417,2.416,0.0,0.0,0.0,0.0,0.0,2.421,2.422,2.423,2.424,2.425,0.0,0.0,0.0,0.0,0.0,4697800.0,3196000.0,2060100.0,1190700.0,505200.0,0.0,0.0,0.0,0.0,0.0,500000.0,3010000.0,2849000.0,1591400.0,286500.0,0.0,0.0,0.0,0.0,0.0
20230823093506824,SZSE,SZSE.ETF.159633,2.421,2.428,2.435,2.419,0.0,2.682,2.194,14046500.0,81400.0,34043294.2,197069.40000000596,0.0,0.0,20230823,20230823,93506822,2.438,0.0,0.0,2.42,2.419,2.418,2.417,2.416,0.0,0.0,0.0,0.0,0.0,2.421,2.422,2.423,2.424,2.425,0.0,0.0,0.0,0.0,0.0,500000.0,4056200.0,3461600.0,1237500.0,696700.0,0.0,0.0,0.0,0.0,0.0,499800.0,1460000.0,3110400.0,2556900.0,99700.0,0.0,0.0,0.0,0.0,0.0
20230823093534488,SZSE,SZSE.ETF.159633,2.424,2.428,2.435,2.419,0.0,2.682,2.194,15532900.0,5100.0,37645285.2,12362.40000000596,0.0,0.0,20230823,20230823,93534486,2.438,0.0,0.0,2.423,2.422,2.421,2.42,2.419,0.0,0.0,0.0,0.0,0.0,2.424,2.425,2.426,2.427,2.428,0.0,0.0,0.0,0.0,0.0,1867800.0,3299500.0,4437400.0,1200000.0,381500.0,0.0,0.0,0.0,0.0,0.0,444700.0,1959000.0,2991100.0,1828200.0,269700.0,0.0,0.0,0.0,0.0,0.0
20230823093537296,SZSE,SZSE.ETF.159633,2.424,2.428,2.435,2.419,0.0,2.682,2.194,15532900.0,0.0,37645285.2,0.0,0.0,0.0,20230823,20230823,93537298,2.438,0.0,0.0,2.423,2.422,2.421,2.42,2.419,0.0,0.0,0.0,0.0,0.0,2.424,2.425,2.426,2.427,2.428,0.0,0.0,0.0,0.0,0.0,867800.0,5136700.0,4437400.0,1250000.0,191500.0,0.0,0.0,0.0,0.0,0.0,1444700.0,270000.0,3440100.0,1878200.0,319700.0,0.0,0.0,0.0,0.0,0.0
20230823093540496,SZSE,SZSE.ETF.159633,2.423,2.428,2.435,2.419,0.0,2.682,2.194,15977600.0,444700.0,38722793.3,1077508.099999994,0.0,0.0,20230823,20230823,93540494,2.438,0.0,0.0,2.423,2.422,2.421,2.42,2.419,0.0,0.0,0.0,0.0,0.0,2.424,2.425,2.426,2.427,2.428,0.0,0.0,0.0,0.0,0.0,423100.0,2947800.0,3627300.0,750000.0,1190500.0,0.0,0.0,0.0,0.0,0.0,2000000.0,1499000.0,1861100.0,1378200.0,319700.0,0.0,0.0,0.0,0.0,0.0
20230823093544544,SZSE,SZSE.ETF.159633,2.423,2.428,2.435,2.419,0.0,2.682,2.194,16400700.0,423100.0,39747964.6,1025171.3000000045,0.0,0.0,20230823,20230823,93544543,2.438,0.0,0.0,2.422,2.421,2.42,2.419,2.418,0.0,0.0,0.0,0.0,0.0,2.423,2.424,2.425,2.426,2.427,0.0,0.0,0.0,0.0,0.0,990500.0,2474200.0,3091400.0,1690500.0,1574600.0,0.0,0.0,0.0,0.0,0.0,1000000.0,3819000.0,1960000.0,902400.0,436900.0,0.0,0.0,0.0,0.0,0.0
20230823093547592,SZSE,SZSE.ETF.159633,2.423,2.428,2.435,2.419,0.0,2.682,2.194,16400700.0,0.0,39747964.6,0.0,0.0,0.0,20230823,20230823,93547592,2.438,0.0,0.0,2.422,2.421,2.42,2.419,2.418,0.0,0.0,0.0,0.0,0.0,2.423,2.424,2.425,2.426,2.427,0.0,0.0,0.0,0.0,0.0,1150500.0,4846300.0,3311400.0,1098900.0,1267100.0,0.0,0.0,0.0,0.0,0.0,900000.0,4370000.0,2509100.0,1569200.0,369700.0,0.0,0.0,0.0,0.0,0.0
20230823093549644,SZSE,SZSE.ETF.159633,2.422,2.428,2.435,2.419,0.0,2.682,2.194,17051200.0,650500.0,41323475.6,1575511.0,0.0,0.0,20230823,20230823,93549643,2.438,0.0,0.0,2.421,2.42,2.419,2.418,2.417,0.0,0.0,0.0,0.0,0.0,2.422,2.423,2.424,2.425,2.426,0.0,0.0,0.0,0.0,0.0,1790000.0,4529700.0,2348900.0,1266100.0,499200.0,0.0,0.0,0.0,0.0,0.0,899500.0,2859000.0,2100000.0,1870100.0,379200.0,0.0,0.0,0.0,0.0,0.0
20230823093552608,SZSE,SZSE.ETF.159633,2.422,2.428,2.435,2.419,0.0,2.682,2.194,17071200.0,20000.0,41371915.6,48440.0,0.0,0.0,20230823,20230823,93552606,2.438,0.0,0.0,2.421,2.42,2.419,2.418,2.417,0.0,0.0,0.0,0.0,0.0,2.423,2.424,2.425,2.426,2.427,0.0,0.0,0.0,0.0,0.0,1640000.0,5051400.0,3110300.0,1271500.0,1190700.0,0.0,0.0,0.0,0.0,0.0,3560000.0,3779100.0,1418200.0,320700.0,150000.0,0.0,0.0,0.0,0.0,0.0
20230823093555612,SZSE,SZSE.ETF.159633,2.422,2.428,2.435,2.419,0.0,2.682,2.194,17071200.0,0.0,41371915.6,0.0,0.0,0.0,20230823,20230823,93555612,2.438,0.0,0.0,2.421,2.42,2.419,2.418,2.417,0.0,0.0,0.0,0.0,0.0,2.423,2.424,2.425,2.426,2.427,0.0,0.0,0.0,0.0,0.0,1640000.0,5150500.0,3707700.0,1821500.0,141600.0,0.0,0.0,0.0,0.0,0.0,3859000.0,2540000.0,1945200.0,366100.0,449700.0,0.0,0.0,0.0,0.0,0.0
20230823093559568,SZSE,SZSE.ETF.159633,2.422,2.428,2.435,2.419,0.0,2.682,2.194,17086200.0,15000.0,41408245.6,36330.0,0.0,0.0,20230823,20230823,93559568,2.438,0.0,0.0,2.421,2.42,2.419,2.418,2.417,0.0,0.0,0.0,0.0,0.0,2.422,2.423,2.424,2.425,2.426,0.0,0.0,0.0,0.0,0.0,640000.0,6651500.0,3707700.0,1321500.0,1140600.0,0.0,0.0,0.0,0.0,0.0,1550000.0,3859000.0,2540000.0,995200.0,366100.0,0.0,0.0,0.0,0.0,0.0
20230823093603504,SZSE,SZSE.ETF.159633,2.422,2.428,2.435,2.419,0.0,2.682,2.194,17086200.0,0.0,41408245.6,0.0,0.0,0.0,20230823,20230823,93603503,2.438,0.0,0.0,2.421,2.42,2.419,2.418,2.417,0.0,0.0,0.0,0.0,0.0,2.422,2.423,2.424,2.425,2.426,0.0,0.0,0.0,0.0,0.0,240000.0,4984500.0,4024600.0,2921500.0,690700.0,0.0,0.0,0.0,0.0,0.0,3220000.0,3559000.0,2060100.0,570200.0,270700.0,0.0,0.0,0.0,0.0,0.0
20230823093605648,SZSE,SZSE.ETF.159633,2.421,2.428,2.435,2.419,0.0,2.682,2.194,17141200.0,55000.0,41541400.6,133155.0,0.0,0.0,20230823,20230823,93605648,2.438,0.0,0.0,2.42,2.419,2.418,2.417,2.416,0.0,0.0,0.0,0.0,0.0,2.422,2.423,2.424,2.425,2.426,0.0,0.0,0.0,0.0,0.0,3989400.0,4214600.0,4004300.0,1190700.0,502000.0,0.0,0.0,0.0,0.0,0.0,2724900.0,4249000.0,2142700.0,380200.0,270700.0,0.0,0.0,0.0,0.0,0.0
20230823093607664,SZSE,SZSE.ETF.159633,2.421,2.428,2.435,2.419,0.0,2.682,2.194,17141200.0,0.0,41541400.6,0.0,0.0,0.0,20230823,20230823,93607665,2.438,0.0,0.0,2.42,2.419,2.418,2.417,2.416,0.0,0.0,0.0,0.0,0.0,2.421,2.422,2.423,2.424,2.425,0.0,0.0,0.0,0.0,0.0,3319400.0,4464200.0,3545700.0,2104300.0,1642400.0,0.0,0.0,0.0,0.0,0.0,2220000.0,3875900.0,2280000.0,784000.0,338900.0,0.0,0.0,0.0,0.0,0.0
20230823093610744,SZSE,SZSE.ETF.159633,2.42,2.428,2.435,2.419,0.0,2.682,2.194,18691200.0,1550000.0,45292400.6,3751000.0,0.0,0.0,20230823,20230823,93610746,2.438,0.0,0.0,2.42,2.419,2.418,2.417,2.416,0.0,0.0,0.0,0.0,0.0,2.421,2.422,2.423,2.424,2.425,0.0,0.0,0.0,0.0,0.0,699400.0,2680000.0,5409000.0,2146100.0,1192500.0,0.0,0.0,0.0,0.0,0.0,2673900.0,2102000.0,1850100.0,600800.0,171700.0,0.0,0.0,0.0,0.0,0.0
20230823093613992,SZSE,SZSE.ETF.159633,2.42,2.428,2.435,2.419,0.0,2.682,2.194,19405500.0,714300.0,47021006.6,1728606.0,0.0,0.0,20230823,20230823,93613993,2.438,0.0,0.0,2.419,2.418,2.417,2.416,2.415,0.0,0.0,0.0,0.0,0.0,2.42,2.421,2.422,2.423,2.424,0.0,0.0,0.0,0.0,0.0,510000.0,2600300.0,4037600.0,3367500.0,999000.0,0.0,0.0,0.0,0.0,0.0,3720000.0,2863900.0,1802000.0,584000.0,596900.0,0.0,0.0,0.0,0.0,0.0
20230823093617780,SZSE,SZSE.ETF.159633,2.419,2.428,2.435,2.419,0.0,2.682,2.194,19725500.0,320000.0,47795086.6,774080.0,0.0,0.0,20230823,20230823,93617781,2.438,0.0,0.0,2.418,2.417,2.416,2.415,2.414,0.0,0.0,0.0,0.0,0.0,2.419,2.42,2.421,2.422,2.423,0.0,0.0,0.0,0.0,0.0,825500.0,1681300.0,4013100.0,3177800.0,1507400.0,0.0,0.0,0.0,0.0,0.0,3579000.0,2174900.0,1790000.0,632700.0,488300.0,0.0,0.0,0.0,0.0,0.0
20230823093619688,SZSE,SZSE.ETF.159633,2.418,2.428,2.435,2.418,0.0,2.682,2.194,19995500.0,270000.0,48447946.6,652860.0,0.0,0.0,20230823,20230823,93619686,2.438,0.0,0.0,2.418,2.417,2.416,2.415,2.414,0.0,0.0,0.0,0.0,0.0,2.419,2.42,2.421,2.422,2.423,0.0,0.0,0.0,0.0,0.0,310500.0,980200.0,3365500.0,3493900.0,1786200.0,0.0,0.0,0.0,0.0,0.0,3583900.0,2100000.0,2032800.0,418300.0,1500600.0,0.0,0.0,0.0,0.0,0.0
20230823093622548,SZSE,SZSE.ETF.159633,2.419,2.428,2.435,2.418,0.0,2.682,2.194,20306200.0,310700.0,49199219.4,751272.799999997,0.0,0.0,20230823,20230823,93622548,2.438,0.0,0.0,2.417,2.416,2.415,2.414,2.413,0.0,0.0,0.0,0.0,0.0,2.418,2.419,2.42,2.421,2.422,0.0,0.0,0.0,0.0,0.0,515100.0,1476800.0,3952700.0,3549000.0,1189200.0,0.0,0.0,0.0,0.0,0.0,1170000.0,4373900.0,2100000.0,524200.0,1437800.0,0.0,0.0,0.0,0.0,0.0
20230823093625168,SZSE,SZSE.ETF.159633,2.417,2.428,2.435,2.417,0.0,2.682,2.194,20551300.0,245100.0,49791626.1,592406.700000003,0.0,0.0,20230823,20230823,93625166,2.438,0.0,0.0,2.416,2.415,2.414,2.413,2.412,0.0,0.0,0.0,0.0,0.0,2.417,2.418,2.419,2.42,2.421,0.0,0.0,0.0,0.0,0.0,2284300.0,3446600.0,3477000.0,1780800.0,1019000.0,0.0,0.0,0.0,0.0,0.0,1270000.0,3363900.0,2354900.0,442800.0,468100.0,0.0,0.0,0.0,0.0,0.0
20230823093626776,SZSE,SZSE.ETF.159633,2.417,2.428,2.435,2.417,0.0,2.682,2.194,20603000.0,51700.0,49916585.0,124958.89999999851,0.0,0.0,20230823,20230823,93626774,2.438,0.0,0.0,2.416,2.415,2.414,2.413,2.412,0.0,0.0,0.0,0.0,0.0,2.417,2.418,2.419,2.42,2.421,0.0,0.0,0.0,0.0,0.0,2094200.0,3735000.0,1712600.0,1449000.0,1210600.0,0.0,0.0,0.0,0.0,0.0,2122200.0,1314900.0,1820100.0,1051100.0,389800.0,0.0,0.0,0.0,0.0,0.0
20230823093629600,SZSE,SZSE.ETF.159633,2.417,2.428,2.435,2.417,0.0,2.682,2.194,20612800.0,9800.0,49940271.6,23686.60000000149,0.0,0.0,20230823,20230823,93629600,2.438,0.0,0.0,2.416,2.415,2.414,2.413,2.412,0.0,0.0,0.0,0.0,0.0,2.418,2.419,2.42,2.421,2.422,0.0,0.0,0.0,0.0,0.0,3544200.0,4284000.0,1953700.0,1331900.0,211600.0,0.0,0.0,0.0,0.0,0.0,3260000.0,2194000.0,1051100.0,389800.0,170000.0,0.0,0.0,0.0,0.0,0.0
20230823093632040,SZSE,SZSE.ETF.159633,2.417,2.428,2.435,2.417,0.0,2.682,2.194,20618400.0,5600.0,49953806.8,13535.19999999553,0.0,0.0,20230823,20230823,93632038,2.438,0.0,0.0,2.416,2.415,2.414,2.413,2.412,0.0,0.0,0.0,0.0,0.0,2.417,2.418,2.419,2.42,2.421,0.0,0.0,0.0,0.0,0.0,2444200.0,6934800.0,3278800.0,882100.0,1160500.0,0.0,0.0,0.0,0.0,0.0,1000000.0,2565200.0,2674900.0,1984200.0,427000.0,0.0,0.0,0.0,0.0,0.0
20230823093635032,SZSE,SZSE.ETF.159633,2.417,2.428,2.435,2.417,0.0,2.682,2.194,20618400.0,0.0,49953806.8,0.0,0.0,0.0,20230823,20230823,93635031,2.438,0.0,0.0,2.416,2.415,2.414,2.413,2.412,0.0,0.0,0.0,0.0,0.0,2.417,2.418,2.419,2.42,2.421,0.0,0.0,0.0,0.0,0.0,5131400.0,5735000.0,3236600.0,1074000.0,735600.0,0.0,0.0,0.0,0.0,0.0,4900.0,2560300.0,3125000.0,2551100.0,389800.0,0.0,0.0,0.0,0.0,0.0
20230823093638024,SZSE,SZSE.ETF.159633,2.417,2.428,2.435,2.417,0.0,2.682,2.194,21024800.0,406400.0,50936077.1,982270.3000000045,0.0,0.0,20230823,20230823,93638022,2.438,0.0,0.0,2.417,2.416,2.415,2.414,2.413,0.0,0.0,0.0,0.0,0.0,2.418,2.419,2.42,2.421,2.422,0.0,0.0,0.0,0.0,0.0,600000.0,4731400.0,5774000.0,3156600.0,1524000.0,0.0,0.0,0.0,0.0,0.0,2293700.0,2315000.0,2461100.0,889800.0,220000.0,0.0,0.0,0.0,0.0,0.0
20230823093641036,SZSE,SZSE.ETF.159633,2.417,2.428,2.435,2.416,0.0,2.682,2.194,21659700.0,634900.0,52470600.4,1534523.299999997,0.0,0.0,20230823,20230823,93641035,2.438,0.0,0.0,2.417,2.416,2.415,2.414,2.413,0.0,0.0,0.0,0.0,0.0,2.418,2.419,2.42,2.421,2.422,0.0,0.0,0.0,0.0,0.0,1000000.0,3467000.0,7454800.0,3143800.0,968600.0,0.0,0.0,0.0,0.0,0.0,2863700.0,3564900.0,1794200.0,527000.0,319800.0,0.0,0.0,0.0,0.0,0.0
20230823093644032,SZSE,SZSE.ETF.159633,2.417,2.428,2.435,2.416,0.0,2.682,2.194,22714600.0,1054900.0,55020293.7,2549693.3000000045,0.0,0.0,20230823,20230823,93644033,2.438,0.0,0.0,2.416,2.415,2.414,2.413,2.412,0.0,0.0,0.0,0.0,0.0,2.417,2.418,2.419,2.42,2.421,0.0,0.0,0.0,0.0,0.0,3867000.0,6204800.0,3543800.0,1768600.0,1044000.0,0.0,0.0,0.0,0.0,0.0,1000000.0,3318600.0,2790000.0,794200.0,577000.0,0.0,0.0,0.0,0.0,0.0
20230823093647032,SZSE,SZSE.ETF.159633,2.417,2.428,2.435,2.416,0.0,2.682,2.194,22762300.0,47700.0,55135584.6,115290.89999999851,0.0,0.0,20230823,20230823,93647034,2.438,0.0,0.0,2.416,2.415,2.414,2.413,2.412,0.0,0.0,0.0,0.0,0.0,2.417,2.418,2.419,2.42,2.421,0.0,0.0,0.0,0.0,0.0,3701900.0,5495000.0,3476600.0,2124000.0,1235600.0,0.0,0.0,0.0,0.0,0.0,1503900.0,2314700.0,3280100.0,1361100.0,439800.0,0.0,0.0,0.0,0.0,0.0
20230823093650008,SZSE,SZSE.ETF.159633,2.417,2.428,2.435,2.416,0.0,2.682,2.194,22762300.0,0.0,55135584.6,0.0,0.0,0.0,20230823,20230823,93650006,2.438,0.0,0.0,2.416,2.415,2.414,2.413,2.412,0.0,0.0,0.0,0.0,0.0,2.417,2.418,2.419,2.42,2.421,0.0,0.0,0.0,0.0,0.0,4801900.0,5545000.0,3476600.0,2524000.0,1235600.0,0.0,0.0,0.0,0.0,0.0,1903900.0,2314700.0,3330100.0,1011100.0,389800.0,0.0,0.0,0.0,0.0,0.0
20230823093653008,SZSE,SZSE.ETF.159633,2.417,2.428,2.435,2.416,0.0,2.682,2.194,22762300.0,0.0,55135584.6,0.0,0.0,0.0,20230823,20230823,93653006,2.438,0.0,0.0,2.416,2.415,2.414,2.413,2.412,0.0,0.0,0.0,0.0,0.0,2.417,2.418,2.419,2.42,2.421,0.0,0.0,0.0,0.0,0.0,5014700.0,5732200.0,3476600.0,2124000.0,1235600.0,0.0,0.0,0.0,0.0,0.0,1004900.0,3013700.0,3130100.0,1411100.0,389800.0,0.0,0.0,0.0,0.0,0.0
20230823093659048,SZSE,SZSE.ETF.159633,2.417,2.428,2.435,2.416,0.0,2.682,2.194,22820700.0,0.0,55276737.4,0.0,0.0,0.0,20230823,20230823,93659047,2.438,0.0,0.0,2.416,2.415,2.414,2.413,2.412,0.0,0.0,0.0,0.0,0.0,2.417,2.418,2.419,2.42,2.421,0.0,0.0,0.0,0.0,0.0,3627400.0,6202200.0,2194900.0,2724000.0,1735600.0,0.0,0.0,0.0,0.0,0.0,3373900.0,2814700.0,1860100.0,511100.0,459800.0,0.0,0.0,0.0,0.0,0.0
20230823093702020,SZSE,SZSE.ETF.159633,2.416,2.428,2.435,2.416,0.0,2.682,2.194,25515300.0,2694600.0,61786896.0,6510158.6000000015,0.0,0.0,20230823,20230823,93702019,2.438,0.0,0.0,2.416,2.415,2.414,2.413,2.412,0.0,0.0,0.0,0.0,0.0,2.417,2.418,2.419,2.42,2.421,0.0,0.0,0.0,0.0,0.0,337800.0,4702200.0,3622000.0,2556900.0,2385600.0,0.0,0.0,0.0,0.0,0.0,3623800.0,2289800.0,270100.0,461100.0,509800.0,0.0,0.0,0.0,0.0,0.0
20230823093705032,SZSE,SZSE.ETF.159633,2.416,2.428,2.435,2.416,0.0,2.682,2.194,25853200.0,337900.0,62603262.4,816366.3999999985,0.0,0.0,20230823,20230823,93705030,2.438,0.0,0.0,2.415,2.414,2.413,2.412,2.411,0.0,0.0,0.0,0.0,0.0,2.416,2.417,2.418,2.419,2.42,0.0,0.0,0.0,0.0,0.0,5404400.0,1723200.0,2149400.0,2985600.0,1701100.0,0.0,0.0,0.0,0.0,0.0,2631100.0,2409800.0,1909800.0,934200.0,407000.0,0.0,0.0,0.0,0.0,0.0
20230823093708036,SZSE,SZSE.ETF.159633,2.416,2.428,2.435,2.416,0.0,2.682,2.194,26058100.0,204900.0,63098300.8,495038.3999999985,0.0,0.0,20230823,20230823,93708037,2.438,0.0,0.0,2.415,2.414,2.413,2.412,2.411,0.0,0.0,0.0,0.0,0.0,2.416,2.417,2.418,2.419,2.42,0.0,0.0,0.0,0.0,0.0,2847200.0,3730600.0,3101200.0,2141000.0,1192700.0,0.0,0.0,0.0,0.0,0.0,8300.0,4673900.0,2829900.0,1121100.0,199800.0,0.0,0.0,0.0,0.0,0.0
20230823093711016,SZSE,SZSE.ETF.159633,2.416,2.428,2.435,2.416,0.0,2.682,2.194,26058600.0,500.0,63099508.8,1208.0,0.0,0.0,20230823,20230823,93711017,2.438,0.0,0.0,2.415,2.414,2.413,2.412,2.411,0.0,0.0,0.0,0.0,0.0,2.416,2.417,2.418,2.419,2.42,0.0,0.0,0.0,0.0,0.0,3499900.0,4030700.0,3118400.0,2141000.0,1192700.0,0.0,0.0,0.0,0.0,0.0,7800.0,3428800.0,3029900.0,2101100.0,269800.0,0.0,0.0,0.0,0.0,0.0
20230823093714008,SZSE,SZSE.ETF.159633,2.416,2.428,2.435,2.416,0.0,2.682,2.194,26064800.0,6200.0,63114488.0,14979.20000000298,0.0,0.0,20230823,20230823,93714010,2.438,0.0,0.0,2.415,2.414,2.413,2.412,2.411,0.0,0.0,0.0,0.0,0.0,2.416,2.417,2.418,2.419,2.42,0.0,0.0,0.0,0.0,0.0,99900.0,6030700.0,2119400.0,2541000.0,1692700.0,0.0,0.0,0.0,0.0,0.0,3155500.0,1874900.0,2329900.0,1151100.0,369800.0,0.0,0.0,0.0,0.0,0.0
20230823093717000,SZSE,SZSE.ETF.159633,2.415,2.428,2.435,2.415,0.0,2.682,2.194,26659800.0,595000.0,64551413.0,1436925.0,0.0,0.0,20230823,20230823,93717001,2.438,0.0,0.0,2.414,2.413,2.412,2.411,2.41,0.0,0.0,0.0,0.0,0.0,2.415,2.416,2.417,2.418,2.419,0.0,0.0,0.0,0.0,0.0,5380600.0,1436500.0,3624000.0,2192700.0,1029500.0,0.0,0.0,0.0,0.0,0.0,304000.0,3661400.0,2300000.0,944200.0,448400.0,0.0,0.0,0.0,0.0,0.0
20230823093946440,SZSE,SZSE.ETF.159633,2.416,2.428,2.435,2.415,0.0,2.682,2.194,32663200.0,4900.0,79050748.3,11838.39999999106,0.0,0.0,20230823,20230823,93946439,2.438,0.0,0.0,2.415,2.414,2.413,2.412,2.411,0.0,0.0,0.0,0.0,0.0,2.417,2.418,2.419,2.42,2.421,0.0,0.0,0.0,0.0,0.0,3955000.0,5513900.0,4250000.0,3067400.0,547700.0,0.0,0.0,0.0,0.0,0.0,3628800.0,3020400.0,2410100.0,919800.0,490000.0,0.0,0.0,0.0,0.0,0.0
20230823093947460,SZSE,SZSE.ETF.159633,2.416,2.428,2.435,2.415,0.0,2.682,2.194,32673200.0,10000.0,79074908.3,24160.0,0.0,0.0,20230823,20230823,93947461,2.438,0.0,0.0,2.415,2.414,2.413,2.412,2.411,0.0,0.0,0.0,0.0,0.0,2.417,2.418,2.419,2.42,2.421,0.0,0.0,0.0,0.0,0.0,4454000.0,5563700.0,5342200.0,2675500.0,1197600.0,0.0,0.0,0.0,0.0,0.0,4358800.0,3300300.0,1613200.0,507000.0,689800.0,0.0,0.0,0.0,0.0,0.0
20230823093951204,SZSE,SZSE.ETF.159633,2.416,2.428,2.435,2.415,0.0,2.682,2.194,32673200.0,0.0,79074908.3,0.0,0.0,0.0,20230823,20230823,93951205,2.438,0.0,0.0,2.415,2.414,2.413,2.412,2.411,0.0,0.0,0.0,0.0,0.0,2.416,2.417,2.418,2.419,2.42,0.0,0.0,0.0,0.0,0.0,2505000.0,6663700.0,5202200.0,3574500.0,697600.0,0.0,0.0,0.0,0.0,0.0,400000.0,4408800.0,3110300.0,893200.0,507000.0,0.0,0.0,0.0,0.0,0.0
20230823093953912,SZSE,SZSE.ETF.159633,2.416,2.428,2.435,2.415,0.0,2.682,2.194,32673200.0,0.0,79074908.3,0.0,0.0,0.0,20230823,20230823,93953913,2.438,0.0,0.0,2.415,2.414,2.413,2.412,2.411,0.0,0.0,0.0,0.0,0.0,2.416,2.417,2.418,2.419,2.42,0.0,0.0,0.0,0.0,0.0,3555000.0,5443900.0,5270000.0,3766400.0,747700.0,0.0,0.0,0.0,0.0,0.0,400000.0,3628800.0,2830400.0,2270100.0,849800.0,0.0,0.0,0.0,0.0,0.0
20230823093958296,SZSE,SZSE.ETF.159633,2.416,2.428,2.435,2.415,0.0,2.682,2.194,32673200.0,0.0,79074908.3,0.0,0.0,0.0,20230823,20230823,93958296,2.438,0.0,0.0,2.415,2.414,2.413,2.412,2.411,0.0,0.0,0.0,0.0,0.0,2.417,2.418,2.419,2.42,2.421,0.0,0.0,0.0,0.0,0.0,4871300.0,5026600.0,5270000.0,2867400.0,1247700.0,0.0,0.0,0.0,0.0,0.0,3828800.0,2630400.0,2670100.0,749800.0,490000.0,0.0,0.0,0.0,0.0,0.0
20230823094000288,SZSE,SZSE.ETF.159633,2.416,2.428,2.435,2.415,0.0,2.682,2.194,32673200.0,0.0,79074908.3,0.0,0.0,0.0,20230823,20230823,94000287,2.438,0.0,0.0,2.415,2.414,2.413,2.412,2.411,0.0,0.0,0.0,0.0,0.0,2.417,2.418,2.419,2.42,2.421,0.0,0.0,0.0,0.0,0.0,2505000.0,5406500.0,5649400.0,2875500.0,497600.0,0.0,0.0,0.0,0.0,0.0,4408800.0,3110300.0,1423200.0,437000.0,689800.0,0.0,0.0,0.0,0.0,0.0
20230823094002880,SZSE,SZSE.ETF.159633,2.416,2.428,2.435,2.415,0.0,2.682,2.194,32678300.0,5100.0,79087229.9,12321.60000000894,0.0,0.0,20230823,20230823,94002879,2.438,0.0,0.0,2.415,2.414,2.413,2.412,2.411,0.0,0.0,0.0,0.0,0.0,2.416,2.417,2.418,2.419,2.42,0.0,0.0,0.0,0.0,0.0,1555000.0,5806500.0,6007500.0,3216400.0,1197600.0,0.0,0.0,0.0,0.0,0.0,50500.0,4623900.0,3110300.0,1245100.0,395100.0,0.0,0.0,0.0,0.0,0.0
20230823094005504,SZSE,SZSE.ETF.159633,2.416,2.428,2.435,2.415,0.0,2.682,2.194,32733900.0,55600.0,79221559.5,134329.59999999404,0.0,0.0,20230823,20230823,94005503,2.438,0.0,0.0,2.416,2.415,2.414,2.413,2.412,0.0,0.0,0.0,0.0,0.0,2.417,2.418,2.419,2.42,2.421,0.0,0.0,0.0,0.0,0.0,2000.0,3871300.0,4839400.0,5267200.0,2917400.0,0.0,0.0,0.0,0.0,0.0,3573900.0,2885300.0,2480100.0,749800.0,490000.0,0.0,0.0,0.0,0.0,0.0
20230823094008108,SZSE,SZSE.ETF.159633,2.416,2.428,2.435,2.415,0.0,2.682,2.194,32735900.0,2000.0,79226391.5,4832.0,0.0,0.0,20230823,20230823,94008109,2.438,0.0,0.0,2.415,2.414,2.413,2.412,2.411,0.0,0.0,0.0,0.0,0.0,2.416,2.417,2.418,2.419,2.42,0.0,0.0,0.0,0.0,0.0,1175000.0,6066500.0,5174400.0,3911000.0,1306100.0,0.0,0.0,0.0,0.0,0.0,2499000.0,3408800.0,2300300.0,864200.0,387000.0,0.0,0.0,0.0,0.0,0.0
20230823094014332,SZSE,SZSE.ETF.159633,2.414,2.428,2.435,2.414,0.0,2.682,2.194,38231300.0,5495400.0,92492842.1,13266450.599999994,0.0,0.0,20230823,20230823,94014331,2.438,0.0,0.0,2.414,2.413,2.412,2.411,2.41,0.0,0.0,0.0,0.0,0.0,2.415,2.416,2.417,2.418,2.419,0.0,0.0,0.0,0.0,0.0,274900.0,4217100.0,3573900.0,3496700.0,2227700.0,0.0,0.0,0.0,0.0,0.0,4153900.0,3073900.0,499000.0,904200.0,478400.0,0.0,0.0,0.0,0.0,0.0
20230823094017160,SZSE,SZSE.ETF.159633,2.414,2.428,2.435,2.414,0.0,2.682,2.194,39366200.0,1134900.0,95232490.7,2739648.600000009,0.0,0.0,20230823,20230823,94017161,2.438,0.0,0.0,2.413,2.412,2.411,2.41,2.409,0.0,0.0,0.0,0.0,0.0,2.414,2.415,2.416,2.417,2.418,0.0,0.0,0.0,0.0,0.0,2921700.0,4046500.0,4233800.0,2718300.0,250000.0,0.0,0.0,0.0,0.0,0.0,2769000.0,3558800.0,1399000.0,864300.0,868300.0,0.0,0.0,0.0,0.0,0.0
20230823094020032,SZSE,SZSE.ETF.159633,2.413,2.428,2.435,2.413,0.0,2.682,2.194,39906200.0,540000.0,96535510.7,1303020.0,0.0,0.0,20230823,20230823,94020032,2.438,0.0,0.0,2.413,2.412,2.411,2.41,2.409,0.0,0.0,0.0,0.0,0.0,2.414,2.415,2.416,2.417,2.418,0.0,0.0,0.0,0.0,0.0,521700.0,5106700.0,3516500.0,3114000.0,441700.0,0.0,0.0,0.0,0.0,0.0,2274900.0,3053900.0,2379100.0,1010300.0,791200.0,0.0,0.0,0.0,0.0,0.0
20230823094023032,SZSE,SZSE.ETF.159633,2.413,2.428,2.435,2.413,0.0,2.682,2.194,40176200.0,270000.0,97187020.7,651510.0,0.0,0.0,20230823,20230823,94023030,2.438,0.0,0.0,2.413,2.412,2.411,2.41,2.409,0.0,0.0,0.0,0.0,0.0,2.414,2.415,2.416,2.417,2.418,0.0,0.0,0.0,0.0,0.0,404900.0,2936700.0,3205000.0,4076800.0,1128900.0,0.0,0.0,0.0,0.0,0.0,954900.0,4253900.0,2553300.0,1336100.0,1732000.0,0.0,0.0,0.0,0.0,0.0
20230823094026148,SZSE,SZSE.ETF.159633,2.413,2.428,2.435,2.413,0.0,2.682,2.194,40176200.0,0.0,97187020.7,0.0,0.0,0.0,20230823,20230823,94026149,2.438,0.0,0.0,2.413,2.412,2.411,2.41,2.409,0.0,0.0,0.0,0.0,0.0,2.414,2.415,2.416,2.417,2.418,0.0,0.0,0.0,0.0,0.0,405000.0,2936700.0,3705000.0,3618300.0,628900.0,0.0,0.0,0.0,0.0,0.0,1254900.0,3953900.0,2553300.0,1336100.0,1732000.0,0.0,0.0,0.0,0.0,0.0
20230823094028980,SZSE,SZSE.ETF.159633,2.413,2.428,2.435,2.413,0.0,2.682,2.194,40176200.0,0.0,97187020.7,0.0,0.0,0.0,20230823,20230823,94028980,2.438,0.0,0.0,2.413,2.412,2.411,2.41,2.409,0.0,0.0,0.0,0.0,0.0,2.414,2.415,2.416,2.417,2.418,0.0,0.0,0.0,0.0,0.0,455000.0,3436700.0,3755000.0,3118300.0,628900.0,0.0,0.0,0.0,0.0,0.0,1454900.0,3203900.0,2553300.0,1386100.0,1732000.0,0.0,0.0,0.0,0.0,0.0
20230823094032216,SZSE,SZSE.ETF.159633,2.414,2.428,2.435,2.413,0.0,2.682,2.194,40181400.0,5200.0,97199573.5,12552.79999999702,0.0,0.0,20230823,20230823,94032214,2.438,0.0,0.0,2.413,2.412,2.411,2.41,2.409,0.0,0.0,0.0,0.0,0.0,2.414,2.415,2.416,2.417,2.418,0.0,0.0,0.0,0.0,0.0,405000.0,2936700.0,3705000.0,3805500.0,441700.0,0.0,0.0,0.0,0.0,0.0,3553600.0,3153900.0,1653300.0,837100.0,1632000.0,0.0,0.0,0.0,0.0,0.0
20230823094035432,SZSE,SZSE.ETF.159633,2.414,2.428,2.435,2.413,0.0,2.682,2.194,40222800.0,41400.0,97299513.1,99939.59999999404,0.0,0.0,20230823,20230823,94035434,2.438,0.0,0.0,2.413,2.412,2.411,2.41,2.409,0.0,0.0,0.0,0.0,0.0,2.414,2.415,2.416,2.417,2.418,0.0,0.0,0.0,0.0,0.0,100.0,2524300.0,2163800.0,4464000.0,2141700.0,0.0,0.0,0.0,0.0,0.0,4567100.0,2449000.0,1611900.0,428500.0,641200.0,0.0,0.0,0.0,0.0,0.0
20230823094038752,SZSE,SZSE.ETF.159633,2.413,2.428,2.435,2.413,0.0,2.682,2.194,40222900.0,100.0,97299754.4,241.30000001192093,0.0,0.0,20230823,20230823,94038751,2.438,0.0,0.0,2.412,2.411,2.41,2.409,2.408,0.0,0.0,0.0,0.0,0.0,2.414,2.415,2.416,2.417,2.418,0.0,0.0,0.0,0.0,0.0,2474300.0,2113800.0,4414000.0,2091700.0,500000.0,0.0,0.0,0.0,0.0,0.0,4558800.0,2449000.0,1661900.0,428500.0,591200.0,0.0,0.0,0.0,0.0,0.0
20230823094041952,SZSE,SZSE.ETF.159633,2.413,2.428,2.435,2.413,0.0,2.682,2.194,40222900.0,0.0,97299754.4,0.0,0.0,0.0,20230823,20230823,94041951,2.438,0.0,0.0,2.412,2.411,2.41,2.409,2.408,0.0,0.0,0.0,0.0,0.0,2.413,2.414,2.415,2.416,2.417,0.0,0.0,0.0,0.0,0.0,1975300.0,3012500.0,3968300.0,2246100.0,641600.0,0.0,0.0,0.0,0.0,0.0,1054900.0,3603900.0,2449000.0,1795300.0,394900.0,0.0,0.0,0.0,0.0,0.0
20230823094044704,SZSE,SZSE.ETF.159633,2.413,2.428,2.435,2.413,0.0,2.682,2.194,40227800.0,4900.0,97311578.1,11823.699999988079,0.0,0.0,20230823,20230823,94044703,2.438,0.0,0.0,2.413,2.412,2.411,2.41,2.409,0.0,0.0,0.0,0.0,0.0,2.414,2.415,2.416,2.417,2.418,0.0,0.0,0.0,0.0,0.0,400000.0,3891600.0,2805100.0,2968300.0,1197100.0,0.0,0.0,0.0,0.0,0.0,1450000.0,3474000.0,3030300.0,1198900.0,391300.0,0.0,0.0,0.0,0.0,0.0
20230823094047660,SZSE,SZSE.ETF.159633,2.413,2.428,2.435,2.413,0.0,2.682,2.194,40227800.0,0.0,97311578.1,0.0,0.0,0.0,20230823,20230823,94047661,2.438,0.0,0.0,2.413,2.412,2.411,2.41,2.409,0.0,0.0,0.0,0.0,0.0,2.414,2.415,2.416,2.417,2.418,0.0,0.0,0.0,0.0,0.0,4900.0,3386700.0,3511000.0,3495500.0,391700.0,0.0,0.0,0.0,0.0,0.0,3503900.0,3443900.0,1313300.0,437100.0,591200.0,0.0,0.0,0.0,0.0,0.0
20230823094050528,SZSE,SZSE.ETF.159633,2.413,2.428,2.435,2.413,0.0,2.682,2.194,40227800.0,0.0,97311578.1,0.0,0.0,0.0,20230823,20230823,94050529,2.438,0.0,0.0,2.413,2.412,2.411,2.41,2.409,0.0,0.0,0.0,0.0,0.0,2.414,2.415,2.416,2.417,2.418,0.0,0.0,0.0,0.0,0.0,400100.0,2941600.0,3111000.0,4495500.0,391700.0,0.0,0.0,0.0,0.0,0.0,954900.0,4443900.0,2363300.0,1336100.0,591200.0,0.0,0.0,0.0,0.0,0.0
20230823094053380,SZSE,SZSE.ETF.159633,2.413,2.428,2.435,2.413,0.0,2.682,2.194,40227800.0,0.0,97311578.1,0.0,0.0,0.0,20230823,20230823,94053381,2.438,0.0,0.0,2.413,2.412,2.411,2.41,2.409,0.0,0.0,0.0,0.0,0.0,2.414,2.415,2.416,2.417,2.418,0.0,0.0,0.0,0.0,0.0,405000.0,3936700.0,3368200.0,3238300.0,391700.0,0.0,0.0,0.0,0.0,0.0,1454900.0,3443900.0,2793300.0,1306100.0,691200.0,0.0,0.0,0.0,0.0,0.0
20230823094056336,SZSE,SZSE.ETF.159633,2.414,2.428,2.435,2.413,0.0,2.682,2.194,40227900.0,100.0,97311819.5,241.40000000596046,0.0,0.0,20230823,20230823,94056338,2.438,0.0,0.0,2.413,2.412,2.411,2.41,2.409,0.0,0.0,0.0,0.0,0.0,2.414,2.415,2.416,2.417,2.418,0.0,0.0,0.0,0.0,0.0,1404100.0,3036700.0,3581000.0,2439300.0,691700.0,0.0,0.0,0.0,0.0,0.0,204900.0,3643900.0,2843300.0,1356100.0,491200.0,0.0,0.0,0.0,0.0,0.0
20230823094059024,SZSE,SZSE.ETF.159633,2.414,2.428,2.435,2.413,0.0,2.682,2.194,40277900.0,50000.0,97432519.5,120700.0,0.0,0.0,20230823,20230823,94059024,2.438,0.0,0.0,2.413,2.412,2.411,2.41,2.409,0.0,0.0,0.0,0.0,0.0,2.415,2.416,2.417,2.418,2.419,0.0,0.0,0.0,0.0,0.0,3321400.0,2206600.0,3405500.0,2124800.0,691700.0,0.0,0.0,0.0,0.0,0.0,1704900.0,2674000.0,2480300.0,1490200.0,200000.0,0.0,0.0,0.0,0.0,0.0
20230823094102016,SZSE,SZSE.ETF.159633,2.414,2.428,2.435,2.413,0.0,2.682,2.194,40288000.0,10100.0,97456900.9,24381.40000000596,0.0,0.0,20230823,20230823,94102016,2.438,0.0,0.0,2.413,2.412,2.411,2.41,2.409,0.0,0.0,0.0,0.0,0.0,2.414,2.415,2.416,2.417,2.418,0.0,0.0,0.0,0.0,0.0,2450200.0,2973800.0,3437600.0,2381800.0,141600.0,0.0,0.0,0.0,0.0,0.0,50000.0,2408900.0,3338900.0,1913300.0,578300.0,0.0,0.0,0.0,0.0,0.0
20230823094105008,SZSE,SZSE.ETF.159633,2.414,2.428,2.435,2.413,0.0,2.682,2.194,40288000.0,0.0,97456900.9,0.0,0.0,0.0,20230823,20230823,94105009,2.438,0.0,0.0,2.413,2.412,2.411,2.41,2.409,0.0,0.0,0.0,0.0,0.0,2.414,2.415,2.416,2.417,2.418,0.0,0.0,0.0,0.0,0.0,2954100.0,2723900.0,3545500.0,2074800.0,191700.0,0.0,0.0,0.0,0.0,0.0,50000.0,2408900.0,2559000.0,2480300.0,941200.0,0.0,0.0,0.0,0.0,0.0
20230823094107992,SZSE,SZSE.ETF.159633,2.413,2.428,2.435,2.413,0.0,2.682,2.194,40338000.0,50000.0,97577550.9,120650.0,0.0,0.0,20230823,20230823,94107990,2.438,0.0,0.0,2.413,2.412,2.411,2.41,2.409,0.0,0.0,0.0,0.0,0.0,2.414,2.415,2.416,2.417,2.418,0.0,0.0,0.0,0.0,0.0,1955000.0,2724000.0,2595500.0,3023800.0,1191700.0,0.0,0.0,0.0,0.0,0.0,2204000.0,2153900.0,2059000.0,1531300.0,441200.0,0.0,0.0,0.0,0.0,0.0
20230823094111000,SZSE,SZSE.ETF.159633,2.413,2.428,2.435,2.413,0.0,2.682,2.194,41797900.0,1459900.0,101100289.6,3522738.699999988,0.0,0.0,20230823,20230823,94110998,2.438,0.0,0.0,2.412,2.411,2.41,2.409,2.408,0.0,0.0,0.0,0.0,0.0,2.413,2.414,2.415,2.416,2.417,0.0,0.0,0.0,0.0,0.0,1307700.0,3888300.0,3148300.0,1690700.0,50000.0,0.0,0.0,0.0,0.0,0.0,1050000.0,3408900.0,1648900.0,1483300.0,407100.0,0.0,0.0,0.0,0.0,0.0
20230823094114244,SZSE,SZSE.ETF.159633,2.413,2.428,2.435,2.413,0.0,2.682,2.194,41994700.0,196800.0,101575168.0,474878.40000000596,0.0,0.0,20230823,20230823,94114244,2.438,0.0,0.0,2.412,2.411,2.41,2.409,2.408,0.0,0.0,0.0,0.0,0.0,2.413,2.414,2.415,2.416,2.417,0.0,0.0,0.0,0.0,0.0,2075400.0,4175600.0,3201100.0,1886100.0,741700.0,0.0,0.0,0.0,0.0,0.0,54900.0,3404000.0,3059000.0,1360300.0,319900.0,0.0,0.0,0.0,0.0,0.0
20230823094117020,SZSE,SZSE.ETF.159633,2.413,2.428,2.435,2.413,0.0,2.682,2.194,41994700.0,0.0,101575168.0,0.0,0.0,0.0,20230823,20230823,94117021,2.438,0.0,0.0,2.412,2.411,2.41,2.409,2.408,0.0,0.0,0.0,0.0,0.0,2.414,2.415,2.416,2.417,2.418,0.0,0.0,0.0,0.0,0.0,2075400.0,3675600.0,3151100.0,1936100.0,741700.0,0.0,0.0,0.0,0.0,0.0,2358900.0,2559000.0,2410300.0,819900.0,291300.0,0.0,0.0,0.0,0.0,0.0
20230823094120260,SZSE,SZSE.ETF.159633,2.413,2.428,2.435,2.413,0.0,2.682,2.194,41994700.0,0.0,101575168.0,0.0,0.0,0.0,20230823,20230823,94120261,2.438,0.0,0.0,2.412,2.411,2.41,2.409,2.408,0.0,0.0,0.0,0.0,0.0,2.413,2.414,2.415,2.416,2.417,0.0,0.0,0.0,0.0,0.0,2574400.0,4055500.0,3521300.0,1287100.0,691600.0,0.0,0.0,0.0,0.0,0.0,50000.0,3408900.0,2838900.0,1405300.0,295100.0,0.0,0.0,0.0,0.0,0.0
20230823094123512,SZSE,SZSE.ETF.159633,2.413,2.428,2.435,2.413,0.0,2.682,2.194,42044700.0,50000.0,101695818.0,120650.0,0.0,0.0,20230823,20230823,94123510,2.438,0.0,0.0,2.413,2.412,2.411,2.41,2.409,0.0,0.0,0.0,0.0,0.0,2.414,2.415,2.416,2.417,2.418,0.0,0.0,0.0,0.0,0.0,500000.0,3991600.0,4458300.0,2801100.0,637100.0,0.0,0.0,0.0,0.0,0.0,1254900.0,2609000.0,3615200.0,1718900.0,391300.0,0.0,0.0,0.0,0.0,0.0
20230823094126956,SZSE,SZSE.ETF.159633,2.414,2.428,2.435,2.413,0.0,2.682,2.194,42613200.0,568500.0,103068177.0,1372359.0,0.0,0.0,20230823,20230823,94126956,2.438,0.0,0.0,2.414,2.413,2.412,2.411,2.41,0.0,0.0,0.0,0.0,0.0,2.415,2.416,2.417,2.418,2.419,0.0,0.0,0.0,0.0,0.0,400000.0,3421200.0,3806600.0,4671000.0,1949300.0,0.0,0.0,0.0,0.0,0.0,799900.0,4874600.0,2256100.0,1290200.0,300000.0,0.0,0.0,0.0,0.0,0.0
20230823094129484,SZSE,SZSE.ETF.159633,2.414,2.428,2.435,2.413,0.0,2.682,2.194,43013200.0,400000.0,104033777.0,965600.0,0.0,0.0,20230823,20230823,94129485,2.438,0.0,0.0,2.414,2.413,2.412,2.411,2.41,0.0,0.0,0.0,0.0,0.0,2.415,2.416,2.417,2.418,2.419,0.0,0.0,0.0,0.0,0.0,104900.0,3566300.0,4299200.0,3252600.0,1719300.0,0.0,0.0,0.0,0.0,0.0,1454900.0,3680200.0,1893300.0,1047300.0,499800.0,0.0,0.0,0.0,0.0,0.0
20230823094132616,SZSE,SZSE.ETF.159633,2.415,2.428,2.435,2.413,0.0,2.682,2.194,43018200.0,5000.0,104045852.0,12075.0,0.0,0.0,20230823,20230823,94132614,2.438,0.0,0.0,2.414,2.413,2.412,2.411,2.41,0.0,0.0,0.0,0.0,0.0,2.415,2.416,2.417,2.418,2.419,0.0,0.0,0.0,0.0,0.0,1421200.0,3241100.0,4299200.0,2903600.0,2219300.0,0.0,0.0,0.0,0.0,0.0,1049900.0,3680200.0,2793300.0,1497300.0,399800.0,0.0,0.0,0.0,0.0,0.0
20230823094135316,SZSE,SZSE.ETF.159633,2.415,2.428,2.435,2.413,0.0,2.682,2.194,43018200.0,0.0,104045852.0,0.0,0.0,0.0,20230823,20230823,94135316,2.438,0.0,0.0,2.414,2.413,2.412,2.411,2.41,0.0,0.0,0.0,0.0,0.0,2.415,2.416,2.417,2.418,2.419,0.0,0.0,0.0,0.0,0.0,1509800.0,4903500.0,3423700.0,2528100.0,1719300.0,0.0,0.0,0.0,0.0,0.0,2003900.0,3393900.0,2455400.0,1172500.0,199800.0,0.0,0.0,0.0,0.0,0.0
20230823094138072,SZSE,SZSE.ETF.159633,2.415,2.428,2.435,2.413,0.0,2.682,2.194,43018200.0,0.0,104045852.0,0.0,0.0,0.0,20230823,20230823,94138072,2.438,0.0,0.0,2.414,2.413,2.412,2.411,2.41,0.0,0.0,0.0,0.0,0.0,2.415,2.416,2.417,2.418,2.419,0.0,0.0,0.0,0.0,0.0,1059800.0,4653500.0,3440700.0,2421100.0,1719300.0,0.0,0.0,0.0,0.0,0.0,1504900.0,3240300.0,2451800.0,1638700.0,199800.0,0.0,0.0,0.0,0.0,0.0
20230823094141008,SZSE,SZSE.ETF.159633,2.415,2.428,2.435,2.413,0.0,2.682,2.194,43023100.0,4900.0,104057685.5,11833.5,0.0,0.0,20230823,20230823,94141009,2.438,0.0,0.0,2.415,2.414,2.413,2.412,2.411,0.0,0.0,0.0,0.0,0.0,2.416,2.417,2.418,2.419,2.42,0.0,0.0,0.0,0.0,0.0,899000.0,3426100.0,3786200.0,3231700.0,922100.0,0.0,0.0,0.0,0.0,0.0,2136400.0,3396700.0,2588700.0,1098800.0,700000.0,0.0,0.0,0.0,0.0,0.0
20230823094144076,SZSE,SZSE.ETF.159633,2.415,2.428,2.435,2.413,0.0,2.682,2.194,43423100.0,400000.0,105023685.5,966000.0,0.0,0.0,20230823,20230823,94144077,2.438,0.0,0.0,2.415,2.414,2.413,2.412,2.411,0.0,0.0,0.0,0.0,0.0,2.416,2.417,2.418,2.419,2.42,0.0,0.0,0.0,0.0,0.0,2821200.0,3553900.0,4196000.0,2201900.0,1135700.0,0.0,0.0,0.0,0.0,0.0,54900.0,3425300.0,3309500.0,2186000.0,899800.0,0.0,0.0,0.0,0.0,0.0
20230823094146996,SZSE,SZSE.ETF.159633,2.415,2.428,2.435,2.413,0.0,2.682,2.194,43423100.0,0.0,105023685.5,0.0,0.0,0.0,20230823,20230823,94146997,2.438,0.0,0.0,2.415,2.414,2.413,2.412,2.411,0.0,0.0,0.0,0.0,0.0,2.416,2.417,2.418,2.419,2.42,0.0,0.0,0.0,0.0,0.0,1327200.0,3803900.0,2778900.0,3817900.0,1135700.0,0.0,0.0,0.0,0.0,0.0,1000000.0,2398800.0,3808100.0,1818700.0,499800.0,0.0,0.0,0.0,0.0,0.0
20230823094150188,SZSE,SZSE.ETF.159633,2.415,2.428,2.435,2.413,0.0,2.682,2.194,43423100.0,0.0,105023685.5,0.0,0.0,0.0,20230823,20230823,94150188,2.438,0.0,0.0,2.415,2.414,2.413,2.412,2.411,0.0,0.0,0.0,0.0,0.0,2.416,2.417,2.418,2.419,2.42,0.0,0.0,0.0,0.0,0.0,3326200.0,2903900.0,3448900.0,1148900.0,1135700.0,0.0,0.0,0.0,0.0,0.0,4900.0,3139000.0,3493000.0,2588700.0,199800.0,0.0,0.0,0.0,0.0,0.0
20230823094153088,SZSE,SZSE.ETF.159633,2.416,2.428,2.435,2.413,0.0,2.682,2.194,43428000.0,4900.0,105035523.9,11838.40000000596,0.0,0.0,20230823,20230823,94153086,2.438,0.0,0.0,2.416,2.415,2.414,2.413,2.412,0.0,0.0,0.0,0.0,0.0,2.417,2.418,2.419,2.42,2.421,0.0,0.0,0.0,0.0,0.0,502000.0,1508900.0,3521200.0,2848900.0,1908900.0,0.0,0.0,0.0,0.0,0.0,2054900.0,3443000.0,2238700.0,698800.0,1090000.0,0.0,0.0,0.0,0.0,0.0
20230823094155944,SZSE,SZSE.ETF.159633,2.416,2.428,2.435,2.413,0.0,2.682,2.194,43934900.0,506900.0,106260194.3,1224670.399999991,0.0,0.0,20230823,20230823,94155943,2.438,0.0,0.0,2.415,2.414,2.413,2.412,2.411,0.0,0.0,0.0,0.0,0.0,2.417,2.418,2.419,2.42,2.421,0.0,0.0,0.0,0.0,0.0,2371300.0,3471200.0,4830100.0,1212000.0,1004100.0,0.0,0.0,0.0,0.0,0.0,2454900.0,3371500.0,2563200.0,835700.0,840100.0,0.0,0.0,0.0,0.0,0.0
20230823094159348,SZSE,SZSE.ETF.159633,2.416,2.428,2.435,2.413,0.0,2.682,2.194,43934900.0,0.0,106260194.3,0.0,0.0,0.0,20230823,20230823,94159349,2.438,0.0,0.0,2.416,2.415,2.414,2.413,2.412,0.0,0.0,0.0,0.0,0.0,2.417,2.418,2.419,2.42,2.421,0.0,0.0,0.0,0.0,0.0,1499000.0,3476200.0,4460900.0,1694500.0,767400.0,0.0,0.0,0.0,0.0,0.0,1404900.0,3616600.0,2710000.0,994100.0,1189800.0,0.0,0.0,0.0,0.0,0.0
20230823094201988,SZSE,SZSE.ETF.159633,2.417,2.428,2.435,2.413,0.0,2.682,2.194,43939700.0,4800.0,106271795.9,11601.60000000894,0.0,0.0,20230823,20230823,94201989,2.438,0.0,0.0,2.416,2.415,2.414,2.413,2.412,0.0,0.0,0.0,0.0,0.0,2.417,2.418,2.419,2.42,2.421,0.0,0.0,0.0,0.0,0.0,4900.0,3104000.0,4638200.0,3430400.0,712000.0,0.0,0.0,0.0,0.0,0.0,3400100.0,3171600.0,1530400.0,1118700.0,389800.0,0.0,0.0,0.0,0.0,0.0
20230823094205164,SZSE,SZSE.ETF.159633,2.417,2.428,2.435,2.413,0.0,2.682,2.194,43939700.0,0.0,106271795.9,0.0,0.0,0.0,20230823,20230823,94205164,2.438,0.0,0.0,2.416,2.415,2.414,2.413,2.412,0.0,0.0,0.0,0.0,0.0,2.417,2.418,2.419,2.42,2.421,0.0,0.0,0.0,0.0,0.0,154100.0,2713400.0,4745200.0,2568900.0,1212000.0,0.0,0.0,0.0,0.0,0.0,1400100.0,3871500.0,2801800.0,1097400.0,389800.0,0.0,0.0,0.0,0.0,0.0
20230823094208188,SZSE,SZSE.ETF.159633,2.417,2.428,2.435,2.413,0.0,2.682,2.194,43939700.0,0.0,106271795.9,0.0,0.0,0.0,20230823,20230823,94208189,2.438,0.0,0.0,2.416,2.415,2.414,2.413,2.412,0.0,0.0,0.0,0.0,0.0,2.417,2.418,2.419,2.42,2.421,0.0,0.0,0.0,0.0,0.0,653100.0,3113400.0,3845200.0,2629900.0,712000.0,0.0,0.0,0.0,0.0,0.0,1500100.0,3481600.0,2451700.0,1147400.0,389800.0,0.0,0.0,0.0,0.0,0.0
20230823094210996,SZSE,SZSE.ETF.159633,2.417,2.428,2.435,2.413,0.0,2.682,2.194,43939700.0,0.0,106271795.9,0.0,0.0,0.0,20230823,20230823,94210996,2.438,0.0,0.0,2.416,2.415,2.414,2.413,2.412,0.0,0.0,0.0,0.0,0.0,2.417,2.418,2.419,2.42,2.421,0.0,0.0,0.0,0.0,0.0,159000.0,3415200.0,5135200.0,2528900.0,712000.0,0.0,0.0,0.0,0.0,0.0,1900100.0,3481600.0,2641700.0,1197400.0,389800.0,0.0,0.0,0.0,0.0,0.0
20230823094213968,SZSE,SZSE.ETF.159633,2.417,2.428,2.435,2.413,0.0,2.682,2.194,43939700.0,0.0,106271795.9,0.0,0.0,0.0,20230823,20230823,94213967,2.438,0.0,0.0,2.416,2.415,2.414,2.413,2.412,0.0,0.0,0.0,0.0,0.0,2.417,2.418,2.419,2.42,2.421,0.0,0.0,0.0,0.0,0.0,154100.0,2920100.0,3735200.0,3578900.0,712000.0,0.0,0.0,0.0,0.0,0.0,2400100.0,2481600.0,2641700.0,1197400.0,389800.0,0.0,0.0,0.0,0.0,0.0
20230823094217152,SZSE,SZSE.ETF.159633,2.417,2.428,2.435,2.413,0.0,2.682,2.194,43939700.0,0.0,106271795.9,0.0,0.0,0.0,20230823,20230823,94217152,2.438,0.0,0.0,2.416,2.415,2.414,2.413,2.412,0.0,0.0,0.0,0.0,0.0,2.417,2.418,2.419,2.42,2.421,0.0,0.0,0.0,0.0,0.0,1058100.0,2870100.0,4285200.0,3378900.0,712000.0,0.0,0.0,0.0,0.0,0.0,2399100.0,3481600.0,2641700.0,698400.0,389800.0,0.0,0.0,0.0,0.0,0.0
20230823094219964,SZSE,SZSE.ETF.159633,2.417,2.428,2.435,2.413,0.0,2.682,2.194,43939700.0,0.0,106271795.9,0.0,0.0,0.0,20230823,20230823,94219964,2.438,0.0,0.0,2.416,2.415,2.414,2.413,2.412,0.0,0.0,0.0,0.0,0.0,2.417,2.418,2.419,2.42,2.421,0.0,0.0,0.0,0.0,0.0,63000.0,3415200.0,4235200.0,2578900.0,712000.0,0.0,0.0,0.0,0.0,0.0,2985500.0,3395200.0,1641700.0,698400.0,489800.0,0.0,0.0,0.0,0.0,0.0
20230823094223080,SZSE,SZSE.ETF.159633,2.416,2.428,2.435,2.413,0.0,2.682,2.194,44014300.0,74600.0,106452029.5,180233.59999999404,0.0,0.0,20230823,20230823,94223080,2.438,0.0,0.0,2.415,2.414,2.413,2.412,2.411,0.0,0.0,0.0,0.0,0.0,2.416,2.417,2.418,2.419,2.42,0.0,0.0,0.0,0.0,0.0,266600.0,4349700.0,3478900.0,3111000.0,554100.0,0.0,0.0,0.0,0.0,0.0,1400000.0,3204000.0,2926600.0,801800.0,748400.0,0.0,0.0,0.0,0.0,0.0
20230823094226068,SZSE,SZSE.ETF.159633,2.416,2.428,2.435,2.413,0.0,2.682,2.194,44014300.0,0.0,106452029.5,0.0,0.0,0.0,20230823,20230823,94226068,2.438,0.0,0.0,2.415,2.414,2.413,2.412,2.411,0.0,0.0,0.0,0.0,0.0,2.416,2.417,2.418,2.419,2.42,0.0,0.0,0.0,0.0,0.0,261700.0,4493300.0,3600300.0,3349400.0,685700.0,0.0,0.0,0.0,0.0,0.0,2903900.0,3240300.0,2143100.0,568400.0,519800.0,0.0,0.0,0.0,0.0,0.0
20230823094229040,SZSE,SZSE.ETF.159633,2.415,2.428,2.435,2.413,0.0,2.682,2.194,44232600.0,218300.0,106979230.6,527201.099999994,0.0,0.0,20230823,20230823,94229041,2.438,0.0,0.0,2.414,2.413,2.412,2.411,2.41,0.0,0.0,0.0,0.0,0.0,2.415,2.416,2.417,2.418,2.419,0.0,0.0,0.0,0.0,0.0,3476000.0,4067600.0,3399400.0,1685700.0,1027700.0,0.0,0.0,0.0,0.0,0.0,788300.0,2152200.0,3035400.0,2143100.0,568400.0,0.0,0.0,0.0,0.0,0.0
20230823094232204,SZSE,SZSE.ETF.159633,2.415,2.428,2.435,2.413,0.0,2.682,2.194,44251000.0,18400.0,107023666.6,44436.0,0.0,0.0,20230823,20230823,94232204,2.438,0.0,0.0,2.414,2.413,2.412,2.411,2.41,0.0,0.0,0.0,0.0,0.0,2.415,2.416,2.417,2.418,2.419,0.0,0.0,0.0,0.0,0.0,2369800.0,3686200.0,2341000.0,2890100.0,1773300.0,0.0,0.0,0.0,0.0,0.0,3140400.0,1892400.0,2655400.0,722500.0,489800.0,0.0,0.0,0.0,0.0,0.0
20230823094235148,SZSE,SZSE.ETF.159633,2.414,2.428,2.435,2.413,0.0,2.682,2.194,45525700.0,1274700.0,110100792.4,3077125.800000012,0.0,0.0,20230823,20230823,94235149,2.438,0.0,0.0,2.413,2.412,2.411,2.41,2.409,0.0,0.0,0.0,0.0,0.0,2.414,2.415,2.416,2.417,2.418,0.0,0.0,0.0,0.0,0.0,4499000.0,3295200.0,2973100.0,1773300.0,540000.0,0.0,0.0,0.0,0.0,0.0,125300.0,4330400.0,2678700.0,1451900.0,639700.0,0.0,0.0,0.0,0.0,0.0
20230823094237988,SZSE,SZSE.ETF.159633,2.414,2.428,2.435,2.413,0.0,2.682,2.194,45546700.0,21000.0,110151486.4,50694.0,0.0,0.0,20230823,20230823,94237988,2.438,0.0,0.0,2.413,2.412,2.411,2.41,2.409,0.0,0.0,0.0,0.0,0.0,2.414,2.415,2.416,2.417,2.418,0.0,0.0,0.0,0.0,0.0,4871300.0,3369400.0,3244700.0,928800.0,731700.0,0.0,0.0,0.0,0.0,0.0,104300.0,3075500.0,2903700.0,2430300.0,891200.0,0.0,0.0,0.0,0.0,0.0
20230823094240968,SZSE,SZSE.ETF.159633,2.414,2.428,2.435,2.413,0.0,2.682,2.194,45546700.0,0.0,110151486.4,0.0,0.0,0.0,20230823,20230823,94240970,2.438,0.0,0.0,2.413,2.412,2.411,2.41,2.409,0.0,0.0,0.0,0.0,0.0,2.414,2.415,2.416,2.417,2.418,0.0,0.0,0.0,0.0,0.0,3471300.0,5619400.0,3494700.0,928800.0,731700.0,0.0,0.0,0.0,0.0,0.0,104300.0,3416800.0,2562400.0,2430300.0,891200.0,0.0,0.0,0.0,0.0,0.0
20230823094243976,SZSE,SZSE.ETF.159633,2.414,2.428,2.435,2.413,0.0,2.682,2.194,46577700.0,1031000.0,112640320.4,2488834.0,0.0,0.0,20230823,20230823,94243975,2.438,0.0,0.0,2.413,2.412,2.411,2.41,2.409,0.0,0.0,0.0,0.0,0.0,2.415,2.416,2.417,2.418,2.419,0.0,0.0,0.0,0.0,0.0,2421300.0,5619400.0,3346800.0,1128800.0,731700.0,0.0,0.0,0.0,0.0,0.0,1644900.0,2903700.0,3380300.0,1390200.0,150000.0,0.0,0.0,0.0,0.0,0.0
20230823094246948,SZSE,SZSE.ETF.159633,2.414,2.428,2.435,2.413,0.0,2.682,2.194,46577700.0,0.0,112640320.4,0.0,0.0,0.0,20230823,20230823,94246947,2.438,0.0,0.0,2.413,2.412,2.411,2.41,2.409,0.0,0.0,0.0,0.0,0.0,2.414,2.415,2.416,2.417,2.418,0.0,0.0,0.0,0.0,0.0,505000.0,7186600.0,3388900.0,2841100.0,181600.0,0.0,0.0,0.0,0.0,0.0,1400000.0,3398800.0,2928700.0,913300.0,478300.0,0.0,0.0,0.0,0.0,0.0
20230823094250036,SZSE,SZSE.ETF.159633,2.414,2.428,2.435,2.413,0.0,2.682,2.194,46577700.0,0.0,112640320.4,0.0,0.0,0.0,20230823,20230823,94250035,2.438,0.0,0.0,2.413,2.412,2.411,2.41,2.409,0.0,0.0,0.0,0.0,0.0,2.414,2.415,2.416,2.417,2.418,0.0,0.0,0.0,0.0,0.0,55000.0,6136700.0,4163800.0,3166100.0,231700.0,0.0,0.0,0.0,0.0,0.0,2403900.0,3430300.0,2645200.0,448500.0,391200.0,0.0,0.0,0.0,0.0,0.0
20230823094253032,SZSE,SZSE.ETF.159633,2.414,2.428,2.435,2.413,0.0,2.682,2.194,46577700.0,0.0,112640320.4,0.0,0.0,0.0,20230823,20230823,94253033,2.438,0.0,0.0,2.413,2.412,2.411,2.41,2.409,0.0,0.0,0.0,0.0,0.0,2.414,2.415,2.416,2.417,2.418,0.0,0.0,0.0,0.0,0.0,1003800.0,6741600.0,4513800.0,3666100.0,231700.0,0.0,0.0,0.0,0.0,0.0,1404900.0,3480300.0,3145200.0,947500.0,491200.0,0.0,0.0,0.0,0.0,0.0
20230823094255972,SZSE,SZSE.ETF.159633,2.414,2.428,2.435,2.413,0.0,2.682,2.194,46577700.0,0.0,112640320.4,0.0,0.0,0.0,20230823,20230823,94255973,2.438,0.0,0.0,2.413,2.412,2.411,2.41,2.409,0.0,0.0,0.0,0.0,0.0,2.414,2.415,2.416,2.417,2.418,0.0,0.0,0.0,0.0,0.0,1528700.0,7523900.0,3326600.0,2916100.0,481700.0,0.0,0.0,0.0,0.0,0.0,1903900.0,3680300.0,2945200.0,448500.0,541200.0,0.0,0.0,0.0,0.0,0.0
20230823094259272,SZSE,SZSE.ETF.159633,2.414,2.428,2.435,2.413,0.0,2.682,2.194,46577700.0,0.0,112640320.4,0.0,0.0,0.0,20230823,20230823,94259274,2.438,0.0,0.0,2.413,2.412,2.411,2.41,2.409,0.0,0.0,0.0,0.0,0.0,2.414,2.415,2.416,2.417,2.418,0.0,0.0,0.0,0.0,0.0,1028700.0,8023900.0,3826600.0,2916100.0,431700.0,0.0,0.0,0.0,0.0,0.0,4103900.0,2225400.0,1445200.0,498500.0,491200.0,0.0,0.0,0.0,0.0,0.0
20230823094302104,SZSE,SZSE.ETF.159633,2.413,2.428,2.435,2.413,0.0,2.682,2.194,48116300.0,1538600.0,116352962.2,3712641.799999997,0.0,0.0,20230823,20230823,94302104,2.438,0.0,0.0,2.413,2.412,2.411,2.41,2.409,0.0,0.0,0.0,0.0,0.0,2.414,2.415,2.416,2.417,2.418,0.0,0.0,0.0,0.0,0.0,400000.0,5607600.0,3743900.0,3016100.0,1930700.0,0.0,0.0,0.0,0.0,0.0,3703900.0,2980300.0,1451800.0,848500.0,391200.0,0.0,0.0,0.0,0.0,0.0
20230823094305032,SZSE,SZSE.ETF.159633,2.413,2.428,2.435,2.413,0.0,2.682,2.194,48146598.0,30298.0,116426071.274,73109.07400000095,0.0,0.0,20230823,20230823,94305031,2.438,0.0,0.0,2.413,2.412,2.411,2.41,2.409,0.0,0.0,0.0,0.0,0.0,2.414,2.415,2.416,2.417,2.418,0.0,0.0,0.0,0.0,0.0,400100.0,6741600.0,3472300.0,3557600.0,931700.0,0.0,0.0,0.0,0.0,0.0,2204900.0,3180200.0,2343300.0,1306100.0,491200.0,0.0,0.0,0.0,0.0,0.0
20230823094308344,SZSE,SZSE.ETF.159633,2.414,2.428,2.435,2.413,0.0,2.682,2.194,48330798.0,184200.0,116870730.074,444658.799999997,0.0,0.0,20230823,20230823,94308346,2.438,0.0,0.0,2.413,2.412,2.411,2.41,2.409,0.0,0.0,0.0,0.0,0.0,2.414,2.415,2.416,2.417,2.418,0.0,0.0,0.0,0.0,0.0,2416400.0,5024300.0,3772300.0,1558600.0,981700.0,0.0,0.0,0.0,0.0,0.0,20700.0,2326400.0,3248100.0,2256100.0,940200.0,0.0,0.0,0.0,0.0,0.0
20230823094310960,SZSE,SZSE.ETF.159633,2.415,2.428,2.435,2.413,0.0,2.682,2.194,48575698.0,244900.0,117462163.574,591433.5,0.0,0.0,20230823,20230823,94310960,2.438,0.0,0.0,2.414,2.413,2.412,2.411,2.41,0.0,0.0,0.0,0.0,0.0,2.416,2.417,2.418,2.419,2.42,0.0,0.0,0.0,0.0,0.0,2816300.0,5005300.0,7226600.0,2130600.0,1434100.0,0.0,0.0,0.0,0.0,0.0,1946400.0,3565200.0,2910200.0,899000.0,550000.0,0.0,0.0,0.0,0.0,0.0
20230823094313928,SZSE,SZSE.ETF.159633,2.415,2.428,2.435,2.413,0.0,2.682,2.194,48575698.0,0.0,117462163.574,0.0,0.0,0.0,20230823,20230823,94313930,2.438,0.0,0.0,2.414,2.413,2.412,2.411,2.41,0.0,0.0,0.0,0.0,0.0,2.415,2.416,2.417,2.418,2.419,0.0,0.0,0.0,0.0,0.0,2321200.0,5587400.0,6715900.0,1841300.0,1178500.0,0.0,0.0,0.0,0.0,0.0,1000000.0,2144900.0,2640200.0,2554600.0,786000.0,0.0,0.0,0.0,0.0,0.0
20230823094316920,SZSE,SZSE.ETF.159633,2.416,2.428,2.435,2.413,0.0,2.682,2.194,49080598.0,504900.0,118681997.074,1219833.5,0.0,0.0,20230823,20230823,94316918,2.438,0.0,0.0,2.415,2.414,2.413,2.412,2.411,0.0,0.0,0.0,0.0,0.0,2.416,2.417,2.418,2.419,2.42,0.0,0.0,0.0,0.0,0.0,1190000.0,1321200.0,5387600.0,5573700.0,1593200.0,0.0,0.0,0.0,0.0,0.0,2500000.0,3860300.0,1621500.0,199800.0,500000.0,0.0,0.0,0.0,0.0,0.0
20230823094319988,SZSE,SZSE.ETF.159633,2.415,2.428,2.435,2.413,0.0,2.682,2.194,49275498.0,194900.0,119152680.574,470683.5,0.0,0.0,20230823,20230823,94319988,2.438,0.0,0.0,2.414,2.413,2.412,2.411,2.41,0.0,0.0,0.0,0.0,0.0,2.416,2.417,2.418,2.419,2.42,0.0,0.0,0.0,0.0,0.0,3516300.0,5438900.0,5509400.0,1387800.0,1037000.0,0.0,0.0,0.0,0.0,0.0,2903900.0,3180300.0,2763100.0,328400.0,299800.0,0.0,0.0,0.0,0.0,0.0
20230823094323020,SZSE,SZSE.ETF.159633,2.415,2.428,2.435,2.413,0.0,2.682,2.194,49275498.0,0.0,119152680.574,0.0,0.0,0.0,20230823,20230823,94323019,2.438,0.0,0.0,2.414,2.413,2.412,2.411,2.41,0.0,0.0,0.0,0.0,0.0,2.416,2.417,2.418,2.419,2.42,0.0,0.0,0.0,0.0,0.0,2054900.0,5054700.0,5155900.0,2800300.0,678500.0,0.0,0.0,0.0,0.0,0.0,4245200.0,3048900.0,1604600.0,337000.0,699800.0,0.0,0.0,0.0,0.0,0.0
20230823094325932,SZSE,SZSE.ETF.159633,2.415,2.428,2.435,2.413,0.0,2.682,2.194,49275498.0,0.0,119152680.574,0.0,0.0,0.0,20230823,20230823,94325932,2.438,0.0,0.0,2.414,2.413,2.412,2.411,2.41,0.0,0.0,0.0,0.0,0.0,2.415,2.416,2.417,2.418,2.419,0.0,0.0,0.0,0.0,0.0,2903900.0,2854700.0,5964000.0,1843200.0,678500.0,0.0,0.0,0.0,0.0,0.0,1004900.0,3703900.0,2635300.0,1596500.0,345100.0,0.0,0.0,0.0,0.0,0.0
20230823094328916,SZSE,SZSE.ETF.159633,2.415,2.428,2.435,2.413,0.0,2.682,2.194,49275498.0,0.0,119152680.574,0.0,0.0,0.0,20230823,20230823,94328915,2.438,0.0,0.0,2.414,2.413,2.412,2.411,2.41,0.0,0.0,0.0,0.0,0.0,2.415,2.416,2.417,2.418,2.419,0.0,0.0,0.0,0.0,0.0,4900.0,4704900.0,4813700.0,2442200.0,728600.0,0.0,0.0,0.0,0.0,0.0,1404900.0,3290300.0,3269000.0,1271500.0,299800.0,0.0,0.0,0.0,0.0,0.0
20230823094331896,SZSE,SZSE.ETF.159633,2.415,2.428,2.435,2.413,0.0,2.682,2.194,49280298.0,4800.0,119164272.574,11592.0,0.0,0.0,20230823,20230823,94331898,2.438,0.0,0.0,2.414,2.413,2.412,2.411,2.41,0.0,0.0,0.0,0.0,0.0,2.415,2.416,2.417,2.418,2.419,0.0,0.0,0.0,0.0,0.0,400000.0,2522600.0,4017900.0,3125200.0,1238600.0,0.0,0.0,0.0,0.0,0.0,2499100.0,2790300.0,2851800.0,1089700.0,299800.0,0.0,0.0,0.0,0.0,0.0
20230823094335040,SZSE,SZSE.ETF.159633,2.415,2.428,2.435,2.413,0.0,2.682,2.194,49280298.0,0.0,119164272.574,0.0,0.0,0.0,20230823,20230823,94335040,2.438,0.0,0.0,2.414,2.413,2.412,2.411,2.41,0.0,0.0,0.0,0.0,0.0,2.415,2.416,2.417,2.418,2.419,0.0,0.0,0.0,0.0,0.0,400000.0,2522600.0,4517900.0,2576200.0,1738600.0,0.0,0.0,0.0,0.0,0.0,1000100.0,3790300.0,2851800.0,1588700.0,299800.0,0.0,0.0,0.0,0.0,0.0
20230823094337916,SZSE,SZSE.ETF.159633,2.415,2.428,2.435,2.413,0.0,2.682,2.194,49283298.0,3000.0,119171517.574,7245.0,0.0,0.0,20230823,20230823,94337915,2.438,0.0,0.0,2.414,2.413,2.412,2.411,2.41,0.0,0.0,0.0,0.0,0.0,2.415,2.416,2.417,2.418,2.419,0.0,0.0,0.0,0.0,0.0,1903900.0,3067700.0,4867900.0,576200.0,1288600.0,0.0,0.0,0.0,0.0,0.0,504900.0,4290300.0,2851800.0,1588700.0,299800.0,0.0,0.0,0.0,0.0,0.0
20230823094340904,SZSE,SZSE.ETF.159633,2.415,2.428,2.435,2.413,0.0,2.682,2.194,49283298.0,0.0,119171517.574,0.0,0.0,0.0,20230823,20230823,94340905,2.438,0.0,0.0,2.414,2.413,2.412,2.411,2.41,0.0,0.0,0.0,0.0,0.0,2.415,2.416,2.417,2.418,2.419,0.0,0.0,0.0,0.0,0.0,3321200.0,2300400.0,4400900.0,493200.0,1238600.0,0.0,0.0,0.0,0.0,0.0,4900.0,1949000.0,4110300.0,3171500.0,199800.0,0.0,0.0,0.0,0.0,0.0
20230823094343944,SZSE,SZSE.ETF.159633,2.415,2.428,2.435,2.413,0.0,2.682,2.194,49287598.0,4300.0,119181902.074,10384.5,0.0,0.0,20230823,20230823,94343946,2.438,0.0,0.0,2.415,2.414,2.413,2.412,2.411,0.0,0.0,0.0,0.0,0.0,2.416,2.417,2.418,2.419,2.42,0.0,0.0,0.0,0.0,0.0,1600.0,2371200.0,4087600.0,3163700.0,493200.0,0.0,0.0,0.0,0.0,0.0,3158800.0,3355400.0,2671500.0,299800.0,100000.0,0.0,0.0,0.0,0.0,0.0
20230823094346908,SZSE,SZSE.ETF.159633,2.415,2.428,2.435,2.413,0.0,2.682,2.194,49289198.0,1600.0,119185766.074,3864.0,0.0,0.0,20230823,20230823,94346908,2.438,0.0,0.0,2.414,2.413,2.412,2.411,2.41,0.0,0.0,0.0,0.0,0.0,2.416,2.417,2.418,2.419,2.42,0.0,0.0,0.0,0.0,0.0,2003900.0,3614700.0,4250900.0,837800.0,1047000.0,0.0,0.0,0.0,0.0,0.0,4158800.0,3135300.0,1604600.0,437000.0,299800.0,0.0,0.0,0.0,0.0,0.0
20230823094349908,SZSE,SZSE.ETF.159633,2.415,2.428,2.435,2.413,0.0,2.682,2.194,49294098.0,4900.0,119197599.574,11833.5,0.0,0.0,20230823,20230823,94349908,2.438,0.0,0.0,2.415,2.414,2.413,2.412,2.411,0.0,0.0,0.0,0.0,0.0,2.416,2.417,2.418,2.419,2.42,0.0,0.0,0.0,0.0,0.0,100.0,1953900.0,4854700.0,3414000.0,393200.0,0.0,0.0,0.0,0.0,0.0,4153900.0,3135300.0,1646500.0,245100.0,299800.0,0.0,0.0,0.0,0.0,0.0
20230823094353048,SZSE,SZSE.ETF.159633,2.415,2.428,2.435,2.413,0.0,2.682,2.194,49294098.0,0.0,119197599.574,0.0,0.0,0.0,20230823,20230823,94353047,2.438,0.0,0.0,2.415,2.414,2.413,2.412,2.411,0.0,0.0,0.0,0.0,0.0,2.416,2.417,2.418,2.419,2.42,0.0,0.0,0.0,0.0,0.0,10100.0,2421200.0,3167400.0,4080900.0,1187800.0,0.0,0.0,0.0,0.0,0.0,3158800.0,3135300.0,2584600.0,457000.0,299800.0,0.0,0.0,0.0,0.0,0.0
20230823094355960,SZSE,SZSE.ETF.159633,2.415,2.428,2.435,2.413,0.0,2.682,2.194,49294098.0,0.0,119197599.574,0.0,0.0,0.0,20230823,20230823,94355959,2.438,0.0,0.0,2.415,2.414,2.413,2.412,2.411,0.0,0.0,0.0,0.0,0.0,2.416,2.417,2.418,2.419,2.42,0.0,0.0,0.0,0.0,0.0,10100.0,1953900.0,4085200.0,4240900.0,687800.0,0.0,0.0,0.0,0.0,0.0,4208800.0,2945300.0,1484600.0,457000.0,299800.0,0.0,0.0,0.0,0.0,0.0
20230823094616140,SZSE,SZSE.ETF.159633,2.409,2.428,2.435,2.409,0.0,2.682,2.194,52243998.0,100.0,126309689.174,240.8999999910593,0.0,0.0,20230823,20230823,94616141,2.438,0.0,0.0,2.408,2.407,2.406,2.405,2.404,0.0,0.0,0.0,0.0,0.0,2.409,2.41,2.411,2.412,2.413,0.0,0.0,0.0,0.0,0.0,1056900.0,5051500.0,3370700.0,2379400.0,241700.0,0.0,0.0,0.0,0.0,0.0,3632800.0,3269002.0,1538500.0,851900.0,427400.0,0.0,0.0,0.0,0.0,0.0
20230823094617288,SZSE,SZSE.ETF.159633,2.409,2.428,2.435,2.409,0.0,2.682,2.194,52243998.0,0.0,126309689.174,0.0,0.0,0.0,20230823,20230823,94617287,2.438,0.0,0.0,2.408,2.407,2.406,2.405,2.404,0.0,0.0,0.0,0.0,0.0,2.409,2.41,2.411,2.412,2.413,0.0,0.0,0.0,0.0,0.0,506900.0,3584200.0,4688000.0,2879400.0,241700.0,0.0,0.0,0.0,0.0,0.0,4132800.0,2906402.0,1452100.0,751900.0,427400.0,0.0,0.0,0.0,0.0,0.0
20230823094624284,SZSE,SZSE.ETF.159633,2.408,2.428,2.435,2.408,0.0,2.682,2.194,52745998.0,502000.0,127518505.174,1208816.0,0.0,0.0,20230823,20230823,94624285,2.438,0.0,0.0,2.407,2.406,2.405,2.404,2.403,0.0,0.0,0.0,0.0,0.0,2.408,2.409,2.41,2.411,2.412,0.0,0.0,0.0,0.0,0.0,3261900.0,3925200.0,3579400.0,741700.0,500000.0,0.0,0.0,0.0,0.0,0.0,20000.0,2857900.0,3161302.0,2502100.0,561900.0,0.0,0.0,0.0,0.0,0.0
20230823094624484,SZSE,SZSE.ETF.159633,2.408,2.428,2.435,2.408,0.0,2.682,2.194,52765998.0,20000.0,127566665.174,48160.0,0.0,0.0,20230823,20230823,94624485,2.438,0.0,0.0,2.408,2.407,2.406,2.405,2.404,0.0,0.0,0.0,0.0,0.0,2.409,2.41,2.411,2.412,2.413,0.0,0.0,0.0,0.0,0.0,24400.0,4629200.0,3846300.0,2538900.0,397200.0,0.0,0.0,0.0,0.0,0.0,2059900.0,2881402.0,3750700.0,933300.0,227400.0,0.0,0.0,0.0,0.0,0.0
20230823094627596,SZSE,SZSE.ETF.159633,2.408,2.428,2.435,2.408,0.0,2.682,2.194,52765998.0,0.0,127566665.174,0.0,0.0,0.0,20230823,20230823,94627595,2.438,0.0,0.0,2.408,2.407,2.406,2.405,2.404,0.0,0.0,0.0,0.0,0.0,2.409,2.41,2.411,2.412,2.413,0.0,0.0,0.0,0.0,0.0,4400.0,2782900.0,2973600.0,3626000.0,1691700.0,0.0,0.0,0.0,0.0,0.0,4314800.0,2907402.0,1683600.0,620400.0,377400.0,0.0,0.0,0.0,0.0,0.0
20230823094630648,SZSE,SZSE.ETF.159633,2.408,2.428,2.435,2.408,0.0,2.682,2.194,52765998.0,0.0,127566665.174,0.0,0.0,0.0,20230823,20230823,94630648,2.438,0.0,0.0,2.408,2.407,2.406,2.405,2.404,0.0,0.0,0.0,0.0,0.0,2.409,2.41,2.411,2.412,2.413,0.0,0.0,0.0,0.0,0.0,624400.0,3261900.0,3903600.0,3646000.0,691700.0,0.0,0.0,0.0,0.0,0.0,4314800.0,2907402.0,1753600.0,500400.0,377400.0,0.0,0.0,0.0,0.0,0.0
20230823094640952,SZSE,SZSE.ETF.159633,2.408,2.428,2.435,2.408,0.0,2.682,2.194,53118600.0,222502.0,128415932.59,535981.6159999967,0.0,0.0,20230823,20230823,94640952,2.438,0.0,0.0,2.408,2.407,2.406,2.405,2.404,0.0,0.0,0.0,0.0,0.0,2.41,2.411,2.412,2.413,2.414,0.0,0.0,0.0,0.0,0.0,2981498.0,4261500.0,3512300.0,2093800.0,191700.0,0.0,0.0,0.0,0.0,0.0,3305200.0,3886900.0,1652400.0,377400.0,102800.0,0.0,0.0,0.0,0.0,0.0
20230823094644008,SZSE,SZSE.ETF.159633,2.409,2.428,2.435,2.408,0.0,2.682,2.194,53122700.0,4100.0,128425809.49,9876.89999999106,0.0,0.0,20230823,20230823,94644009,2.438,0.0,0.0,2.408,2.407,2.406,2.405,2.404,0.0,0.0,0.0,0.0,0.0,2.409,2.41,2.411,2.412,2.413,0.0,0.0,0.0,0.0,0.0,3072398.0,4221500.0,3762400.0,1943800.0,141600.0,0.0,0.0,0.0,0.0,0.0,1995900.0,2805200.0,2666800.0,1627400.0,422500.0,0.0,0.0,0.0,0.0,0.0
20230823094650068,SZSE,SZSE.ETF.159633,2.409,2.428,2.435,2.408,0.0,2.682,2.194,53163600.0,40900.0,128524337.59,98528.10000000894,0.0,0.0,20230823,20230823,94650067,2.438,0.0,0.0,2.408,2.407,2.406,2.405,2.404,0.0,0.0,0.0,0.0,0.0,2.41,2.411,2.412,2.413,2.414,0.0,0.0,0.0,0.0,0.0,1081498.0,4684300.0,4141100.0,2052200.0,191700.0,0.0,0.0,0.0,0.0,0.0,3305200.0,3845400.0,2193900.0,377400.0,102800.0,0.0,0.0,0.0,0.0,0.0
20230823094653120,SZSE,SZSE.ETF.159633,2.409,2.428,2.435,2.408,0.0,2.682,2.194,53163600.0,0.0,128524337.59,0.0,0.0,0.0,20230823,20230823,94653119,2.438,0.0,0.0,2.408,2.407,2.406,2.405,2.404,0.0,0.0,0.0,0.0,0.0,2.409,2.41,2.411,2.412,2.413,0.0,0.0,0.0,0.0,0.0,2031498.0,1834300.0,4538000.0,2605400.0,141600.0,0.0,0.0,0.0,0.0,0.0,1004900.0,3850300.0,2695300.0,1598900.0,422500.0,0.0,0.0,0.0,0.0,0.0
20230823094655964,SZSE,SZSE.ETF.159633,2.409,2.428,2.435,2.408,0.0,2.682,2.194,53163600.0,0.0,128524337.59,0.0,0.0,0.0,20230823,20230823,94655965,2.438,0.0,0.0,2.408,2.407,2.406,2.405,2.404,0.0,0.0,0.0,0.0,0.0,2.409,2.41,2.411,2.412,2.413,0.0,0.0,0.0,0.0,0.0,2031498.0,2684300.0,4071100.0,2172200.0,191700.0,0.0,0.0,0.0,0.0,0.0,54900.0,4386700.0,3329000.0,1623900.0,477400.0,0.0,0.0,0.0,0.0,0.0
20230823094658976,SZSE,SZSE.ETF.159633,2.409,2.428,2.435,2.408,0.0,2.682,2.194,53163600.0,0.0,128524337.59,0.0,0.0,0.0,20230823,20230823,94658977,2.438,0.0,0.0,2.408,2.407,2.406,2.405,2.404,0.0,0.0,0.0,0.0,0.0,2.41,2.411,2.412,2.413,2.414,0.0,0.0,0.0,0.0,0.0,2480498.0,2684300.0,4121100.0,1673200.0,691700.0,0.0,0.0,0.0,0.0,0.0,3355200.0,3915400.0,2073900.0,477400.0,102800.0,0.0,0.0,0.0,0.0,0.0
20230823094701988,SZSE,SZSE.ETF.159633,2.409,2.428,2.435,2.408,0.0,2.682,2.194,54169000.0,1005400.0,130946346.19,2422008.599999994,0.0,0.0,20230823,20230823,94701987,2.438,0.0,0.0,2.408,2.407,2.406,2.405,2.404,0.0,0.0,0.0,0.0,0.0,2.409,2.41,2.411,2.412,2.413,0.0,0.0,0.0,0.0,0.0,3031498.0,2584400.0,3371100.0,2022200.0,641600.0,0.0,0.0,0.0,0.0,0.0,1000000.0,2855200.0,3505300.0,1788900.0,572400.0,0.0,0.0,0.0,0.0,0.0
20230823094704996,SZSE,SZSE.ETF.159633,2.409,2.428,2.435,2.408,0.0,2.682,2.194,54169000.0,0.0,130946346.19,0.0,0.0,0.0,20230823,20230823,94704995,2.438,0.0,0.0,2.408,2.407,2.406,2.405,2.404,0.0,0.0,0.0,0.0,0.0,2.409,2.41,2.411,2.412,2.413,0.0,0.0,0.0,0.0,0.0,3041498.0,2484300.0,3271100.0,2122200.0,191700.0,0.0,0.0,0.0,0.0,0.0,54900.0,3509537.0,3525400.0,2313900.0,477400.0,0.0,0.0,0.0,0.0,0.0
20230823094708092,SZSE,SZSE.ETF.159633,2.409,2.428,2.435,2.408,0.0,2.682,2.194,54169000.0,0.0,130946346.19,0.0,0.0,0.0,20230823,20230823,94708092,2.438,0.0,0.0,2.408,2.407,2.406,2.405,2.404,0.0,0.0,0.0,0.0,0.0,2.41,2.411,2.412,2.413,2.414,0.0,0.0,0.0,0.0,0.0,3041498.0,2484300.0,3321100.0,2122200.0,691700.0,0.0,0.0,0.0,0.0,0.0,3514437.0,2525400.0,2813900.0,977400.0,152800.0,0.0,0.0,0.0,0.0,0.0
20230823094710928,SZSE,SZSE.ETF.159633,2.409,2.428,2.435,2.408,0.0,2.682,2.194,54169000.0,0.0,130946346.19,0.0,0.0,0.0,20230823,20230823,94710927,2.438,0.0,0.0,2.408,2.407,2.406,2.405,2.404,0.0,0.0,0.0,0.0,0.0,2.409,2.41,2.411,2.412,2.413,0.0,0.0,0.0,0.0,0.0,2041498.0,3389800.0,3621100.0,1972200.0,141600.0,0.0,0.0,0.0,0.0,0.0,1000000.0,3564437.0,2805300.0,1788900.0,572400.0,0.0,0.0,0.0,0.0,0.0
20230823094713960,SZSE,SZSE.ETF.159633,2.409,2.428,2.435,2.408,0.0,2.682,2.194,54173000.0,4000.0,130955982.19,9636.0,0.0,0.0,20230823,20230823,94713958,2.438,0.0,0.0,2.408,2.407,2.406,2.405,2.404,0.0,0.0,0.0,0.0,0.0,2.409,2.41,2.411,2.412,2.413,0.0,0.0,0.0,0.0,0.0,1641498.0,3289700.0,3281100.0,2522200.0,191700.0,0.0,0.0,0.0,0.0,0.0,2204800.0,2254637.0,3525400.0,1224900.0,477400.0,0.0,0.0,0.0,0.0,0.0
20230823094716984,SZSE,SZSE.ETF.159633,2.409,2.428,2.435,2.408,0.0,2.682,2.194,54173000.0,0.0,130955982.19,0.0,0.0,0.0,20230823,20230823,94716986,2.438,0.0,0.0,2.408,2.407,2.406,2.405,2.404,0.0,0.0,0.0,0.0,0.0,2.409,2.41,2.411,2.412,2.413,0.0,0.0,0.0,0.0,0.0,1645798.0,3039700.0,3537900.0,2655400.0,191700.0,0.0,0.0,0.0,0.0,0.0,1935100.0,3341037.0,3212000.0,1240900.0,477400.0,0.0,0.0,0.0,0.0,0.0
20230823094720156,SZSE,SZSE.ETF.159633,2.409,2.428,2.435,2.408,0.0,2.682,2.194,54173000.0,0.0,130955982.19,0.0,0.0,0.0,20230823,20230823,94720155,2.438,0.0,0.0,2.408,2.407,2.406,2.405,2.404,0.0,0.0,0.0,0.0,0.0,2.409,2.41,2.411,2.412,2.413,0.0,0.0,0.0,0.0,0.0,1595798.0,3089700.0,3537900.0,2755400.0,191700.0,0.0,0.0,0.0,0.0,0.0,3229200.0,3391037.0,2212000.0,691900.0,477400.0,0.0,0.0,0.0,0.0,0.0
20230823094723536,SZSE,SZSE.ETF.159633,2.408,2.428,2.435,2.408,0.0,2.682,2.194,55768700.0,1595700.0,134798427.79,3842445.599999994,0.0,0.0,20230823,20230823,94723538,2.438,0.0,0.0,2.408,2.407,2.406,2.405,2.404,0.0,0.0,0.0,0.0,0.0,2.409,2.41,2.411,2.412,2.413,0.0,0.0,0.0,0.0,0.0,4998.0,2672400.0,3555200.0,3755400.0,1191700.0,0.0,0.0,0.0,0.0,0.0,4534100.0,2891037.0,1712000.0,591900.0,477400.0,0.0,0.0,0.0,0.0,0.0
20230823094726304,SZSE,SZSE.ETF.159633,2.408,2.428,2.435,2.408,0.0,2.682,2.194,55778798.0,10098.0,134822743.774,24315.983999997377,0.0,0.0,20230823,20230823,94726302,2.438,0.0,0.0,2.407,2.406,2.405,2.404,2.403,0.0,0.0,0.0,0.0,0.0,2.408,2.409,2.41,2.411,2.412,0.0,0.0,0.0,0.0,0.0,3194600.0,3406300.0,3247000.0,691700.0,550000.0,0.0,0.0,0.0,0.0,0.0,189902.0,2879200.0,3090937.0,2363600.0,500400.0,0.0,0.0,0.0,0.0,0.0
20230823094729172,SZSE,SZSE.ETF.159633,2.408,2.428,2.435,2.408,0.0,2.682,2.194,55778798.0,0.0,134822743.774,0.0,0.0,0.0,20230823,20230823,94729171,2.438,0.0,0.0,2.407,2.406,2.405,2.404,2.403,0.0,0.0,0.0,0.0,0.0,2.408,2.409,2.41,2.411,2.412,0.0,0.0,0.0,0.0,0.0,2578300.0,4953600.0,2559900.0,846200.0,691800.0,0.0,0.0,0.0,0.0,0.0,1189902.0,2634100.0,3161037.0,2670700.0,363300.0,0.0,0.0,0.0,0.0,0.0
20230823094731964,SZSE,SZSE.ETF.159633,2.408,2.428,2.435,2.407,0.0,2.682,2.194,55936898.0,158100.0,135203325.574,380581.8000000119,0.0,0.0,20230823,20230823,94731963,2.438,0.0,0.0,2.407,2.406,2.405,2.404,2.403,0.0,0.0,0.0,0.0,0.0,2.408,2.409,2.41,2.411,2.412,0.0,0.0,0.0,0.0,0.0,3521600.0,4396300.0,2559900.0,347200.0,691800.0,0.0,0.0,0.0,0.0,0.0,159702.0,3029200.0,3811037.0,2670700.0,363300.0,0.0,0.0,0.0,0.0,0.0
20230823094734952,SZSE,SZSE.ETF.159633,2.408,2.428,2.435,2.407,0.0,2.682,2.194,55936898.0,0.0,135203325.574,0.0,0.0,0.0,20230823,20230823,94734950,2.438,0.0,0.0,2.407,2.406,2.405,2.404,2.403,0.0,0.0,0.0,0.0,0.0,2.408,2.409,2.41,2.411,2.412,0.0,0.0,0.0,0.0,0.0,2954300.0,4963600.0,3059900.0,347200.0,691800.0,0.0,0.0,0.0,0.0,0.0,154802.0,3634100.0,3161037.0,2670700.0,363300.0,0.0,0.0,0.0,0.0,0.0
20230823094737968,SZSE,SZSE.ETF.159633,2.408,2.428,2.435,2.407,0.0,2.682,2.194,55936898.0,0.0,135203325.574,0.0,0.0,0.0,20230823,20230823,94737968,2.438,0.0,0.0,2.407,2.406,2.405,2.404,2.403,0.0,0.0,0.0,0.0,0.0,2.408,2.409,2.41,2.411,2.412,0.0,0.0,0.0,0.0,0.0,3871600.0,3996300.0,3009900.0,347200.0,691800.0,0.0,0.0,0.0,0.0,0.0,154802.0,2379200.0,2915937.0,3720700.0,863300.0,0.0,0.0,0.0,0.0,0.0
20230823094740976,SZSE,SZSE.ETF.159633,2.408,2.428,2.435,2.407,0.0,2.682,2.194,55936898.0,0.0,135203325.574,0.0,0.0,0.0,20230823,20230823,94740977,2.438,0.0,0.0,2.407,2.406,2.405,2.404,2.403,0.0,0.0,0.0,0.0,0.0,2.408,2.409,2.41,2.411,2.412,0.0,0.0,0.0,0.0,0.0,3771600.0,4256300.0,3059900.0,847200.0,691800.0,0.0,0.0,0.0,0.0,0.0,154802.0,2634100.0,3161037.0,3480700.0,363300.0,0.0,0.0,0.0,0.0,0.0
20230823094743912,SZSE,SZSE.ETF.159633,2.408,2.428,2.435,2.407,0.0,2.682,2.194,55936898.0,0.0,135203325.574,0.0,0.0,0.0,20230823,20230823,94743911,2.438,0.0,0.0,2.407,2.406,2.405,2.404,2.403,0.0,0.0,0.0,0.0,0.0,2.408,2.409,2.41,2.411,2.412,0.0,0.0,0.0,0.0,0.0,3771600.0,3856300.0,3299900.0,847200.0,691800.0,0.0,0.0,0.0,0.0,0.0,337202.0,2379200.0,3105937.0,3480700.0,913300.0,0.0,0.0,0.0,0.0,0.0
20230823094747004,SZSE,SZSE.ETF.159633,2.408,2.428,2.435,2.407,0.0,2.682,2.194,55936898.0,0.0,135203325.574,0.0,0.0,0.0,20230823,20230823,94747004,2.438,0.0,0.0,2.407,2.406,2.405,2.404,2.403,0.0,0.0,0.0,0.0,0.0,2.408,2.409,2.41,2.411,2.412,0.0,0.0,0.0,0.0,0.0,3871600.0,3856300.0,3299900.0,847200.0,691800.0,0.0,0.0,0.0,0.0,0.0,337202.0,2379200.0,3105937.0,3480700.0,913300.0,0.0,0.0,0.0,0.0,0.0
20230823094750024,SZSE,SZSE.ETF.159633,2.408,2.428,2.435,2.407,0.0,2.682,2.194,55936898.0,0.0,135203325.574,0.0,0.0,0.0,20230823,20230823,94750023,2.438,0.0,0.0,2.407,2.406,2.405,2.404,2.403,0.0,0.0,0.0,0.0,0.0,2.408,2.409,2.41,2.411,2.412,0.0,0.0,0.0,0.0,0.0,3871600.0,3856300.0,3299900.0,847200.0,741800.0,0.0,0.0,0.0,0.0,0.0,337202.0,2634100.0,2851037.0,3430700.0,963300.0,0.0,0.0,0.0,0.0,0.0
20230823094755896,SZSE,SZSE.ETF.159633,2.408,2.428,2.435,2.407,0.0,2.682,2.194,56409000.0,472102.0,136340012.29,1136686.7159999907,0.0,0.0,20230823,20230823,94755896,2.438,0.0,0.0,2.408,2.407,2.406,2.405,2.404,0.0,0.0,0.0,0.0,0.0,2.409,2.41,2.411,2.412,2.413,0.0,0.0,0.0,0.0,0.0,465998.0,3990600.0,4326300.0,3229900.0,897200.0,0.0,0.0,0.0,0.0,0.0,2379200.0,3096700.0,3410700.0,1033300.0,100000.0,0.0,0.0,0.0,0.0,0.0
20230823094759136,SZSE,SZSE.ETF.159633,2.408,2.428,2.435,2.407,0.0,2.682,2.194,56409000.0,0.0,136340012.29,0.0,0.0,0.0,20230823,20230823,94759137,2.438,0.0,0.0,2.408,2.407,2.406,2.405,2.404,0.0,0.0,0.0,0.0,0.0,2.409,2.41,2.411,2.412,2.413,0.0,0.0,0.0,0.0,0.0,1015998.0,3041000.0,5036300.0,4317000.0,1191700.0,0.0,0.0,0.0,0.0,0.0,3429200.0,3176600.0,2493600.0,620400.0,300000.0,0.0,0.0,0.0,0.0,0.0
20230823094802124,SZSE,SZSE.ETF.159633,2.408,2.428,2.435,2.407,0.0,2.682,2.194,56409000.0,0.0,136340012.29,0.0,0.0,0.0,20230823,20230823,94802125,2.438,0.0,0.0,2.408,2.407,2.406,2.405,2.404,0.0,0.0,0.0,0.0,0.0,2.409,2.41,2.411,2.412,2.413,0.0,0.0,0.0,0.0,0.0,1470898.0,3041100.0,6436300.0,3417000.0,691700.0,0.0,0.0,0.0,0.0,0.0,2530200.0,3176600.0,2493600.0,1469400.0,300000.0,0.0,0.0,0.0,0.0,0.0
20230823094805080,SZSE,SZSE.ETF.159633,2.409,2.428,2.435,2.407,0.0,2.682,2.194,56414200.0,5200.0,136352539.09,12526.800000011921,0.0,0.0,20230823,20230823,94805078,2.438,0.0,0.0,2.408,2.407,2.406,2.405,2.404,0.0,0.0,0.0,0.0,0.0,2.409,2.41,2.411,2.412,2.413,0.0,0.0,0.0,0.0,0.0,2937198.0,3461000.0,5699100.0,1418000.0,1191700.0,0.0,0.0,0.0,0.0,0.0,825000.0,3571700.0,2748500.0,2469400.0,300000.0,0.0,0.0,0.0,0.0,0.0
20230823094808160,SZSE,SZSE.ETF.159633,2.409,2.428,2.435,2.407,0.0,2.682,2.194,56914200.0,500000.0,137557039.09,1204500.0,0.0,0.0,20230823,20230823,94808162,2.438,0.0,0.0,2.408,2.407,2.406,2.405,2.404,0.0,0.0,0.0,0.0,0.0,2.409,2.41,2.411,2.412,2.413,0.0,0.0,0.0,0.0,0.0,3987198.0,3861000.0,4823900.0,1103200.0,1191700.0,0.0,0.0,0.0,0.0,0.0,4900.0,1856900.0,3655400.0,3143900.0,799000.0,0.0,0.0,0.0,0.0,0.0
20230823094810968,SZSE,SZSE.ETF.159633,2.409,2.428,2.435,2.407,0.0,2.682,2.194,56919100.0,4900.0,137568843.19,11804.09999999404,0.0,0.0,20230823,20230823,94810966,2.438,0.0,0.0,2.409,2.408,2.407,2.406,2.405,0.0,0.0,0.0,0.0,0.0,2.41,2.411,2.412,2.413,2.414,0.0,0.0,0.0,0.0,0.0,1145100.0,5187198.0,3711000.0,4163900.0,1053200.0,0.0,0.0,0.0,0.0,0.0,1006900.0,3250300.0,3643900.0,1299000.0,502800.0,0.0,0.0,0.0,0.0,0.0
20230823094814096,SZSE,SZSE.ETF.159633,2.409,2.428,2.435,2.407,0.0,2.682,2.194,56919100.0,0.0,137568843.19,0.0,0.0,0.0,20230823,20230823,94814094,2.438,0.0,0.0,2.409,2.408,2.407,2.406,2.405,0.0,0.0,0.0,0.0,0.0,2.41,2.411,2.412,2.413,2.414,0.0,0.0,0.0,0.0,0.0,160200.0,5082298.0,4154100.0,3617800.0,897800.0,0.0,0.0,0.0,0.0,0.0,2156900.0,3293800.0,2580300.0,520000.0,1102800.0,0.0,0.0,0.0,0.0,0.0
20230823094816932,SZSE,SZSE.ETF.159633,2.409,2.428,2.435,2.407,0.0,2.682,2.194,57074400.0,155300.0,137942960.89,374117.6999999881,0.0,0.0,20230823,20230823,94816933,2.438,0.0,0.0,2.408,2.407,2.406,2.405,2.404,0.0,0.0,0.0,0.0,0.0,2.409,2.41,2.411,2.412,2.413,0.0,0.0,0.0,0.0,0.0,2070898.0,3738300.0,4851000.0,2896800.0,500000.0,0.0,0.0,0.0,0.0,0.0,1002900.0,3160800.0,3125300.0,1576900.0,437100.0,0.0,0.0,0.0,0.0,0.0
20230823094820036,SZSE,SZSE.ETF.159633,2.409,2.428,2.435,2.407,0.0,2.682,2.194,57074400.0,0.0,137942960.89,0.0,0.0,0.0,20230823,20230823,94820035,2.438,0.0,0.0,2.408,2.407,2.406,2.405,2.404,0.0,0.0,0.0,0.0,0.0,2.409,2.41,2.411,2.412,2.413,0.0,0.0,0.0,0.0,0.0,820898.0,4328300.0,4663900.0,2952200.0,691700.0,0.0,0.0,0.0,0.0,0.0,1953900.0,3242300.0,3409000.0,744900.0,300000.0,0.0,0.0,0.0,0.0,0.0
20230823094822936,SZSE,SZSE.ETF.159633,2.409,2.428,2.435,2.407,0.0,2.682,2.194,57074400.0,0.0,137942960.89,0.0,0.0,0.0,20230823,20230823,94822934,2.438,0.0,0.0,2.408,2.407,2.406,2.405,2.404,0.0,0.0,0.0,0.0,0.0,2.409,2.41,2.411,2.412,2.413,0.0,0.0,0.0,0.0,0.0,570898.0,3091100.0,4927900.0,3585400.0,691700.0,0.0,0.0,0.0,0.0,0.0,3003900.0,2992200.0,2602100.0,661900.0,300000.0,0.0,0.0,0.0,0.0,0.0
20230823094825984,SZSE,SZSE.ETF.159633,2.409,2.428,2.435,2.407,0.0,2.682,2.194,57074400.0,0.0,137942960.89,0.0,0.0,0.0,20230823,20230823,94825985,2.438,0.0,0.0,2.408,2.407,2.406,2.405,2.404,0.0,0.0,0.0,0.0,0.0,2.409,2.41,2.411,2.412,2.413,0.0,0.0,0.0,0.0,0.0,665998.0,2528700.0,3935200.0,4085400.0,2191700.0,0.0,0.0,0.0,0.0,0.0,4308800.0,2737300.0,1792100.0,661900.0,300000.0,0.0,0.0,0.0,0.0,0.0
20230823094828964,SZSE,SZSE.ETF.159633,2.408,2.428,2.435,2.407,0.0,2.682,2.194,57641598.0,567198.0,139308773.674,1365812.7840000093,0.0,0.0,20230823,20230823,94828963,2.438,0.0,0.0,2.407,2.406,2.405,2.404,2.403,0.0,0.0,0.0,0.0,0.0,2.408,2.409,2.41,2.411,2.412,0.0,0.0,0.0,0.0,0.0,779700.0,4465200.0,4155400.0,3090700.0,550000.0,0.0,0.0,0.0,0.0,0.0,2152700.0,3103900.0,2887300.0,813100.0,641900.0,0.0,0.0,0.0,0.0,0.0
20230823094832012,SZSE,SZSE.ETF.159633,2.408,2.428,2.435,2.407,0.0,2.682,2.194,57646498.0,4900.0,139320572.874,11799.200000017881,0.0,0.0,20230823,20230823,94832011,2.438,0.0,0.0,2.407,2.406,2.405,2.404,2.403,0.0,0.0,0.0,0.0,0.0,2.408,2.409,2.41,2.411,2.412,0.0,0.0,0.0,0.0,0.0,579700.0,6563600.0,3676700.0,2829400.0,741800.0,0.0,0.0,0.0,0.0,0.0,2777700.0,3099000.0,2890400.0,688700.0,513300.0,0.0,0.0,0.0,0.0,0.0
20230823094834896,SZSE,SZSE.ETF.159633,2.408,2.428,2.435,2.407,0.0,2.682,2.194,57646498.0,0.0,139320572.874,0.0,0.0,0.0,20230823,20230823,94834898,2.438,0.0,0.0,2.407,2.406,2.405,2.404,2.403,0.0,0.0,0.0,0.0,0.0,2.408,2.409,2.41,2.411,2.412,0.0,0.0,0.0,0.0,0.0,1724800.0,3818500.0,3876700.0,3879400.0,741800.0,0.0,0.0,0.0,0.0,0.0,1033037.0,4553800.0,2690500.0,1187700.0,513300.0,0.0,0.0,0.0,0.0,0.0
20230823094837924,SZSE,SZSE.ETF.159633,2.408,2.428,2.435,2.407,0.0,2.682,2.194,57785635.0,139137.0,139655614.77,335041.89599999785,0.0,0.0,20230823,20230823,94837925,2.438,0.0,0.0,2.408,2.407,2.406,2.405,2.404,0.0,0.0,0.0,0.0,0.0,2.409,2.41,2.411,2.412,2.413,0.0,0.0,0.0,0.0,0.0,10863.0,3428700.0,4373600.0,3749900.0,1897200.0,0.0,0.0,0.0,0.0,0.0,3403900.0,3847400.0,2080700.0,513300.0,100000.0,0.0,0.0,0.0,0.0,0.0
20230823094841020,SZSE,SZSE.ETF.159633,2.408,2.428,2.435,2.407,0.0,2.682,2.194,57796498.0,10863.0,139681772.874,26158.104000002146,0.0,0.0,20230823,20230823,94841021,2.438,0.0,0.0,2.407,2.406,2.405,2.404,2.403,0.0,0.0,0.0,0.0,0.0,2.408,2.409,2.41,2.411,2.412,0.0,0.0,0.0,0.0,0.0,1579700.0,4083600.0,4687000.0,3090700.0,550000.0,0.0,0.0,0.0,0.0,0.0,389137.0,4558800.0,3126300.0,963600.0,600400.0,0.0,0.0,0.0,0.0,0.0
20230823094936848,SZSE,SZSE.ETF.159633,2.411,2.428,2.435,2.407,0.0,2.682,2.194,58388004.0,5500.0,141107237.534,13260.5,0.0,0.0,20230823,20230823,94936848,2.438,0.0,0.0,2.41,2.409,2.408,2.407,2.406,0.0,0.0,0.0,0.0,0.0,2.411,2.412,2.413,2.414,2.415,0.0,0.0,0.0,0.0,0.0,2421200.0,2205500.0,3832800.0,2425000.0,1464800.0,0.0,0.0,0.0,0.0,0.0,1104400.0,2568200.0,3348300.0,2380400.0,1200859.0,0.0,0.0,0.0,0.0,0.0
20230823094938232,SZSE,SZSE.ETF.159633,2.411,2.428,2.435,2.407,0.0,2.682,2.194,58488004.0,100000.0,141348337.534,241100.0,0.0,0.0,20230823,20230823,94938230,2.438,0.0,0.0,2.41,2.409,2.408,2.407,2.406,0.0,0.0,0.0,0.0,0.0,2.411,2.412,2.413,2.414,2.415,0.0,0.0,0.0,0.0,0.0,2621200.0,3355500.0,3078700.0,1629100.0,1415800.0,0.0,0.0,0.0,0.0,0.0,104900.0,2813300.0,4170300.0,2463300.0,701859.0,0.0,0.0,0.0,0.0,0.0
20230823094942964,SZSE,SZSE.ETF.159633,2.411,2.428,2.435,2.407,0.0,2.682,2.194,58583104.0,95100.0,141577623.634,229286.09999999404,0.0,0.0,20230823,20230823,94942965,2.438,0.0,0.0,2.41,2.409,2.408,2.407,2.406,0.0,0.0,0.0,0.0,0.0,2.412,2.413,2.414,2.415,2.416,0.0,0.0,0.0,0.0,0.0,2153900.0,2772800.0,3278700.0,3079100.0,1415800.0,0.0,0.0,0.0,0.0,0.0,3672100.0,4265400.0,1963300.0,1101859.0,1040800.0,0.0,0.0,0.0,0.0,0.0
20230823094945352,SZSE,SZSE.ETF.159633,2.411,2.428,2.435,2.407,0.0,2.682,2.194,58583104.0,0.0,141577623.634,0.0,0.0,0.0,20230823,20230823,94945353,2.438,0.0,0.0,2.41,2.409,2.408,2.407,2.406,0.0,0.0,0.0,0.0,0.0,2.411,2.412,2.413,2.414,2.415,0.0,0.0,0.0,0.0,0.0,1204900.0,1872900.0,3928700.0,3928100.0,865700.0,0.0,0.0,0.0,0.0,0.0,1400000.0,4358500.0,2908900.0,539300.0,796859.0,0.0,0.0,0.0,0.0,0.0
20230823094948716,SZSE,SZSE.ETF.159633,2.41,2.428,2.435,2.407,0.0,2.682,2.194,58788004.0,204900.0,142071432.634,493809.0,0.0,0.0,20230823,20230823,94948717,2.438,0.0,0.0,2.409,2.408,2.407,2.406,2.405,0.0,0.0,0.0,0.0,0.0,2.411,2.412,2.413,2.414,2.415,0.0,0.0,0.0,0.0,0.0,2505500.0,4322900.0,3991200.0,785800.0,1206100.0,0.0,0.0,0.0,0.0,0.0,3303900.0,3023600.0,3001900.0,481400.0,1101859.0,0.0,0.0,0.0,0.0,0.0
20230823094951108,SZSE,SZSE.ETF.159633,2.41,2.428,2.435,2.407,0.0,2.682,2.194,58788004.0,0.0,142071432.634,0.0,0.0,0.0,20230823,20230823,94951107,2.438,0.0,0.0,2.409,2.408,2.407,2.406,2.405,0.0,0.0,0.0,0.0,0.0,2.411,2.412,2.413,2.414,2.415,0.0,0.0,0.0,0.0,0.0,3527700.0,3294200.0,3595600.0,1491200.0,647700.0,0.0,0.0,0.0,0.0,0.0,1904900.0,4174600.0,3275400.0,896700.0,702059.0,0.0,0.0,0.0,0.0,0.0
20230823094953104,SZSE,SZSE.ETF.159633,2.41,2.428,2.435,2.407,0.0,2.682,2.194,58788004.0,0.0,142071432.634,0.0,0.0,0.0,20230823,20230823,94953102,2.438,0.0,0.0,2.41,2.409,2.408,2.407,2.406,0.0,0.0,0.0,0.0,0.0,2.411,2.412,2.413,2.414,2.415,0.0,0.0,0.0,0.0,0.0,404900.0,3522800.0,3194200.0,3637600.0,949200.0,0.0,0.0,0.0,0.0,0.0,554900.0,4874500.0,3533500.0,1338700.0,1102059.0,0.0,0.0,0.0,0.0,0.0
20230823094955924,SZSE,SZSE.ETF.159633,2.411,2.428,2.435,2.407,0.0,2.682,2.194,59692904.0,904900.0,144253146.534,2181713.900000006,0.0,0.0,20230823,20230823,94955924,2.438,0.0,0.0,2.411,2.41,2.409,2.408,2.407,0.0,0.0,0.0,0.0,0.0,2.412,2.413,2.414,2.415,2.416,0.0,0.0,0.0,0.0,0.0,95100.0,2321200.0,2355500.0,2654200.0,1843600.0,0.0,0.0,0.0,0.0,0.0,2700700.0,4208300.0,2388700.0,1201059.0,1040800.0,0.0,0.0,0.0,0.0,0.0
20230823095013988,SZSE,SZSE.ETF.159633,2.409,2.428,2.435,2.407,0.0,2.682,2.194,61020704.0,562400.0,147452587.734,1354821.599999994,0.0,0.0,20230823,20230823,95013988,2.438,0.0,0.0,2.408,2.407,2.406,2.405,2.404,0.0,0.0,0.0,0.0,0.0,2.409,2.41,2.411,2.412,2.413,0.0,0.0,0.0,0.0,0.0,3821400.0,4446300.0,2770200.0,697800.0,1050000.0,0.0,0.0,0.0,0.0,0.0,437600.0,3358800.0,2289300.0,1723300.0,1081500.0,0.0,0.0,0.0,0.0,0.0
20230823095016976,SZSE,SZSE.ETF.159633,2.409,2.428,2.435,2.407,0.0,2.682,2.194,61020704.0,0.0,147452587.734,0.0,0.0,0.0,20230823,20230823,95016975,2.438,0.0,0.0,2.408,2.407,2.406,2.405,2.404,0.0,0.0,0.0,0.0,0.0,2.409,2.41,2.411,2.412,2.413,0.0,0.0,0.0,0.0,0.0,260000.0,5441700.0,3545100.0,2752200.0,741700.0,0.0,0.0,0.0,0.0,0.0,2099000.0,2158800.0,3759300.0,1315900.0,1170000.0,0.0,0.0,0.0,0.0,0.0
20230823095019988,SZSE,SZSE.ETF.159633,2.408,2.428,2.435,2.407,0.0,2.682,2.194,61220704.0,200000.0,147934187.734,481600.0,0.0,0.0,20230823,20230823,95019988,2.438,0.0,0.0,2.408,2.407,2.406,2.405,2.404,0.0,0.0,0.0,0.0,0.0,2.409,2.41,2.411,2.412,2.413,0.0,0.0,0.0,0.0,0.0,50000.0,3309300.0,3699200.0,4035400.0,1191700.0,0.0,0.0,0.0,0.0,0.0,4158800.0,2485400.0,1805900.0,902900.0,800000.0,0.0,0.0,0.0,0.0,0.0
20230823095022996,SZSE,SZSE.ETF.159633,2.408,2.428,2.435,2.407,0.0,2.682,2.194,61270704.0,50000.0,148054587.734,120400.0,0.0,0.0,20230823,20230823,95022997,2.438,0.0,0.0,2.407,2.406,2.405,2.404,2.403,0.0,0.0,0.0,0.0,0.0,2.408,2.409,2.41,2.411,2.412,0.0,0.0,0.0,0.0,0.0,810300.0,3900400.0,3984200.0,3590700.0,551000.0,0.0,0.0,0.0,0.0,0.0,1400000.0,3708800.0,2385300.0,1117500.0,741400.0,0.0,0.0,0.0,0.0,0.0
20230823095025968,SZSE,SZSE.ETF.159633,2.408,2.428,2.435,2.407,0.0,2.682,2.194,61270704.0,0.0,148054587.734,0.0,0.0,0.0,20230823,20230823,95025967,2.438,0.0,0.0,2.407,2.406,2.405,2.404,2.403,0.0,0.0,0.0,0.0,0.0,2.408,2.409,2.41,2.411,2.412,0.0,0.0,0.0,0.0,0.0,620300.0,3390400.0,4663900.0,3329400.0,742800.0,0.0,0.0,0.0,0.0,0.0,2597500.0,2153900.0,2688400.0,1151600.0,564300.0,0.0,0.0,0.0,0.0,0.0
20230823095028984,SZSE,SZSE.ETF.159633,2.408,2.428,2.435,2.407,0.0,2.682,2.194,61270704.0,0.0,148054587.734,0.0,0.0,0.0,20230823,20230823,95028985,2.438,0.0,0.0,2.407,2.406,2.405,2.404,2.403,0.0,0.0,0.0,0.0,0.0,2.408,2.409,2.41,2.411,2.412,0.0,0.0,0.0,0.0,0.0,620300.0,3740400.0,3903900.0,3879400.0,1242800.0,0.0,0.0,0.0,0.0,0.0,3146500.0,2790300.0,2842000.0,602600.0,514300.0,0.0,0.0,0.0,0.0,0.0
20230823095032020,SZSE,SZSE.ETF.159633,2.408,2.428,2.435,2.407,0.0,2.682,2.194,61276104.0,5400.0,148067590.934,13003.199999988079,0.0,0.0,20230823,20230823,95032019,2.438,0.0,0.0,2.407,2.406,2.405,2.404,2.403,0.0,0.0,0.0,0.0,0.0,2.408,2.409,2.41,2.411,2.412,0.0,0.0,0.0,0.0,0.0,615400.0,2528000.0,3521200.0,4179400.0,2242800.0,0.0,0.0,0.0,0.0,0.0,4446000.0,2535400.0,1842000.0,702600.0,514300.0,0.0,0.0,0.0,0.0,0.0
20230823095035052,SZSE,SZSE.ETF.159633,2.407,2.428,2.435,2.407,0.0,2.682,2.194,61891504.0,615400.0,149548858.734,1481267.800000012,0.0,0.0,20230823,20230823,95035051,2.438,0.0,0.0,2.406,2.405,2.404,2.403,2.402,0.0,0.0,0.0,0.0,0.0,2.408,2.409,2.41,2.411,2.412,0.0,0.0,0.0,0.0,0.0,2528000.0,3421200.0,4179400.0,2242800.0,530000.0,0.0,0.0,0.0,0.0,0.0,4496000.0,2735300.0,1642100.0,652600.0,514300.0,0.0,0.0,0.0,0.0,0.0
20230823095109720,SZSE,SZSE.ETF.159633,2.407,2.428,2.435,2.406,0.0,2.682,2.194,62768904.0,718900.0,151660636.934,1730392.2999999821,0.0,0.0,20230823,20230823,95109719,2.438,0.0,0.0,2.406,2.405,2.404,2.403,2.402,0.0,0.0,0.0,0.0,0.0,2.408,2.409,2.41,2.411,2.412,0.0,0.0,0.0,0.0,0.0,2926200.0,5202300.0,3291000.0,742800.0,530000.0,0.0,0.0,0.0,0.0,0.0,592100.0,4840200.0,2863600.0,940100.0,301000.0,0.0,0.0,0.0,0.0,0.0
20230823095110988,SZSE,SZSE.ETF.159633,2.407,2.428,2.435,2.406,0.0,2.682,2.194,62768904.0,0.0,151660636.934,0.0,0.0,0.0,20230823,20230823,95110987,2.438,0.0,0.0,2.407,2.406,2.405,2.404,2.403,0.0,0.0,0.0,0.0,0.0,2.408,2.409,2.41,2.411,2.412,0.0,0.0,0.0,0.0,0.0,3321200.0,2954000.0,4328300.0,1071700.0,1248200.0,0.0,0.0,0.0,0.0,0.0,147500.0,2149000.0,3103900.0,3431000.0,801000.0,0.0,0.0,0.0,0.0,0.0
20230823095115892,SZSE,SZSE.ETF.159633,2.408,2.428,2.435,2.406,0.0,2.682,2.194,63268904.0,500000.0,152864636.934,1204000.0,0.0,0.0,20230823,20230823,95115893,2.438,0.0,0.0,2.407,2.406,2.405,2.404,2.403,0.0,0.0,0.0,0.0,0.0,2.409,2.41,2.411,2.412,2.413,0.0,0.0,0.0,0.0,0.0,2911900.0,3008500.0,3888300.0,2158800.0,692800.0,0.0,0.0,0.0,0.0,0.0,3408800.0,2806900.0,2423100.0,801000.0,1450000.0,0.0,0.0,0.0,0.0,0.0
20230823095118956,SZSE,SZSE.ETF.159633,2.408,2.428,2.435,2.406,0.0,2.682,2.194,63268904.0,0.0,152864636.934,0.0,0.0,0.0,20230823,20230823,95118955,2.438,0.0,0.0,2.407,2.406,2.405,2.404,2.403,0.0,0.0,0.0,0.0,0.0,2.409,2.41,2.411,2.412,2.413,0.0,0.0,0.0,0.0,0.0,2462900.0,3108600.0,3649900.0,1897200.0,652700.0,0.0,0.0,0.0,0.0,0.0,4158800.0,3125300.0,1609600.0,396000.0,1150100.0,0.0,0.0,0.0,0.0,0.0
20230823095120572,SZSE,SZSE.ETF.159633,2.408,2.428,2.435,2.406,0.0,2.682,2.194,63268904.0,0.0,152864636.934,0.0,0.0,0.0,20230823,20230823,95120571,2.438,0.0,0.0,2.407,2.406,2.405,2.404,2.403,0.0,0.0,0.0,0.0,0.0,2.409,2.41,2.411,2.412,2.413,0.0,0.0,0.0,0.0,0.0,1961900.0,3208600.0,4759900.0,1947200.0,1152700.0,0.0,0.0,0.0,0.0,0.0,4158800.0,2935300.0,1659600.0,396000.0,1550100.0,0.0,0.0,0.0,0.0,0.0
20230823095123512,SZSE,SZSE.ETF.159633,2.408,2.428,2.435,2.406,0.0,2.682,2.194,63268904.0,0.0,152864636.934,0.0,0.0,0.0,20230823,20230823,95123512,2.438,0.0,0.0,2.407,2.406,2.405,2.404,2.403,0.0,0.0,0.0,0.0,0.0,2.408,2.409,2.41,2.411,2.412,0.0,0.0,0.0,0.0,0.0,2379200.0,3991300.0,4349900.0,947200.0,1152700.0,0.0,0.0,0.0,0.0,0.0,174200.0,2899000.0,3190200.0,2849600.0,296000.0,0.0,0.0,0.0,0.0,0.0
20230823095126208,SZSE,SZSE.ETF.159633,2.408,2.428,2.435,2.406,0.0,2.682,2.194,63268904.0,0.0,152864636.934,0.0,0.0,0.0,20230823,20230823,95126207,2.438,0.0,0.0,2.407,2.406,2.405,2.404,2.403,0.0,0.0,0.0,0.0,0.0,2.408,2.409,2.41,2.411,2.412,0.0,0.0,0.0,0.0,0.0,3011900.0,3008500.0,3949900.0,2097200.0,1202800.0,0.0,0.0,0.0,0.0,0.0,169300.0,3158800.0,2655400.0,2874600.0,801000.0,0.0,0.0,0.0,0.0,0.0
20230823095128952,SZSE,SZSE.ETF.159633,2.408,2.428,2.435,2.406,0.0,2.682,2.194,63268904.0,0.0,152864636.934,0.0,0.0,0.0,20230823,20230823,95128953,2.438,0.0,0.0,2.407,2.406,2.405,2.404,2.403,0.0,0.0,0.0,0.0,0.0,2.408,2.409,2.41,2.411,2.412,0.0,0.0,0.0,0.0,0.0,3108000.0,3158500.0,3549900.0,2946200.0,1202800.0,0.0,0.0,0.0,0.0,0.0,569300.0,3308800.0,2655400.0,2474600.0,801000.0,0.0,0.0,0.0,0.0,0.0
20230823095132344,SZSE,SZSE.ETF.159633,2.408,2.428,2.435,2.406,0.0,2.682,2.194,63273504.0,4600.0,152875713.734,11076.800000011921,0.0,0.0,20230823,20230823,95132345,2.438,0.0,0.0,2.407,2.406,2.405,2.404,2.403,0.0,0.0,0.0,0.0,0.0,2.408,2.409,2.41,2.411,2.412,0.0,0.0,0.0,0.0,0.0,2108000.0,3621300.0,4349900.0,2946200.0,702800.0,0.0,0.0,0.0,0.0,0.0,3468600.0,1903900.0,1655400.0,1975600.0,801000.0,0.0,0.0,0.0,0.0,0.0
20230823095135388,SZSE,SZSE.ETF.159633,2.408,2.428,2.435,2.406,0.0,2.682,2.194,63283504.0,10000.0,152899793.734,24080.0,0.0,0.0,20230823,20230823,95135387,2.438,0.0,0.0,2.407,2.406,2.405,2.404,2.403,0.0,0.0,0.0,0.0,0.0,2.408,2.409,2.41,2.411,2.412,0.0,0.0,0.0,0.0,0.0,1108000.0,4971300.0,4363900.0,2029400.0,702800.0,0.0,0.0,0.0,0.0,0.0,1559600.0,3590200.0,2952100.0,1151600.0,301000.0,0.0,0.0,0.0,0.0,0.0
20230823095138140,SZSE,SZSE.ETF.159633,2.408,2.428,2.435,2.406,0.0,2.682,2.194,63283504.0,0.0,152899793.734,0.0,0.0,0.0,20230823,20230823,95138139,2.438,0.0,0.0,2.407,2.406,2.405,2.404,2.403,0.0,0.0,0.0,0.0,0.0,2.408,2.409,2.41,2.411,2.412,0.0,0.0,0.0,0.0,0.0,2458000.0,3621300.0,3853900.0,2679400.0,702800.0,0.0,0.0,0.0,0.0,0.0,1159600.0,3440300.0,3342000.0,1501600.0,301000.0,0.0,0.0,0.0,0.0,0.0
20230823095141036,SZSE,SZSE.ETF.159633,2.408,2.428,2.435,2.406,0.0,2.682,2.194,63283504.0,0.0,152899793.734,0.0,0.0,0.0,20230823,20230823,95141036,2.438,0.0,0.0,2.407,2.406,2.405,2.404,2.403,0.0,0.0,0.0,0.0,0.0,2.408,2.409,2.41,2.411,2.412,0.0,0.0,0.0,0.0,0.0,3557000.0,2671300.0,3987100.0,2097200.0,702800.0,0.0,0.0,0.0,0.0,0.0,1159600.0,2353900.0,3845400.0,1734600.0,301000.0,0.0,0.0,0.0,0.0,0.0
20230823095143872,SZSE,SZSE.ETF.159633,2.408,2.428,2.435,2.406,0.0,2.682,2.194,63283504.0,0.0,152899793.734,0.0,0.0,0.0,20230823,20230823,95143872,2.438,0.0,0.0,2.407,2.406,2.405,2.404,2.403,0.0,0.0,0.0,0.0,0.0,2.408,2.409,2.41,2.411,2.412,0.0,0.0,0.0,0.0,0.0,3875300.0,3254000.0,3987100.0,1546200.0,1202800.0,0.0,0.0,0.0,0.0,0.0,159600.0,3353900.0,3845400.0,2134600.0,301000.0,0.0,0.0,0.0,0.0,0.0
20230823095146960,SZSE,SZSE.ETF.159633,2.408,2.428,2.435,2.406,0.0,2.682,2.194,63283504.0,0.0,152899793.734,0.0,0.0,0.0,20230823,20230823,95146962,2.438,0.0,0.0,2.407,2.406,2.405,2.404,2.403,0.0,0.0,0.0,0.0,0.0,2.408,2.409,2.41,2.411,2.412,0.0,0.0,0.0,0.0,0.0,3058000.0,2671300.0,4437100.0,2047200.0,702800.0,0.0,0.0,0.0,0.0,0.0,154700.0,3358800.0,2845400.0,2334600.0,801000.0,0.0,0.0,0.0,0.0,0.0
20230823095150008,SZSE,SZSE.ETF.159633,2.408,2.428,2.435,2.406,0.0,2.682,2.194,63283504.0,0.0,152899793.734,0.0,0.0,0.0,20230823,20230823,95150006,2.438,0.0,0.0,2.407,2.406,2.405,2.404,2.403,0.0,0.0,0.0,0.0,0.0,2.408,2.409,2.41,2.411,2.412,0.0,0.0,0.0,0.0,0.0,3599000.0,3671300.0,3987100.0,1447200.0,1202800.0,0.0,0.0,0.0,0.0,0.0,554700.0,3308800.0,3345400.0,2284600.0,301000.0,0.0,0.0,0.0,0.0,0.0
20230823095152932,SZSE,SZSE.ETF.159633,2.408,2.428,2.435,2.406,0.0,2.682,2.194,63283504.0,0.0,152899793.734,0.0,0.0,0.0,20230823,20230823,95152931,2.438,0.0,0.0,2.407,2.406,2.405,2.404,2.403,0.0,0.0,0.0,0.0,0.0,2.408,2.409,2.41,2.411,2.412,0.0,0.0,0.0,0.0,0.0,3999900.0,3671300.0,4387100.0,1047200.0,1202800.0,0.0,0.0,0.0,0.0,0.0,154700.0,3308800.0,2845400.0,2684600.0,801000.0,0.0,0.0,0.0,0.0,0.0
20230823095155852,SZSE,SZSE.ETF.159633,2.408,2.428,2.435,2.406,0.0,2.682,2.194,63438204.0,154700.0,153272311.334,372517.59999999404,0.0,0.0,20230823,20230823,95155853,2.438,0.0,0.0,2.408,2.407,2.406,2.405,2.404,0.0,0.0,0.0,0.0,0.0,2.409,2.41,2.411,2.412,2.413,0.0,0.0,0.0,0.0,0.0,840400.0,4417200.0,3454000.0,3787100.0,1047200.0,0.0,0.0,0.0,0.0,0.0,1554900.0,3100300.0,3684600.0,1300000.0,900000.0,0.0,0.0,0.0,0.0,0.0
20230823095159320,SZSE,SZSE.ETF.159633,2.408,2.428,2.435,2.406,0.0,2.682,2.194,63438204.0,0.0,153272311.334,0.0,0.0,0.0,20230823,20230823,95159318,2.438,0.0,0.0,2.408,2.407,2.406,2.405,2.404,0.0,0.0,0.0,0.0,0.0,2.409,2.41,2.411,2.412,2.413,0.0,0.0,0.0,0.0,0.0,845300.0,2467200.0,4164000.0,4724200.0,941700.0,0.0,0.0,0.0,0.0,0.0,2554900.0,3380200.0,2717500.0,837100.0,1500000.0,0.0,0.0,0.0,0.0,0.0
20230823095202672,SZSE,SZSE.ETF.159633,2.409,2.428,2.435,2.406,0.0,2.682,2.194,63443804.0,5600.0,153285801.734,13490.40000000596,0.0,0.0,20230823,20230823,95202672,2.438,0.0,0.0,2.408,2.407,2.406,2.405,2.404,0.0,0.0,0.0,0.0,0.0,2.409,2.41,2.411,2.412,2.413,0.0,0.0,0.0,0.0,0.0,1345300.0,2467200.0,4164000.0,3997000.0,991700.0,0.0,0.0,0.0,0.0,0.0,3219000.0,2990300.0,2867400.0,438100.0,1100000.0,0.0,0.0,0.0,0.0,0.0
20230823095205640,SZSE,SZSE.ETF.159633,2.409,2.428,2.435,2.406,0.0,2.682,2.194,63443804.0,0.0,153285801.734,0.0,0.0,0.0,20230823,20230823,95205639,2.438,0.0,0.0,2.408,2.407,2.406,2.405,2.404,0.0,0.0,0.0,0.0,0.0,2.409,2.41,2.411,2.412,2.413,0.0,0.0,0.0,0.0,0.0,597900.0,3117200.0,4432800.0,3855400.0,991700.0,0.0,0.0,0.0,0.0,0.0,570000.0,4640300.0,2915900.0,928600.0,1500000.0,0.0,0.0,0.0,0.0,0.0
20230823095208448,SZSE,SZSE.ETF.159633,2.409,2.428,2.435,2.406,0.0,2.682,2.194,63443804.0,0.0,153285801.734,0.0,0.0,0.0,20230823,20230823,95208449,2.438,0.0,0.0,2.408,2.407,2.406,2.405,2.404,0.0,0.0,0.0,0.0,0.0,2.409,2.41,2.411,2.412,2.413,0.0,0.0,0.0,0.0,0.0,3015200.0,2199900.0,3916000.0,1772200.0,1291700.0,0.0,0.0,0.0,0.0,0.0,175600.0,4640300.0,3332900.0,1011600.0,700000.0,0.0,0.0,0.0,0.0,0.0
20230823095211012,SZSE,SZSE.ETF.159633,2.409,2.428,2.435,2.406,0.0,2.682,2.194,63443804.0,0.0,153285801.734,0.0,0.0,0.0,20230823,20230823,95211012,2.438,0.0,0.0,2.408,2.407,2.406,2.405,2.404,0.0,0.0,0.0,0.0,0.0,2.409,2.41,2.411,2.412,2.413,0.0,0.0,0.0,0.0,0.0,1097900.0,4017200.0,3716000.0,3122200.0,691700.0,0.0,0.0,0.0,0.0,0.0,570700.0,3558800.0,3419300.0,2061600.0,700000.0,0.0,0.0,0.0,0.0,0.0
20230823095213984,SZSE,SZSE.ETF.159633,2.409,2.428,2.435,2.406,0.0,2.682,2.194,63443804.0,0.0,153285801.734,0.0,0.0,0.0,20230823,20230823,95213985,2.438,0.0,0.0,2.408,2.407,2.406,2.405,2.404,0.0,0.0,0.0,0.0,0.0,2.409,2.41,2.411,2.412,2.413,0.0,0.0,0.0,0.0,0.0,2147900.0,2617200.0,4276000.0,2722200.0,691700.0,0.0,0.0,0.0,0.0,0.0,1175600.0,2790200.0,3443000.0,1111600.0,700000.0,0.0,0.0,0.0,0.0,0.0
20230823095216892,SZSE,SZSE.ETF.159633,2.409,2.428,2.435,2.406,0.0,2.682,2.194,63445004.0,1200.0,153288692.534,2890.800000011921,0.0,0.0,20230823,20230823,95216893,2.438,0.0,0.0,2.408,2.407,2.406,2.405,2.404,0.0,0.0,0.0,0.0,0.0,2.409,2.41,2.411,2.412,2.413,0.0,0.0,0.0,0.0,0.0,597900.0,3617200.0,4616000.0,3172200.0,691700.0,0.0,0.0,0.0,0.0,0.0,574400.0,4840200.0,2633000.0,1061600.0,700000.0,0.0,0.0,0.0,0.0,0.0
20230823095219876,SZSE,SZSE.ETF.159633,2.409,2.428,2.435,2.406,0.0,2.682,2.194,63445004.0,0.0,153288692.534,0.0,0.0,0.0,20230823,20230823,95219875,2.438,0.0,0.0,2.408,2.407,2.406,2.405,2.404,0.0,0.0,0.0,0.0,0.0,2.409,2.41,2.411,2.412,2.413,0.0,0.0,0.0,0.0,0.0,2997900.0,2117200.0,4502800.0,2785400.0,691700.0,0.0,0.0,0.0,0.0,0.0,174400.0,4840200.0,3013000.0,1581600.0,700000.0,0.0,0.0,0.0,0.0,0.0
