TradeDate,OrigTime,BidPx1,BidPx2,BidPx3,BidPx4,BidPx5,BidSize1,BidSize2,BidSize3,BidSize4,BidSize5,DownLimitPx,HighPx,LastPx,LowPx,OFI1,OFI2,OFI3,OFI4,OFI5,OfferPx1,OfferPx2,OfferPx3,OfferPx4,OfferPx5,OfferSize1,OfferSize2,OfferSize3,OfferSize4,OfferSize5,OpenPx,PreClosePx,PxChange1,PxChange2,TotalValueTrade,TotalVolumeTrade,UpLimitPx,aOF1,aOF2,aOF3,aOF4,aOF5,abs_diff,abs_diff_v,amount,ask_spread,bOF1,bOF2,bOF3,bOF4,bOF5,bid_ask_spread,bid_spread,close,df_max,df_min,energy,energy_v,f_max,f_min,high,iqr_p,iqr_p_v,log_return,low,mid,minute,open,price_spread,price_spread2,tendency,ticker,total_ask_qty,total_bid_qty,total_qty_diff,total_volume,volatility,volatility_QMLE,volume,volume_imbalance,vwap,wap1,weighted_ask_prc,weighted_bid_prc
0.0,0.0,0.0,0.0,0.0,0.0,0.0,0.0,0.0,0.0,0.0,0.0,0.0,0.0,0.0,0.0,0.0,0.0,0.0,0.0,0.0,0.0,0.0,0.0,0.0,0.0,0.0,0.0,0.0,0.0,0.0,0.0,0.0,0.0,0.0,0.0,0.0,0.0,0.0,0.0,0.0,0.0,0.0,0.0,0.0,0.0,0.0,0.0,0.0,0.0,0.0,0.0,0.0,0.0,0.0,0.0,0.0,0.0,0.0,0.0,0.0,0.0,0.0,0.0,0.0,0.0,0.0,0.0,0.0,0.0,0.0,0.0,0.0,0.0,0.0,0.0,0.0,0.0,0.0,0.0,0.0,0.0,0.0,0.0,0.0
0.0,0.0,0.0,0.0,0.0,0.0,0.0,0.0,0.0,0.0,0.0,0.0,0.0,0.0,0.0,0.0,0.0,0.0,0.0,0.0,0.0,0.0,0.0,0.0,0.0,0.0,0.0,0.0,0.0,0.0,0.0,0.0,0.0,0.0,0.0,0.0,0.0,0.0,0.0,0.0,0.0,0.0,0.0,0.0,0.0,0.0,0.0,0.0,0.0,0.0,0.0,0.0,0.0,0.0,0.0,0.0,0.0,0.0,0.0,0.0,0.0,0.0,0.0,0.0,0.0,0.0,0.0,0.0,0.0,0.0,0.0,0.0,0.0,0.0,0.0,0.0,0.0,0.0,0.0,0.0,0.0,0.0,0.0,0.0,0.0
0.0,0.0,0.0,0.0,0.0,0.0,0.0,0.0,0.0,0.0,0.0,0.0,0.0,0.0,0.0,0.0,0.0,0.0,0.0,0.0,0.0,0.0,0.0,0.0,0.0,0.0,0.0,0.0,0.0,0.0,0.0,0.0,0.0,0.0,0.0,0.0,0.0,0.0,0.0,0.0,0.0,0.0,0.0,0.0,0.0,0.0,0.0,0.0,0.0,0.0,0.0,0.0,0.0,0.0,0.0,0.0,0.0,0.0,0.0,0.0,0.0,0.0,0.0,0.0,0.0,0.0,0.0,0.0,0.0,0.0,0.0,0.0,0.0,0.0,0.0,0.0,0.0,0.0,0.0,0.0,0.0,0.0,0.0,0.0,0.0
0.0,0.0,0.0,0.0,0.0,0.0,0.0,0.0,0.0,0.0,0.0,0.0,0.0,0.0,0.0,0.0,0.0,0.0,0.0,0.0,0.0,0.0,0.0,0.0,0.0,0.0,0.0,0.0,0.0,0.0,0.0,0.0,0.0,0.0,0.0,0.0,0.0,0.0,0.0,0.0,0.0,0.0,0.0,0.0,0.0,0.0,0.0,0.0,0.0,0.0,0.0,0.0,0.0,0.0,0.0,0.0,0.0,0.0,0.0,0.0,0.0,0.0,0.0,0.0,0.0,0.0,0.0,0.0,0.0,0.0,0.0,0.0,0.0,0.0,0.0,0.0,0.0,0.0,0.0,0.0,0.0,0.0,0.0,0.0,0.0
0.0,0.0,0.0,0.0,0.0,0.0,0.0,0.0,0.0,0.0,0.0,0.0,0.0,0.0,0.0,0.0,0.0,0.0,0.0,0.0,0.0,0.0,0.0,0.0,0.0,0.0,0.0,0.0,0.0,0.0,0.0,0.0,0.0,0.0,0.0,0.0,0.0,0.0,0.0,0.0,0.0,0.0,0.0,0.0,0.0,0.0,0.0,0.0,0.0,0.0,0.0,0.0,0.0,0.0,0.0,0.0,0.0,0.0,0.0,0.0,0.0,0.0,0.0,0.0,0.0,0.0,0.0,0.0,0.0,0.0,0.0,0.0,0.0,0.0,0.0,0.0,0.0,0.0,0.0,0.0,0.0,0.0,0.0,0.0,0.0
0.0,0.0,0.0,0.0,0.0,0.0,0.0,0.0,0.0,0.0,0.0,0.0,0.0,0.0,0.0,0.0,0.0,0.0,0.0,0.0,0.0,0.0,0.0,0.0,0.0,0.0,0.0,0.0,0.0,0.0,0.0,0.0,0.0,0.0,0.0,0.0,0.0,0.0,0.0,0.0,0.0,0.0,0.0,0.0,0.0,0.0,0.0,0.0,0.0,0.0,0.0,0.0,0.0,0.0,0.0,0.0,0.0,0.0,0.0,0.0,0.0,0.0,0.0,0.0,0.0,0.0,0.0,0.0,0.0,0.0,0.0,0.0,0.0,0.0,0.0,0.0,0.0,0.0,0.0,0.0,0.0,0.0,0.0,0.0,0.0
0.0,0.0,0.0,0.0,0.0,0.0,0.0,0.0,0.0,0.0,0.0,0.0,0.0,0.0,0.0,0.0,0.0,0.0,0.0,0.0,0.0,0.0,0.0,0.0,0.0,0.0,0.0,0.0,0.0,0.0,0.0,0.0,0.0,0.0,0.0,0.0,0.0,0.0,0.0,0.0,0.0,0.0,0.0,0.0,0.0,0.0,0.0,0.0,0.0,0.0,0.0,0.0,0.0,0.0,0.0,0.0,0.0,0.0,0.0,0.0,0.0,0.0,0.0,0.0,0.0,0.0,0.0,0.0,0.0,0.0,0.0,0.0,0.0,0.0,0.0,0.0,0.0,0.0,0.0,0.0,0.0,0.0,0.0,0.0,0.0
0.0,0.0,0.0,0.0,0.0,0.0,0.0,0.0,0.0,0.0,0.0,0.0,0.0,0.0,0.0,0.0,0.0,0.0,0.0,0.0,0.0,0.0,0.0,0.0,0.0,0.0,0.0,0.0,0.0,0.0,0.0,0.0,0.0,0.0,0.0,0.0,0.0,0.0,0.0,0.0,0.0,0.0,0.0,0.0,0.0,0.0,0.0,0.0,0.0,0.0,0.0,0.0,0.0,0.0,0.0,0.0,0.0,0.0,0.0,0.0,0.0,0.0,0.0,0.0,0.0,0.0,0.0,0.0,0.0,0.0,0.0,0.0,0.0,0.0,0.0,0.0,0.0,0.0,0.0,0.0,0.0,0.0,0.0,0.0,0.0
0.0,0.0,0.0,0.0,0.0,0.0,0.0,0.0,0.0,0.0,0.0,0.0,0.0,0.0,0.0,0.0,0.0,0.0,0.0,0.0,0.0,0.0,0.0,0.0,0.0,0.0,0.0,0.0,0.0,0.0,0.0,0.0,0.0,0.0,0.0,0.0,0.0,0.0,0.0,0.0,0.0,0.0,0.0,0.0,0.0,0.0,0.0,0.0,0.0,0.0,0.0,0.0,0.0,0.0,0.0,0.0,0.0,0.0,0.0,0.0,0.0,0.0,0.0,0.0,0.0,0.0,0.0,0.0,0.0,0.0,0.0,0.0,0.0,0.0,0.0,0.0,0.0,0.0,0.0,0.0,0.0,0.0,0.0,0.0,0.0
0.0,0.0,0.0,0.0,0.0,0.0,0.0,0.0,0.0,0.0,0.0,0.0,0.0,0.0,0.0,0.0,0.0,0.0,0.0,0.0,0.0,0.0,0.0,0.0,0.0,0.0,0.0,0.0,0.0,0.0,0.0,0.0,0.0,0.0,0.0,0.0,0.0,0.0,0.0,0.0,0.0,0.0,0.0,0.0,0.0,0.0,0.0,0.0,0.0,0.0,0.0,0.0,0.0,0.0,0.0,0.0,0.0,0.0,0.0,0.0,0.0,0.0,0.0,0.0,0.0,0.0,0.0,0.0,0.0,0.0,0.0,0.0,0.0,0.0,0.0,0.0,0.0,0.0,0.0,0.0,0.0,0.0,0.0,0.0,0.0
0.0,0.0,0.0,0.0,0.0,0.0,0.0,0.0,0.0,0.0,0.0,0.0,0.0,0.0,0.0,0.0,0.0,0.0,0.0,0.0,0.0,0.0,0.0,0.0,0.0,0.0,0.0,0.0,0.0,0.0,0.0,0.0,0.0,0.0,0.0,0.0,0.0,0.0,0.0,0.0,0.0,0.0,0.0,0.0,0.0,0.0,0.0,0.0,0.0,0.0,0.0,0.0,0.0,0.0,0.0,0.0,0.0,0.0,0.0,0.0,0.0,0.0,0.0,0.0,0.0,0.0,0.0,0.0,0.0,0.0,0.0,0.0,0.0,0.0,0.0,0.0,0.0,0.0,0.0,0.0,0.0,0.0,0.0,0.0,0.0
0.0,0.0,0.0,0.0,0.0,0.0,0.0,0.0,0.0,0.0,0.0,0.0,0.0,0.0,0.0,0.0,0.0,0.0,0.0,0.0,0.0,0.0,0.0,0.0,0.0,0.0,0.0,0.0,0.0,0.0,0.0,0.0,0.0,0.0,0.0,0.0,0.0,0.0,0.0,0.0,0.0,0.0,0.0,0.0,0.0,0.0,0.0,0.0,0.0,0.0,0.0,0.0,0.0,0.0,0.0,0.0,0.0,0.0,0.0,0.0,0.0,0.0,0.0,0.0,0.0,0.0,0.0,0.0,0.0,0.0,0.0,0.0,0.0,0.0,0.0,0.0,0.0,0.0,0.0,0.0,0.0,0.0,0.0,0.0,0.0
0.0,0.0,0.0,0.0,0.0,0.0,0.0,0.0,0.0,0.0,0.0,0.0,0.0,0.0,0.0,0.0,0.0,0.0,0.0,0.0,0.0,0.0,0.0,0.0,0.0,0.0,0.0,0.0,0.0,0.0,0.0,0.0,0.0,0.0,0.0,0.0,0.0,0.0,0.0,0.0,0.0,0.0,0.0,0.0,0.0,0.0,0.0,0.0,0.0,0.0,0.0,0.0,0.0,0.0,0.0,0.0,0.0,0.0,0.0,0.0,0.0,0.0,0.0,0.0,0.0,0.0,0.0,0.0,0.0,0.0,0.0,0.0,0.0,0.0,0.0,0.0,0.0,0.0,0.0,0.0,0.0,0.0,0.0,0.0,0.0
0.0,0.0,0.0,0.0,0.0,0.0,0.0,0.0,0.0,0.0,0.0,0.0,0.0,0.0,0.0,0.0,0.0,0.0,0.0,0.0,0.0,0.0,0.0,0.0,0.0,0.0,0.0,0.0,0.0,0.0,0.0,0.0,0.0,0.0,0.0,0.0,0.0,0.0,0.0,0.0,0.0,0.0,0.0,0.0,0.0,0.0,0.0,0.0,0.0,0.0,0.0,0.0,0.0,0.0,0.0,0.0,0.0,0.0,0.0,0.0,0.0,0.0,0.0,0.0,0.0,0.0,0.0,0.0,0.0,0.0,0.0,0.0,0.0,0.0,0.0,0.0,0.0,0.0,0.0,0.0,0.0,0.0,0.0,0.0,0.0
0.0,0.0,0.0,0.0,0.0,0.0,0.0,0.0,0.0,0.0,0.0,0.0,0.0,0.0,0.0,0.0,0.0,0.0,0.0,0.0,0.0,0.0,0.0,0.0,0.0,0.0,0.0,0.0,0.0,0.0,0.0,0.0,0.0,0.0,0.0,0.0,0.0,0.0,0.0,0.0,0.0,0.0,0.0,0.0,0.0,0.0,0.0,0.0,0.0,0.0,0.0,0.0,0.0,0.0,0.0,0.0,0.0,0.0,0.0,0.0,0.0,0.0,0.0,0.0,0.0,0.0,0.0,0.0,0.0,0.0,0.0,0.0,0.0,0.0,0.0,0.0,0.0,0.0,0.0,0.0,0.0,0.0,0.0,0.0,0.0
0.0,0.0,0.0,0.0,0.0,0.0,0.0,0.0,0.0,0.0,0.0,0.0,0.0,0.0,0.0,0.0,0.0,0.0,0.0,0.0,0.0,0.0,0.0,0.0,0.0,0.0,0.0,0.0,0.0,0.0,0.0,0.0,0.0,0.0,0.0,0.0,0.0,0.0,0.0,0.0,0.0,0.0,0.0,0.0,0.0,0.0,0.0,0.0,0.0,0.0,0.0,0.0,0.0,0.0,0.0,0.0,0.0,0.0,0.0,0.0,0.0,0.0,0.0,0.0,0.0,0.0,0.0,0.0,0.0,0.0,0.0,0.0,0.0,0.0,0.0,0.0,0.0,0.0,0.0,0.0,0.0,0.0,0.0,0.0,0.0
0.0,0.0,0.0,0.0,0.0,0.0,0.0,0.0,0.0,0.0,0.0,0.0,0.0,0.0,0.0,0.0,0.0,0.0,0.0,0.0,0.0,0.0,0.0,0.0,0.0,0.0,0.0,0.0,0.0,0.0,0.0,0.0,0.0,0.0,0.0,0.0,0.0,0.0,0.0,0.0,0.0,0.0,0.0,0.0,0.0,0.0,0.0,0.0,0.0,0.0,0.0,0.0,0.0,0.0,0.0,0.0,0.0,0.0,0.0,0.0,0.0,0.0,0.0,0.0,0.0,0.0,0.0,0.0,0.0,0.0,0.0,0.0,0.0,0.0,0.0,0.0,0.0,0.0,0.0,0.0,0.0,0.0,0.0,0.0,0.0
0.0,0.0,0.0,0.0,0.0,0.0,0.0,0.0,0.0,0.0,0.0,0.0,0.0,0.0,0.0,0.0,0.0,0.0,0.0,0.0,0.0,0.0,0.0,0.0,0.0,0.0,0.0,0.0,0.0,0.0,0.0,0.0,0.0,0.0,0.0,0.0,0.0,0.0,0.0,0.0,0.0,0.0,0.0,0.0,0.0,0.0,0.0,0.0,0.0,0.0,0.0,0.0,0.0,0.0,0.0,0.0,0.0,0.0,0.0,0.0,0.0,0.0,0.0,0.0,0.0,0.0,0.0,0.0,0.0,0.0,0.0,0.0,0.0,0.0,0.0,0.0,0.0,0.0,0.0,0.0,0.0,0.0,0.0,0.0,0.0
0.0,0.0,0.0,0.0,0.0,0.0,0.0,0.0,0.0,0.0,0.0,0.0,0.0,0.0,0.0,0.0,0.0,0.0,0.0,0.0,0.0,0.0,0.0,0.0,0.0,0.0,0.0,0.0,0.0,0.0,0.0,0.0,0.0,0.0,0.0,0.0,0.0,0.0,0.0,0.0,0.0,0.0,0.0,0.0,0.0,0.0,0.0,0.0,0.0,0.0,0.0,0.0,0.0,0.0,0.0,0.0,0.0,0.0,0.0,0.0,0.0,0.0,0.0,0.0,0.0,0.0,0.0,0.0,0.0,0.0,0.0,0.0,0.0,0.0,0.0,0.0,0.0,0.0,0.0,0.0,0.0,0.0,0.0,0.0,0.0
0.0,0.0,0.0,0.0,0.0,0.0,0.0,0.0,0.0,0.0,0.0,0.0,0.0,0.0,0.0,0.0,0.0,0.0,0.0,0.0,0.0,0.0,0.0,0.0,0.0,0.0,0.0,0.0,0.0,0.0,0.0,0.0,0.0,0.0,0.0,0.0,0.0,0.0,0.0,0.0,0.0,0.0,0.0,0.0,0.0,0.0,0.0,0.0,0.0,0.0,0.0,0.0,0.0,0.0,0.0,0.0,0.0,0.0,0.0,0.0,0.0,0.0,0.0,0.0,0.0,0.0,0.0,0.0,0.0,0.0,0.0,0.0,0.0,0.0,0.0,0.0,0.0,0.0,0.0,0.0,0.0,0.0,0.0,0.0,0.0
0.0,0.0,0.0,0.0,0.0,0.0,0.0,0.0,0.0,0.0,0.0,0.0,0.0,0.0,0.0,0.0,0.0,0.0,0.0,0.0,0.0,0.0,0.0,0.0,0.0,0.0,0.0,0.0,0.0,0.0,0.0,0.0,0.0,0.0,0.0,0.0,0.0,0.0,0.0,0.0,0.0,0.0,0.0,0.0,0.0,0.0,0.0,0.0,0.0,0.0,0.0,0.0,0.0,0.0,0.0,0.0,0.0,0.0,0.0,0.0,0.0,0.0,0.0,0.0,0.0,0.0,0.0,0.0,0.0,0.0,0.0,0.0,0.0,0.0,0.0,0.0,0.0,0.0,0.0,0.0,0.0,0.0,0.0,0.0,0.0
0.0,0.0,0.0,0.0,0.0,0.0,0.0,0.0,0.0,0.0,0.0,0.0,0.0,0.0,0.0,0.0,0.0,0.0,0.0,0.0,0.0,0.0,0.0,0.0,0.0,0.0,0.0,0.0,0.0,0.0,0.0,0.0,0.0,0.0,0.0,0.0,0.0,0.0,0.0,0.0,0.0,0.0,0.0,0.0,0.0,0.0,0.0,0.0,0.0,0.0,0.0,0.0,0.0,0.0,0.0,0.0,0.0,0.0,0.0,0.0,0.0,0.0,0.0,0.0,0.0,0.0,0.0,0.0,0.0,0.0,0.0,0.0,0.0,0.0,0.0,0.0,0.0,0.0,0.0,0.0,0.0,0.0,0.0,0.0,0.0
0.0,0.0,0.0,0.0,0.0,0.0,0.0,0.0,0.0,0.0,0.0,0.0,0.0,0.0,0.0,0.0,0.0,0.0,0.0,0.0,0.0,0.0,0.0,0.0,0.0,0.0,0.0,0.0,0.0,0.0,0.0,0.0,0.0,0.0,0.0,0.0,0.0,0.0,0.0,0.0,0.0,0.0,0.0,0.0,0.0,0.0,0.0,0.0,0.0,0.0,0.0,0.0,0.0,0.0,0.0,0.0,0.0,0.0,0.0,0.0,0.0,0.0,0.0,0.0,0.0,0.0,0.0,0.0,0.0,0.0,0.0,0.0,0.0,0.0,0.0,0.0,0.0,0.0,0.0,0.0,0.0,0.0,0.0,0.0,0.0
0.0,0.0,0.0,0.0,0.0,0.0,0.0,0.0,0.0,0.0,0.0,0.0,0.0,0.0,0.0,0.0,0.0,0.0,0.0,0.0,0.0,0.0,0.0,0.0,0.0,0.0,0.0,0.0,0.0,0.0,0.0,0.0,0.0,0.0,0.0,0.0,0.0,0.0,0.0,0.0,0.0,0.0,0.0,0.0,0.0,0.0,0.0,0.0,0.0,0.0,0.0,0.0,0.0,0.0,0.0,0.0,0.0,0.0,0.0,0.0,0.0,0.0,0.0,0.0,0.0,0.0,0.0,0.0,0.0,0.0,0.0,0.0,0.0,0.0,0.0,0.0,0.0,0.0,0.0,0.0,0.0,0.0,0.0,0.0,0.0
0.0,0.0,0.0,0.0,0.0,0.0,0.0,0.0,0.0,0.0,0.0,0.0,0.0,0.0,0.0,0.0,0.0,0.0,0.0,0.0,0.0,0.0,0.0,0.0,0.0,0.0,0.0,0.0,0.0,0.0,0.0,0.0,0.0,0.0,0.0,0.0,0.0,0.0,0.0,0.0,0.0,0.0,0.0,0.0,0.0,0.0,0.0,0.0,0.0,0.0,0.0,0.0,0.0,0.0,0.0,0.0,0.0,0.0,0.0,0.0,0.0,0.0,0.0,0.0,0.0,0.0,0.0,0.0,0.0,0.0,0.0,0.0,0.0,0.0,0.0,0.0,0.0,0.0,0.0,0.0,0.0,0.0,0.0,0.0,0.0
0.0,0.0,0.0,0.0,0.0,0.0,0.0,0.0,0.0,0.0,0.0,0.0,0.0,0.0,0.0,0.0,0.0,0.0,0.0,0.0,0.0,0.0,0.0,0.0,0.0,0.0,0.0,0.0,0.0,0.0,0.0,0.0,0.0,0.0,0.0,0.0,0.0,0.0,0.0,0.0,0.0,0.0,0.0,0.0,0.0,0.0,0.0,0.0,0.0,0.0,0.0,0.0,0.0,0.0,0.0,0.0,0.0,0.0,0.0,0.0,0.0,0.0,0.0,0.0,0.0,0.0,0.0,0.0,0.0,0.0,0.0,0.0,0.0,0.0,0.0,0.0,0.0,0.0,0.0,0.0,0.0,0.0,0.0,0.0,0.0
0.0,0.0,0.0,0.0,0.0,0.0,0.0,0.0,0.0,0.0,0.0,0.0,0.0,0.0,0.0,0.0,0.0,0.0,0.0,0.0,0.0,0.0,0.0,0.0,0.0,0.0,0.0,0.0,0.0,0.0,0.0,0.0,0.0,0.0,0.0,0.0,0.0,0.0,0.0,0.0,0.0,0.0,0.0,0.0,0.0,0.0,0.0,0.0,0.0,0.0,0.0,0.0,0.0,0.0,0.0,0.0,0.0,0.0,0.0,0.0,0.0,0.0,0.0,0.0,0.0,0.0,0.0,0.0,0.0,0.0,0.0,0.0,0.0,0.0,0.0,0.0,0.0,0.0,0.0,0.0,0.0,0.0,0.0,0.0,0.0
0.0,0.0,0.0,0.0,0.0,0.0,0.0,0.0,0.0,0.0,0.0,0.0,0.0,0.0,0.0,0.0,0.0,0.0,0.0,0.0,0.0,0.0,0.0,0.0,0.0,0.0,0.0,0.0,0.0,0.0,0.0,0.0,0.0,0.0,0.0,0.0,0.0,0.0,0.0,0.0,0.0,0.0,0.0,0.0,0.0,0.0,0.0,0.0,0.0,0.0,0.0,0.0,0.0,0.0,0.0,0.0,0.0,0.0,0.0,0.0,0.0,0.0,0.0,0.0,0.0,0.0,0.0,0.0,0.0,0.0,0.0,0.0,0.0,0.0,0.0,0.0,0.0,0.0,0.0,0.0,0.0,0.0,0.0,0.0,0.0
0.0,0.0,0.0,0.0,0.0,0.0,0.0,0.0,0.0,0.0,0.0,0.0,0.0,0.0,0.0,0.0,0.0,0.0,0.0,0.0,0.0,0.0,0.0,0.0,0.0,0.0,0.0,0.0,0.0,0.0,0.0,0.0,0.0,0.0,0.0,0.0,0.0,0.0,0.0,0.0,0.0,0.0,0.0,0.0,0.0,0.0,0.0,0.0,0.0,0.0,0.0,0.0,0.0,0.0,0.0,0.0,0.0,0.0,0.0,0.0,0.0,0.0,0.0,0.0,0.0,0.0,0.0,0.0,0.0,0.0,0.0,0.0,0.0,0.0,0.0,0.0,0.0,0.0,0.0,0.0,0.0,0.0,0.0,0.0,0.0
0.0,0.0,0.0,0.0,0.0,0.0,0.0,0.0,0.0,0.0,0.0,0.0,0.0,0.0,0.0,0.0,0.0,0.0,0.0,0.0,0.0,0.0,0.0,0.0,0.0,0.0,0.0,0.0,0.0,0.0,0.0,0.0,0.0,0.0,0.0,0.0,0.0,0.0,0.0,0.0,0.0,0.0,0.0,0.0,0.0,0.0,0.0,0.0,0.0,0.0,0.0,0.0,0.0,0.0,0.0,0.0,0.0,0.0,0.0,0.0,0.0,0.0,0.0,0.0,0.0,0.0,0.0,0.0,0.0,0.0,0.0,0.0,0.0,0.0,0.0,0.0,0.0,0.0,0.0,0.0,0.0,0.0,0.0,0.0,0.0
0.0,0.0,0.0,0.0,0.0,0.0,0.0,0.0,0.0,0.0,0.0,0.0,0.0,0.0,0.0,0.0,0.0,0.0,0.0,0.0,0.0,0.0,0.0,0.0,0.0,0.0,0.0,0.0,0.0,0.0,0.0,0.0,0.0,0.0,0.0,0.0,0.0,0.0,0.0,0.0,0.0,0.0,0.0,0.0,0.0,0.0,0.0,0.0,0.0,0.0,0.0,0.0,0.0,0.0,0.0,0.0,0.0,0.0,0.0,0.0,0.0,0.0,0.0,0.0,0.0,0.0,0.0,0.0,0.0,0.0,0.0,0.0,0.0,0.0,0.0,0.0,0.0,0.0,0.0,0.0,0.0,0.0,0.0,0.0,0.0
0.0,0.0,0.0,0.0,0.0,0.0,0.0,0.0,0.0,0.0,0.0,0.0,0.0,0.0,0.0,0.0,0.0,0.0,0.0,0.0,0.0,0.0,0.0,0.0,0.0,0.0,0.0,0.0,0.0,0.0,0.0,0.0,0.0,0.0,0.0,0.0,0.0,0.0,0.0,0.0,0.0,0.0,0.0,0.0,0.0,0.0,0.0,0.0,0.0,0.0,0.0,0.0,0.0,0.0,0.0,0.0,0.0,0.0,0.0,0.0,0.0,0.0,0.0,0.0,0.0,0.0,0.0,0.0,0.0,0.0,0.0,0.0,0.0,0.0,0.0,0.0,0.0,0.0,0.0,0.0,0.0,0.0,0.0,0.0,0.0
0.0,0.0,0.0,0.0,0.0,0.0,0.0,0.0,0.0,0.0,0.0,0.0,0.0,0.0,0.0,0.0,0.0,0.0,0.0,0.0,0.0,0.0,0.0,0.0,0.0,0.0,0.0,0.0,0.0,0.0,0.0,0.0,0.0,0.0,0.0,0.0,0.0,0.0,0.0,0.0,0.0,0.0,0.0,0.0,0.0,0.0,0.0,0.0,0.0,0.0,0.0,0.0,0.0,0.0,0.0,0.0,0.0,0.0,0.0,0.0,0.0,0.0,0.0,0.0,0.0,0.0,0.0,0.0,0.0,0.0,0.0,0.0,0.0,0.0,0.0,0.0,0.0,0.0,0.0,0.0,0.0,0.0,0.0,0.0,0.0
0.0,0.0,0.0,0.0,0.0,0.0,0.0,0.0,0.0,0.0,0.0,0.0,0.0,0.0,0.0,0.0,0.0,0.0,0.0,0.0,0.0,0.0,0.0,0.0,0.0,0.0,0.0,0.0,0.0,0.0,0.0,0.0,0.0,0.0,0.0,0.0,0.0,0.0,0.0,0.0,0.0,0.0,0.0,0.0,0.0,0.0,0.0,0.0,0.0,0.0,0.0,0.0,0.0,0.0,0.0,0.0,0.0,0.0,0.0,0.0,0.0,0.0,0.0,0.0,0.0,0.0,0.0,0.0,0.0,0.0,0.0,0.0,0.0,0.0,0.0,0.0,0.0,0.0,0.0,0.0,0.0,0.0,0.0,0.0,0.0
0.0,0.0,0.0,0.0,0.0,0.0,0.0,0.0,0.0,0.0,0.0,0.0,0.0,0.0,0.0,0.0,0.0,0.0,0.0,0.0,0.0,0.0,0.0,0.0,0.0,0.0,0.0,0.0,0.0,0.0,0.0,0.0,0.0,0.0,0.0,0.0,0.0,0.0,0.0,0.0,0.0,0.0,0.0,0.0,0.0,0.0,0.0,0.0,0.0,0.0,0.0,0.0,0.0,0.0,0.0,0.0,0.0,0.0,0.0,0.0,0.0,0.0,0.0,0.0,0.0,0.0,0.0,0.0,0.0,0.0,0.0,0.0,0.0,0.0,0.0,0.0,0.0,0.0,0.0,0.0,0.0,0.0,0.0,0.0,0.0
0.0,0.0,0.0,0.0,0.0,0.0,0.0,0.0,0.0,0.0,0.0,0.0,0.0,0.0,0.0,0.0,0.0,0.0,0.0,0.0,0.0,0.0,0.0,0.0,0.0,0.0,0.0,0.0,0.0,0.0,0.0,0.0,0.0,0.0,0.0,0.0,0.0,0.0,0.0,0.0,0.0,0.0,0.0,0.0,0.0,0.0,0.0,0.0,0.0,0.0,0.0,0.0,0.0,0.0,0.0,0.0,0.0,0.0,0.0,0.0,0.0,0.0,0.0,0.0,0.0,0.0,0.0,0.0,0.0,0.0,0.0,0.0,0.0,0.0,0.0,0.0,0.0,0.0,0.0,0.0,0.0,0.0,0.0,0.0,0.0
0.0,0.0,0.0,0.0,0.0,0.0,0.0,0.0,0.0,0.0,0.0,0.0,0.0,0.0,0.0,0.0,0.0,0.0,0.0,0.0,0.0,0.0,0.0,0.0,0.0,0.0,0.0,0.0,0.0,0.0,0.0,0.0,0.0,0.0,0.0,0.0,0.0,0.0,0.0,0.0,0.0,0.0,0.0,0.0,0.0,0.0,0.0,0.0,0.0,0.0,0.0,0.0,0.0,0.0,0.0,0.0,0.0,0.0,0.0,0.0,0.0,0.0,0.0,0.0,0.0,0.0,0.0,0.0,0.0,0.0,0.0,0.0,0.0,0.0,0.0,0.0,0.0,0.0,0.0,0.0,0.0,0.0,0.0,0.0,0.0
0.0,0.0,0.0,0.0,0.0,0.0,0.0,0.0,0.0,0.0,0.0,0.0,0.0,0.0,0.0,0.0,0.0,0.0,0.0,0.0,0.0,0.0,0.0,0.0,0.0,0.0,0.0,0.0,0.0,0.0,0.0,0.0,0.0,0.0,0.0,0.0,0.0,0.0,0.0,0.0,0.0,0.0,0.0,0.0,0.0,0.0,0.0,0.0,0.0,0.0,0.0,0.0,0.0,0.0,0.0,0.0,0.0,0.0,0.0,0.0,0.0,0.0,0.0,0.0,0.0,0.0,0.0,0.0,0.0,0.0,0.0,0.0,0.0,0.0,0.0,0.0,0.0,0.0,0.0,0.0,0.0,0.0,0.0,0.0,0.0
0.0,0.0,0.0,0.0,0.0,0.0,0.0,0.0,0.0,0.0,0.0,0.0,0.0,0.0,0.0,0.0,0.0,0.0,0.0,0.0,0.0,0.0,0.0,0.0,0.0,0.0,0.0,0.0,0.0,0.0,0.0,0.0,0.0,0.0,0.0,0.0,0.0,0.0,0.0,0.0,0.0,0.0,0.0,0.0,0.0,0.0,0.0,0.0,0.0,0.0,0.0,0.0,0.0,0.0,0.0,0.0,0.0,0.0,0.0,0.0,0.0,0.0,0.0,0.0,0.0,0.0,0.0,0.0,0.0,0.0,0.0,0.0,0.0,0.0,0.0,0.0,0.0,0.0,0.0,0.0,0.0,0.0,0.0,0.0,0.0
0.0,0.0,0.0,0.0,0.0,0.0,0.0,0.0,0.0,0.0,0.0,0.0,0.0,0.0,0.0,0.0,0.0,0.0,0.0,0.0,0.0,0.0,0.0,0.0,0.0,0.0,0.0,0.0,0.0,0.0,0.0,0.0,0.0,0.0,0.0,0.0,0.0,0.0,0.0,0.0,0.0,0.0,0.0,0.0,0.0,0.0,0.0,0.0,0.0,0.0,0.0,0.0,0.0,0.0,0.0,0.0,0.0,0.0,0.0,0.0,0.0,0.0,0.0,0.0,0.0,0.0,0.0,0.0,0.0,0.0,0.0,0.0,0.0,0.0,0.0,0.0,0.0,0.0,0.0,0.0,0.0,0.0,0.0,0.0,0.0
0.0,0.0,0.0,0.0,0.0,0.0,0.0,0.0,0.0,0.0,0.0,0.0,0.0,0.0,0.0,0.0,0.0,0.0,0.0,0.0,0.0,0.0,0.0,0.0,0.0,0.0,0.0,0.0,0.0,0.0,0.0,0.0,0.0,0.0,0.0,0.0,0.0,0.0,0.0,0.0,0.0,0.0,0.0,0.0,0.0,0.0,0.0,0.0,0.0,0.0,0.0,0.0,0.0,0.0,0.0,0.0,0.0,0.0,0.0,0.0,0.0,0.0,0.0,0.0,0.0,0.0,0.0,0.0,0.0,0.0,0.0,0.0,0.0,0.0,0.0,0.0,0.0,0.0,0.0,0.0,0.0,0.0,0.0,0.0,0.0
0.0,0.0,0.0,0.0,0.0,0.0,0.0,0.0,0.0,0.0,0.0,0.0,0.0,0.0,0.0,0.0,0.0,0.0,0.0,0.0,0.0,0.0,0.0,0.0,0.0,0.0,0.0,0.0,0.0,0.0,0.0,0.0,0.0,0.0,0.0,0.0,0.0,0.0,0.0,0.0,0.0,0.0,0.0,0.0,0.0,0.0,0.0,0.0,0.0,0.0,0.0,0.0,0.0,0.0,0.0,0.0,0.0,0.0,0.0,0.0,0.0,0.0,0.0,0.0,0.0,0.0,0.0,0.0,0.0,0.0,0.0,0.0,0.0,0.0,0.0,0.0,0.0,0.0,0.0,0.0,0.0,0.0,0.0,0.0,0.0
0.0,0.0,0.0,0.0,0.0,0.0,0.0,0.0,0.0,0.0,0.0,0.0,0.0,0.0,0.0,0.0,0.0,0.0,0.0,0.0,0.0,0.0,0.0,0.0,0.0,0.0,0.0,0.0,0.0,0.0,0.0,0.0,0.0,0.0,0.0,0.0,0.0,0.0,0.0,0.0,0.0,0.0,0.0,0.0,0.0,0.0,0.0,0.0,0.0,0.0,0.0,0.0,0.0,0.0,0.0,0.0,0.0,0.0,0.0,0.0,0.0,0.0,0.0,0.0,0.0,0.0,0.0,0.0,0.0,0.0,0.0,0.0,0.0,0.0,0.0,0.0,0.0,0.0,0.0,0.0,0.0,0.0,0.0,0.0,0.0
0.0,0.0,0.0,0.0,0.0,0.0,0.0,0.0,0.0,0.0,0.0,0.0,0.0,0.0,0.0,0.0,0.0,0.0,0.0,0.0,0.0,0.0,0.0,0.0,0.0,0.0,0.0,0.0,0.0,0.0,0.0,0.0,0.0,0.0,0.0,0.0,0.0,0.0,0.0,0.0,0.0,0.0,0.0,0.0,0.0,0.0,0.0,0.0,0.0,0.0,0.0,0.0,0.0,0.0,0.0,0.0,0.0,0.0,0.0,0.0,0.0,0.0,0.0,0.0,0.0,0.0,0.0,0.0,0.0,0.0,0.0,0.0,0.0,0.0,0.0,0.0,0.0,0.0,0.0,0.0,0.0,0.0,0.0,0.0,0.0
0.0,0.0,0.0,0.0,0.0,0.0,0.0,0.0,0.0,0.0,0.0,0.0,0.0,0.0,0.0,0.0,0.0,0.0,0.0,0.0,0.0,0.0,0.0,0.0,0.0,0.0,0.0,0.0,0.0,0.0,0.0,0.0,0.0,0.0,0.0,0.0,0.0,0.0,0.0,0.0,0.0,0.0,0.0,0.0,0.0,0.0,0.0,0.0,0.0,0.0,0.0,0.0,0.0,0.0,0.0,0.0,0.0,0.0,0.0,0.0,0.0,0.0,0.0,0.0,0.0,0.0,0.0,0.0,0.0,0.0,0.0,0.0,0.0,0.0,0.0,0.0,0.0,0.0,0.0,0.0,0.0,0.0,0.0,0.0,0.0
0.0,0.0,0.0,0.0,0.0,0.0,0.0,0.0,0.0,0.0,0.0,0.0,0.0,0.0,0.0,0.0,0.0,0.0,0.0,0.0,0.0,0.0,0.0,0.0,0.0,0.0,0.0,0.0,0.0,0.0,0.0,0.0,0.0,0.0,0.0,0.0,0.0,0.0,0.0,0.0,0.0,0.0,0.0,0.0,0.0,0.0,0.0,0.0,0.0,0.0,0.0,0.0,0.0,0.0,0.0,0.0,0.0,0.0,0.0,0.0,0.0,0.0,0.0,0.0,0.0,0.0,0.0,0.0,0.0,0.0,0.0,0.0,0.0,0.0,0.0,0.0,0.0,0.0,0.0,0.0,0.0,0.0,0.0,0.0,0.0
0.0,0.0,0.0,0.0,0.0,0.0,0.0,0.0,0.0,0.0,0.0,0.0,0.0,0.0,0.0,0.0,0.0,0.0,0.0,0.0,0.0,0.0,0.0,0.0,0.0,0.0,0.0,0.0,0.0,0.0,0.0,0.0,0.0,0.0,0.0,0.0,0.0,0.0,0.0,0.0,0.0,0.0,0.0,0.0,0.0,0.0,0.0,0.0,0.0,0.0,0.0,0.0,0.0,0.0,0.0,0.0,0.0,0.0,0.0,0.0,0.0,0.0,0.0,0.0,0.0,0.0,0.0,0.0,0.0,0.0,0.0,0.0,0.0,0.0,0.0,0.0,0.0,0.0,0.0,0.0,0.0,0.0,0.0,0.0,0.0
0.0,0.0,0.0,0.0,0.0,0.0,0.0,0.0,0.0,0.0,0.0,0.0,0.0,0.0,0.0,0.0,0.0,0.0,0.0,0.0,0.0,0.0,0.0,0.0,0.0,0.0,0.0,0.0,0.0,0.0,0.0,0.0,0.0,0.0,0.0,0.0,0.0,0.0,0.0,0.0,0.0,0.0,0.0,0.0,0.0,0.0,0.0,0.0,0.0,0.0,0.0,0.0,0.0,0.0,0.0,0.0,0.0,0.0,0.0,0.0,0.0,0.0,0.0,0.0,0.0,0.0,0.0,0.0,0.0,0.0,0.0,0.0,0.0,0.0,0.0,0.0,0.0,0.0,0.0,0.0,0.0,0.0,0.0,0.0,0.0
0.0,0.0,0.0,0.0,0.0,0.0,0.0,0.0,0.0,0.0,0.0,0.0,0.0,0.0,0.0,0.0,0.0,0.0,0.0,0.0,0.0,0.0,0.0,0.0,0.0,0.0,0.0,0.0,0.0,0.0,0.0,0.0,0.0,0.0,0.0,0.0,0.0,0.0,0.0,0.0,0.0,0.0,0.0,0.0,0.0,0.0,0.0,0.0,0.0,0.0,0.0,0.0,0.0,0.0,0.0,0.0,0.0,0.0,0.0,0.0,0.0,0.0,0.0,0.0,0.0,0.0,0.0,0.0,0.0,0.0,0.0,0.0,0.0,0.0,0.0,0.0,0.0,0.0,0.0,0.0,0.0,0.0,0.0,0.0,0.0
0.0,0.0,0.0,0.0,0.0,0.0,0.0,0.0,0.0,0.0,0.0,0.0,0.0,0.0,0.0,0.0,0.0,0.0,0.0,0.0,0.0,0.0,0.0,0.0,0.0,0.0,0.0,0.0,0.0,0.0,0.0,0.0,0.0,0.0,0.0,0.0,0.0,0.0,0.0,0.0,0.0,0.0,0.0,0.0,0.0,0.0,0.0,0.0,0.0,0.0,0.0,0.0,0.0,0.0,0.0,0.0,0.0,0.0,0.0,0.0,0.0,0.0,0.0,0.0,0.0,0.0,0.0,0.0,0.0,0.0,0.0,0.0,0.0,0.0,0.0,0.0,0.0,0.0,0.0,0.0,0.0,0.0,0.0,0.0,0.0
0.0,0.0,0.0,0.0,0.0,0.0,0.0,0.0,0.0,0.0,0.0,0.0,0.0,0.0,0.0,0.0,0.0,0.0,0.0,0.0,0.0,0.0,0.0,0.0,0.0,0.0,0.0,0.0,0.0,0.0,0.0,0.0,0.0,0.0,0.0,0.0,0.0,0.0,0.0,0.0,0.0,0.0,0.0,0.0,0.0,0.0,0.0,0.0,0.0,0.0,0.0,0.0,0.0,0.0,0.0,0.0,0.0,0.0,0.0,0.0,0.0,0.0,0.0,0.0,0.0,0.0,0.0,0.0,0.0,0.0,0.0,0.0,0.0,0.0,0.0,0.0,0.0,0.0,0.0,0.0,0.0,0.0,0.0,0.0,0.0
0.0,0.0,0.0,0.0,0.0,0.0,0.0,0.0,0.0,0.0,0.0,0.0,0.0,0.0,0.0,0.0,0.0,0.0,0.0,0.0,0.0,0.0,0.0,0.0,0.0,0.0,0.0,0.0,0.0,0.0,0.0,0.0,0.0,0.0,0.0,0.0,0.0,0.0,0.0,0.0,0.0,0.0,0.0,0.0,0.0,0.0,0.0,0.0,0.0,0.0,0.0,0.0,0.0,0.0,0.0,0.0,0.0,0.0,0.0,0.0,0.0,0.0,0.0,0.0,0.0,0.0,0.0,0.0,0.0,0.0,0.0,0.0,0.0,0.0,0.0,0.0,0.0,0.0,0.0,0.0,0.0,0.0,0.0,0.0,0.0
0.0,0.0,0.0,0.0,0.0,0.0,0.0,0.0,0.0,0.0,0.0,0.0,0.0,0.0,0.0,0.0,0.0,0.0,0.0,0.0,0.0,0.0,0.0,0.0,0.0,0.0,0.0,0.0,0.0,0.0,0.0,0.0,0.0,0.0,0.0,0.0,0.0,0.0,0.0,0.0,0.0,0.0,0.0,0.0,0.0,0.0,0.0,0.0,0.0,0.0,0.0,0.0,0.0,0.0,0.0,0.0,0.0,0.0,0.0,0.0,0.0,0.0,0.0,0.0,0.0,0.0,0.0,0.0,0.0,0.0,0.0,0.0,0.0,0.0,0.0,0.0,0.0,0.0,0.0,0.0,0.0,0.0,0.0,0.0,0.0
0.0,0.0,0.0,0.0,0.0,0.0,0.0,0.0,0.0,0.0,0.0,0.0,0.0,0.0,0.0,0.0,0.0,0.0,0.0,0.0,0.0,0.0,0.0,0.0,0.0,0.0,0.0,0.0,0.0,0.0,0.0,0.0,0.0,0.0,0.0,0.0,0.0,0.0,0.0,0.0,0.0,0.0,0.0,0.0,0.0,0.0,0.0,0.0,0.0,0.0,0.0,0.0,0.0,0.0,0.0,0.0,0.0,0.0,0.0,0.0,0.0,0.0,0.0,0.0,0.0,0.0,0.0,0.0,0.0,0.0,0.0,0.0,0.0,0.0,0.0,0.0,0.0,0.0,0.0,0.0,0.0,0.0,0.0,0.0,0.0
0.0,0.0,0.0,0.0,0.0,0.0,0.0,0.0,0.0,0.0,0.0,0.0,0.0,0.0,0.0,0.0,0.0,0.0,0.0,0.0,0.0,0.0,0.0,0.0,0.0,0.0,0.0,0.0,0.0,0.0,0.0,0.0,0.0,0.0,0.0,0.0,0.0,0.0,0.0,0.0,0.0,0.0,0.0,0.0,0.0,0.0,0.0,0.0,0.0,0.0,0.0,0.0,0.0,0.0,0.0,0.0,0.0,0.0,0.0,0.0,0.0,0.0,0.0,0.0,0.0,0.0,0.0,0.0,0.0,0.0,0.0,0.0,0.0,0.0,0.0,0.0,0.0,0.0,0.0,0.0,0.0,0.0,0.0,0.0,0.0
0.0,0.0,0.0,0.0,0.0,0.0,0.0,0.0,0.0,0.0,0.0,0.0,0.0,0.0,0.0,0.0,0.0,0.0,0.0,0.0,0.0,0.0,0.0,0.0,0.0,0.0,0.0,0.0,0.0,0.0,0.0,0.0,0.0,0.0,0.0,0.0,0.0,0.0,0.0,0.0,0.0,0.0,0.0,0.0,0.0,0.0,0.0,0.0,0.0,0.0,0.0,0.0,0.0,0.0,0.0,0.0,0.0,0.0,0.0,0.0,0.0,0.0,0.0,0.0,0.0,0.0,0.0,0.0,0.0,0.0,0.0,0.0,0.0,0.0,0.0,0.0,0.0,0.0,0.0,0.0,0.0,0.0,0.0,0.0,0.0
0.0,0.0,0.0,0.0,0.0,0.0,0.0,0.0,0.0,0.0,0.0,0.0,0.0,0.0,0.0,0.0,0.0,0.0,0.0,0.0,0.0,0.0,0.0,0.0,0.0,0.0,0.0,0.0,0.0,0.0,0.0,0.0,0.0,0.0,0.0,0.0,0.0,0.0,0.0,0.0,0.0,0.0,0.0,0.0,0.0,0.0,0.0,0.0,0.0,0.0,0.0,0.0,0.0,0.0,0.0,0.0,0.0,0.0,0.0,0.0,0.0,0.0,0.0,0.0,0.0,0.0,0.0,0.0,0.0,0.0,0.0,0.0,0.0,0.0,0.0,0.0,0.0,0.0,0.0,0.0,0.0,0.0,0.0,0.0,0.0
0.0,0.0,0.0,0.0,0.0,0.0,0.0,0.0,0.0,0.0,0.0,0.0,0.0,0.0,0.0,0.0,0.0,0.0,0.0,0.0,0.0,0.0,0.0,0.0,0.0,0.0,0.0,0.0,0.0,0.0,0.0,0.0,0.0,0.0,0.0,0.0,0.0,0.0,0.0,0.0,0.0,0.0,0.0,0.0,0.0,0.0,0.0,0.0,0.0,0.0,0.0,0.0,0.0,0.0,0.0,0.0,0.0,0.0,0.0,0.0,0.0,0.0,0.0,0.0,0.0,0.0,0.0,0.0,0.0,0.0,0.0,0.0,0.0,0.0,0.0,0.0,0.0,0.0,0.0,0.0,0.0,0.0,0.0,0.0,0.0
0.0,0.0,0.0,0.0,0.0,0.0,0.0,0.0,0.0,0.0,0.0,0.0,0.0,0.0,0.0,0.0,0.0,0.0,0.0,0.0,0.0,0.0,0.0,0.0,0.0,0.0,0.0,0.0,0.0,0.0,0.0,0.0,0.0,0.0,0.0,0.0,0.0,0.0,0.0,0.0,0.0,0.0,0.0,0.0,0.0,0.0,0.0,0.0,0.0,0.0,0.0,0.0,0.0,0.0,0.0,0.0,0.0,0.0,0.0,0.0,0.0,0.0,0.0,0.0,0.0,0.0,0.0,0.0,0.0,0.0,0.0,0.0,0.0,0.0,0.0,0.0,0.0,0.0,0.0,0.0,0.0,0.0,0.0,0.0,0.0
0.0,0.0,0.0,0.0,0.0,0.0,0.0,0.0,0.0,0.0,0.0,0.0,0.0,0.0,0.0,0.0,0.0,0.0,0.0,0.0,0.0,0.0,0.0,0.0,0.0,0.0,0.0,0.0,0.0,0.0,0.0,0.0,0.0,0.0,0.0,0.0,0.0,0.0,0.0,0.0,0.0,0.0,0.0,0.0,0.0,0.0,0.0,0.0,0.0,0.0,0.0,0.0,0.0,0.0,0.0,0.0,0.0,0.0,0.0,0.0,0.0,0.0,0.0,0.0,0.0,0.0,0.0,0.0,0.0,0.0,0.0,0.0,0.0,0.0,0.0,0.0,0.0,0.0,0.0,0.0,0.0,0.0,0.0,0.0,0.0
0.0,0.0,0.0,0.0,0.0,0.0,0.0,0.0,0.0,0.0,0.0,0.0,0.0,0.0,0.0,0.0,0.0,0.0,0.0,0.0,0.0,0.0,0.0,0.0,0.0,0.0,0.0,0.0,0.0,0.0,0.0,0.0,0.0,0.0,0.0,0.0,0.0,0.0,0.0,0.0,0.0,0.0,0.0,0.0,0.0,0.0,0.0,0.0,0.0,0.0,0.0,0.0,0.0,0.0,0.0,0.0,0.0,0.0,0.0,0.0,0.0,0.0,0.0,0.0,0.0,0.0,0.0,0.0,0.0,0.0,0.0,0.0,0.0,0.0,0.0,0.0,0.0,0.0,0.0,0.0,0.0,0.0,0.0,0.0,0.0
0.0,0.0,0.0,0.0,0.0,0.0,0.0,0.0,0.0,0.0,0.0,0.0,0.0,0.0,0.0,0.0,0.0,0.0,0.0,0.0,0.0,0.0,0.0,0.0,0.0,0.0,0.0,0.0,0.0,0.0,0.0,0.0,0.0,0.0,0.0,0.0,0.0,0.0,0.0,0.0,0.0,0.0,0.0,0.0,0.0,0.0,0.0,0.0,0.0,0.0,0.0,0.0,0.0,0.0,0.0,0.0,0.0,0.0,0.0,0.0,0.0,0.0,0.0,0.0,0.0,0.0,0.0,0.0,0.0,0.0,0.0,0.0,0.0,0.0,0.0,0.0,0.0,0.0,0.0,0.0,0.0,0.0,0.0,0.0,0.0
0.0,0.0,0.0,0.0,0.0,0.0,0.0,0.0,0.0,0.0,0.0,0.0,0.0,0.0,0.0,0.0,0.0,0.0,0.0,0.0,0.0,0.0,0.0,0.0,0.0,0.0,0.0,0.0,0.0,0.0,0.0,0.0,0.0,0.0,0.0,0.0,0.0,0.0,0.0,0.0,0.0,0.0,0.0,0.0,0.0,0.0,0.0,0.0,0.0,0.0,0.0,0.0,0.0,0.0,0.0,0.0,0.0,0.0,0.0,0.0,0.0,0.0,0.0,0.0,0.0,0.0,0.0,0.0,0.0,0.0,0.0,0.0,0.0,0.0,0.0,0.0,0.0,0.0,0.0,0.0,0.0,0.0,0.0,0.0,0.0
0.0,0.0,0.0,0.0,0.0,0.0,0.0,0.0,0.0,0.0,0.0,0.0,0.0,0.0,0.0,0.0,0.0,0.0,0.0,0.0,0.0,0.0,0.0,0.0,0.0,0.0,0.0,0.0,0.0,0.0,0.0,0.0,0.0,0.0,0.0,0.0,0.0,0.0,0.0,0.0,0.0,0.0,0.0,0.0,0.0,0.0,0.0,0.0,0.0,0.0,0.0,0.0,0.0,0.0,0.0,0.0,0.0,0.0,0.0,0.0,0.0,0.0,0.0,0.0,0.0,0.0,0.0,0.0,0.0,0.0,0.0,0.0,0.0,0.0,0.0,0.0,0.0,0.0,0.0,0.0,0.0,0.0,0.0,0.0,0.0
0.0,0.0,0.0,0.0,0.0,0.0,0.0,0.0,0.0,0.0,0.0,0.0,0.0,0.0,0.0,0.0,0.0,0.0,0.0,0.0,0.0,0.0,0.0,0.0,0.0,0.0,0.0,0.0,0.0,0.0,0.0,0.0,0.0,0.0,0.0,0.0,0.0,0.0,0.0,0.0,0.0,0.0,0.0,0.0,0.0,0.0,0.0,0.0,0.0,0.0,0.0,0.0,0.0,0.0,0.0,0.0,0.0,0.0,0.0,0.0,0.0,0.0,0.0,0.0,0.0,0.0,0.0,0.0,0.0,0.0,0.0,0.0,0.0,0.0,0.0,0.0,0.0,0.0,0.0,0.0,0.0,0.0,0.0,0.0,0.0
0.0,0.0,0.0,0.0,0.0,0.0,0.0,0.0,0.0,0.0,0.0,0.0,0.0,0.0,0.0,0.0,0.0,0.0,0.0,0.0,0.0,0.0,0.0,0.0,0.0,0.0,0.0,0.0,0.0,0.0,0.0,0.0,0.0,0.0,0.0,0.0,0.0,0.0,0.0,0.0,0.0,0.0,0.0,0.0,0.0,0.0,0.0,0.0,0.0,0.0,0.0,0.0,0.0,0.0,0.0,0.0,0.0,0.0,0.0,0.0,0.0,0.0,0.0,0.0,0.0,0.0,0.0,0.0,0.0,0.0,0.0,0.0,0.0,0.0,0.0,0.0,0.0,0.0,0.0,0.0,0.0,0.0,0.0,0.0,0.0
0.0,0.0,0.0,0.0,0.0,0.0,0.0,0.0,0.0,0.0,0.0,0.0,0.0,0.0,0.0,0.0,0.0,0.0,0.0,0.0,0.0,0.0,0.0,0.0,0.0,0.0,0.0,0.0,0.0,0.0,0.0,0.0,0.0,0.0,0.0,0.0,0.0,0.0,0.0,0.0,0.0,0.0,0.0,0.0,0.0,0.0,0.0,0.0,0.0,0.0,0.0,0.0,0.0,0.0,0.0,0.0,0.0,0.0,0.0,0.0,0.0,0.0,0.0,0.0,0.0,0.0,0.0,0.0,0.0,0.0,0.0,0.0,0.0,0.0,0.0,0.0,0.0,0.0,0.0,0.0,0.0,0.0,0.0,0.0,0.0
0.0,0.0,0.0,0.0,0.0,0.0,0.0,0.0,0.0,0.0,0.0,0.0,0.0,0.0,0.0,0.0,0.0,0.0,0.0,0.0,0.0,0.0,0.0,0.0,0.0,0.0,0.0,0.0,0.0,0.0,0.0,0.0,0.0,0.0,0.0,0.0,0.0,0.0,0.0,0.0,0.0,0.0,0.0,0.0,0.0,0.0,0.0,0.0,0.0,0.0,0.0,0.0,0.0,0.0,0.0,0.0,0.0,0.0,0.0,0.0,0.0,0.0,0.0,0.0,0.0,0.0,0.0,0.0,0.0,0.0,0.0,0.0,0.0,0.0,0.0,0.0,0.0,0.0,0.0,0.0,0.0,0.0,0.0,0.0,0.0
0.0,0.0,0.0,0.0,0.0,0.0,0.0,0.0,0.0,0.0,0.0,0.0,0.0,0.0,0.0,0.0,0.0,0.0,0.0,0.0,0.0,0.0,0.0,0.0,0.0,0.0,0.0,0.0,0.0,0.0,0.0,0.0,0.0,0.0,0.0,0.0,0.0,0.0,0.0,0.0,0.0,0.0,0.0,0.0,0.0,0.0,0.0,0.0,0.0,0.0,0.0,0.0,0.0,0.0,0.0,0.0,0.0,0.0,0.0,0.0,0.0,0.0,0.0,0.0,0.0,0.0,0.0,0.0,0.0,0.0,0.0,0.0,0.0,0.0,0.0,0.0,0.0,0.0,0.0,0.0,0.0,0.0,0.0,0.0,0.0
0.0,0.0,0.0,0.0,0.0,0.0,0.0,0.0,0.0,0.0,0.0,0.0,0.0,0.0,0.0,0.0,0.0,0.0,0.0,0.0,0.0,0.0,0.0,0.0,0.0,0.0,0.0,0.0,0.0,0.0,0.0,0.0,0.0,0.0,0.0,0.0,0.0,0.0,0.0,0.0,0.0,0.0,0.0,0.0,0.0,0.0,0.0,0.0,0.0,0.0,0.0,0.0,0.0,0.0,0.0,0.0,0.0,0.0,0.0,0.0,0.0,0.0,0.0,0.0,0.0,0.0,0.0,0.0,0.0,0.0,0.0,0.0,0.0,0.0,0.0,0.0,0.0,0.0,0.0,0.0,0.0,0.0,0.0,0.0,0.0
0.0,0.0,0.0,0.0,0.0,0.0,0.0,0.0,0.0,0.0,0.0,0.0,0.0,0.0,0.0,0.0,0.0,0.0,0.0,0.0,0.0,0.0,0.0,0.0,0.0,0.0,0.0,0.0,0.0,0.0,0.0,0.0,0.0,0.0,0.0,0.0,0.0,0.0,0.0,0.0,0.0,0.0,0.0,0.0,0.0,0.0,0.0,0.0,0.0,0.0,0.0,0.0,0.0,0.0,0.0,0.0,0.0,0.0,0.0,0.0,0.0,0.0,0.0,0.0,0.0,0.0,0.0,0.0,0.0,0.0,0.0,0.0,0.0,0.0,0.0,0.0,0.0,0.0,0.0,0.0,0.0,0.0,0.0,0.0,0.0
0.0,0.0,0.0,0.0,0.0,0.0,0.0,0.0,0.0,0.0,0.0,0.0,0.0,0.0,0.0,0.0,0.0,0.0,0.0,0.0,0.0,0.0,0.0,0.0,0.0,0.0,0.0,0.0,0.0,0.0,0.0,0.0,0.0,0.0,0.0,0.0,0.0,0.0,0.0,0.0,0.0,0.0,0.0,0.0,0.0,0.0,0.0,0.0,0.0,0.0,0.0,0.0,0.0,0.0,0.0,0.0,0.0,0.0,0.0,0.0,0.0,0.0,0.0,0.0,0.0,0.0,0.0,0.0,0.0,0.0,0.0,0.0,0.0,0.0,0.0,0.0,0.0,0.0,0.0,0.0,0.0,0.0,0.0,0.0,0.0
0.0,0.0,0.0,0.0,0.0,0.0,0.0,0.0,0.0,0.0,0.0,0.0,0.0,0.0,0.0,0.0,0.0,0.0,0.0,0.0,0.0,0.0,0.0,0.0,0.0,0.0,0.0,0.0,0.0,0.0,0.0,0.0,0.0,0.0,0.0,0.0,0.0,0.0,0.0,0.0,0.0,0.0,0.0,0.0,0.0,0.0,0.0,0.0,0.0,0.0,0.0,0.0,0.0,0.0,0.0,0.0,0.0,0.0,0.0,0.0,0.0,0.0,0.0,0.0,0.0,0.0,0.0,0.0,0.0,0.0,0.0,0.0,0.0,0.0,0.0,0.0,0.0,0.0,0.0,0.0,0.0,0.0,0.0,0.0,0.0
0.0,0.0,0.0,0.0,0.0,0.0,0.0,0.0,0.0,0.0,0.0,0.0,0.0,0.0,0.0,0.0,0.0,0.0,0.0,0.0,0.0,0.0,0.0,0.0,0.0,0.0,0.0,0.0,0.0,0.0,0.0,0.0,0.0,0.0,0.0,0.0,0.0,0.0,0.0,0.0,0.0,0.0,0.0,0.0,0.0,0.0,0.0,0.0,0.0,0.0,0.0,0.0,0.0,0.0,0.0,0.0,0.0,0.0,0.0,0.0,0.0,0.0,0.0,0.0,0.0,0.0,0.0,0.0,0.0,0.0,0.0,0.0,0.0,0.0,0.0,0.0,0.0,0.0,0.0,0.0,0.0,0.0,0.0,0.0,0.0
0.0,0.0,0.0,0.0,0.0,0.0,0.0,0.0,0.0,0.0,0.0,0.0,0.0,0.0,0.0,0.0,0.0,0.0,0.0,0.0,0.0,0.0,0.0,0.0,0.0,0.0,0.0,0.0,0.0,0.0,0.0,0.0,0.0,0.0,0.0,0.0,0.0,0.0,0.0,0.0,0.0,0.0,0.0,0.0,0.0,0.0,0.0,0.0,0.0,0.0,0.0,0.0,0.0,0.0,0.0,0.0,0.0,0.0,0.0,0.0,0.0,0.0,0.0,0.0,0.0,0.0,0.0,0.0,0.0,0.0,0.0,0.0,0.0,0.0,0.0,0.0,0.0,0.0,0.0,0.0,0.0,0.0,0.0,0.0,0.0
0.0,0.0,0.0,0.0,0.0,0.0,0.0,0.0,0.0,0.0,0.0,0.0,0.0,0.0,0.0,0.0,0.0,0.0,0.0,0.0,0.0,0.0,0.0,0.0,0.0,0.0,0.0,0.0,0.0,0.0,0.0,0.0,0.0,0.0,0.0,0.0,0.0,0.0,0.0,0.0,0.0,0.0,0.0,0.0,0.0,0.0,0.0,0.0,0.0,0.0,0.0,0.0,0.0,0.0,0.0,0.0,0.0,0.0,0.0,0.0,0.0,0.0,0.0,0.0,0.0,0.0,0.0,0.0,0.0,0.0,0.0,0.0,0.0,0.0,0.0,0.0,0.0,0.0,0.0,0.0,0.0,0.0,0.0,0.0,0.0
0.0,0.0,0.0,0.0,0.0,0.0,0.0,0.0,0.0,0.0,0.0,0.0,0.0,0.0,0.0,0.0,0.0,0.0,0.0,0.0,0.0,0.0,0.0,0.0,0.0,0.0,0.0,0.0,0.0,0.0,0.0,0.0,0.0,0.0,0.0,0.0,0.0,0.0,0.0,0.0,0.0,0.0,0.0,0.0,0.0,0.0,0.0,0.0,0.0,0.0,0.0,0.0,0.0,0.0,0.0,0.0,0.0,0.0,0.0,0.0,0.0,0.0,0.0,0.0,0.0,0.0,0.0,0.0,0.0,0.0,0.0,0.0,0.0,0.0,0.0,0.0,0.0,0.0,0.0,0.0,0.0,0.0,0.0,0.0,0.0
0.0,0.0,0.0,0.0,0.0,0.0,0.0,0.0,0.0,0.0,0.0,0.0,0.0,0.0,0.0,0.0,0.0,0.0,0.0,0.0,0.0,0.0,0.0,0.0,0.0,0.0,0.0,0.0,0.0,0.0,0.0,0.0,0.0,0.0,0.0,0.0,0.0,0.0,0.0,0.0,0.0,0.0,0.0,0.0,0.0,0.0,0.0,0.0,0.0,0.0,0.0,0.0,0.0,0.0,0.0,0.0,0.0,0.0,0.0,0.0,0.0,0.0,0.0,0.0,0.0,0.0,0.0,0.0,0.0,0.0,0.0,0.0,0.0,0.0,0.0,0.0,0.0,0.0,0.0,0.0,0.0,0.0,0.0,0.0,0.0
0.0,0.0,0.0,0.0,0.0,0.0,0.0,0.0,0.0,0.0,0.0,0.0,0.0,0.0,0.0,0.0,0.0,0.0,0.0,0.0,0.0,0.0,0.0,0.0,0.0,0.0,0.0,0.0,0.0,0.0,0.0,0.0,0.0,0.0,0.0,0.0,0.0,0.0,0.0,0.0,0.0,0.0,0.0,0.0,0.0,0.0,0.0,0.0,0.0,0.0,0.0,0.0,0.0,0.0,0.0,0.0,0.0,0.0,0.0,0.0,0.0,0.0,0.0,0.0,0.0,0.0,0.0,0.0,0.0,0.0,0.0,0.0,0.0,0.0,0.0,0.0,0.0,0.0,0.0,0.0,0.0,0.0,0.0,0.0,0.0
0.0,0.0,0.0,0.0,0.0,0.0,0.0,0.0,0.0,0.0,0.0,0.0,0.0,0.0,0.0,0.0,0.0,0.0,0.0,0.0,0.0,0.0,0.0,0.0,0.0,0.0,0.0,0.0,0.0,0.0,0.0,0.0,0.0,0.0,0.0,0.0,0.0,0.0,0.0,0.0,0.0,0.0,0.0,0.0,0.0,0.0,0.0,0.0,0.0,0.0,0.0,0.0,0.0,0.0,0.0,0.0,0.0,0.0,0.0,0.0,0.0,0.0,0.0,0.0,0.0,0.0,0.0,0.0,0.0,0.0,0.0,0.0,0.0,0.0,0.0,0.0,0.0,0.0,0.0,0.0,0.0,0.0,0.0,0.0,0.0
0.0,0.0,0.0,0.0,0.0,0.0,0.0,0.0,0.0,0.0,0.0,0.0,0.0,0.0,0.0,0.0,0.0,0.0,0.0,0.0,0.0,0.0,0.0,0.0,0.0,0.0,0.0,0.0,0.0,0.0,0.0,0.0,0.0,0.0,0.0,0.0,0.0,0.0,0.0,0.0,0.0,0.0,0.0,0.0,0.0,0.0,0.0,0.0,0.0,0.0,0.0,0.0,0.0,0.0,0.0,0.0,0.0,0.0,0.0,0.0,0.0,0.0,0.0,0.0,0.0,0.0,0.0,0.0,0.0,0.0,0.0,0.0,0.0,0.0,0.0,0.0,0.0,0.0,0.0,0.0,0.0,0.0,0.0,0.0,0.0
0.0,0.0,0.0,0.0,0.0,0.0,0.0,0.0,0.0,0.0,0.0,0.0,0.0,0.0,0.0,0.0,0.0,0.0,0.0,0.0,0.0,0.0,0.0,0.0,0.0,0.0,0.0,0.0,0.0,0.0,0.0,0.0,0.0,0.0,0.0,0.0,0.0,0.0,0.0,0.0,0.0,0.0,0.0,0.0,0.0,0.0,0.0,0.0,0.0,0.0,0.0,0.0,0.0,0.0,0.0,0.0,0.0,0.0,0.0,0.0,0.0,0.0,0.0,0.0,0.0,0.0,0.0,0.0,0.0,0.0,0.0,0.0,0.0,0.0,0.0,0.0,0.0,0.0,0.0,0.0,0.0,0.0,0.0,0.0,0.0
0.0,0.0,0.0,0.0,0.0,0.0,0.0,0.0,0.0,0.0,0.0,0.0,0.0,0.0,0.0,0.0,0.0,0.0,0.0,0.0,0.0,0.0,0.0,0.0,0.0,0.0,0.0,0.0,0.0,0.0,0.0,0.0,0.0,0.0,0.0,0.0,0.0,0.0,0.0,0.0,0.0,0.0,0.0,0.0,0.0,0.0,0.0,0.0,0.0,0.0,0.0,0.0,0.0,0.0,0.0,0.0,0.0,0.0,0.0,0.0,0.0,0.0,0.0,0.0,0.0,0.0,0.0,0.0,0.0,0.0,0.0,0.0,0.0,0.0,0.0,0.0,0.0,0.0,0.0,0.0,0.0,0.0,0.0,0.0,0.0
0.0,0.0,0.0,0.0,0.0,0.0,0.0,0.0,0.0,0.0,0.0,0.0,0.0,0.0,0.0,0.0,0.0,0.0,0.0,0.0,0.0,0.0,0.0,0.0,0.0,0.0,0.0,0.0,0.0,0.0,0.0,0.0,0.0,0.0,0.0,0.0,0.0,0.0,0.0,0.0,0.0,0.0,0.0,0.0,0.0,0.0,0.0,0.0,0.0,0.0,0.0,0.0,0.0,0.0,0.0,0.0,0.0,0.0,0.0,0.0,0.0,0.0,0.0,0.0,0.0,0.0,0.0,0.0,0.0,0.0,0.0,0.0,0.0,0.0,0.0,0.0,0.0,0.0,0.0,0.0,0.0,0.0,0.0,0.0,0.0
0.0,0.0,0.0,0.0,0.0,0.0,0.0,0.0,0.0,0.0,0.0,0.0,0.0,0.0,0.0,0.0,0.0,0.0,0.0,0.0,0.0,0.0,0.0,0.0,0.0,0.0,0.0,0.0,0.0,0.0,0.0,0.0,0.0,0.0,0.0,0.0,0.0,0.0,0.0,0.0,0.0,0.0,0.0,0.0,0.0,0.0,0.0,0.0,0.0,0.0,0.0,0.0,0.0,0.0,0.0,0.0,0.0,0.0,0.0,0.0,0.0,0.0,0.0,0.0,0.0,0.0,0.0,0.0,0.0,0.0,0.0,0.0,0.0,0.0,0.0,0.0,0.0,0.0,0.0,0.0,0.0,0.0,0.0,0.0,0.0
0.0,0.0,0.0,0.0,0.0,0.0,0.0,0.0,0.0,0.0,0.0,0.0,0.0,0.0,0.0,0.0,0.0,0.0,0.0,0.0,0.0,0.0,0.0,0.0,0.0,0.0,0.0,0.0,0.0,0.0,0.0,0.0,0.0,0.0,0.0,0.0,0.0,0.0,0.0,0.0,0.0,0.0,0.0,0.0,0.0,0.0,0.0,0.0,0.0,0.0,0.0,0.0,0.0,0.0,0.0,0.0,0.0,0.0,0.0,0.0,0.0,0.0,0.0,0.0,0.0,0.0,0.0,0.0,0.0,0.0,0.0,0.0,0.0,0.0,0.0,0.0,0.0,0.0,0.0,0.0,0.0,0.0,0.0,0.0,0.0
0.0,0.0,0.0,0.0,0.0,0.0,0.0,0.0,0.0,0.0,0.0,0.0,0.0,0.0,0.0,0.0,0.0,0.0,0.0,0.0,0.0,0.0,0.0,0.0,0.0,0.0,0.0,0.0,0.0,0.0,0.0,0.0,0.0,0.0,0.0,0.0,0.0,0.0,0.0,0.0,0.0,0.0,0.0,0.0,0.0,0.0,0.0,0.0,0.0,0.0,0.0,0.0,0.0,0.0,0.0,0.0,0.0,0.0,0.0,0.0,0.0,0.0,0.0,0.0,0.0,0.0,0.0,0.0,0.0,0.0,0.0,0.0,0.0,0.0,0.0,0.0,0.0,0.0,0.0,0.0,0.0,0.0,0.0,0.0,0.0
0.0,0.0,0.0,0.0,0.0,0.0,0.0,0.0,0.0,0.0,0.0,0.0,0.0,0.0,0.0,0.0,0.0,0.0,0.0,0.0,0.0,0.0,0.0,0.0,0.0,0.0,0.0,0.0,0.0,0.0,0.0,0.0,0.0,0.0,0.0,0.0,0.0,0.0,0.0,0.0,0.0,0.0,0.0,0.0,0.0,0.0,0.0,0.0,0.0,0.0,0.0,0.0,0.0,0.0,0.0,0.0,0.0,0.0,0.0,0.0,0.0,0.0,0.0,0.0,0.0,0.0,0.0,0.0,0.0,0.0,0.0,0.0,0.0,0.0,0.0,0.0,0.0,0.0,0.0,0.0,0.0,0.0,0.0,0.0,0.0
0.0,0.0,0.0,0.0,0.0,0.0,0.0,0.0,0.0,0.0,0.0,0.0,0.0,0.0,0.0,0.0,0.0,0.0,0.0,0.0,0.0,0.0,0.0,0.0,0.0,0.0,0.0,0.0,0.0,0.0,0.0,0.0,0.0,0.0,0.0,0.0,0.0,0.0,0.0,0.0,0.0,0.0,0.0,0.0,0.0,0.0,0.0,0.0,0.0,0.0,0.0,0.0,0.0,0.0,0.0,0.0,0.0,0.0,0.0,0.0,0.0,0.0,0.0,0.0,0.0,0.0,0.0,0.0,0.0,0.0,0.0,0.0,0.0,0.0,0.0,0.0,0.0,0.0,0.0,0.0,0.0,0.0,0.0,0.0,0.0
0.0,0.0,0.0,0.0,0.0,0.0,0.0,0.0,0.0,0.0,0.0,0.0,0.0,0.0,0.0,0.0,0.0,0.0,0.0,0.0,0.0,0.0,0.0,0.0,0.0,0.0,0.0,0.0,0.0,0.0,0.0,0.0,0.0,0.0,0.0,0.0,0.0,0.0,0.0,0.0,0.0,0.0,0.0,0.0,0.0,0.0,0.0,0.0,0.0,0.0,0.0,0.0,0.0,0.0,0.0,0.0,0.0,0.0,0.0,0.0,0.0,0.0,0.0,0.0,0.0,0.0,0.0,0.0,0.0,0.0,0.0,0.0,0.0,0.0,0.0,0.0,0.0,0.0,0.0,0.0,0.0,0.0,0.0,0.0,0.0
0.0,0.0,0.0,0.0,0.0,0.0,0.0,0.0,0.0,0.0,0.0,0.0,0.0,0.0,0.0,0.0,0.0,0.0,0.0,0.0,0.0,0.0,0.0,0.0,0.0,0.0,0.0,0.0,0.0,0.0,0.0,0.0,0.0,0.0,0.0,0.0,0.0,0.0,0.0,0.0,0.0,0.0,0.0,0.0,0.0,0.0,0.0,0.0,0.0,0.0,0.0,0.0,0.0,0.0,0.0,0.0,0.0,0.0,0.0,0.0,0.0,0.0,0.0,0.0,0.0,0.0,0.0,0.0,0.0,0.0,0.0,0.0,0.0,0.0,0.0,0.0,0.0,0.0,0.0,0.0,0.0,0.0,0.0,0.0,0.0
0.0,0.0,0.0,0.0,0.0,0.0,0.0,0.0,0.0,0.0,0.0,0.0,0.0,0.0,0.0,0.0,0.0,0.0,0.0,0.0,0.0,0.0,0.0,0.0,0.0,0.0,0.0,0.0,0.0,0.0,0.0,0.0,0.0,0.0,0.0,0.0,0.0,0.0,0.0,0.0,0.0,0.0,0.0,0.0,0.0,0.0,0.0,0.0,0.0,0.0,0.0,0.0,0.0,0.0,0.0,0.0,0.0,0.0,0.0,0.0,0.0,0.0,0.0,0.0,0.0,0.0,0.0,0.0,0.0,0.0,0.0,0.0,0.0,0.0,0.0,0.0,0.0,0.0,0.0,0.0,0.0,0.0,0.0,0.0,0.0
0.0,0.0,0.0,0.0,0.0,0.0,0.0,0.0,0.0,0.0,0.0,0.0,0.0,0.0,0.0,0.0,0.0,0.0,0.0,0.0,0.0,0.0,0.0,0.0,0.0,0.0,0.0,0.0,0.0,0.0,0.0,0.0,0.0,0.0,0.0,0.0,0.0,0.0,0.0,0.0,0.0,0.0,0.0,0.0,0.0,0.0,0.0,0.0,0.0,0.0,0.0,0.0,0.0,0.0,0.0,0.0,0.0,0.0,0.0,0.0,0.0,0.0,0.0,0.0,0.0,0.0,0.0,0.0,0.0,0.0,0.0,0.0,0.0,0.0,0.0,0.0,0.0,0.0,0.0,0.0,0.0,0.0,0.0,0.0,0.0
0.0,0.0,0.0,0.0,0.0,0.0,0.0,0.0,0.0,0.0,0.0,0.0,0.0,0.0,0.0,0.0,0.0,0.0,0.0,0.0,0.0,0.0,0.0,0.0,0.0,0.0,0.0,0.0,0.0,0.0,0.0,0.0,0.0,0.0,0.0,0.0,0.0,0.0,0.0,0.0,0.0,0.0,0.0,0.0,0.0,0.0,0.0,0.0,0.0,0.0,0.0,0.0,0.0,0.0,0.0,0.0,0.0,0.0,0.0,0.0,0.0,0.0,0.0,0.0,0.0,0.0,0.0,0.0,0.0,0.0,0.0,0.0,0.0,0.0,0.0,0.0,0.0,0.0,0.0,0.0,0.0,0.0,0.0,0.0,0.0
0.0,0.0,0.0,0.0,0.0,0.0,0.0,0.0,0.0,0.0,0.0,0.0,0.0,0.0,0.0,0.0,0.0,0.0,0.0,0.0,0.0,0.0,0.0,0.0,0.0,0.0,0.0,0.0,0.0,0.0,0.0,0.0,0.0,0.0,0.0,0.0,0.0,0.0,0.0,0.0,0.0,0.0,0.0,0.0,0.0,0.0,0.0,0.0,0.0,0.0,0.0,0.0,0.0,0.0,0.0,0.0,0.0,0.0,0.0,0.0,0.0,0.0,0.0,0.0,0.0,0.0,0.0,0.0,0.0,0.0,0.0,0.0,0.0,0.0,0.0,0.0,0.0,0.0,0.0,0.0,0.0,0.0,0.0,0.0,0.0
0.0,0.0,0.0,0.0,0.0,0.0,0.0,0.0,0.0,0.0,0.0,0.0,0.0,0.0,0.0,0.0,0.0,0.0,0.0,0.0,0.0,0.0,0.0,0.0,0.0,0.0,0.0,0.0,0.0,0.0,0.0,0.0,0.0,0.0,0.0,0.0,0.0,0.0,0.0,0.0,0.0,0.0,0.0,0.0,0.0,0.0,0.0,0.0,0.0,0.0,0.0,0.0,0.0,0.0,0.0,0.0,0.0,0.0,0.0,0.0,0.0,0.0,0.0,0.0,0.0,0.0,0.0,0.0,0.0,0.0,0.0,0.0,0.0,0.0,0.0,0.0,0.0,0.0,0.0,0.0,0.0,0.0,0.0,0.0,0.0
0.0,0.0,0.0,0.0,0.0,0.0,0.0,0.0,0.0,0.0,0.0,0.0,0.0,0.0,0.0,0.0,0.0,0.0,0.0,0.0,0.0,0.0,0.0,0.0,0.0,0.0,0.0,0.0,0.0,0.0,0.0,0.0,0.0,0.0,0.0,0.0,0.0,0.0,0.0,0.0,0.0,0.0,0.0,0.0,0.0,0.0,0.0,0.0,0.0,0.0,0.0,0.0,0.0,0.0,0.0,0.0,0.0,0.0,0.0,0.0,0.0,0.0,0.0,0.0,0.0,0.0,0.0,0.0,0.0,0.0,0.0,0.0,0.0,0.0,0.0,0.0,0.0,0.0,0.0,0.0,0.0,0.0,0.0,0.0,0.0
0.0,0.0,0.0,0.0,0.0,0.0,0.0,0.0,0.0,0.0,0.0,0.0,0.0,0.0,0.0,0.0,0.0,0.0,0.0,0.0,0.0,0.0,0.0,0.0,0.0,0.0,0.0,0.0,0.0,0.0,0.0,0.0,0.0,0.0,0.0,0.0,0.0,0.0,0.0,0.0,0.0,0.0,0.0,0.0,0.0,0.0,0.0,0.0,0.0,0.0,0.0,0.0,0.0,0.0,0.0,0.0,0.0,0.0,0.0,0.0,0.0,0.0,0.0,0.0,0.0,0.0,0.0,0.0,0.0,0.0,0.0,0.0,0.0,0.0,0.0,0.0,0.0,0.0,0.0,0.0,0.0,0.0,0.0,0.0,0.0
0.0,0.0,0.0,0.0,0.0,0.0,0.0,0.0,0.0,0.0,0.0,0.0,0.0,0.0,0.0,0.0,0.0,0.0,0.0,0.0,0.0,0.0,0.0,0.0,0.0,0.0,0.0,0.0,0.0,0.0,0.0,0.0,0.0,0.0,0.0,0.0,0.0,0.0,0.0,0.0,0.0,0.0,0.0,0.0,0.0,0.0,0.0,0.0,0.0,0.0,0.0,0.0,0.0,0.0,0.0,0.0,0.0,0.0,0.0,0.0,0.0,0.0,0.0,0.0,0.0,0.0,0.0,0.0,0.0,0.0,0.0,0.0,0.0,0.0,0.0,0.0,0.0,0.0,0.0,0.0,0.0,0.0,0.0,0.0,0.0
0.0,0.0,0.0,0.0,0.0,0.0,0.0,0.0,0.0,0.0,0.0,0.0,0.0,0.0,0.0,0.0,0.0,0.0,0.0,0.0,0.0,0.0,0.0,0.0,0.0,0.0,0.0,0.0,0.0,0.0,0.0,0.0,0.0,0.0,0.0,0.0,0.0,0.0,0.0,0.0,0.0,0.0,0.0,0.0,0.0,0.0,0.0,0.0,0.0,0.0,0.0,0.0,0.0,0.0,0.0,0.0,0.0,0.0,0.0,0.0,0.0,0.0,0.0,0.0,0.0,0.0,0.0,0.0,0.0,0.0,0.0,0.0,0.0,0.0,0.0,0.0,0.0,0.0,0.0,0.0,0.0,0.0,0.0,0.0,0.0
0.0,0.0,0.0,0.0,0.0,0.0,0.0,0.0,0.0,0.0,0.0,0.0,0.0,0.0,0.0,0.0,0.0,0.0,0.0,0.0,0.0,0.0,0.0,0.0,0.0,0.0,0.0,0.0,0.0,0.0,0.0,0.0,0.0,0.0,0.0,0.0,0.0,0.0,0.0,0.0,0.0,0.0,0.0,0.0,0.0,0.0,0.0,0.0,0.0,0.0,0.0,0.0,0.0,0.0,0.0,0.0,0.0,0.0,0.0,0.0,0.0,0.0,0.0,0.0,0.0,0.0,0.0,0.0,0.0,0.0,0.0,0.0,0.0,0.0,0.0,0.0,0.0,0.0,0.0,0.0,0.0,0.0,0.0,0.0,0.0
0.0,0.0,0.0,0.0,0.0,0.0,0.0,0.0,0.0,0.0,0.0,0.0,0.0,0.0,0.0,0.0,0.0,0.0,0.0,0.0,0.0,0.0,0.0,0.0,0.0,0.0,0.0,0.0,0.0,0.0,0.0,0.0,0.0,0.0,0.0,0.0,0.0,0.0,0.0,0.0,0.0,0.0,0.0,0.0,0.0,0.0,0.0,0.0,0.0,0.0,0.0,0.0,0.0,0.0,0.0,0.0,0.0,0.0,0.0,0.0,0.0,0.0,0.0,0.0,0.0,0.0,0.0,0.0,0.0,0.0,0.0,0.0,0.0,0.0,0.0,0.0,0.0,0.0,0.0,0.0,0.0,0.0,0.0,0.0,0.0
0.0,0.0,0.0,0.0,0.0,0.0,0.0,0.0,0.0,0.0,0.0,0.0,0.0,0.0,0.0,0.0,0.0,0.0,0.0,0.0,0.0,0.0,0.0,0.0,0.0,0.0,0.0,0.0,0.0,0.0,0.0,0.0,0.0,0.0,0.0,0.0,0.0,0.0,0.0,0.0,0.0,0.0,0.0,0.0,0.0,0.0,0.0,0.0,0.0,0.0,0.0,0.0,0.0,0.0,0.0,0.0,0.0,0.0,0.0,0.0,0.0,0.0,0.0,0.0,0.0,0.0,0.0,0.0,0.0,0.0,0.0,0.0,0.0,0.0,0.0,0.0,0.0,0.0,0.0,0.0,0.0,0.0,0.0,0.0,0.0
0.0,0.0,0.0,0.0,0.0,0.0,0.0,0.0,0.0,0.0,0.0,0.0,0.0,0.0,0.0,0.0,0.0,0.0,0.0,0.0,0.0,0.0,0.0,0.0,0.0,0.0,0.0,0.0,0.0,0.0,0.0,0.0,0.0,0.0,0.0,0.0,0.0,0.0,0.0,0.0,0.0,0.0,0.0,0.0,0.0,0.0,0.0,0.0,0.0,0.0,0.0,0.0,0.0,0.0,0.0,0.0,0.0,0.0,0.0,0.0,0.0,0.0,0.0,0.0,0.0,0.0,0.0,0.0,0.0,0.0,0.0,0.0,0.0,0.0,0.0,0.0,0.0,0.0,0.0,0.0,0.0,0.0,0.0,0.0,0.0
0.0,0.0,0.0,0.0,0.0,0.0,0.0,0.0,0.0,0.0,0.0,0.0,0.0,0.0,0.0,0.0,0.0,0.0,0.0,0.0,0.0,0.0,0.0,0.0,0.0,0.0,0.0,0.0,0.0,0.0,0.0,0.0,0.0,0.0,0.0,0.0,0.0,0.0,0.0,0.0,0.0,0.0,0.0,0.0,0.0,0.0,0.0,0.0,0.0,0.0,0.0,0.0,0.0,0.0,0.0,0.0,0.0,0.0,0.0,0.0,0.0,0.0,0.0,0.0,0.0,0.0,0.0,0.0,0.0,0.0,0.0,0.0,0.0,0.0,0.0,0.0,0.0,0.0,0.0,0.0,0.0,0.0,0.0,0.0,0.0
0.0,0.0,0.0,0.0,0.0,0.0,0.0,0.0,0.0,0.0,0.0,0.0,0.0,0.0,0.0,0.0,0.0,0.0,0.0,0.0,0.0,0.0,0.0,0.0,0.0,0.0,0.0,0.0,0.0,0.0,0.0,0.0,0.0,0.0,0.0,0.0,0.0,0.0,0.0,0.0,0.0,0.0,0.0,0.0,0.0,0.0,0.0,0.0,0.0,0.0,0.0,0.0,0.0,0.0,0.0,0.0,0.0,0.0,0.0,0.0,0.0,0.0,0.0,0.0,0.0,0.0,0.0,0.0,0.0,0.0,0.0,0.0,0.0,0.0,0.0,0.0,0.0,0.0,0.0,0.0,0.0,0.0,0.0,0.0,0.0
0.0,0.0,0.0,0.0,0.0,0.0,0.0,0.0,0.0,0.0,0.0,0.0,0.0,0.0,0.0,0.0,0.0,0.0,0.0,0.0,0.0,0.0,0.0,0.0,0.0,0.0,0.0,0.0,0.0,0.0,0.0,0.0,0.0,0.0,0.0,0.0,0.0,0.0,0.0,0.0,0.0,0.0,0.0,0.0,0.0,0.0,0.0,0.0,0.0,0.0,0.0,0.0,0.0,0.0,0.0,0.0,0.0,0.0,0.0,0.0,0.0,0.0,0.0,0.0,0.0,0.0,0.0,0.0,0.0,0.0,0.0,0.0,0.0,0.0,0.0,0.0,0.0,0.0,0.0,0.0,0.0,0.0,0.0,0.0,0.0
0.0,0.0,0.0,0.0,0.0,0.0,0.0,0.0,0.0,0.0,0.0,0.0,0.0,0.0,0.0,0.0,0.0,0.0,0.0,0.0,0.0,0.0,0.0,0.0,0.0,0.0,0.0,0.0,0.0,0.0,0.0,0.0,0.0,0.0,0.0,0.0,0.0,0.0,0.0,0.0,0.0,0.0,0.0,0.0,0.0,0.0,0.0,0.0,0.0,0.0,0.0,0.0,0.0,0.0,0.0,0.0,0.0,0.0,0.0,0.0,0.0,0.0,0.0,0.0,0.0,0.0,0.0,0.0,0.0,0.0,0.0,0.0,0.0,0.0,0.0,0.0,0.0,0.0,0.0,0.0,0.0,0.0,0.0,0.0,0.0
0.0,0.0,0.0,0.0,0.0,0.0,0.0,0.0,0.0,0.0,0.0,0.0,0.0,0.0,0.0,0.0,0.0,0.0,0.0,0.0,0.0,0.0,0.0,0.0,0.0,0.0,0.0,0.0,0.0,0.0,0.0,0.0,0.0,0.0,0.0,0.0,0.0,0.0,0.0,0.0,0.0,0.0,0.0,0.0,0.0,0.0,0.0,0.0,0.0,0.0,0.0,0.0,0.0,0.0,0.0,0.0,0.0,0.0,0.0,0.0,0.0,0.0,0.0,0.0,0.0,0.0,0.0,0.0,0.0,0.0,0.0,0.0,0.0,0.0,0.0,0.0,0.0,0.0,0.0,0.0,0.0,0.0,0.0,0.0,0.0
0.0,0.0,0.0,0.0,0.0,0.0,0.0,0.0,0.0,0.0,0.0,0.0,0.0,0.0,0.0,0.0,0.0,0.0,0.0,0.0,0.0,0.0,0.0,0.0,0.0,0.0,0.0,0.0,0.0,0.0,0.0,0.0,0.0,0.0,0.0,0.0,0.0,0.0,0.0,0.0,0.0,0.0,0.0,0.0,0.0,0.0,0.0,0.0,0.0,0.0,0.0,0.0,0.0,0.0,0.0,0.0,0.0,0.0,0.0,0.0,0.0,0.0,0.0,0.0,0.0,0.0,0.0,0.0,0.0,0.0,0.0,0.0,0.0,0.0,0.0,0.0,0.0,0.0,0.0,0.0,0.0,0.0,0.0,0.0,0.0
0.0,0.0,0.0,0.0,0.0,0.0,0.0,0.0,0.0,0.0,0.0,0.0,0.0,0.0,0.0,0.0,0.0,0.0,0.0,0.0,0.0,0.0,0.0,0.0,0.0,0.0,0.0,0.0,0.0,0.0,0.0,0.0,0.0,0.0,0.0,0.0,0.0,0.0,0.0,0.0,0.0,0.0,0.0,0.0,0.0,0.0,0.0,0.0,0.0,0.0,0.0,0.0,0.0,0.0,0.0,0.0,0.0,0.0,0.0,0.0,0.0,0.0,0.0,0.0,0.0,0.0,0.0,0.0,0.0,0.0,0.0,0.0,0.0,0.0,0.0,0.0,0.0,0.0,0.0,0.0,0.0,0.0,0.0,0.0,0.0
0.0,0.0,0.0,0.0,0.0,0.0,0.0,0.0,0.0,0.0,0.0,0.0,0.0,0.0,0.0,0.0,0.0,0.0,0.0,0.0,0.0,0.0,0.0,0.0,0.0,0.0,0.0,0.0,0.0,0.0,0.0,0.0,0.0,0.0,0.0,0.0,0.0,0.0,0.0,0.0,0.0,0.0,0.0,0.0,0.0,0.0,0.0,0.0,0.0,0.0,0.0,0.0,0.0,0.0,0.0,0.0,0.0,0.0,0.0,0.0,0.0,0.0,0.0,0.0,0.0,0.0,0.0,0.0,0.0,0.0,0.0,0.0,0.0,0.0,0.0,0.0,0.0,0.0,0.0,0.0,0.0,0.0,0.0,0.0,0.0
0.0,0.0,0.0,0.0,0.0,0.0,0.0,0.0,0.0,0.0,0.0,0.0,0.0,0.0,0.0,0.0,0.0,0.0,0.0,0.0,0.0,0.0,0.0,0.0,0.0,0.0,0.0,0.0,0.0,0.0,0.0,0.0,0.0,0.0,0.0,0.0,0.0,0.0,0.0,0.0,0.0,0.0,0.0,0.0,0.0,0.0,0.0,0.0,0.0,0.0,0.0,0.0,0.0,0.0,0.0,0.0,0.0,0.0,0.0,0.0,0.0,0.0,0.0,0.0,0.0,0.0,0.0,0.0,0.0,0.0,0.0,0.0,0.0,0.0,0.0,0.0,0.0,0.0,0.0,0.0,0.0,0.0,0.0,0.0,0.0
0.0,0.0,0.0,0.0,0.0,0.0,0.0,0.0,0.0,0.0,0.0,0.0,0.0,0.0,0.0,0.0,0.0,0.0,0.0,0.0,0.0,0.0,0.0,0.0,0.0,0.0,0.0,0.0,0.0,0.0,0.0,0.0,0.0,0.0,0.0,0.0,0.0,0.0,0.0,0.0,0.0,0.0,0.0,0.0,0.0,0.0,0.0,0.0,0.0,0.0,0.0,0.0,0.0,0.0,0.0,0.0,0.0,0.0,0.0,0.0,0.0,0.0,0.0,0.0,0.0,0.0,0.0,0.0,0.0,0.0,0.0,0.0,0.0,0.0,0.0,0.0,0.0,0.0,0.0,0.0,0.0,0.0,0.0,0.0,0.0
0.0,0.0,0.0,0.0,0.0,0.0,0.0,0.0,0.0,0.0,0.0,0.0,0.0,0.0,0.0,0.0,0.0,0.0,0.0,0.0,0.0,0.0,0.0,0.0,0.0,0.0,0.0,0.0,0.0,0.0,0.0,0.0,0.0,0.0,0.0,0.0,0.0,0.0,0.0,0.0,0.0,0.0,0.0,0.0,0.0,0.0,0.0,0.0,0.0,0.0,0.0,0.0,0.0,0.0,0.0,0.0,0.0,0.0,0.0,0.0,0.0,0.0,0.0,0.0,0.0,0.0,0.0,0.0,0.0,0.0,0.0,0.0,0.0,0.0,0.0,0.0,0.0,0.0,0.0,0.0,0.0,0.0,0.0,0.0,0.0
0.0,0.0,0.0,0.0,0.0,0.0,0.0,0.0,0.0,0.0,0.0,0.0,0.0,0.0,0.0,0.0,0.0,0.0,0.0,0.0,0.0,0.0,0.0,0.0,0.0,0.0,0.0,0.0,0.0,0.0,0.0,0.0,0.0,0.0,0.0,0.0,0.0,0.0,0.0,0.0,0.0,0.0,0.0,0.0,0.0,0.0,0.0,0.0,0.0,0.0,0.0,0.0,0.0,0.0,0.0,0.0,0.0,0.0,0.0,0.0,0.0,0.0,0.0,0.0,0.0,0.0,0.0,0.0,0.0,0.0,0.0,0.0,0.0,0.0,0.0,0.0,0.0,0.0,0.0,0.0,0.0,0.0,0.0,0.0,0.0
0.0,0.0,0.0,0.0,0.0,0.0,0.0,0.0,0.0,0.0,0.0,0.0,0.0,0.0,0.0,0.0,0.0,0.0,0.0,0.0,0.0,0.0,0.0,0.0,0.0,0.0,0.0,0.0,0.0,0.0,0.0,0.0,0.0,0.0,0.0,0.0,0.0,0.0,0.0,0.0,0.0,0.0,0.0,0.0,0.0,0.0,0.0,0.0,0.0,0.0,0.0,0.0,0.0,0.0,0.0,0.0,0.0,0.0,0.0,0.0,0.0,0.0,0.0,0.0,0.0,0.0,0.0,0.0,0.0,0.0,0.0,0.0,0.0,0.0,0.0,0.0,0.0,0.0,0.0,0.0,0.0,0.0,0.0,0.0,0.0
0.0,0.0,0.0,0.0,0.0,0.0,0.0,0.0,0.0,0.0,0.0,0.0,0.0,0.0,0.0,0.0,0.0,0.0,0.0,0.0,0.0,0.0,0.0,0.0,0.0,0.0,0.0,0.0,0.0,0.0,0.0,0.0,0.0,0.0,0.0,0.0,0.0,0.0,0.0,0.0,0.0,0.0,0.0,0.0,0.0,0.0,0.0,0.0,0.0,0.0,0.0,0.0,0.0,0.0,0.0,0.0,0.0,0.0,0.0,0.0,0.0,0.0,0.0,0.0,0.0,0.0,0.0,0.0,0.0,0.0,0.0,0.0,0.0,0.0,0.0,0.0,0.0,0.0,0.0,0.0,0.0,0.0,0.0,0.0,0.0
0.0,0.0,0.0,0.0,0.0,0.0,0.0,0.0,0.0,0.0,0.0,0.0,0.0,0.0,0.0,0.0,0.0,0.0,0.0,0.0,0.0,0.0,0.0,0.0,0.0,0.0,0.0,0.0,0.0,0.0,0.0,0.0,0.0,0.0,0.0,0.0,0.0,0.0,0.0,0.0,0.0,0.0,0.0,0.0,0.0,0.0,0.0,0.0,0.0,0.0,0.0,0.0,0.0,0.0,0.0,0.0,0.0,0.0,0.0,0.0,0.0,0.0,0.0,0.0,0.0,0.0,0.0,0.0,0.0,0.0,0.0,0.0,0.0,0.0,0.0,0.0,0.0,0.0,0.0,0.0,0.0,0.0,0.0,0.0,0.0
0.0,0.0,0.0,0.0,0.0,0.0,0.0,0.0,0.0,0.0,0.0,0.0,0.0,0.0,0.0,0.0,0.0,0.0,0.0,0.0,0.0,0.0,0.0,0.0,0.0,0.0,0.0,0.0,0.0,0.0,0.0,0.0,0.0,0.0,0.0,0.0,0.0,0.0,0.0,0.0,0.0,0.0,0.0,0.0,0.0,0.0,0.0,0.0,0.0,0.0,0.0,0.0,0.0,0.0,0.0,0.0,0.0,0.0,0.0,0.0,0.0,0.0,0.0,0.0,0.0,0.0,0.0,0.0,0.0,0.0,0.0,0.0,0.0,0.0,0.0,0.0,0.0,0.0,0.0,0.0,0.0,0.0,0.0,0.0,0.0
0.0,0.0,0.0,0.0,0.0,0.0,0.0,0.0,0.0,0.0,0.0,0.0,0.0,0.0,0.0,0.0,0.0,0.0,0.0,0.0,0.0,0.0,0.0,0.0,0.0,0.0,0.0,0.0,0.0,0.0,0.0,0.0,0.0,0.0,0.0,0.0,0.0,0.0,0.0,0.0,0.0,0.0,0.0,0.0,0.0,0.0,0.0,0.0,0.0,0.0,0.0,0.0,0.0,0.0,0.0,0.0,0.0,0.0,0.0,0.0,0.0,0.0,0.0,0.0,0.0,0.0,0.0,0.0,0.0,0.0,0.0,0.0,0.0,0.0,0.0,0.0,0.0,0.0,0.0,0.0,0.0,0.0,0.0,0.0,0.0
0.0,0.0,0.0,0.0,0.0,0.0,0.0,0.0,0.0,0.0,0.0,0.0,0.0,0.0,0.0,0.0,0.0,0.0,0.0,0.0,0.0,0.0,0.0,0.0,0.0,0.0,0.0,0.0,0.0,0.0,0.0,0.0,0.0,0.0,0.0,0.0,0.0,0.0,0.0,0.0,0.0,0.0,0.0,0.0,0.0,0.0,0.0,0.0,0.0,0.0,0.0,0.0,0.0,0.0,0.0,0.0,0.0,0.0,0.0,0.0,0.0,0.0,0.0,0.0,0.0,0.0,0.0,0.0,0.0,0.0,0.0,0.0,0.0,0.0,0.0,0.0,0.0,0.0,0.0,0.0,0.0,0.0,0.0,0.0,0.0
20230823.0,2.0230823130255064e+16,0.897,0.896,0.895,0.894,0.893,5024300.0,5984000.0,2035500.0,186300.0,383100.0,0.823,0.908,0.898,0.893,270900.0,1779800.0,1010500.0,0.0,-1300.0,0.899,0.9,0.901,0.902,0.903,2440600.0,4141500.0,1540500.0,443200.0,74900.0,0.905,0.914,-0.016,0.001,106215125.803,118049012.0,1.005,504600.0,-689500.0,189500.0,0.0,0.0,0.0,0.0,9339.60000000894,-0.001,775500.0,1090300.0,1200000.0,0.0,-1300.0,0.002,0.001,0.898,0.0,0.0,0.806404,1.3935569234176144e+16,0.0,0.0,0.898,0.0,0.0,-3.098523147090915e-05,0.898,0.898,1303.0,0.898,0.0022271714922049,0.0044543429844098,0.0,159841.0,8640700.0,13613200.0,-4972500.0,22253900.0,0.2478962704510393,0.1641139373602761,10400.0,4972500.0,0.8980384615393212,0.8983461131428419,0.9000244193178794,0.8961077557076956
20230823.0,2.023082313035509e+16,0.897,0.896,0.895,0.894,0.893,465900.0,4945200.0,4432400.0,1894700.0,433100.0,0.823,0.908,0.897,0.893,-5051700.0,-3347400.0,-2007900.0,-342600.0,-143200.0,0.898,0.899,0.9,0.901,0.902,493300.0,2308600.0,4404800.0,851000.0,193200.0,0.905,0.914,-0.017,-0.001,106293216.603,118136012.0,1.005,493300.0,2308600.0,4404800.0,851000.0,193200.0,0.00025,15881.25,78090.79999999702,-0.001,-4558400.0,-1038800.0,2396900.0,508400.0,50000.0,0.002,0.001,0.897,1.0,2.0,0.80505775,2.2316793484739392e+17,4.0,12.0,0.898,0.0002499999999999,42200.0,-0.000958214382571,0.897,0.8975,1304.0,0.898,0.0011142061281337,0.0033426183844011,-13181716.720670003,159841.0,8250900.0,12171300.0,-3920400.0,20422200.0,0.272252456520648,0.1974797613583633,87000.0,3920400.0,0.8975954022988163,0.8974857172643871,0.8997505969045803,0.8952560203100737
20230823.0,2.0230823130455028e+16,0.897,0.896,0.895,0.894,0.893,118200.0,5025400.0,4444800.0,2044700.0,1624600.0,0.823,0.908,0.897,0.893,-732700.0,238300.0,262400.0,0.0,1441500.0,0.898,0.899,0.9,0.901,0.902,972900.0,2300500.0,3839800.0,851000.0,193200.0,0.905,0.914,-0.017,-0.001,106558659.303,118431912.0,1.005,250000.0,-123100.0,0.0,0.0,-250000.0,6.250000000007638e-05,26750.0,247123.5,-0.001,-482700.0,115200.0,262400.0,0.0,1191500.0,0.002,0.001,0.897,0.0,1.0,0.8047211875000001,2.236339875349447e+17,1.0,15.0,0.898,0.0,700.0,-0.0003851518594061,0.897,0.8975,1305.0,0.898,0.0011142061281337,0.0033426183844011,-13177047.045707928,159841.0,8157400.0,13257700.0,-5100300.0,21415100.0,0.2820847968440182,0.2460663787573462,275500.0,5100300.0,0.897,0.8971083310420677,0.8996311447274867,0.8949975787655476
20230823.0,2.0230823130555136e+16,0.897,0.896,0.895,0.894,0.893,300000.0,5781600.0,4644800.0,1894700.0,1624600.0,0.823,0.908,0.897,0.893,-1846800.0,-152200.0,1686600.0,258400.0,250000.0,0.898,0.899,0.9,0.901,0.902,550000.0,2300500.0,4300000.0,851000.0,193200.0,0.905,0.914,-0.017,0.0,106720668.603,118612512.0,1.005,-100000.0,-100000.0,460200.0,0.0,-250000.0,0.0002222222222221,9938.888888895512,162009.29999999702,-0.001,-1946800.0,-252200.0,2146800.0,258400.0,0.0,0.002,0.001,0.897,1.0,1.0,0.8050078888888889,2.526941896044702e+17,4.0,14.0,0.898,0.0,8825.0,-0.0004709114577352,0.897,0.8975,1306.0,0.897,0.0011142061281337,0.0033426183844011,-28856.6208072938,159841.0,8194700.0,14245700.0,-6051000.0,22440400.0,0.3434086912421928,0.2502116267870358,180600.0,6051000.0,0.8970614617940035,0.8973529411764706,0.8997360367066519,0.8950868823574832
20230823.0,2.0230823130655108e+16,0.896,0.895,0.894,0.893,0.892,4680000.0,5056600.0,2044900.0,1614600.0,355200.0,0.823,0.908,0.896,0.893,-4681000.0,-6698500.0,-4234100.0,-5053000.0,-1206200.0,0.897,0.898,0.899,0.9,0.901,1000.0,1641900.0,2189200.0,3438400.0,851000.0,0.905,0.914,-0.018,-0.001,106967110.103,118887512.0,1.005,1000.0,1641900.0,2189200.0,3438400.0,851000.0,0.0007058823529414,49388.23529411852,236395.09999999404,-0.001,-4680000.0,-5056600.0,-2044900.0,-1614600.0,-355200.0,0.002,0.001,0.896,1.0,2.0,0.8040818823529411,2.39522021167382e+17,10.0,7.0,0.898,0.001,29000.0,-0.0007731124297785,0.896,0.8965000000000001,1307.0,0.897,0.0011154489682097,0.0033463469046291,-13328721.939627755,159841.0,8121500.0,13751300.0,-5629800.0,21872800.0,0.3680316871391882,0.2178944401365642,263800.0,5629800.0,0.8961148597422064,0.8969997863704336,0.8994305239179955,0.8948793059565278
20230823.0,2.023082313075507e+16,0.897,0.896,0.895,0.894,0.893,3587800.0,6303300.0,2163200.0,1487600.0,1642400.0,0.823,0.908,0.897,0.893,3689000.0,8244700.0,5970500.0,3028100.0,2065600.0,0.898,0.899,0.9,0.901,0.902,101200.0,1941400.0,3807300.0,1540500.0,423200.0,0.905,0.914,-0.017,0.001,107562313.103,119551512.0,1.005,-101200.0,-1941400.0,-3807300.0,-1540500.0,-423200.0,0.0004117647058824,249976.47058823705,595203.0,-0.001,3587800.0,6303300.0,2163200.0,1487600.0,1642400.0,0.002,0.001,0.897,1.0,0.0,0.8035542941176469,2.4178696057228486e+17,7.0,10.0,0.897,0.001,361200.0,0.001083907347446,0.896,0.8975,1308.0,0.896,0.0011142061281337,0.0033426183844011,13307715.942029,159841.0,7813600.0,15184300.0,-7370700.0,22997900.0,0.3423690380204899,0.2442841938077404,664000.0,7370700.0,0.8963900602409639,0.8979725670913526,0.9000311124193714,0.8955733883023913
20230823.0,2.023082313085249e+16,0.897,0.896,0.895,0.894,0.893,15400.0,5336300.0,5072800.0,2045800.0,1642400.0,0.823,0.908,0.898,0.893,-4393900.0,-1346100.0,2669900.0,1247700.0,250000.0,0.898,0.899,0.9,0.901,0.902,1121100.0,2320500.0,3847000.0,851000.0,173200.0,0.905,0.914,-0.016,0.001,107723160.803,119730812.0,1.005,819900.0,379100.0,239700.0,-689500.0,-250000.0,0.0001818181818182,83536.36363635957,160847.70000000298,-0.001,-3574000.0,-967000.0,2909600.0,558200.0,0.0,0.002,0.001,0.898,1.0,0.0,0.8049353636363636,1.5747026034556918e+17,2.0,9.0,0.898,0.0,173700.0,-0.0010128854415645,0.897,0.8975,1309.0,0.897,0.0011142061281337,0.0033426183844011,13333052.561247228,159841.0,8312800.0,14112700.0,-5799900.0,22425500.0,0.3499506246424509,0.2225467424294314,179300.0,5799900.0,0.897087005019537,0.8970135503739551,0.899595166490232,0.8950025863229574
20230823.0,2.023082313095509e+16,0.896,0.895,0.894,0.893,0.892,8373800.0,7074900.0,2046300.0,1647700.0,358200.0,0.823,0.908,0.896,0.893,-8783200.0,-7074900.0,-1637900.0,-1647700.0,-358200.0,0.898,0.899,0.9,0.901,0.902,1530500.0,2320500.0,3438600.0,851000.0,173200.0,0.905,0.914,-0.018,-0.001,108010610.403,120051512.0,1.005,409400.0,0.0,-408400.0,0.0,0.0,0.0002666666666666,65060.0,274800.89999999106,-0.001,-8373800.0,-7074900.0,-2046300.0,-1647700.0,-358200.0,0.002,0.001,0.896,1.0,2.0,0.8032942666666667,2.1536445100240576e+17,3.0,12.0,0.898,0.0,58000.0,0.0007667128771188,0.896,0.897,1310.0,0.897,0.0022296544035674,0.0044593088071348,-13438814.82958162,159841.0,8313800.0,19500900.0,-11187100.0,27814700.0,0.335853835401233,0.2242797888359361,306600.0,11187100.0,0.8962847358121039,0.8976909423179832,0.8994967283312084,0.8951003799824624
20230823.0,2.023082313105509e+16,0.896,0.895,0.894,0.893,0.892,8091900.0,7684500.0,1638000.0,1718800.0,358300.0,0.823,0.908,0.897,0.893,-7683500.0,-7684500.0,-2046400.0,-1718800.0,-358300.0,0.898,0.899,0.9,0.901,0.902,1122100.0,2320500.0,3847000.0,851000.0,173200.0,0.905,0.914,-0.017,0.001,108312818.303,120388512.0,1.005,-408400.0,0.0,408400.0,0.0,0.0,0.0003888888888889,61738.88888889551,302207.900000006,-0.001,-8091900.0,-7684500.0,-1638000.0,-1718800.0,-358300.0,0.002,0.001,0.897,1.0,1.0,0.8035135,2.599158633015453e+17,5.0,13.0,0.898,0.00075,62575.0,0.0008357031358704,0.896,0.897,1311.0,0.896,0.0022296544035674,0.0044593088071348,13340723.78753232,159841.0,8313800.0,19491500.0,-11177700.0,27805300.0,0.3391343497257078,0.1983815946003084,337000.0,11177700.0,0.8967593471810266,0.8977564358584762,0.8995949746205105,0.8950996023907857
0.0,0.0,0.0,0.0,0.0,0.0,0.0,0.0,0.0,0.0,0.0,0.0,0.0,0.0,0.0,0.0,0.0,0.0,0.0,0.0,0.0,0.0,0.0,0.0,0.0,0.0,0.0,0.0,0.0,0.0,0.0,0.0,0.0,0.0,0.0,0.0,0.0,0.0,0.0,0.0,0.0,0.0,0.0,0.0,0.0,0.0,0.0,0.0,0.0,0.0,0.0,0.0,0.0,0.0,0.0,0.0,0.0,0.0,0.0,0.0,0.0,0.0,0.0,0.0,0.0,0.0,0.0,0.0,0.0,0.0,0.0,0.0,0.0,0.0,0.0,0.0,0.0,0.0,0.0,0.0,0.0,0.0,0.0,0.0,0.0
20230823.0,2.0230823131252468e+16,0.898,0.897,0.896,0.895,0.894,5511700.0,6770400.0,2527000.0,1626900.0,1488000.0,0.823,0.908,0.898,0.893,5658100.0,8853200.0,4936400.0,3339600.0,1812900.0,0.899,0.9,0.901,0.902,0.903,146400.0,2082800.0,2409400.0,1712700.0,324900.0,0.905,0.914,-0.016,0.001,108672678.103,120789512.0,1.005,-146400.0,-2082800.0,-2409400.0,-1712700.0,-324900.0,0.0001428571428571,33228.57142856717,359859.799999997,-0.001,5511700.0,6770400.0,2527000.0,1626900.0,1488000.0,0.002,0.001,0.898,2.0,1.0,0.8061477142857143,2.0405011092313683e+17,11.0,3.0,0.899,0.0,78975.0,0.0012007150656598,0.897,0.8985000000000001,1313.0,0.897,0.0011129660545353,0.003338898163606,13419277.888076592,159841.0,6676200.0,17924000.0,-11247800.0,24600200.0,0.3851638469715454,0.155588278001755,401000.0,11247800.0,0.8974059850373991,0.8989741255898623,0.9009980378059376,0.8967359350591386
20230823.0,2.0230823131334444e+16,0.899,0.898,0.897,0.896,0.895,6633900.0,6969400.0,559400.0,1977200.0,1628900.0,0.823,0.908,0.9,0.893,6943600.0,8740700.0,4357800.0,3591600.0,1936300.0,0.9,0.901,0.902,0.903,0.904,309700.0,1771300.0,3798400.0,1614400.0,307400.0,0.905,0.914,-0.014,0.001,108929885.703,121075612.0,1.005,-309700.0,-1771300.0,-3798400.0,-1614400.0,-307400.0,0.0003333333333334,72200.0,248217.59999999404,-0.001,6633900.0,6969400.0,559400.0,1977200.0,1628900.0,0.002,0.001,0.9,1.0,0.0,0.808800666666667,1.755486041253849e+17,4.0,8.0,0.9,0.001,94375.0,0.0011078922793184,0.899,0.8995,1314.0,0.899,0.0011117287381878,0.0033351862145636,13441845.77777779,159841.0,7801200.0,17768800.0,-9967600.0,25570000.0,0.3822109756635268,0.1451856758644801,276100.0,9967600.0,0.8990134009416662,0.8999553977763696,0.9019792980567092,0.8978443001215615
20230823.0,2.0230823131416536e+16,0.9,0.899,0.898,0.897,0.896,5504500.0,6495100.0,575200.0,2100.0,1375900.0,0.823,0.908,0.901,0.893,5604600.0,8438700.0,4275300.0,1599000.0,2072900.0,0.901,0.902,0.903,0.904,0.905,100100.0,1943600.0,3700100.0,1596900.0,697000.0,0.905,0.914,-0.013,0.002,109501713.603,121711012.0,1.005,-100100.0,-1943600.0,-3700100.0,-1596900.0,-697000.0,0.0005,142016.66666667163,540721.299999997,-0.001,5504500.0,6495100.0,575200.0,2100.0,1375900.0,0.002,0.001,0.901,2.0,1.0,0.8109004999999999,8.851644049873406e+16,3.0,3.0,0.901,0.001,294000.0,0.0011244420319182,0.9,0.9005000000000001,1315.0,0.9,0.0011104941699056,0.0033314825097168,13453682.339129372,159841.0,8037700.0,13952800.0,-5915100.0,21990500.0,0.3433824232107836,0.1866245942963669,600800.0,5915100.0,0.9000021637816196,0.9009821396709844,0.90310539084564,0.8990571498193912
20230823.0,2.0230823131510344e+16,0.9,0.899,0.898,0.897,0.896,231000.0,5350800.0,5585600.0,570500.0,1375900.0,0.823,0.908,0.9,0.893,1800500.0,8890300.0,7700000.0,865900.0,1822900.0,0.901,0.902,0.903,0.904,0.905,1569500.0,3539500.0,2114400.0,295400.0,447000.0,0.905,0.914,-0.014,0.0,111122320.603,123512312.0,1.005,-1569500.0,-3539500.0,-2114400.0,-295400.0,-447000.0,0.00025,101175.0,402167.799999997,-0.001,231000.0,5350800.0,5585600.0,570500.0,1375900.0,0.002,0.001,0.9,1.0,0.0,0.80955025,6.087197285429858e+16,3.0,1.0,0.9,0.0002499999999999,101175.0,0.0002023484696711,0.899,0.9005000000000001,1316.0,0.899,0.0011104941699056,0.0033314825097168,13712479.111111123,159841.0,7965800.0,13113800.0,-5148000.0,21079600.0,0.3305931605371646,0.2079408333045075,446900.0,5148000.0,0.899905571716261,0.9001282976950847,0.902310916668759,0.8981899144412756
20230823.0,2.02308231316221e+16,0.899,0.898,0.897,0.896,0.895,5127500.0,6784600.0,720500.0,1357200.0,311300.0,0.823,0.908,0.9,0.893,255900.0,750000.0,-889500.0,1159500.0,0.0,0.9,0.901,0.902,0.903,0.904,489400.0,1861500.0,4288100.0,924900.0,305400.0,0.905,0.914,-0.014,0.0,111395380.603,123815712.0,1.005,57100.0,350000.0,689500.0,-1189500.0,0.0,0.0,733.3333333283663,1980.0,-0.001,313000.0,1100000.0,-200000.0,-30000.0,0.0,0.002,0.001,0.9,0.0,0.0,0.8100000000000002,9.198074508108166e+16,0.0,0.0,0.9,0.0,1500.0,-5.2636444290155016e-06,0.9,0.8995,1317.0,0.9,0.0011117287381878,0.0033351862145636,0.0,159841.0,7869300.0,14301100.0,-6431800.0,22170400.0,0.3177435845131994,0.2072318053904995,2200.0,6431800.0,0.9,0.8999128700884829,0.9018342165122692,0.8980530518631434
20230823.0,2.0230823131755784e+16,0.901,0.9,0.899,0.898,0.897,5995600.0,6766800.0,624600.0,43300.0,12100.0,0.823,0.908,0.902,0.893,6166800.0,8290900.0,3088600.0,2029800.0,487700.0,0.902,0.903,0.904,0.905,0.906,171200.0,1524100.0,2464000.0,1986500.0,475600.0,0.905,0.914,-0.012,0.003,112215296.903,124726212.0,1.005,-171200.0,-1524100.0,-2464000.0,-1986500.0,-475600.0,0.0001764705882352,42164.70588235557,768658.3999999911,-0.001,5995600.0,6766800.0,624600.0,43300.0,12100.0,0.002,0.001,0.902,3.0,0.0,0.8103184117647058,2.6283169482830323e+17,4.0,13.0,0.902,0.0,13400.0,0.002258971740107,0.899,0.9015,1318.0,0.899,0.0011092623405435,0.0033277870216306,41432088.57755764,159841.0,6621400.0,13442400.0,-6821000.0,20063800.0,0.3023803786581195,0.2378642703149334,853500.0,6821000.0,0.900595664909187,0.901972238438088,0.904161778475851,0.9003904139141821
20230823.0,2.0230823131855204e+16,0.901,0.9,0.899,0.898,0.897,726000.0,6503700.0,5318200.0,578100.0,12100.0,0.823,0.908,0.902,0.893,-6528600.0,-2379900.0,5052500.0,1801300.0,250000.0,0.902,0.903,0.904,0.905,0.906,1429900.0,3640900.0,2105100.0,720000.0,225600.0,0.905,0.914,-0.012,0.0,112437657.903,124972812.0,1.005,1259000.0,2116800.0,-358900.0,-1266500.0,-250000.0,0.0003684210526315,38631.57894736528,222090.39999999103,-0.001,-5269600.0,-263100.0,4693600.0,534800.0,0.0,0.002,0.001,0.902,2.0,2.0,0.8124652631578948,2.9655823686632314e+17,7.0,12.0,0.902,0.001,44550.0,-0.000704854728685,0.901,0.9015,1319.0,0.902,0.0011092623405435,0.0033277870216306,-17219.598819740117,159841.0,8121500.0,13138100.0,-5016600.0,21259600.0,0.2359630504233119,0.1985490218386274,246300.0,5016600.0,0.9017068615509178,0.9013367503130943,0.9033437788585852,0.8995597004133018
0.0,0.0,0.0,0.0,0.0,0.0,0.0,0.0,0.0,0.0,0.0,0.0,0.0,0.0,0.0,0.0,0.0,0.0,0.0,0.0,0.0,0.0,0.0,0.0,0.0,0.0,0.0,0.0,0.0,0.0,0.0,0.0,0.0,0.0,0.0,0.0,0.0,0.0,0.0,0.0,0.0,0.0,0.0,0.0,0.0,0.0,0.0,0.0,0.0,0.0,0.0,0.0,0.0,0.0,0.0,0.0,0.0,0.0,0.0,0.0,0.0,0.0,0.0,0.0,0.0,0.0,0.0,0.0,0.0,0.0,0.0,0.0,0.0,0.0,0.0,0.0,0.0,0.0,0.0,0.0,0.0,0.0,0.0,0.0,0.0
20230823.0,2.023082313204614e+16,0.9,0.899,0.898,0.897,0.896,275100.0,6237700.0,5431700.0,590500.0,138800.0,0.823,0.908,0.9,0.893,-6150000.0,-2261200.0,6702700.0,1158400.0,250000.0,0.901,0.902,0.903,0.904,0.905,1333900.0,3453400.0,2180500.0,315600.0,465000.0,0.905,0.914,-0.014,0.0,113183440.903,125800812.0,1.005,1015800.0,1487800.0,-1959100.0,-600000.0,-250000.0,0.000375,38143.75,355690.200000003,-0.001,-5134200.0,-773400.0,4743600.0,558400.0,0.0,0.002,0.001,0.9,1.0,1.0,0.810675375,2.530600181000123e+17,6.0,10.0,0.901,0.001,101500.0,-0.0008588946996364,0.9,0.9005000000000001,1321.0,0.9,0.0011104941699056,0.0033314825097168,-26756.79023307376,159841.0,7748400.0,12673800.0,-4925400.0,20422200.0,0.1596721343592885,0.196548942757179,395100.0,4925400.0,0.9002536066818603,0.9001709757613425,0.9023707604150534,0.8984670895863908
20230823.0,2.02308231321401e+16,0.898,0.897,0.896,0.895,0.894,6117300.0,5445600.0,697200.0,311600.0,291200.0,0.823,0.908,0.898,0.893,-6117900.0,-6796200.0,-2684600.0,-3693300.0,-1266100.0,0.899,0.9,0.901,0.902,0.903,600.0,1350600.0,1987400.0,3381700.0,974900.0,0.905,0.914,-0.016,-0.003,113877865.803,126572912.0,1.005,600.0,1350600.0,1987400.0,3381700.0,974900.0,0.0006153846153845,67407.69230769575,649374.900000006,-0.001,-6117300.0,-5445600.0,-697200.0,-311600.0,-291200.0,0.002,0.001,0.898,1.0,2.0,0.8088932307692311,2.0705949256815066e+17,7.0,6.0,0.9,0.001,10000.0,-0.0012627449834862,0.898,0.8985000000000001,1322.0,0.9,0.0011129660545353,0.003338898163606,-28195060.455769982,159841.0,7695200.0,12862900.0,-5167700.0,20558100.0,0.1764985035390008,0.1612257547672464,722100.0,5167700.0,0.8992866638969754,0.8989999019271319,0.901517166545379,0.8973050089793128
20230823.0,2.0230823132258056e+16,0.898,0.897,0.896,0.895,0.894,5442900.0,6645600.0,697200.0,321600.0,291200.0,0.823,0.908,0.898,0.893,-5443500.0,-8486000.0,-5071400.0,-1297000.0,-682200.0,0.899,0.9,0.901,0.902,0.903,600.0,1840400.0,4374200.0,975400.0,391000.0,0.905,0.914,-0.016,-0.001,113888202.803,126584412.0,1.005,600.0,1840400.0,4374200.0,975400.0,391000.0,0.0001176470588232,3282.352941170335,9797.60000000894,-0.001,-5442900.0,-6645600.0,-697200.0,-321600.0,-291200.0,0.002,0.001,0.898,0.0,1.0,0.8079895882352943,2.723686430203996e+17,15.0,2.0,0.899,0.0,6900.0,-0.0002550423222938,0.898,0.8985000000000001,1323.0,0.899,0.0011129660545353,0.003338898163606,-14096259.688196003,159841.0,7581600.0,13398500.0,-5816900.0,20980100.0,0.2008440491023913,0.1460710661301363,10900.0,5816900.0,0.8988623853219212,0.8989998897767981,0.90098889416482,0.897240989663022
0.0,0.0,0.0,0.0,0.0,0.0,0.0,0.0,0.0,0.0,0.0,0.0,0.0,0.0,0.0,0.0,0.0,0.0,0.0,0.0,0.0,0.0,0.0,0.0,0.0,0.0,0.0,0.0,0.0,0.0,0.0,0.0,0.0,0.0,0.0,0.0,0.0,0.0,0.0,0.0,0.0,0.0,0.0,0.0,0.0,0.0,0.0,0.0,0.0,0.0,0.0,0.0,0.0,0.0,0.0,0.0,0.0,0.0,0.0,0.0,0.0,0.0,0.0,0.0,0.0,0.0,0.0,0.0,0.0,0.0,0.0,0.0,0.0,0.0,0.0,0.0,0.0,0.0,0.0,0.0,0.0,0.0,0.0,0.0,0.0
20230823.0,2.023082313244001e+16,0.898,0.897,0.896,0.895,0.894,5089700.0,7395600.0,897400.0,331600.0,246500.0,0.823,0.908,0.898,0.893,7600.0,-2174500.0,-3809000.0,-975200.0,-391000.0,0.899,0.9,0.901,0.902,0.903,297900.0,2536000.0,4009200.0,975200.0,391000.0,0.905,0.914,-0.016,0.0,114510616.703,127277512.0,1.005,297900.0,2536000.0,4009200.0,975200.0,391000.0,2.220446049250313e-16,93514.2857142836,195943.59999999404,-0.001,305500.0,361500.0,200200.0,0.0,0.0,0.002,0.001,0.898,0.0,0.0,0.8064039999999999,2.264609330827612e+17,14.0,0.0,0.898,0.0,218200.0,-0.0004526201361289,0.898,0.8985000000000001,1325.0,0.898,0.0011129660545353,0.003338898163606,0.0,159841.0,8209300.0,13960800.0,-5751500.0,22170100.0,0.2401876300420288,0.1695270912569079,218200.0,5751500.0,0.8979999999999727,0.8989447063627589,0.9008325557599308,0.8971998166294196
20230823.0,2.023082313253408e+16,0.897,0.896,0.895,0.894,0.893,4513600.0,6882400.0,1390000.0,246500.0,641800.0,0.823,0.908,0.897,0.893,-5317800.0,-8382100.0,-5207700.0,-1291000.0,-792000.0,0.898,0.899,0.9,0.901,0.902,804200.0,1499700.0,3817700.0,1044500.0,150200.0,0.905,0.914,-0.017,-0.002,115025675.803,127851312.0,1.005,804200.0,1499700.0,3817700.0,1044500.0,150200.0,0.0001666666666667,119883.33333332837,510564.10000000894,-0.001,-4513600.0,-6882400.0,-1390000.0,-246500.0,-641800.0,0.002,0.001,0.897,0.0,1.0,0.8049081666666668,1.9578420776132973e+17,2.0,10.0,0.898,0.0,104400.0,-0.0012146553505724,0.897,0.8975,1326.0,0.898,0.0011142061281337,0.0033426183844011,-14241573.244147172,159841.0,7316300.0,13674300.0,-6358000.0,20990600.0,0.275064941344585,0.1676481202118521,568800.0,6358000.0,0.8976162095640101,0.8978487720485916,0.8997590038680755,0.8960515711956006
20230823.0,2.0230823132646064e+16,0.897,0.896,0.895,0.894,0.893,5490800.0,7492400.0,2420000.0,246500.0,636800.0,0.823,0.908,0.897,0.893,290700.0,150000.0,-320000.0,19900.0,-5000.0,0.898,0.899,0.9,0.901,0.902,489900.0,1350700.0,4167700.0,1044500.0,383300.0,0.905,0.914,-0.017,0.0,115193773.603,128038712.0,1.005,-350000.0,-150000.0,350000.0,-19900.0,0.0,1.1102230246251563e-16,36640.0,155988.29999999702,-0.001,-59300.0,0.0,30000.0,0.0,-5000.0,0.002,0.001,0.897,0.0,0.0,0.8046089999999999,2.4538176960400058e+17,0.0,15.0,0.897,0.0,36100.0,5.515829101758463e-05,0.897,0.8975,1327.0,0.897,0.0011142061281337,0.0033426183844011,0.0,159841.0,7436100.0,16286500.0,-8850400.0,23722600.0,0.2475826987447488,0.1459425710950158,173900.0,8850400.0,0.8969999999999828,0.8979180865116124,0.8999301515579403,0.8960409787247107
20230823.0,2.0230823132755064e+16,0.897,0.896,0.895,0.894,0.893,8804300.0,7536400.0,2181000.0,246500.0,644800.0,0.823,0.908,0.898,0.893,4188900.0,952400.0,2061300.0,-1117900.0,-592000.0,0.898,0.899,0.9,0.901,0.902,302300.0,942300.0,1661400.0,2162400.0,983300.0,0.905,0.914,-0.016,0.0,115639137.603,128535212.0,1.005,-784700.0,-908400.0,-2306300.0,1117900.0,600000.0,0.0001176470588236,117829.41176471114,359338.700000003,-0.001,3404200.0,44000.0,-245000.0,0.0,8000.0,0.002,0.001,0.898,1.0,1.0,0.806192823529412,2.803475399223888e+17,15.0,2.0,0.898,0.0,400500.0,0.0001496465873685,0.897,0.8975,1328.0,0.898,0.0011142061281337,0.0033426183844011,-15912.471415484324,159841.0,6051700.0,19413000.0,-13361300.0,25464700.0,0.2240047331122485,0.142856552840698,400600.0,13361300.0,0.8970012481278157,0.8979668042957855,0.9004266734967034,0.8962161386699633
20230823.0,2.023082313285503e+16,0.898,0.897,0.896,0.895,0.894,3993600.0,9338000.0,2623200.0,1711500.0,246500.0,0.823,0.908,0.897,0.893,4194600.0,11225600.0,6302400.0,2694800.0,387500.0,0.899,0.9,0.901,0.902,0.903,201000.0,1887600.0,3679200.0,983300.0,141000.0,0.905,0.914,-0.017,-0.001,116208822.803,129169712.0,1.005,-201000.0,-1887600.0,-3679200.0,-983300.0,-141000.0,0.0003684210526315,187131.57894736528,569685.200000003,-0.001,3993600.0,9338000.0,2623200.0,1711500.0,246500.0,0.002,0.001,0.897,1.0,2.0,0.8057426842105263,3.158177956609599e+17,12.0,7.0,0.898,0.001,275700.0,0.0010966294118229,0.897,0.8985000000000001,1329.0,0.898,0.0011129660545353,0.003338898163606,-14409528.481227964,159841.0,6892100.0,17912800.0,-11020700.0,24804900.0,0.2947676044024295,0.1331355977380022,634500.0,11020700.0,0.897849014972424,0.898952081247318,0.9008513805661554,0.8968441282211603
20230823.0,2.0230823132949056e+16,0.898,0.897,0.896,0.895,0.894,5611600.0,6083500.0,1373200.0,1627600.0,246500.0,0.823,0.908,0.898,0.893,5844500.0,5968500.0,673200.0,1627600.0,-3500.0,0.899,0.9,0.901,0.902,0.903,218100.0,2002600.0,4379200.0,983300.0,391000.0,0.905,0.914,-0.016,0.001,116261466.103,129228312.0,1.005,-232900.0,115000.0,700000.0,0.0,250000.0,0.0007333333333333,6860.0,52643.29999999702,-0.001,5611600.0,6083500.0,1373200.0,1627600.0,246500.0,0.002,0.001,0.898,1.0,1.0,0.8068838666666667,2.5032507956805456e+17,9.0,6.0,0.899,0.002,15000.0,6.36650165115743e-05,0.897,0.8985000000000001,1330.0,0.897,0.0011129660545353,0.003338898163606,14348966.094968189,159841.0,7974200.0,14942400.0,-6968200.0,22916600.0,0.2793138437766636,0.105850761661293,58600.0,6968200.0,0.898349829351485,0.8989625881263187,0.900915540116877,0.897016309294357
0.0,0.0,0.0,0.0,0.0,0.0,0.0,0.0,0.0,0.0,0.0,0.0,0.0,0.0,0.0,0.0,0.0,0.0,0.0,0.0,0.0,0.0,0.0,0.0,0.0,0.0,0.0,0.0,0.0,0.0,0.0,0.0,0.0,0.0,0.0,0.0,0.0,0.0,0.0,0.0,0.0,0.0,0.0,0.0,0.0,0.0,0.0,0.0,0.0,0.0,0.0,0.0,0.0,0.0,0.0,0.0,0.0,0.0,0.0,0.0,0.0,0.0,0.0,0.0,0.0,0.0,0.0,0.0,0.0,0.0,0.0,0.0,0.0,0.0,0.0,0.0,0.0,0.0,0.0,0.0,0.0,0.0,0.0,0.0,0.0
20230823.0,2.023082313315887e+16,0.897,0.896,0.895,0.894,0.893,4066000.0,7734400.0,2939000.0,246500.0,777800.0,0.823,0.908,0.898,0.893,-1980700.0,-114200.0,12400.0,689500.0,0.0,0.898,0.899,0.9,0.901,0.902,1115000.0,2000700.0,3968800.0,1064500.0,92700.0,0.905,0.914,-0.016,0.001,116905879.203,129946412.0,1.005,663400.0,0.0,490600.0,-689500.0,0.0,0.0001052631578948,30231.578947365284,144875.79999999702,-0.001,-1317300.0,-114200.0,503000.0,0.0,0.0,0.002,0.001,0.898,1.0,0.0,0.8047979473684208,3.201963858749735e+17,2.0,17.0,0.898,0.0,51800.0,-0.0001534916694533,0.897,0.8975,1332.0,0.897,0.0011142061281337,0.0033426183844011,14470647.216035647,159841.0,8241700.0,15763700.0,-7522000.0,24005400.0,0.2938022609871935,0.1335961184231879,161400.0,7522000.0,0.8976195786864747,0.8977847905809689,0.8996383270441778,0.8958921953602264
0.0,0.0,0.0,0.0,0.0,0.0,0.0,0.0,0.0,0.0,0.0,0.0,0.0,0.0,0.0,0.0,0.0,0.0,0.0,0.0,0.0,0.0,0.0,0.0,0.0,0.0,0.0,0.0,0.0,0.0,0.0,0.0,0.0,0.0,0.0,0.0,0.0,0.0,0.0,0.0,0.0,0.0,0.0,0.0,0.0,0.0,0.0,0.0,0.0,0.0,0.0,0.0,0.0,0.0,0.0,0.0,0.0,0.0,0.0,0.0,0.0,0.0,0.0,0.0,0.0,0.0,0.0,0.0,0.0,0.0,0.0,0.0,0.0,0.0,0.0,0.0,0.0,0.0,0.0,0.0,0.0,0.0,0.0,0.0,0.0
20230823.0,2.0230823133301104e+16,0.897,0.896,0.895,0.894,0.893,4868200.0,8642800.0,2734000.0,246400.0,777800.0,0.823,0.908,0.898,0.893,200000.0,600000.0,-200000.0,0.0,0.0,0.898,0.899,0.9,0.901,0.902,987400.0,2000700.0,3968800.0,1064500.0,92700.0,0.905,0.914,-0.016,0.0,116914949.003,129956512.0,1.005,0.0,0.0,0.0,0.0,0.0,0.0,0.0,0.0,-0.001,200000.0,600000.0,-200000.0,0.0,0.0,0.002,0.001,0.898,0.0,0.0,0.806404,1.6888695011206144e+16,0.0,0.0,0.898,0.0,0.0,6.641706727997243e-06,0.898,0.8975,1334.0,0.898,0.0011142061281337,0.0033426183844011,0.0,159841.0,8114100.0,17269200.0,-9155100.0,25383300.0,0.2890459816066464,0.1271386131965239,0.0,9155100.0,0.0,0.8978313750939273,0.8996640909034891,0.8959599286591156
20230823.0,2.02308231334581e+16,0.897,0.896,0.895,0.894,0.893,5171700.0,8371700.0,2934000.0,246400.0,761300.0,0.823,0.908,0.897,0.893,5511000.0,629400.0,-3994700.0,-408400.0,-14900.0,0.898,0.899,0.9,0.901,0.902,1047100.0,2000700.0,3969900.0,1089500.0,89700.0,0.905,0.914,-0.017,-0.001,117753307.703,130890912.0,1.005,-339500.0,0.0,1100.0,0.0,-3000.0,0.000421052631579,51510.5263157934,188115.89999999103,-0.001,5171500.0,629400.0,-3993600.0,-408400.0,-17900.0,0.002,0.001,0.897,0.0,1.0,0.8056482105263157,3.247299875834887e+17,11.0,8.0,0.898,0.001,96550.0,0.0009265261757519,0.897,0.8975,1335.0,0.898,0.0011142061281337,0.0033426183844011,-14569076.031215176,159841.0,8196900.0,17485100.0,-9288200.0,25682000.0,0.3755235539079666,0.1377233590623857,209700.0,9288200.0,0.8970715307581834,0.8978316234643341,0.8996552355158658,0.8959691737536531
0.0,0.0,0.0,0.0,0.0,0.0,0.0,0.0,0.0,0.0,0.0,0.0,0.0,0.0,0.0,0.0,0.0,0.0,0.0,0.0,0.0,0.0,0.0,0.0,0.0,0.0,0.0,0.0,0.0,0.0,0.0,0.0,0.0,0.0,0.0,0.0,0.0,0.0,0.0,0.0,0.0,0.0,0.0,0.0,0.0,0.0,0.0,0.0,0.0,0.0,0.0,0.0,0.0,0.0,0.0,0.0,0.0,0.0,0.0,0.0,0.0,0.0,0.0,0.0,0.0,0.0,0.0,0.0,0.0,0.0,0.0,0.0,0.0,0.0,0.0,0.0,0.0,0.0,0.0,0.0,0.0,0.0,0.0,0.0,0.0
20230823.0,2.0230823133601124e+16,0.898,0.897,0.896,0.895,0.894,20000.0,6276400.0,7282000.0,2502600.0,246400.0,0.823,0.908,0.897,0.893,0.0,-147000.0,-750000.0,305000.0,0.0,0.899,0.9,0.901,0.902,0.903,1208100.0,2489800.0,3145800.0,359700.0,141000.0,0.905,0.914,-0.017,0.0,118554644.003,131783312.0,1.005,0.0,-115000.0,0.0,0.0,0.0,0.0,0.0,0.0,-0.001,0.0,-262000.0,-750000.0,305000.0,0.0,0.002,0.001,0.897,0.0,0.0,0.804609,1.7366841321689344e+16,0.0,0.0,0.897,0.0,0.0,0.0,0.897,0.8985000000000001,1337.0,0.897,0.0011129660545353,0.003338898163606,0.0,159841.0,7344400.0,16327400.0,-8983000.0,23671800.0,0.4167564026979318,0.1286771115749038,0.0,8983000.0,0.0,0.8980162853187852,0.9004193807526824,0.8962034004189277
20230823.0,2.023082313375824e+16,0.896,0.895,0.894,0.893,0.892,6856800.0,7616000.0,805000.0,754000.0,500300.0,0.823,0.908,0.896,0.893,-6860800.0,-9200900.0,-2453500.0,-4035300.0,-1569800.0,0.897,0.898,0.899,0.9,0.901,4000.0,1584900.0,1648500.0,3281300.0,1069500.0,0.905,0.914,-0.018,-0.002,119277926.103,132589912.0,1.005,4000.0,1584900.0,1648500.0,3281300.0,1069500.0,0.0001764705882354,31594.11764705181,412534.900000006,-0.001,-6856800.0,-7616000.0,-805000.0,-754000.0,-500300.0,0.002,0.001,0.896,0.0,2.0,0.8049258823529412,2.9702651223380755e+17,4.0,13.0,0.898,0.0,0.0,-0.0010275583195563,0.896,0.8965000000000001,1338.0,0.898,0.0011154489682097,0.0033463469046291,-29530490.948996685,159841.0,7588200.0,16532100.0,-8943900.0,24120300.0,0.2749991075028549,0.1530723678174293,460200.0,8943900.0,0.8964252498913645,0.896999416977612,0.8995043883925041,0.8951840601012576
20230823.0,2.0230823133858e+16,0.896,0.895,0.894,0.893,0.892,7651300.0,6787700.0,805000.0,754000.0,500300.0,0.823,0.908,0.898,0.893,2401200.0,2001800.0,3281300.0,469500.0,141300.0,0.898,0.899,0.9,0.901,0.902,1606700.0,2830100.0,3281300.0,469500.0,141300.0,0.905,0.914,-0.016,0.002,119334060.403,132652512.0,1.005,-1606700.0,-2830100.0,-3281300.0,-469500.0,-141300.0,0.0006999999999999,22650.0,56134.29999999702,-0.001,794500.0,-828300.0,0.0,0.0,0.0,0.002,0.001,0.898,2.0,1.0,0.8051480000000003,3.5181361924887085e+17,11.0,9.0,0.898,0.0012499999999999,57850.0,0.0007282621131813,0.896,0.897,1339.0,0.896,0.0022296544035674,0.0044593088071348,29523990.188104063,159841.0,8328900.0,16498300.0,-8169400.0,24827200.0,0.2449727177807125,0.1739401184299592,62600.0,8169400.0,0.8967140575079396,0.897652905595161,0.8993646940172171,0.8952325936611651
20230823.0,2.023082313395803e+16,0.896,0.895,0.894,0.893,0.892,288900.0,7171100.0,5848600.0,1244900.0,500300.0,0.823,0.908,0.896,0.893,-8780100.0,-3194000.0,2807700.0,-384100.0,-219500.0,0.897,0.898,0.899,0.9,0.901,1417700.0,3577400.0,2235900.0,875000.0,219500.0,0.905,0.914,-0.018,-0.002,119611660.603,132962312.0,1.005,1417700.0,3577400.0,2235900.0,875000.0,219500.0,0.0001499999999999,44030.0,277600.200000003,-0.001,-7362400.0,383400.0,5043600.0,490900.0,0.0,0.002,0.001,0.896,2.0,4.0,0.8043402500000001,3.5328340933169645e+17,15.0,5.0,0.898,0.0002499999999999,2900.0,-0.0016541460861488,0.896,0.8965000000000001,1340.0,0.898,0.0011154489682097,0.0033463469046291,-29662349.80191912,159841.0,8325500.0,15053800.0,-6728300.0,23379300.0,0.2687264823026243,0.1933671131540376,309800.0,6728300.0,0.8960626210458457,0.8961692839564045,0.8983875683142155,0.8943655821121578
20230823.0,2.023082313405835e+16,0.895,0.894,0.893,0.892,0.891,651900.0,8231900.0,3295900.0,2709700.0,1876100.0,0.823,0.908,0.895,0.893,-1766600.0,-10371300.0,-7262900.0,-3756100.0,-1903700.0,0.896,0.897,0.898,0.899,0.9,1114700.0,2139400.0,3967000.0,1046400.0,27600.0,0.905,0.914,-0.019,-0.001,120268031.103,133695312.0,1.005,1114700.0,2139400.0,3967000.0,1046400.0,27600.0,0.0002000000000002,67330.0,656370.5,-0.001,-651900.0,-8231900.0,-3295900.0,-2709700.0,-1876100.0,0.002,0.001,0.895,2.0,3.0,0.8013831999999997,3.5625406871228045e+17,4.0,16.0,0.896,0.0,86925.0,-0.0008933887548199,0.895,0.8955,1341.0,0.896,0.0011166945840312,0.0033500837520938,-14948336.726356758,159841.0,8295100.0,16765500.0,-8470400.0,25060600.0,0.2957385648205604,0.2303742025346698,733000.0,8470400.0,0.8954577080491133,0.8953690139250537,0.8976061289194825,0.8931833407891205
20230823.0,2.023082313415804e+16,0.895,0.894,0.893,0.892,0.891,5161400.0,8041400.0,3046400.0,2301300.0,1876100.0,0.823,0.908,0.896,0.893,5067300.0,309500.0,1456800.0,-1097900.0,0.0,0.896,0.897,0.898,0.899,0.9,556900.0,1639400.0,2260700.0,1735900.0,27600.0,0.905,0.914,-0.018,0.001,120751528.503,134235412.0,1.005,-557800.0,-500000.0,-1706300.0,689500.0,0.0,0.0003684210526315,134105.26315788925,483497.400000006,-0.001,4509500.0,-190500.0,-249500.0,-408400.0,0.0,0.002,0.001,0.896,2.0,1.0,0.8016848421052629,3.413541550697336e+17,7.0,12.0,0.896,0.001,174500.0,0.0005957745315242,0.895,0.8955,1342.0,0.895,0.0011166945840312,0.0033500837520938,14946100.26286913,159841.0,6220500.0,20426600.0,-14206100.0,26647100.0,0.2893028724845672,0.2110375938731574,540100.0,14206100.0,0.8951997778189335,0.8959026109158317,0.8978453339763686,0.8936026798390334
0.0,0.0,0.0,0.0,0.0,0.0,0.0,0.0,0.0,0.0,0.0,0.0,0.0,0.0,0.0,0.0,0.0,0.0,0.0,0.0,0.0,0.0,0.0,0.0,0.0,0.0,0.0,0.0,0.0,0.0,0.0,0.0,0.0,0.0,0.0,0.0,0.0,0.0,0.0,0.0,0.0,0.0,0.0,0.0,0.0,0.0,0.0,0.0,0.0,0.0,0.0,0.0,0.0,0.0,0.0,0.0,0.0,0.0,0.0,0.0,0.0,0.0,0.0,0.0,0.0,0.0,0.0,0.0,0.0,0.0,0.0,0.0,0.0,0.0,0.0,0.0,0.0,0.0,0.0,0.0,0.0,0.0,0.0,0.0,0.0
20230823.0,2.023082313430103e+16,0.895,0.894,0.893,0.892,0.891,4624000.0,8736000.0,3317000.0,2302300.0,1880100.0,0.823,0.908,0.896,0.893,-190000.0,10000.0,200000.0,0.0,0.0,0.896,0.897,0.898,0.899,0.9,876900.0,2140500.0,3967000.0,1046400.0,32600.0,0.905,0.914,-0.018,0.0,121131844.003,134660312.0,1.005,200000.0,1100.0,-200000.0,0.0,0.0,0.0,0.0,0.0,-0.001,10000.0,11100.0,0.0,0.0,0.0,0.002,0.001,0.896,0.0,0.0,0.8028160000000001,1.8133399627937344e+16,0.0,0.0,0.896,0.0,0.0,-3.513245533884324e-05,0.896,0.8955,1344.0,0.896,0.0011166945840312,0.0033500837520938,0.0,159841.0,8063400.0,20859400.0,-12796000.0,28922800.0,0.269160122001418,0.1775752360523494,0.0,12796000.0,0.0,0.8958405897216819,0.8976548974378054,0.8935715169180322
20230823.0,2.023082313440107e+16,0.894,0.893,0.892,0.891,0.89,7456600.0,7656000.0,2920700.0,1880100.0,762500.0,0.823,0.908,0.895,0.893,-7484400.0,-9172900.0,-4949700.0,-5288700.0,-1808900.0,0.895,0.896,0.897,0.898,0.899,27800.0,1516900.0,2029000.0,3408600.0,1046400.0,0.905,0.914,-0.019,0.0,121680946.603,135273812.0,1.005,27800.0,1516900.0,2029000.0,3408600.0,1046400.0,0.0,0.0,154119.0,-0.001,-7456600.0,-7656000.0,-2920700.0,-1880100.0,-762500.0,0.002,0.001,0.895,0.0,0.0,0.801025,1.8299004213011344e+16,0.0,0.0,0.895,0.0,0.0,-0.0001687236520495,0.895,0.8945000000000001,1345.0,0.895,0.0011179429849077,0.0033538289547233,0.0,159841.0,8028700.0,20675900.0,-12647200.0,28704600.0,0.2328502838382214,0.1499970640760791,172200.0,12647200.0,0.895,0.8949962856073967,0.8974893569320065,0.8929268810547545
20230823.0,2.023082313450104e+16,0.894,0.893,0.892,0.891,0.89,6220900.0,9241700.0,3170700.0,1880100.0,762500.0,0.823,0.908,0.894,0.893,-6100.0,0.0,0.0,0.0,0.0,0.895,0.896,0.897,0.898,0.899,250000.0,2200600.0,4166800.0,852300.0,207300.0,0.905,0.914,-0.02,-0.002,121826572.303,135436512.0,1.005,0.0,115000.0,0.0,0.0,0.0,0.0,0.0,5453.4000000059605,-0.001,-6100.0,115000.0,0.0,0.0,0.0,0.002,0.001,0.894,0.0,0.0,0.7992360000000001,1.8343048782726144e+16,0.0,0.0,0.894,0.0,0.0,-4.065621658777552e-08,0.894,0.8945000000000001,1346.0,0.894,0.0011179429849077,0.0033538289547233,0.0,159841.0,7677000.0,21275900.0,-13598900.0,28952900.0,0.1802771332560507,0.10104649526067,6100.0,13598900.0,0.8940000000009771,0.8949613654978442,0.896813247362251,0.8928591128929917
20230823.0,2.023082313460111e+16,0.894,0.893,0.892,0.891,0.89,5033900.0,9154400.0,3375700.0,2480100.0,772800.0,0.823,0.908,0.894,0.893,519600.0,-694600.0,204800.0,0.0,0.0,0.895,0.896,0.897,0.898,0.899,982500.0,2019600.0,3966800.0,852100.0,207300.0,0.905,0.914,-0.02,0.0,122342948.003,136014112.0,1.005,5400.0,0.0,0.0,0.0,0.0,0.0,0.0,0.0,-0.001,525000.0,-694600.0,204800.0,0.0,0.0,0.002,0.001,0.894,0.0,0.0,0.7992360000000001,1.8499838663148544e+16,0.0,0.0,0.894,0.0,0.0,1.6544244154426124e-05,0.894,0.8945000000000001,1347.0,0.894,0.0011179429849077,0.0033538289547233,0.0,159841.0,8028300.0,20816900.0,-12788600.0,28845200.0,0.2590846269593221,0.1406808157079965,0.0,12788600.0,0.0,0.8948366963632737,0.8966614600849494,0.8927300078301765
20230823.0,2.023082313475551e+16,0.895,0.894,0.893,0.892,0.891,6353200.0,6209800.0,3133100.0,2359100.0,2480600.0,0.823,0.908,0.896,0.893,-6751400.0,-8431200.0,-6612600.0,-4105900.0,-2768200.0,0.896,0.897,0.898,0.899,0.9,398200.0,2221400.0,3479500.0,1746800.0,287600.0,0.905,0.914,-0.018,0.0,123170462.503,136937912.0,1.005,398200.0,2221400.0,3479500.0,1746800.0,287600.0,0.0,35594.73684209585,248130.5,-0.001,-6353200.0,-6209800.0,-3133100.0,-2359100.0,-2480600.0,0.002,0.001,0.896,0.0,0.0,0.8028160000000001,3.5601434052214195e+17,0.0,0.0,0.896,0.0,33800.0,-0.0009269022294353,0.896,0.8955,1348.0,0.896,0.0011166945840312,0.0033500837520938,0.0,159841.0,8133500.0,20535800.0,-12402300.0,28669300.0,0.2941027596813015,0.2298076587905341,276800.0,12402300.0,0.8964252167630058,0.8959410196403709,0.8979144525726932,0.8935646675561703
20230823.0,2.023082313480712e+16,0.895,0.894,0.893,0.892,0.891,6031700.0,5711500.0,3132800.0,2359100.0,2480600.0,0.823,0.908,0.895,0.893,-317800.0,-277800.0,-300.0,0.0,0.0,0.896,0.897,0.898,0.899,0.9,394500.0,2000900.0,3479500.0,1746800.0,287600.0,0.905,0.914,-0.019,-0.001,123372020.203,137163112.0,1.005,-3700.0,-220500.0,0.0,0.0,0.0,0.0003333333333332,73833.33333334327,201557.69999998808,-0.001,-321500.0,-498300.0,-300.0,0.0,0.0,0.002,0.001,0.895,0.0,1.0,0.802219,5.631972948784163e+16,2.0,1.0,0.896,0.0005,110750.0,-2.68874407852171e-06,0.895,0.8955,1349.0,0.896,0.0011166945840312,0.0033500837520938,-15325487.37430169,159841.0,7909300.0,19715700.0,-11806400.0,27625000.0,0.2886053091356216,0.2254547857503762,225200.0,11806400.0,0.8950164298400891,0.8959386106874981,0.8979408417938376,0.8935302677561539
0.0,0.0,0.0,0.0,0.0,0.0,0.0,0.0,0.0,0.0,0.0,0.0,0.0,0.0,0.0,0.0,0.0,0.0,0.0,0.0,0.0,0.0,0.0,0.0,0.0,0.0,0.0,0.0,0.0,0.0,0.0,0.0,0.0,0.0,0.0,0.0,0.0,0.0,0.0,0.0,0.0,0.0,0.0,0.0,0.0,0.0,0.0,0.0,0.0,0.0,0.0,0.0,0.0,0.0,0.0,0.0,0.0,0.0,0.0,0.0,0.0,0.0,0.0,0.0,0.0,0.0,0.0,0.0,0.0,0.0,0.0,0.0,0.0,0.0,0.0,0.0,0.0,0.0,0.0,0.0,0.0,0.0,0.0,0.0,0.0
20230823.0,2.023082313505936e+16,0.895,0.894,0.893,0.892,0.891,335100.0,6689700.0,8180200.0,3510900.0,2480600.0,0.823,0.908,0.895,0.893,-6284800.0,1032500.0,5613500.0,1831300.0,249500.0,0.896,0.897,0.898,0.899,0.9,982700.0,1946600.0,2913400.0,1067300.0,38100.0,0.905,0.914,-0.019,0.0,124659419.903,138601812.0,1.005,588200.0,-54300.0,-566100.0,-679500.0,-249500.0,0.0,88733.33333334327,1287399.700000003,-0.001,-5696600.0,978200.0,5047400.0,1151800.0,0.0,0.002,0.001,0.895,0.0,0.0,0.801025,5.755766612678123e+16,0.0,0.0,0.895,0.0,133100.0,-0.0007640977950803,0.895,0.8955,1351.0,0.895,0.0011166945840312,0.0033500837520938,0.0,159841.0,6948100.0,21196500.0,-14248400.0,28144600.0,0.2908937661182217,0.3074898343357689,1438700.0,14248400.0,0.8948354069646229,0.8952542874487783,0.8976015457463192,0.8929475290731961
20230823.0,2.0230823135113264e+16,0.896,0.895,0.894,0.893,0.892,100.0,5270400.0,6318400.0,3736600.0,2952300.0,0.823,0.908,0.897,0.893,1053900.0,7312500.0,7385700.0,5314200.0,3207100.0,0.897,0.898,0.899,0.9,0.901,1053800.0,2042100.0,1067300.0,1577600.0,254800.0,0.905,0.914,-0.017,0.002,125202853.703,139208312.0,1.005,-1053800.0,-2042100.0,-1067300.0,-1577600.0,-254800.0,0.0005999999999999,236740.0,543433.799999997,-0.001,100.0,5270400.0,6318400.0,3736600.0,2952300.0,0.002,0.001,0.897,2.0,0.0,0.8020999999999999,9.639016280096552e+16,2.0,3.0,0.897,0.001,583700.0,0.0008327208992049,0.895,0.8965000000000001,1352.0,0.895,0.0011154489682097,0.0033463469046291,31054144.06105673,159841.0,5995600.0,18277800.0,-12282200.0,24273400.0,0.5403709547886785,0.3203172975534839,606500.0,12282200.0,0.8960161582852383,0.8960000948856628,0.8986559977316699,0.8937608793180798
0.0,0.0,0.0,0.0,0.0,0.0,0.0,0.0,0.0,0.0,0.0,0.0,0.0,0.0,0.0,0.0,0.0,0.0,0.0,0.0,0.0,0.0,0.0,0.0,0.0,0.0,0.0,0.0,0.0,0.0,0.0,0.0,0.0,0.0,0.0,0.0,0.0,0.0,0.0,0.0,0.0,0.0,0.0,0.0,0.0,0.0,0.0,0.0,0.0,0.0,0.0,0.0,0.0,0.0,0.0,0.0,0.0,0.0,0.0,0.0,0.0,0.0,0.0,0.0,0.0,0.0,0.0,0.0,0.0,0.0,0.0,0.0,0.0,0.0,0.0,0.0,0.0,0.0,0.0,0.0,0.0,0.0,0.0,0.0,0.0
20230823.0,2.023082313535888e+16,0.896,0.895,0.894,0.893,0.892,5186300.0,6744300.0,982700.0,1946000.0,1752300.0,0.823,0.908,0.896,0.893,5490700.0,1511900.0,-8455900.0,-1114600.0,-1210000.0,0.897,0.898,0.899,0.9,0.901,749300.0,2004100.0,4187500.0,901600.0,264800.0,0.905,0.914,-0.018,-0.001,126045464.103,140148712.0,1.005,-304500.0,-38000.0,3120200.0,-676000.0,10000.0,0.0001499999999998,90525.0,842610.400000006,-0.001,5186200.0,1473900.0,-5335700.0,-1790600.0,-1200000.0,0.002,0.001,0.896,1.0,1.0,0.80308495,3.9133501512989286e+17,3.0,17.0,0.897,0.0,43550.0,0.00097459940005,0.896,0.8965000000000001,1354.0,0.896,0.0011154489682097,0.0033463469046291,-52532.43848542683,159841.0,8107300.0,16611600.0,-8504300.0,24718900.0,0.342439271901989,0.215722259971803,940400.0,8504300.0,0.8960127605274415,0.8968737617090101,0.8987444895341234,0.8947022983938935
20230823.0,2.023082313545861e+16,0.897,0.896,0.895,0.894,0.893,533300.0,5932000.0,5152500.0,732700.0,746000.0,0.823,0.908,0.898,0.893,1319600.0,8304500.0,8368800.0,1847500.0,887300.0,0.898,0.899,0.9,0.901,0.902,786300.0,2372500.0,3216300.0,1114800.0,141300.0,0.905,0.914,-0.016,0.002,126317797.603,140452312.0,1.005,-786300.0,-2372500.0,-3216300.0,-1114800.0,-141300.0,0.0007777777777778,49844.44444444776,272333.5,-0.001,533300.0,5932000.0,5152500.0,732700.0,746000.0,0.002,0.001,0.898,2.0,0.0,0.8050082222222223,3.548164152370673e+17,7.0,11.0,0.898,0.001,3550.0,0.0005911859295553,0.896,0.8975,1355.0,0.896,0.0011142061281337,0.0033426183844011,31297761.610714287,159841.0,7631200.0,13096500.0,-5465300.0,20727700.0,0.3244234575827804,0.2504341927013396,303600.0,5465300.0,0.897014163372859,0.8974041376174599,0.8996661468707413,0.8953645172374297
0.0,0.0,0.0,0.0,0.0,0.0,0.0,0.0,0.0,0.0,0.0,0.0,0.0,0.0,0.0,0.0,0.0,0.0,0.0,0.0,0.0,0.0,0.0,0.0,0.0,0.0,0.0,0.0,0.0,0.0,0.0,0.0,0.0,0.0,0.0,0.0,0.0,0.0,0.0,0.0,0.0,0.0,0.0,0.0,0.0,0.0,0.0,0.0,0.0,0.0,0.0,0.0,0.0,0.0,0.0,0.0,0.0,0.0,0.0,0.0,0.0,0.0,0.0,0.0,0.0,0.0,0.0,0.0,0.0,0.0,0.0,0.0,0.0,0.0,0.0,0.0,0.0,0.0,0.0,0.0,0.0,0.0,0.0,0.0,0.0
20230823.0,2.023082313565803e+16,0.901,0.9,0.899,0.898,0.897,210300.0,5606700.0,5461500.0,586400.0,10100.0,0.823,0.908,0.901,0.893,1510200.0,7791600.0,7684700.0,1904100.0,134700.0,0.902,0.903,0.904,0.905,0.906,1299900.0,2184900.0,2223200.0,1317700.0,124600.0,0.905,0.914,-0.013,0.001,127806247.403,142107212.0,1.005,-1299900.0,-2184900.0,-2223200.0,-1317700.0,-124600.0,0.0003888888888889,81350.0,722945.3999999911,-0.001,210300.0,5606700.0,5461500.0,586400.0,10100.0,0.002,0.001,0.901,2.0,1.0,0.8111008333333329,3.613871517786913e+17,13.0,5.0,0.901,0.00075,102050.0,0.0019642801046279,0.899,0.9015,1357.0,0.9,0.0011092623405435,0.0033277870216306,15700438.585574124,159841.0,7150300.0,11875000.0,-4724700.0,19025300.0,0.3172778638890512,0.3313643360775203,802800.0,4724700.0,0.9005298953662071,0.9011392530790624,0.9035499769240452,0.8994564799999999
20230823.0,2.0230823135751984e+16,0.901,0.9,0.899,0.898,0.897,743100.0,5714400.0,5026000.0,585400.0,10100.0,0.823,0.908,0.901,0.893,-93700.0,-353300.0,-1309900.0,678500.0,0.0,0.902,0.903,0.904,0.905,0.906,1926400.0,2645900.0,3097600.0,638200.0,124600.0,0.905,0.914,-0.013,0.0,128216682.303,142562712.0,1.005,626500.0,461000.0,874400.0,-679500.0,0.0,0.0007692307692307,182669.230769217,410434.900000006,-0.001,532800.0,107700.0,-435500.0,-1000.0,0.0,0.002,0.001,0.901,2.0,1.0,0.8122173846153846,2.633279284538923e+17,5.0,8.0,0.902,0.001,287600.0,0.0001543634006106,0.9,0.9015,1358.0,0.901,0.0011092623405435,0.0033277870216306,-78285.2874113489,159841.0,8432700.0,12079000.0,-3646300.0,20511700.0,0.3160661238267512,0.3113119135548763,455500.0,3646300.0,0.9010645444566542,0.9012783667353438,0.9033345784861314,0.8995459889063664
20230823.0,2.023082313585498e+16,0.904,0.903,0.902,0.901,0.9,349200.0,6396900.0,4792000.0,161000.0,12000.0,0.823,0.908,0.905,0.893,1149600.0,9313900.0,6947000.0,1739000.0,250500.0,0.905,0.906,0.907,0.908,0.909,800400.0,2917000.0,2155000.0,1578000.0,238500.0,0.905,0.914,-0.009,0.003,131571303.203,146273712.0,1.005,-800400.0,-2917000.0,-2155000.0,-1578000.0,-238500.0,0.0014210526315789,183415.78947368264,3334438.299999997,-0.001,349200.0,6396900.0,4792000.0,161000.0,12000.0,0.002,0.001,0.905,5.0,3.0,0.8164567368421053,3.944490712962987e+17,9.0,10.0,0.905,0.0024999999999999,388700.0,0.0032874837704433,0.901,0.9045,1359.0,0.902,0.0011055831951354,0.0033167495854063,47702900.65780535,159841.0,7688900.0,11711100.0,-4022200.0,19400000.0,0.3793327719490029,0.3946797889011439,3688600.0,4022200.0,0.903984790977606,0.90430375782881,0.9066796941044885,0.9025900641271956
20230823.0,2.023082313595498e+16,0.903,0.902,0.901,0.9,0.899,5561300.0,7140200.0,569400.0,54600.0,24000.0,0.823,0.908,0.904,0.893,-5624100.0,-9053600.0,-3716300.0,-2198200.0,-1044500.0,0.904,0.905,0.906,0.907,0.908,62800.0,1913400.0,3146900.0,2143600.0,1020500.0,0.905,0.914,-0.01,-0.001,133014455.103,147869212.0,1.005,62800.0,1913400.0,3146900.0,2143600.0,1020500.0,0.0001578947368423,556310.5263157785,1443061.400000006,-0.001,-5561300.0,-7140200.0,-569400.0,-54600.0,-24000.0,0.002,0.001,0.904,0.0,1.0,0.8187393684210527,4.111076691041535e+17,16.0,3.0,0.905,0.0,959150.0,-0.0005855773873135,0.904,0.9035,1400.0,0.905,0.0011068068622025,0.0033204205866076,-16357213.716814172,159841.0,8287200.0,13349500.0,-5062300.0,21636700.0,0.3552316958755966,0.3479356907445725,1595400.0,5062300.0,0.9045138523254392,0.9039888337689588,0.9062589052997392,0.9023603655567624
20230823.0,2.023082314005502e+16,0.902,0.901,0.9,0.899,0.898,250300.0,6965100.0,5527900.0,174000.0,26800.0,0.823,0.908,0.902,0.893,-1189400.0,-9072900.0,-9565200.0,-1177600.0,-478000.0,0.903,0.904,0.905,0.906,0.907,939100.0,2107800.0,4037300.0,1003600.0,451200.0,0.905,0.914,-0.012,-0.001,133124406.103,147991012.0,1.005,939100.0,2107800.0,4037300.0,1003600.0,451200.0,0.000315789473684,24015.78947368264,109499.5,-0.001,-250300.0,-6965100.0,-5527900.0,-174000.0,-26800.0,0.002,0.001,0.902,1.0,2.0,0.814839,4.159150836089869e+17,13.0,6.0,0.903,0.001,57200.0,-0.001967266424121,0.902,0.9025,1401.0,0.903,0.0011080332409972,0.0033240997229916,-16422015.878090534,159841.0,8539000.0,12944100.0,-4405100.0,21483100.0,0.3262219249109089,0.324002072701845,121300.0,4405100.0,0.9027164056059356,0.9022104422397847,0.9047564117578172,0.9005591814031104
20230823.0,2.023082314015803e+16,0.9,0.899,0.898,0.897,0.896,5168500.0,6993100.0,1096300.0,160700.0,51500.0,0.823,0.908,0.9,0.893,-5666500.0,-8672500.0,-5153500.0,-1521200.0,-521800.0,0.901,0.902,0.903,0.904,0.905,498000.0,1679400.0,4057200.0,1360500.0,470300.0,0.905,0.914,-0.014,-0.002,133864411.403,148812212.0,1.005,498000.0,1679400.0,4057200.0,1360500.0,470300.0,0.0009499999999998,249990.0,732608.8999999911,-0.001,-5168500.0,-6993100.0,-1096300.0,-160700.0,-51500.0,0.002,0.001,0.9,1.0,4.0,0.81171195,4.410597821905836e+17,11.0,9.0,0.903,0.002,543800.0,-0.0014340125031455,0.9,0.9005000000000001,1402.0,0.903,0.0011104941699056,0.0033314825097168,-49430865.42688577,159841.0,8065400.0,13470100.0,-5404700.0,21535500.0,0.3326482379456849,0.3293519414207072,813000.0,5404700.0,0.9011179581795709,0.9009121150622076,0.9029535918863292,0.8992669839125175
20230823.0,2.023082314025795e+16,0.9,0.899,0.898,0.897,0.896,205600.0,6978400.0,5540100.0,170700.0,54500.0,0.823,0.908,0.9,0.893,-5243400.0,222600.0,5124900.0,10200.0,253000.0,0.901,0.902,0.903,0.904,0.905,778500.0,1442100.0,3376100.0,1360300.0,220300.0,0.905,0.914,-0.014,0.0,134762006.803,149809512.0,1.005,280500.0,-237300.0,-681100.0,-200.0,-250000.0,0.0003888888888888,24755.555555552244,897595.400000006,-0.001,-4962900.0,-14700.0,4443800.0,10000.0,3000.0,0.002,0.001,0.9,2.0,2.0,0.8107003888888891,4.0374271738792256e+17,7.0,11.0,0.901,0.001,32475.0,-0.0007808395171533,0.9,0.9005000000000001,1403.0,0.9,0.0011104941699056,0.0033314825097168,-38413.28449870646,159841.0,7177300.0,12949300.0,-5772000.0,20126600.0,0.2588144887140818,0.2624122241734341,997300.0,5772000.0,0.9000254687656732,0.9002089218575348,0.9028330569991502,0.8985490567057679
20230823.0,2.023082314035804e+16,0.898,0.897,0.896,0.895,0.894,6635900.0,5535800.0,214500.0,87800.0,213900.0,0.823,0.908,0.898,0.893,-8380300.0,-7256300.0,-3530400.0,-1407600.0,-337600.0,0.9,0.901,0.902,0.903,0.904,1744400.0,1720500.0,3315900.0,1319800.0,123700.0,0.905,0.914,-0.016,-0.002,135275494.003,150380812.0,1.005,1744400.0,1720500.0,3315900.0,1319800.0,123700.0,0.0002142857142858,67100.0,513487.1999999881,-0.001,-6635900.0,-5535800.0,-214500.0,-87800.0,-213900.0,0.002,0.001,0.898,1.0,2.0,0.8103863571428574,3.147230791485888e+17,5.0,9.0,0.901,0.001,111200.0,-0.000694781784419,0.898,0.899,1404.0,0.9,0.0022246941045606,0.0044493882091212,-33515555.27526761,159841.0,8224300.0,12687900.0,-4463600.0,20912200.0,0.3056069852193061,0.2999030549680516,571300.0,4463600.0,0.8988048310869737,0.8995836903213489,0.9015571538003234,0.8974416885378983
0.0,0.0,0.0,0.0,0.0,0.0,0.0,0.0,0.0,0.0,0.0,0.0,0.0,0.0,0.0,0.0,0.0,0.0,0.0,0.0,0.0,0.0,0.0,0.0,0.0,0.0,0.0,0.0,0.0,0.0,0.0,0.0,0.0,0.0,0.0,0.0,0.0,0.0,0.0,0.0,0.0,0.0,0.0,0.0,0.0,0.0,0.0,0.0,0.0,0.0,0.0,0.0,0.0,0.0,0.0,0.0,0.0,0.0,0.0,0.0,0.0,0.0,0.0,0.0,0.0,0.0,0.0,0.0,0.0,0.0,0.0,0.0,0.0,0.0,0.0,0.0,0.0,0.0,0.0,0.0,0.0,0.0,0.0,0.0,0.0
20230823.0,2.0230823140557948e+16,0.899,0.898,0.897,0.896,0.895,90700.0,6642000.0,5026300.0,215000.0,138700.0,0.823,0.908,0.9,0.893,-560900.0,-625800.0,251500.0,500.0,11800.0,0.9,0.901,0.902,0.903,0.904,1125800.0,1742300.0,3315900.0,1319800.0,131900.0,0.905,0.914,-0.014,0.0,135869610.103,151041612.0,1.005,365300.0,21800.0,0.0,0.0,8200.0,0.0003999999999999,174315.0,507986.89999997616,-0.001,-195600.0,-604000.0,251500.0,500.0,20000.0,0.002,0.001,0.9,2.0,2.0,0.8092803999999999,4.541688140449799e+17,12.0,8.0,0.9,0.001,446350.0,-0.0002212497545114,0.899,0.8995,1406.0,0.9,0.0011117287381878,0.0033351862145636,-28728.38017550484,159841.0,7635700.0,12112700.0,-4477000.0,19748400.0,0.2853178850996416,0.2325094022859,565000.0,4477000.0,0.8990918584070374,0.899074558158652,0.9016843380436634,0.8975226745482016
20230823.0,2.023082314065797e+16,0.898,0.897,0.896,0.895,0.894,235700.0,6617800.0,4817900.0,138700.0,183900.0,0.823,0.908,0.898,0.893,-730500.0,-8084200.0,-8325000.0,-1398300.0,-245300.0,0.899,0.9,0.901,0.902,0.903,494800.0,1466400.0,3507100.0,1259600.0,61400.0,0.905,0.914,-0.016,-0.002,136482647.503,151723612.0,1.005,494800.0,1466400.0,3507100.0,1259600.0,61400.0,0.0001499999999999,147875.0,613037.400000006,-0.001,-235700.0,-6617800.0,-4817900.0,-138700.0,-183900.0,0.002,0.001,0.898,1.0,3.0,0.8079315500000004,4.572358507671208e+17,16.0,4.0,0.9,0.0,209300.0,-0.0008366570076388,0.898,0.8985000000000001,1407.0,0.9,0.0011129660545353,0.003338898163606,-33662859.64558496,159841.0,6789300.0,11994000.0,-5204700.0,18783300.0,0.269866488172747,0.2220713328834273,682000.0,5204700.0,0.8988818181818269,0.8983226557152636,0.9008418688230008,0.8965488327497081
20230823.0,2.023082314075493e+16,0.898,0.897,0.896,0.895,0.894,721700.0,7093300.0,4870400.0,153700.0,183900.0,0.823,0.908,0.898,0.893,-291200.0,580300.0,52500.0,15200.0,0.0,0.899,0.9,0.901,0.902,0.903,1272000.0,1361600.0,3507100.0,1259400.0,61400.0,0.905,0.914,-0.016,0.0,137178687.303,152498712.0,1.005,777200.0,-104800.0,0.0,-200.0,0.0,2.220446049250313e-16,260984.6153846085,696039.8000000119,-0.001,486000.0,475500.0,52500.0,15000.0,0.0,0.002,0.001,0.898,0.0,0.0,0.806404,3.008974877414991e+17,13.0,0.0,0.898,0.0,293500.0,4.3785707390650574e-05,0.898,0.8985000000000001,1408.0,0.898,0.0011129660545353,0.003338898163606,0.0,159841.0,7461500.0,13023000.0,-5561500.0,20484500.0,0.2772348298912514,0.2226045649654789,775100.0,5561500.0,0.8980000000000153,0.8983619902693485,0.9006618106278897,0.8966154649466328
20230823.0,2.0230823140855016e+16,0.896,0.895,0.894,0.893,0.892,5624500.0,6241600.0,1362500.0,775700.0,502300.0,0.823,0.908,0.896,0.893,-5955100.0,-7821700.0,-4691900.0,-2759800.0,-944700.0,0.897,0.898,0.899,0.9,0.901,330600.0,1580100.0,3329400.0,1984100.0,442400.0,0.905,0.914,-0.018,-0.002,138036800.103,153455212.0,1.005,330600.0,1580100.0,3329400.0,1984100.0,442400.0,0.0,220580.0,858112.7999999821,-0.001,-5624500.0,-6241600.0,-1362500.0,-775700.0,-502300.0,0.002,0.001,0.896,1.0,3.0,0.8046094,2.3479768370937018e+17,2.0,2.0,0.898,0.0,226100.0,-0.0020445500076487,0.896,0.8965000000000001,1409.0,0.898,0.0011154489682097,0.0033463469046291,-34218968.551919125,159841.0,7666600.0,14506600.0,-6840000.0,22173200.0,0.2948730491127651,0.2526511771367151,956500.0,6840000.0,0.8971383167799081,0.8969444845594532,0.899081861581405,0.895082976024706
20230823.0,2.023082314095498e+16,0.896,0.895,0.894,0.893,0.892,5871500.0,6148800.0,956300.0,731600.0,498500.0,0.823,0.908,0.896,0.893,130800.0,22200.0,340600.0,-204100.0,-607700.0,0.897,0.898,0.899,0.9,0.901,431000.0,1465100.0,2582600.0,2144100.0,1056300.0,0.905,0.914,-0.018,0.0,138338395.203,153791812.0,1.005,100400.0,-115000.0,-746800.0,160000.0,603900.0,5.555555555558645e-05,50633.33333334327,301595.10000002384,-0.001,231200.0,-92800.0,-406200.0,-44100.0,-3800.0,0.002,0.001,0.896,1.0,1.0,0.8029156111111111,4.247057299483425e+17,1.0,17.0,0.897,0.0,27300.0,-1.4512733427132772e-05,0.896,0.8965000000000001,1410.0,0.896,0.0011154489682097,0.0033463469046291,-19219.647336360067,159841.0,7679100.0,14206700.0,-6527600.0,21885800.0,0.2673716062169998,0.2381515633281924,336600.0,6527600.0,0.8960044563280566,0.8969316144387148,0.89925127944681,0.8951377167111293
20230823.0,2.023082314104892e+16,0.897,0.896,0.895,0.894,0.893,21000.0,7161400.0,5177900.0,816500.0,731600.0,0.823,0.908,0.897,0.893,1174600.0,8712100.0,8538800.0,2281200.0,736500.0,0.898,0.899,0.9,0.901,0.902,1153600.0,1550700.0,3360900.0,1464700.0,4900.0,0.905,0.914,-0.017,0.001,138831441.103,154341512.0,1.005,-1153600.0,-1550700.0,-3360900.0,-1464700.0,-4900.0,0.0001764705882353,106400.0,493045.89999997616,-0.001,21000.0,7161400.0,5177900.0,816500.0,731600.0,0.002,0.001,0.897,2.0,1.0,0.8049259999999996,4.044045707556933e+17,5.0,12.0,0.898,0.001,43400.0,9.617214798218754e-05,0.896,0.8975,1411.0,0.896,0.0011142061281337,0.0033426183844011,17133183.050653886,159841.0,7534800.0,13908400.0,-6373600.0,21443200.0,0.3287582936402191,0.2935319559594573,549700.0,6373600.0,0.896936328906633,0.8970178784266986,0.8996836810532463,0.8953540090880331
20230823.0,2.023082314115496e+16,0.897,0.896,0.895,0.894,0.893,159900.0,7495100.0,5178700.0,816500.0,731100.0,0.823,0.908,0.897,0.893,138500.0,933700.0,150800.0,-558400.0,-500.0,0.898,0.899,0.9,0.901,0.902,1152000.0,1700700.0,3210900.0,1464700.0,4900.0,0.905,0.914,-0.017,0.0,139051643.903,154587112.0,1.005,-1600.0,150000.0,-150000.0,408400.0,0.0,0.0006470588235293,72988.23529410362,220202.80000001192,-0.001,136900.0,1083700.0,800.0,-150000.0,-500.0,0.002,0.001,0.897,2.0,1.0,0.8052427647058821,4.054966084472741e+17,8.0,9.0,0.898,0.001,174000.0,0.0001140784539079,0.896,0.8975,1412.0,0.897,0.0011142061281337,0.0033426183844011,-67734.40322427452,159841.0,7533200.0,14381300.0,-6848100.0,21914500.0,0.370822760684413,0.2727260651606095,245600.0,6848100.0,0.8965912052117749,0.8971218842899611,0.8996641267987043,0.8953849582443868
20230823.0,2.0230823141254948e+16,0.897,0.896,0.895,0.894,0.893,7480300.0,7254600.0,358300.0,813000.0,732600.0,0.823,0.908,0.898,0.893,8232100.0,-91500.0,-2257900.0,-693000.0,-1258900.0,0.898,0.899,0.9,0.901,0.902,300200.0,1551700.0,648400.0,2154200.0,1265300.0,0.905,0.914,-0.016,0.001,139346387.803,154915712.0,1.005,-851800.0,-149000.0,-2562500.0,689500.0,1260400.0,1.1102230246251563e-16,2605.263157904148,294743.900000006,-0.001,7380300.0,-240500.0,-4820400.0,-3500.0,1500.0,0.002,0.001,0.898,2.0,1.0,0.8046092105263156,4.55350881678259e+17,2.0,17.0,0.898,0.0,0.0,0.0009821993883136,0.896,0.8975,1413.0,0.897,0.0011142061281337,0.0033426183844011,17233047.516007923,159841.0,5919800.0,16638800.0,-10719000.0,22558600.0,0.3454605855249905,0.2482042310874589,328600.0,10719000.0,0.8969686548995921,0.8979614163614165,0.9004278353998446,0.8961982234295743
20230823.0,2.02308231413549e+16,0.898,0.897,0.896,0.895,0.894,5132500.0,7882300.0,1925600.0,218300.0,813000.0,0.823,0.908,0.899,0.893,6225700.0,9406900.0,5296600.0,1483600.0,1078400.0,0.899,0.9,0.901,0.902,0.903,1093200.0,1524600.0,3371000.0,1265300.0,265400.0,0.905,0.914,-0.015,0.001,139737333.803,155351112.0,1.005,-1093200.0,-1524600.0,-3371000.0,-1265300.0,-265400.0,0.0005,140572.22222220898,390946.0,-0.001,5132500.0,7882300.0,1925600.0,218300.0,813000.0,0.002,0.001,0.899,2.0,1.0,0.8071029444444446,4.336262166683005e+17,8.0,10.0,0.899,0.001,359725.0,0.0009605919440186,0.897,0.8985000000000001,1414.0,0.898,0.0011129660545353,0.003338898163606,17279987.166301247,159841.0,7519500.0,15971700.0,-8452200.0,23491200.0,0.3129282311024172,0.171324981528023,435400.0,8452200.0,0.8979007808911346,0.8988244052877588,0.9007453421105126,0.8970207429390735
20230823.0,2.023082314145496e+16,0.898,0.897,0.896,0.895,0.894,282100.0,7827500.0,5768800.0,360300.0,213000.0,0.823,0.908,0.899,0.893,-1458300.0,15400.0,1846400.0,551600.0,-600000.0,0.899,0.9,0.901,0.902,0.903,1375500.0,2048000.0,3371000.0,854900.0,15400.0,0.905,0.914,-0.015,0.0,139935815.703,155572112.0,1.005,292300.0,408400.0,0.0,-410400.0,0.0,0.0004117647058823,49294.11764705181,189491.900000006,-0.001,-1166000.0,423800.0,1846400.0,141200.0,-600000.0,0.002,0.001,0.899,1.0,1.0,0.8071439411764707,4.111707435227456e+17,7.0,10.0,0.899,0.001,11400.0,-0.0004473560762378,0.898,0.8985000000000001,1415.0,0.899,0.0011129660545353,0.003338898163606,-17711.588971663266,159841.0,7664800.0,14451700.0,-6786900.0,22116500.0,0.3266938285987091,0.210324389983737,211000.0,6786900.0,0.8980658767772794,0.8981701858108108,0.9004894452562363,0.8965262633461807
20230823.0,2.023082314155493e+16,0.897,0.896,0.895,0.894,0.893,5477600.0,7383000.0,1618700.0,213000.0,723800.0,0.823,0.908,0.897,0.893,-5740900.0,-9690000.0,-4492300.0,-2367200.0,-728700.0,0.898,0.899,0.9,0.901,0.902,263300.0,2307000.0,2873600.0,2154200.0,4900.0,0.905,0.914,-0.017,-0.001,140361190.003,156046012.0,1.005,263300.0,2307000.0,2873600.0,2154200.0,4900.0,0.0003076923076923,55661.53846153617,268673.2999999821,-0.001,-5477600.0,-7383000.0,-1618700.0,-213000.0,-723800.0,0.002,0.001,0.897,0.0,1.0,0.8051613076923076,3.160172489167818e+17,4.0,9.0,0.898,0.001,188200.0,-0.0001318628818762,0.897,0.8975,1416.0,0.898,0.0011142061281337,0.0033426183844011,-17375664.65997772,159841.0,7603000.0,15416100.0,-7813100.0,23019100.0,0.2807169745386354,0.1756000112544037,299400.0,7813100.0,0.8973724114895862,0.8979541361110627,0.8999119295015127,0.8960818300348337
20230823.0,2.023082314165486e+16,0.897,0.896,0.895,0.894,0.893,1238800.0,7274600.0,6433700.0,812900.0,723800.0,0.823,0.908,0.898,0.893,-4728000.0,197500.0,5270200.0,1289400.0,250000.0,0.898,0.899,0.9,0.901,0.902,652500.0,2001100.0,2676800.0,1464700.0,4900.0,0.905,0.914,-0.016,0.001,140832338.603,156571212.0,1.005,439200.0,-305900.0,3200.0,-689500.0,-250000.0,0.0003684210526315,215610.5263157785,471148.5999999941,-0.001,-4288800.0,-108400.0,5273400.0,599900.0,0.0,0.002,0.001,0.898,4.0,3.0,0.8057426842105263,4.643347677754996e+17,12.0,7.0,0.898,0.001,373650.0,-0.0003428862593297,0.897,0.8975,1417.0,0.897,0.0011142061281337,0.0033426183844011,17331364.561902713,159841.0,6800000.0,16483800.0,-9683800.0,23283800.0,0.2482997738577877,0.1779758060323185,525200.0,9683800.0,0.8970841584158302,0.8976549992068948,0.8997306470588236,0.895454488649462
