TradeDate,OrigTime,BidPx1,BidPx2,BidPx3,BidPx4,BidPx5,BidSize1,BidSize2,BidSize3,BidSize4,BidSize5,DownLimitPx,HighPx,LastPx,LowPx,OFI1,OFI2,OFI3,OFI4,OFI5,OfferPx1,OfferPx2,OfferPx3,OfferPx4,OfferPx5,OfferSize1,OfferSize2,OfferSize3,OfferSize4,OfferSize5,OpenPx,PreClosePx,PxChange1,PxChange2,TotalValueTrade,TotalVolumeTrade,UpLimitPx,aOF1,aOF2,aOF3,aOF4,aOF5,abs_diff,abs_diff_v,amount,ask_spread,bOF1,bOF2,bOF3,bOF4,bOF5,bid_ask_spread,bid_spread,close,df_max,df_min,energy,energy_v,f_max,f_min,high,iqr_p,iqr_p_v,log_return,low,mid,minute,open,price_spread,price_spread2,tendency,ticker,total_ask_qty,total_bid_qty,total_qty_diff,total_volume,volatility,volatility_QMLE,volume,volume_imbalance,vwap,wap1,weighted_ask_prc,weighted_bid_prc
0.0,0.0,0.0,0.0,0.0,0.0,0.0,0.0,0.0,0.0,0.0,0.0,0.0,0.0,0.0,0.0,0.0,0.0,0.0,0.0,0.0,0.0,0.0,0.0,0.0,0.0,0.0,0.0,0.0,0.0,0.0,0.0,0.0,0.0,0.0,0.0,0.0,0.0,0.0,0.0,0.0,0.0,0.0,0.0,0.0,0.0,0.0,0.0,0.0,0.0,0.0,0.0,0.0,0.0,0.0,0.0,0.0,0.0,0.0,0.0,0.0,0.0,0.0,0.0,0.0,0.0,0.0,0.0,0.0,0.0,0.0,0.0,0.0,0.0,0.0,0.0,0.0,0.0,0.0,0.0,0.0,0.0,0.0,0.0,0.0
0.0,0.0,0.0,0.0,0.0,0.0,0.0,0.0,0.0,0.0,0.0,0.0,0.0,0.0,0.0,0.0,0.0,0.0,0.0,0.0,0.0,0.0,0.0,0.0,0.0,0.0,0.0,0.0,0.0,0.0,0.0,0.0,0.0,0.0,0.0,0.0,0.0,0.0,0.0,0.0,0.0,0.0,0.0,0.0,0.0,0.0,0.0,0.0,0.0,0.0,0.0,0.0,0.0,0.0,0.0,0.0,0.0,0.0,0.0,0.0,0.0,0.0,0.0,0.0,0.0,0.0,0.0,0.0,0.0,0.0,0.0,0.0,0.0,0.0,0.0,0.0,0.0,0.0,0.0,0.0,0.0,0.0,0.0,0.0,0.0
0.0,0.0,0.0,0.0,0.0,0.0,0.0,0.0,0.0,0.0,0.0,0.0,0.0,0.0,0.0,0.0,0.0,0.0,0.0,0.0,0.0,0.0,0.0,0.0,0.0,0.0,0.0,0.0,0.0,0.0,0.0,0.0,0.0,0.0,0.0,0.0,0.0,0.0,0.0,0.0,0.0,0.0,0.0,0.0,0.0,0.0,0.0,0.0,0.0,0.0,0.0,0.0,0.0,0.0,0.0,0.0,0.0,0.0,0.0,0.0,0.0,0.0,0.0,0.0,0.0,0.0,0.0,0.0,0.0,0.0,0.0,0.0,0.0,0.0,0.0,0.0,0.0,0.0,0.0,0.0,0.0,0.0,0.0,0.0,0.0
0.0,0.0,0.0,0.0,0.0,0.0,0.0,0.0,0.0,0.0,0.0,0.0,0.0,0.0,0.0,0.0,0.0,0.0,0.0,0.0,0.0,0.0,0.0,0.0,0.0,0.0,0.0,0.0,0.0,0.0,0.0,0.0,0.0,0.0,0.0,0.0,0.0,0.0,0.0,0.0,0.0,0.0,0.0,0.0,0.0,0.0,0.0,0.0,0.0,0.0,0.0,0.0,0.0,0.0,0.0,0.0,0.0,0.0,0.0,0.0,0.0,0.0,0.0,0.0,0.0,0.0,0.0,0.0,0.0,0.0,0.0,0.0,0.0,0.0,0.0,0.0,0.0,0.0,0.0,0.0,0.0,0.0,0.0,0.0,0.0
0.0,0.0,0.0,0.0,0.0,0.0,0.0,0.0,0.0,0.0,0.0,0.0,0.0,0.0,0.0,0.0,0.0,0.0,0.0,0.0,0.0,0.0,0.0,0.0,0.0,0.0,0.0,0.0,0.0,0.0,0.0,0.0,0.0,0.0,0.0,0.0,0.0,0.0,0.0,0.0,0.0,0.0,0.0,0.0,0.0,0.0,0.0,0.0,0.0,0.0,0.0,0.0,0.0,0.0,0.0,0.0,0.0,0.0,0.0,0.0,0.0,0.0,0.0,0.0,0.0,0.0,0.0,0.0,0.0,0.0,0.0,0.0,0.0,0.0,0.0,0.0,0.0,0.0,0.0,0.0,0.0,0.0,0.0,0.0,0.0
0.0,0.0,0.0,0.0,0.0,0.0,0.0,0.0,0.0,0.0,0.0,0.0,0.0,0.0,0.0,0.0,0.0,0.0,0.0,0.0,0.0,0.0,0.0,0.0,0.0,0.0,0.0,0.0,0.0,0.0,0.0,0.0,0.0,0.0,0.0,0.0,0.0,0.0,0.0,0.0,0.0,0.0,0.0,0.0,0.0,0.0,0.0,0.0,0.0,0.0,0.0,0.0,0.0,0.0,0.0,0.0,0.0,0.0,0.0,0.0,0.0,0.0,0.0,0.0,0.0,0.0,0.0,0.0,0.0,0.0,0.0,0.0,0.0,0.0,0.0,0.0,0.0,0.0,0.0,0.0,0.0,0.0,0.0,0.0,0.0
0.0,0.0,0.0,0.0,0.0,0.0,0.0,0.0,0.0,0.0,0.0,0.0,0.0,0.0,0.0,0.0,0.0,0.0,0.0,0.0,0.0,0.0,0.0,0.0,0.0,0.0,0.0,0.0,0.0,0.0,0.0,0.0,0.0,0.0,0.0,0.0,0.0,0.0,0.0,0.0,0.0,0.0,0.0,0.0,0.0,0.0,0.0,0.0,0.0,0.0,0.0,0.0,0.0,0.0,0.0,0.0,0.0,0.0,0.0,0.0,0.0,0.0,0.0,0.0,0.0,0.0,0.0,0.0,0.0,0.0,0.0,0.0,0.0,0.0,0.0,0.0,0.0,0.0,0.0,0.0,0.0,0.0,0.0,0.0,0.0
0.0,0.0,0.0,0.0,0.0,0.0,0.0,0.0,0.0,0.0,0.0,0.0,0.0,0.0,0.0,0.0,0.0,0.0,0.0,0.0,0.0,0.0,0.0,0.0,0.0,0.0,0.0,0.0,0.0,0.0,0.0,0.0,0.0,0.0,0.0,0.0,0.0,0.0,0.0,0.0,0.0,0.0,0.0,0.0,0.0,0.0,0.0,0.0,0.0,0.0,0.0,0.0,0.0,0.0,0.0,0.0,0.0,0.0,0.0,0.0,0.0,0.0,0.0,0.0,0.0,0.0,0.0,0.0,0.0,0.0,0.0,0.0,0.0,0.0,0.0,0.0,0.0,0.0,0.0,0.0,0.0,0.0,0.0,0.0,0.0
0.0,0.0,0.0,0.0,0.0,0.0,0.0,0.0,0.0,0.0,0.0,0.0,0.0,0.0,0.0,0.0,0.0,0.0,0.0,0.0,0.0,0.0,0.0,0.0,0.0,0.0,0.0,0.0,0.0,0.0,0.0,0.0,0.0,0.0,0.0,0.0,0.0,0.0,0.0,0.0,0.0,0.0,0.0,0.0,0.0,0.0,0.0,0.0,0.0,0.0,0.0,0.0,0.0,0.0,0.0,0.0,0.0,0.0,0.0,0.0,0.0,0.0,0.0,0.0,0.0,0.0,0.0,0.0,0.0,0.0,0.0,0.0,0.0,0.0,0.0,0.0,0.0,0.0,0.0,0.0,0.0,0.0,0.0,0.0,0.0
0.0,0.0,0.0,0.0,0.0,0.0,0.0,0.0,0.0,0.0,0.0,0.0,0.0,0.0,0.0,0.0,0.0,0.0,0.0,0.0,0.0,0.0,0.0,0.0,0.0,0.0,0.0,0.0,0.0,0.0,0.0,0.0,0.0,0.0,0.0,0.0,0.0,0.0,0.0,0.0,0.0,0.0,0.0,0.0,0.0,0.0,0.0,0.0,0.0,0.0,0.0,0.0,0.0,0.0,0.0,0.0,0.0,0.0,0.0,0.0,0.0,0.0,0.0,0.0,0.0,0.0,0.0,0.0,0.0,0.0,0.0,0.0,0.0,0.0,0.0,0.0,0.0,0.0,0.0,0.0,0.0,0.0,0.0,0.0,0.0
0.0,0.0,0.0,0.0,0.0,0.0,0.0,0.0,0.0,0.0,0.0,0.0,0.0,0.0,0.0,0.0,0.0,0.0,0.0,0.0,0.0,0.0,0.0,0.0,0.0,0.0,0.0,0.0,0.0,0.0,0.0,0.0,0.0,0.0,0.0,0.0,0.0,0.0,0.0,0.0,0.0,0.0,0.0,0.0,0.0,0.0,0.0,0.0,0.0,0.0,0.0,0.0,0.0,0.0,0.0,0.0,0.0,0.0,0.0,0.0,0.0,0.0,0.0,0.0,0.0,0.0,0.0,0.0,0.0,0.0,0.0,0.0,0.0,0.0,0.0,0.0,0.0,0.0,0.0,0.0,0.0,0.0,0.0,0.0,0.0
0.0,0.0,0.0,0.0,0.0,0.0,0.0,0.0,0.0,0.0,0.0,0.0,0.0,0.0,0.0,0.0,0.0,0.0,0.0,0.0,0.0,0.0,0.0,0.0,0.0,0.0,0.0,0.0,0.0,0.0,0.0,0.0,0.0,0.0,0.0,0.0,0.0,0.0,0.0,0.0,0.0,0.0,0.0,0.0,0.0,0.0,0.0,0.0,0.0,0.0,0.0,0.0,0.0,0.0,0.0,0.0,0.0,0.0,0.0,0.0,0.0,0.0,0.0,0.0,0.0,0.0,0.0,0.0,0.0,0.0,0.0,0.0,0.0,0.0,0.0,0.0,0.0,0.0,0.0,0.0,0.0,0.0,0.0,0.0,0.0
0.0,0.0,0.0,0.0,0.0,0.0,0.0,0.0,0.0,0.0,0.0,0.0,0.0,0.0,0.0,0.0,0.0,0.0,0.0,0.0,0.0,0.0,0.0,0.0,0.0,0.0,0.0,0.0,0.0,0.0,0.0,0.0,0.0,0.0,0.0,0.0,0.0,0.0,0.0,0.0,0.0,0.0,0.0,0.0,0.0,0.0,0.0,0.0,0.0,0.0,0.0,0.0,0.0,0.0,0.0,0.0,0.0,0.0,0.0,0.0,0.0,0.0,0.0,0.0,0.0,0.0,0.0,0.0,0.0,0.0,0.0,0.0,0.0,0.0,0.0,0.0,0.0,0.0,0.0,0.0,0.0,0.0,0.0,0.0,0.0
0.0,0.0,0.0,0.0,0.0,0.0,0.0,0.0,0.0,0.0,0.0,0.0,0.0,0.0,0.0,0.0,0.0,0.0,0.0,0.0,0.0,0.0,0.0,0.0,0.0,0.0,0.0,0.0,0.0,0.0,0.0,0.0,0.0,0.0,0.0,0.0,0.0,0.0,0.0,0.0,0.0,0.0,0.0,0.0,0.0,0.0,0.0,0.0,0.0,0.0,0.0,0.0,0.0,0.0,0.0,0.0,0.0,0.0,0.0,0.0,0.0,0.0,0.0,0.0,0.0,0.0,0.0,0.0,0.0,0.0,0.0,0.0,0.0,0.0,0.0,0.0,0.0,0.0,0.0,0.0,0.0,0.0,0.0,0.0,0.0
0.0,0.0,0.0,0.0,0.0,0.0,0.0,0.0,0.0,0.0,0.0,0.0,0.0,0.0,0.0,0.0,0.0,0.0,0.0,0.0,0.0,0.0,0.0,0.0,0.0,0.0,0.0,0.0,0.0,0.0,0.0,0.0,0.0,0.0,0.0,0.0,0.0,0.0,0.0,0.0,0.0,0.0,0.0,0.0,0.0,0.0,0.0,0.0,0.0,0.0,0.0,0.0,0.0,0.0,0.0,0.0,0.0,0.0,0.0,0.0,0.0,0.0,0.0,0.0,0.0,0.0,0.0,0.0,0.0,0.0,0.0,0.0,0.0,0.0,0.0,0.0,0.0,0.0,0.0,0.0,0.0,0.0,0.0,0.0,0.0
0.0,0.0,0.0,0.0,0.0,0.0,0.0,0.0,0.0,0.0,0.0,0.0,0.0,0.0,0.0,0.0,0.0,0.0,0.0,0.0,0.0,0.0,0.0,0.0,0.0,0.0,0.0,0.0,0.0,0.0,0.0,0.0,0.0,0.0,0.0,0.0,0.0,0.0,0.0,0.0,0.0,0.0,0.0,0.0,0.0,0.0,0.0,0.0,0.0,0.0,0.0,0.0,0.0,0.0,0.0,0.0,0.0,0.0,0.0,0.0,0.0,0.0,0.0,0.0,0.0,0.0,0.0,0.0,0.0,0.0,0.0,0.0,0.0,0.0,0.0,0.0,0.0,0.0,0.0,0.0,0.0,0.0,0.0,0.0,0.0
0.0,0.0,0.0,0.0,0.0,0.0,0.0,0.0,0.0,0.0,0.0,0.0,0.0,0.0,0.0,0.0,0.0,0.0,0.0,0.0,0.0,0.0,0.0,0.0,0.0,0.0,0.0,0.0,0.0,0.0,0.0,0.0,0.0,0.0,0.0,0.0,0.0,0.0,0.0,0.0,0.0,0.0,0.0,0.0,0.0,0.0,0.0,0.0,0.0,0.0,0.0,0.0,0.0,0.0,0.0,0.0,0.0,0.0,0.0,0.0,0.0,0.0,0.0,0.0,0.0,0.0,0.0,0.0,0.0,0.0,0.0,0.0,0.0,0.0,0.0,0.0,0.0,0.0,0.0,0.0,0.0,0.0,0.0,0.0,0.0
0.0,0.0,0.0,0.0,0.0,0.0,0.0,0.0,0.0,0.0,0.0,0.0,0.0,0.0,0.0,0.0,0.0,0.0,0.0,0.0,0.0,0.0,0.0,0.0,0.0,0.0,0.0,0.0,0.0,0.0,0.0,0.0,0.0,0.0,0.0,0.0,0.0,0.0,0.0,0.0,0.0,0.0,0.0,0.0,0.0,0.0,0.0,0.0,0.0,0.0,0.0,0.0,0.0,0.0,0.0,0.0,0.0,0.0,0.0,0.0,0.0,0.0,0.0,0.0,0.0,0.0,0.0,0.0,0.0,0.0,0.0,0.0,0.0,0.0,0.0,0.0,0.0,0.0,0.0,0.0,0.0,0.0,0.0,0.0,0.0
0.0,0.0,0.0,0.0,0.0,0.0,0.0,0.0,0.0,0.0,0.0,0.0,0.0,0.0,0.0,0.0,0.0,0.0,0.0,0.0,0.0,0.0,0.0,0.0,0.0,0.0,0.0,0.0,0.0,0.0,0.0,0.0,0.0,0.0,0.0,0.0,0.0,0.0,0.0,0.0,0.0,0.0,0.0,0.0,0.0,0.0,0.0,0.0,0.0,0.0,0.0,0.0,0.0,0.0,0.0,0.0,0.0,0.0,0.0,0.0,0.0,0.0,0.0,0.0,0.0,0.0,0.0,0.0,0.0,0.0,0.0,0.0,0.0,0.0,0.0,0.0,0.0,0.0,0.0,0.0,0.0,0.0,0.0,0.0,0.0
0.0,0.0,0.0,0.0,0.0,0.0,0.0,0.0,0.0,0.0,0.0,0.0,0.0,0.0,0.0,0.0,0.0,0.0,0.0,0.0,0.0,0.0,0.0,0.0,0.0,0.0,0.0,0.0,0.0,0.0,0.0,0.0,0.0,0.0,0.0,0.0,0.0,0.0,0.0,0.0,0.0,0.0,0.0,0.0,0.0,0.0,0.0,0.0,0.0,0.0,0.0,0.0,0.0,0.0,0.0,0.0,0.0,0.0,0.0,0.0,0.0,0.0,0.0,0.0,0.0,0.0,0.0,0.0,0.0,0.0,0.0,0.0,0.0,0.0,0.0,0.0,0.0,0.0,0.0,0.0,0.0,0.0,0.0,0.0,0.0
0.0,0.0,0.0,0.0,0.0,0.0,0.0,0.0,0.0,0.0,0.0,0.0,0.0,0.0,0.0,0.0,0.0,0.0,0.0,0.0,0.0,0.0,0.0,0.0,0.0,0.0,0.0,0.0,0.0,0.0,0.0,0.0,0.0,0.0,0.0,0.0,0.0,0.0,0.0,0.0,0.0,0.0,0.0,0.0,0.0,0.0,0.0,0.0,0.0,0.0,0.0,0.0,0.0,0.0,0.0,0.0,0.0,0.0,0.0,0.0,0.0,0.0,0.0,0.0,0.0,0.0,0.0,0.0,0.0,0.0,0.0,0.0,0.0,0.0,0.0,0.0,0.0,0.0,0.0,0.0,0.0,0.0,0.0,0.0,0.0
0.0,0.0,0.0,0.0,0.0,0.0,0.0,0.0,0.0,0.0,0.0,0.0,0.0,0.0,0.0,0.0,0.0,0.0,0.0,0.0,0.0,0.0,0.0,0.0,0.0,0.0,0.0,0.0,0.0,0.0,0.0,0.0,0.0,0.0,0.0,0.0,0.0,0.0,0.0,0.0,0.0,0.0,0.0,0.0,0.0,0.0,0.0,0.0,0.0,0.0,0.0,0.0,0.0,0.0,0.0,0.0,0.0,0.0,0.0,0.0,0.0,0.0,0.0,0.0,0.0,0.0,0.0,0.0,0.0,0.0,0.0,0.0,0.0,0.0,0.0,0.0,0.0,0.0,0.0,0.0,0.0,0.0,0.0,0.0,0.0
0.0,0.0,0.0,0.0,0.0,0.0,0.0,0.0,0.0,0.0,0.0,0.0,0.0,0.0,0.0,0.0,0.0,0.0,0.0,0.0,0.0,0.0,0.0,0.0,0.0,0.0,0.0,0.0,0.0,0.0,0.0,0.0,0.0,0.0,0.0,0.0,0.0,0.0,0.0,0.0,0.0,0.0,0.0,0.0,0.0,0.0,0.0,0.0,0.0,0.0,0.0,0.0,0.0,0.0,0.0,0.0,0.0,0.0,0.0,0.0,0.0,0.0,0.0,0.0,0.0,0.0,0.0,0.0,0.0,0.0,0.0,0.0,0.0,0.0,0.0,0.0,0.0,0.0,0.0,0.0,0.0,0.0,0.0,0.0,0.0
0.0,0.0,0.0,0.0,0.0,0.0,0.0,0.0,0.0,0.0,0.0,0.0,0.0,0.0,0.0,0.0,0.0,0.0,0.0,0.0,0.0,0.0,0.0,0.0,0.0,0.0,0.0,0.0,0.0,0.0,0.0,0.0,0.0,0.0,0.0,0.0,0.0,0.0,0.0,0.0,0.0,0.0,0.0,0.0,0.0,0.0,0.0,0.0,0.0,0.0,0.0,0.0,0.0,0.0,0.0,0.0,0.0,0.0,0.0,0.0,0.0,0.0,0.0,0.0,0.0,0.0,0.0,0.0,0.0,0.0,0.0,0.0,0.0,0.0,0.0,0.0,0.0,0.0,0.0,0.0,0.0,0.0,0.0,0.0,0.0
0.0,0.0,0.0,0.0,0.0,0.0,0.0,0.0,0.0,0.0,0.0,0.0,0.0,0.0,0.0,0.0,0.0,0.0,0.0,0.0,0.0,0.0,0.0,0.0,0.0,0.0,0.0,0.0,0.0,0.0,0.0,0.0,0.0,0.0,0.0,0.0,0.0,0.0,0.0,0.0,0.0,0.0,0.0,0.0,0.0,0.0,0.0,0.0,0.0,0.0,0.0,0.0,0.0,0.0,0.0,0.0,0.0,0.0,0.0,0.0,0.0,0.0,0.0,0.0,0.0,0.0,0.0,0.0,0.0,0.0,0.0,0.0,0.0,0.0,0.0,0.0,0.0,0.0,0.0,0.0,0.0,0.0,0.0,0.0,0.0
0.0,0.0,0.0,0.0,0.0,0.0,0.0,0.0,0.0,0.0,0.0,0.0,0.0,0.0,0.0,0.0,0.0,0.0,0.0,0.0,0.0,0.0,0.0,0.0,0.0,0.0,0.0,0.0,0.0,0.0,0.0,0.0,0.0,0.0,0.0,0.0,0.0,0.0,0.0,0.0,0.0,0.0,0.0,0.0,0.0,0.0,0.0,0.0,0.0,0.0,0.0,0.0,0.0,0.0,0.0,0.0,0.0,0.0,0.0,0.0,0.0,0.0,0.0,0.0,0.0,0.0,0.0,0.0,0.0,0.0,0.0,0.0,0.0,0.0,0.0,0.0,0.0,0.0,0.0,0.0,0.0,0.0,0.0,0.0,0.0
0.0,0.0,0.0,0.0,0.0,0.0,0.0,0.0,0.0,0.0,0.0,0.0,0.0,0.0,0.0,0.0,0.0,0.0,0.0,0.0,0.0,0.0,0.0,0.0,0.0,0.0,0.0,0.0,0.0,0.0,0.0,0.0,0.0,0.0,0.0,0.0,0.0,0.0,0.0,0.0,0.0,0.0,0.0,0.0,0.0,0.0,0.0,0.0,0.0,0.0,0.0,0.0,0.0,0.0,0.0,0.0,0.0,0.0,0.0,0.0,0.0,0.0,0.0,0.0,0.0,0.0,0.0,0.0,0.0,0.0,0.0,0.0,0.0,0.0,0.0,0.0,0.0,0.0,0.0,0.0,0.0,0.0,0.0,0.0,0.0
0.0,0.0,0.0,0.0,0.0,0.0,0.0,0.0,0.0,0.0,0.0,0.0,0.0,0.0,0.0,0.0,0.0,0.0,0.0,0.0,0.0,0.0,0.0,0.0,0.0,0.0,0.0,0.0,0.0,0.0,0.0,0.0,0.0,0.0,0.0,0.0,0.0,0.0,0.0,0.0,0.0,0.0,0.0,0.0,0.0,0.0,0.0,0.0,0.0,0.0,0.0,0.0,0.0,0.0,0.0,0.0,0.0,0.0,0.0,0.0,0.0,0.0,0.0,0.0,0.0,0.0,0.0,0.0,0.0,0.0,0.0,0.0,0.0,0.0,0.0,0.0,0.0,0.0,0.0,0.0,0.0,0.0,0.0,0.0,0.0
0.0,0.0,0.0,0.0,0.0,0.0,0.0,0.0,0.0,0.0,0.0,0.0,0.0,0.0,0.0,0.0,0.0,0.0,0.0,0.0,0.0,0.0,0.0,0.0,0.0,0.0,0.0,0.0,0.0,0.0,0.0,0.0,0.0,0.0,0.0,0.0,0.0,0.0,0.0,0.0,0.0,0.0,0.0,0.0,0.0,0.0,0.0,0.0,0.0,0.0,0.0,0.0,0.0,0.0,0.0,0.0,0.0,0.0,0.0,0.0,0.0,0.0,0.0,0.0,0.0,0.0,0.0,0.0,0.0,0.0,0.0,0.0,0.0,0.0,0.0,0.0,0.0,0.0,0.0,0.0,0.0,0.0,0.0,0.0,0.0
0.0,0.0,0.0,0.0,0.0,0.0,0.0,0.0,0.0,0.0,0.0,0.0,0.0,0.0,0.0,0.0,0.0,0.0,0.0,0.0,0.0,0.0,0.0,0.0,0.0,0.0,0.0,0.0,0.0,0.0,0.0,0.0,0.0,0.0,0.0,0.0,0.0,0.0,0.0,0.0,0.0,0.0,0.0,0.0,0.0,0.0,0.0,0.0,0.0,0.0,0.0,0.0,0.0,0.0,0.0,0.0,0.0,0.0,0.0,0.0,0.0,0.0,0.0,0.0,0.0,0.0,0.0,0.0,0.0,0.0,0.0,0.0,0.0,0.0,0.0,0.0,0.0,0.0,0.0,0.0,0.0,0.0,0.0,0.0,0.0
0.0,0.0,0.0,0.0,0.0,0.0,0.0,0.0,0.0,0.0,0.0,0.0,0.0,0.0,0.0,0.0,0.0,0.0,0.0,0.0,0.0,0.0,0.0,0.0,0.0,0.0,0.0,0.0,0.0,0.0,0.0,0.0,0.0,0.0,0.0,0.0,0.0,0.0,0.0,0.0,0.0,0.0,0.0,0.0,0.0,0.0,0.0,0.0,0.0,0.0,0.0,0.0,0.0,0.0,0.0,0.0,0.0,0.0,0.0,0.0,0.0,0.0,0.0,0.0,0.0,0.0,0.0,0.0,0.0,0.0,0.0,0.0,0.0,0.0,0.0,0.0,0.0,0.0,0.0,0.0,0.0,0.0,0.0,0.0,0.0
0.0,0.0,0.0,0.0,0.0,0.0,0.0,0.0,0.0,0.0,0.0,0.0,0.0,0.0,0.0,0.0,0.0,0.0,0.0,0.0,0.0,0.0,0.0,0.0,0.0,0.0,0.0,0.0,0.0,0.0,0.0,0.0,0.0,0.0,0.0,0.0,0.0,0.0,0.0,0.0,0.0,0.0,0.0,0.0,0.0,0.0,0.0,0.0,0.0,0.0,0.0,0.0,0.0,0.0,0.0,0.0,0.0,0.0,0.0,0.0,0.0,0.0,0.0,0.0,0.0,0.0,0.0,0.0,0.0,0.0,0.0,0.0,0.0,0.0,0.0,0.0,0.0,0.0,0.0,0.0,0.0,0.0,0.0,0.0,0.0
0.0,0.0,0.0,0.0,0.0,0.0,0.0,0.0,0.0,0.0,0.0,0.0,0.0,0.0,0.0,0.0,0.0,0.0,0.0,0.0,0.0,0.0,0.0,0.0,0.0,0.0,0.0,0.0,0.0,0.0,0.0,0.0,0.0,0.0,0.0,0.0,0.0,0.0,0.0,0.0,0.0,0.0,0.0,0.0,0.0,0.0,0.0,0.0,0.0,0.0,0.0,0.0,0.0,0.0,0.0,0.0,0.0,0.0,0.0,0.0,0.0,0.0,0.0,0.0,0.0,0.0,0.0,0.0,0.0,0.0,0.0,0.0,0.0,0.0,0.0,0.0,0.0,0.0,0.0,0.0,0.0,0.0,0.0,0.0,0.0
0.0,0.0,0.0,0.0,0.0,0.0,0.0,0.0,0.0,0.0,0.0,0.0,0.0,0.0,0.0,0.0,0.0,0.0,0.0,0.0,0.0,0.0,0.0,0.0,0.0,0.0,0.0,0.0,0.0,0.0,0.0,0.0,0.0,0.0,0.0,0.0,0.0,0.0,0.0,0.0,0.0,0.0,0.0,0.0,0.0,0.0,0.0,0.0,0.0,0.0,0.0,0.0,0.0,0.0,0.0,0.0,0.0,0.0,0.0,0.0,0.0,0.0,0.0,0.0,0.0,0.0,0.0,0.0,0.0,0.0,0.0,0.0,0.0,0.0,0.0,0.0,0.0,0.0,0.0,0.0,0.0,0.0,0.0,0.0,0.0
0.0,0.0,0.0,0.0,0.0,0.0,0.0,0.0,0.0,0.0,0.0,0.0,0.0,0.0,0.0,0.0,0.0,0.0,0.0,0.0,0.0,0.0,0.0,0.0,0.0,0.0,0.0,0.0,0.0,0.0,0.0,0.0,0.0,0.0,0.0,0.0,0.0,0.0,0.0,0.0,0.0,0.0,0.0,0.0,0.0,0.0,0.0,0.0,0.0,0.0,0.0,0.0,0.0,0.0,0.0,0.0,0.0,0.0,0.0,0.0,0.0,0.0,0.0,0.0,0.0,0.0,0.0,0.0,0.0,0.0,0.0,0.0,0.0,0.0,0.0,0.0,0.0,0.0,0.0,0.0,0.0,0.0,0.0,0.0,0.0
0.0,0.0,0.0,0.0,0.0,0.0,0.0,0.0,0.0,0.0,0.0,0.0,0.0,0.0,0.0,0.0,0.0,0.0,0.0,0.0,0.0,0.0,0.0,0.0,0.0,0.0,0.0,0.0,0.0,0.0,0.0,0.0,0.0,0.0,0.0,0.0,0.0,0.0,0.0,0.0,0.0,0.0,0.0,0.0,0.0,0.0,0.0,0.0,0.0,0.0,0.0,0.0,0.0,0.0,0.0,0.0,0.0,0.0,0.0,0.0,0.0,0.0,0.0,0.0,0.0,0.0,0.0,0.0,0.0,0.0,0.0,0.0,0.0,0.0,0.0,0.0,0.0,0.0,0.0,0.0,0.0,0.0,0.0,0.0,0.0
0.0,0.0,0.0,0.0,0.0,0.0,0.0,0.0,0.0,0.0,0.0,0.0,0.0,0.0,0.0,0.0,0.0,0.0,0.0,0.0,0.0,0.0,0.0,0.0,0.0,0.0,0.0,0.0,0.0,0.0,0.0,0.0,0.0,0.0,0.0,0.0,0.0,0.0,0.0,0.0,0.0,0.0,0.0,0.0,0.0,0.0,0.0,0.0,0.0,0.0,0.0,0.0,0.0,0.0,0.0,0.0,0.0,0.0,0.0,0.0,0.0,0.0,0.0,0.0,0.0,0.0,0.0,0.0,0.0,0.0,0.0,0.0,0.0,0.0,0.0,0.0,0.0,0.0,0.0,0.0,0.0,0.0,0.0,0.0,0.0
0.0,0.0,0.0,0.0,0.0,0.0,0.0,0.0,0.0,0.0,0.0,0.0,0.0,0.0,0.0,0.0,0.0,0.0,0.0,0.0,0.0,0.0,0.0,0.0,0.0,0.0,0.0,0.0,0.0,0.0,0.0,0.0,0.0,0.0,0.0,0.0,0.0,0.0,0.0,0.0,0.0,0.0,0.0,0.0,0.0,0.0,0.0,0.0,0.0,0.0,0.0,0.0,0.0,0.0,0.0,0.0,0.0,0.0,0.0,0.0,0.0,0.0,0.0,0.0,0.0,0.0,0.0,0.0,0.0,0.0,0.0,0.0,0.0,0.0,0.0,0.0,0.0,0.0,0.0,0.0,0.0,0.0,0.0,0.0,0.0
0.0,0.0,0.0,0.0,0.0,0.0,0.0,0.0,0.0,0.0,0.0,0.0,0.0,0.0,0.0,0.0,0.0,0.0,0.0,0.0,0.0,0.0,0.0,0.0,0.0,0.0,0.0,0.0,0.0,0.0,0.0,0.0,0.0,0.0,0.0,0.0,0.0,0.0,0.0,0.0,0.0,0.0,0.0,0.0,0.0,0.0,0.0,0.0,0.0,0.0,0.0,0.0,0.0,0.0,0.0,0.0,0.0,0.0,0.0,0.0,0.0,0.0,0.0,0.0,0.0,0.0,0.0,0.0,0.0,0.0,0.0,0.0,0.0,0.0,0.0,0.0,0.0,0.0,0.0,0.0,0.0,0.0,0.0,0.0,0.0
0.0,0.0,0.0,0.0,0.0,0.0,0.0,0.0,0.0,0.0,0.0,0.0,0.0,0.0,0.0,0.0,0.0,0.0,0.0,0.0,0.0,0.0,0.0,0.0,0.0,0.0,0.0,0.0,0.0,0.0,0.0,0.0,0.0,0.0,0.0,0.0,0.0,0.0,0.0,0.0,0.0,0.0,0.0,0.0,0.0,0.0,0.0,0.0,0.0,0.0,0.0,0.0,0.0,0.0,0.0,0.0,0.0,0.0,0.0,0.0,0.0,0.0,0.0,0.0,0.0,0.0,0.0,0.0,0.0,0.0,0.0,0.0,0.0,0.0,0.0,0.0,0.0,0.0,0.0,0.0,0.0,0.0,0.0,0.0,0.0
0.0,0.0,0.0,0.0,0.0,0.0,0.0,0.0,0.0,0.0,0.0,0.0,0.0,0.0,0.0,0.0,0.0,0.0,0.0,0.0,0.0,0.0,0.0,0.0,0.0,0.0,0.0,0.0,0.0,0.0,0.0,0.0,0.0,0.0,0.0,0.0,0.0,0.0,0.0,0.0,0.0,0.0,0.0,0.0,0.0,0.0,0.0,0.0,0.0,0.0,0.0,0.0,0.0,0.0,0.0,0.0,0.0,0.0,0.0,0.0,0.0,0.0,0.0,0.0,0.0,0.0,0.0,0.0,0.0,0.0,0.0,0.0,0.0,0.0,0.0,0.0,0.0,0.0,0.0,0.0,0.0,0.0,0.0,0.0,0.0
0.0,0.0,0.0,0.0,0.0,0.0,0.0,0.0,0.0,0.0,0.0,0.0,0.0,0.0,0.0,0.0,0.0,0.0,0.0,0.0,0.0,0.0,0.0,0.0,0.0,0.0,0.0,0.0,0.0,0.0,0.0,0.0,0.0,0.0,0.0,0.0,0.0,0.0,0.0,0.0,0.0,0.0,0.0,0.0,0.0,0.0,0.0,0.0,0.0,0.0,0.0,0.0,0.0,0.0,0.0,0.0,0.0,0.0,0.0,0.0,0.0,0.0,0.0,0.0,0.0,0.0,0.0,0.0,0.0,0.0,0.0,0.0,0.0,0.0,0.0,0.0,0.0,0.0,0.0,0.0,0.0,0.0,0.0,0.0,0.0
0.0,0.0,0.0,0.0,0.0,0.0,0.0,0.0,0.0,0.0,0.0,0.0,0.0,0.0,0.0,0.0,0.0,0.0,0.0,0.0,0.0,0.0,0.0,0.0,0.0,0.0,0.0,0.0,0.0,0.0,0.0,0.0,0.0,0.0,0.0,0.0,0.0,0.0,0.0,0.0,0.0,0.0,0.0,0.0,0.0,0.0,0.0,0.0,0.0,0.0,0.0,0.0,0.0,0.0,0.0,0.0,0.0,0.0,0.0,0.0,0.0,0.0,0.0,0.0,0.0,0.0,0.0,0.0,0.0,0.0,0.0,0.0,0.0,0.0,0.0,0.0,0.0,0.0,0.0,0.0,0.0,0.0,0.0,0.0,0.0
0.0,0.0,0.0,0.0,0.0,0.0,0.0,0.0,0.0,0.0,0.0,0.0,0.0,0.0,0.0,0.0,0.0,0.0,0.0,0.0,0.0,0.0,0.0,0.0,0.0,0.0,0.0,0.0,0.0,0.0,0.0,0.0,0.0,0.0,0.0,0.0,0.0,0.0,0.0,0.0,0.0,0.0,0.0,0.0,0.0,0.0,0.0,0.0,0.0,0.0,0.0,0.0,0.0,0.0,0.0,0.0,0.0,0.0,0.0,0.0,0.0,0.0,0.0,0.0,0.0,0.0,0.0,0.0,0.0,0.0,0.0,0.0,0.0,0.0,0.0,0.0,0.0,0.0,0.0,0.0,0.0,0.0,0.0,0.0,0.0
0.0,0.0,0.0,0.0,0.0,0.0,0.0,0.0,0.0,0.0,0.0,0.0,0.0,0.0,0.0,0.0,0.0,0.0,0.0,0.0,0.0,0.0,0.0,0.0,0.0,0.0,0.0,0.0,0.0,0.0,0.0,0.0,0.0,0.0,0.0,0.0,0.0,0.0,0.0,0.0,0.0,0.0,0.0,0.0,0.0,0.0,0.0,0.0,0.0,0.0,0.0,0.0,0.0,0.0,0.0,0.0,0.0,0.0,0.0,0.0,0.0,0.0,0.0,0.0,0.0,0.0,0.0,0.0,0.0,0.0,0.0,0.0,0.0,0.0,0.0,0.0,0.0,0.0,0.0,0.0,0.0,0.0,0.0,0.0,0.0
0.0,0.0,0.0,0.0,0.0,0.0,0.0,0.0,0.0,0.0,0.0,0.0,0.0,0.0,0.0,0.0,0.0,0.0,0.0,0.0,0.0,0.0,0.0,0.0,0.0,0.0,0.0,0.0,0.0,0.0,0.0,0.0,0.0,0.0,0.0,0.0,0.0,0.0,0.0,0.0,0.0,0.0,0.0,0.0,0.0,0.0,0.0,0.0,0.0,0.0,0.0,0.0,0.0,0.0,0.0,0.0,0.0,0.0,0.0,0.0,0.0,0.0,0.0,0.0,0.0,0.0,0.0,0.0,0.0,0.0,0.0,0.0,0.0,0.0,0.0,0.0,0.0,0.0,0.0,0.0,0.0,0.0,0.0,0.0,0.0
0.0,0.0,0.0,0.0,0.0,0.0,0.0,0.0,0.0,0.0,0.0,0.0,0.0,0.0,0.0,0.0,0.0,0.0,0.0,0.0,0.0,0.0,0.0,0.0,0.0,0.0,0.0,0.0,0.0,0.0,0.0,0.0,0.0,0.0,0.0,0.0,0.0,0.0,0.0,0.0,0.0,0.0,0.0,0.0,0.0,0.0,0.0,0.0,0.0,0.0,0.0,0.0,0.0,0.0,0.0,0.0,0.0,0.0,0.0,0.0,0.0,0.0,0.0,0.0,0.0,0.0,0.0,0.0,0.0,0.0,0.0,0.0,0.0,0.0,0.0,0.0,0.0,0.0,0.0,0.0,0.0,0.0,0.0,0.0,0.0
0.0,0.0,0.0,0.0,0.0,0.0,0.0,0.0,0.0,0.0,0.0,0.0,0.0,0.0,0.0,0.0,0.0,0.0,0.0,0.0,0.0,0.0,0.0,0.0,0.0,0.0,0.0,0.0,0.0,0.0,0.0,0.0,0.0,0.0,0.0,0.0,0.0,0.0,0.0,0.0,0.0,0.0,0.0,0.0,0.0,0.0,0.0,0.0,0.0,0.0,0.0,0.0,0.0,0.0,0.0,0.0,0.0,0.0,0.0,0.0,0.0,0.0,0.0,0.0,0.0,0.0,0.0,0.0,0.0,0.0,0.0,0.0,0.0,0.0,0.0,0.0,0.0,0.0,0.0,0.0,0.0,0.0,0.0,0.0,0.0
0.0,0.0,0.0,0.0,0.0,0.0,0.0,0.0,0.0,0.0,0.0,0.0,0.0,0.0,0.0,0.0,0.0,0.0,0.0,0.0,0.0,0.0,0.0,0.0,0.0,0.0,0.0,0.0,0.0,0.0,0.0,0.0,0.0,0.0,0.0,0.0,0.0,0.0,0.0,0.0,0.0,0.0,0.0,0.0,0.0,0.0,0.0,0.0,0.0,0.0,0.0,0.0,0.0,0.0,0.0,0.0,0.0,0.0,0.0,0.0,0.0,0.0,0.0,0.0,0.0,0.0,0.0,0.0,0.0,0.0,0.0,0.0,0.0,0.0,0.0,0.0,0.0,0.0,0.0,0.0,0.0,0.0,0.0,0.0,0.0
0.0,0.0,0.0,0.0,0.0,0.0,0.0,0.0,0.0,0.0,0.0,0.0,0.0,0.0,0.0,0.0,0.0,0.0,0.0,0.0,0.0,0.0,0.0,0.0,0.0,0.0,0.0,0.0,0.0,0.0,0.0,0.0,0.0,0.0,0.0,0.0,0.0,0.0,0.0,0.0,0.0,0.0,0.0,0.0,0.0,0.0,0.0,0.0,0.0,0.0,0.0,0.0,0.0,0.0,0.0,0.0,0.0,0.0,0.0,0.0,0.0,0.0,0.0,0.0,0.0,0.0,0.0,0.0,0.0,0.0,0.0,0.0,0.0,0.0,0.0,0.0,0.0,0.0,0.0,0.0,0.0,0.0,0.0,0.0,0.0
0.0,0.0,0.0,0.0,0.0,0.0,0.0,0.0,0.0,0.0,0.0,0.0,0.0,0.0,0.0,0.0,0.0,0.0,0.0,0.0,0.0,0.0,0.0,0.0,0.0,0.0,0.0,0.0,0.0,0.0,0.0,0.0,0.0,0.0,0.0,0.0,0.0,0.0,0.0,0.0,0.0,0.0,0.0,0.0,0.0,0.0,0.0,0.0,0.0,0.0,0.0,0.0,0.0,0.0,0.0,0.0,0.0,0.0,0.0,0.0,0.0,0.0,0.0,0.0,0.0,0.0,0.0,0.0,0.0,0.0,0.0,0.0,0.0,0.0,0.0,0.0,0.0,0.0,0.0,0.0,0.0,0.0,0.0,0.0,0.0
0.0,0.0,0.0,0.0,0.0,0.0,0.0,0.0,0.0,0.0,0.0,0.0,0.0,0.0,0.0,0.0,0.0,0.0,0.0,0.0,0.0,0.0,0.0,0.0,0.0,0.0,0.0,0.0,0.0,0.0,0.0,0.0,0.0,0.0,0.0,0.0,0.0,0.0,0.0,0.0,0.0,0.0,0.0,0.0,0.0,0.0,0.0,0.0,0.0,0.0,0.0,0.0,0.0,0.0,0.0,0.0,0.0,0.0,0.0,0.0,0.0,0.0,0.0,0.0,0.0,0.0,0.0,0.0,0.0,0.0,0.0,0.0,0.0,0.0,0.0,0.0,0.0,0.0,0.0,0.0,0.0,0.0,0.0,0.0,0.0
0.0,0.0,0.0,0.0,0.0,0.0,0.0,0.0,0.0,0.0,0.0,0.0,0.0,0.0,0.0,0.0,0.0,0.0,0.0,0.0,0.0,0.0,0.0,0.0,0.0,0.0,0.0,0.0,0.0,0.0,0.0,0.0,0.0,0.0,0.0,0.0,0.0,0.0,0.0,0.0,0.0,0.0,0.0,0.0,0.0,0.0,0.0,0.0,0.0,0.0,0.0,0.0,0.0,0.0,0.0,0.0,0.0,0.0,0.0,0.0,0.0,0.0,0.0,0.0,0.0,0.0,0.0,0.0,0.0,0.0,0.0,0.0,0.0,0.0,0.0,0.0,0.0,0.0,0.0,0.0,0.0,0.0,0.0,0.0,0.0
0.0,0.0,0.0,0.0,0.0,0.0,0.0,0.0,0.0,0.0,0.0,0.0,0.0,0.0,0.0,0.0,0.0,0.0,0.0,0.0,0.0,0.0,0.0,0.0,0.0,0.0,0.0,0.0,0.0,0.0,0.0,0.0,0.0,0.0,0.0,0.0,0.0,0.0,0.0,0.0,0.0,0.0,0.0,0.0,0.0,0.0,0.0,0.0,0.0,0.0,0.0,0.0,0.0,0.0,0.0,0.0,0.0,0.0,0.0,0.0,0.0,0.0,0.0,0.0,0.0,0.0,0.0,0.0,0.0,0.0,0.0,0.0,0.0,0.0,0.0,0.0,0.0,0.0,0.0,0.0,0.0,0.0,0.0,0.0,0.0
0.0,0.0,0.0,0.0,0.0,0.0,0.0,0.0,0.0,0.0,0.0,0.0,0.0,0.0,0.0,0.0,0.0,0.0,0.0,0.0,0.0,0.0,0.0,0.0,0.0,0.0,0.0,0.0,0.0,0.0,0.0,0.0,0.0,0.0,0.0,0.0,0.0,0.0,0.0,0.0,0.0,0.0,0.0,0.0,0.0,0.0,0.0,0.0,0.0,0.0,0.0,0.0,0.0,0.0,0.0,0.0,0.0,0.0,0.0,0.0,0.0,0.0,0.0,0.0,0.0,0.0,0.0,0.0,0.0,0.0,0.0,0.0,0.0,0.0,0.0,0.0,0.0,0.0,0.0,0.0,0.0,0.0,0.0,0.0,0.0
0.0,0.0,0.0,0.0,0.0,0.0,0.0,0.0,0.0,0.0,0.0,0.0,0.0,0.0,0.0,0.0,0.0,0.0,0.0,0.0,0.0,0.0,0.0,0.0,0.0,0.0,0.0,0.0,0.0,0.0,0.0,0.0,0.0,0.0,0.0,0.0,0.0,0.0,0.0,0.0,0.0,0.0,0.0,0.0,0.0,0.0,0.0,0.0,0.0,0.0,0.0,0.0,0.0,0.0,0.0,0.0,0.0,0.0,0.0,0.0,0.0,0.0,0.0,0.0,0.0,0.0,0.0,0.0,0.0,0.0,0.0,0.0,0.0,0.0,0.0,0.0,0.0,0.0,0.0,0.0,0.0,0.0,0.0,0.0,0.0
0.0,0.0,0.0,0.0,0.0,0.0,0.0,0.0,0.0,0.0,0.0,0.0,0.0,0.0,0.0,0.0,0.0,0.0,0.0,0.0,0.0,0.0,0.0,0.0,0.0,0.0,0.0,0.0,0.0,0.0,0.0,0.0,0.0,0.0,0.0,0.0,0.0,0.0,0.0,0.0,0.0,0.0,0.0,0.0,0.0,0.0,0.0,0.0,0.0,0.0,0.0,0.0,0.0,0.0,0.0,0.0,0.0,0.0,0.0,0.0,0.0,0.0,0.0,0.0,0.0,0.0,0.0,0.0,0.0,0.0,0.0,0.0,0.0,0.0,0.0,0.0,0.0,0.0,0.0,0.0,0.0,0.0,0.0,0.0,0.0
0.0,0.0,0.0,0.0,0.0,0.0,0.0,0.0,0.0,0.0,0.0,0.0,0.0,0.0,0.0,0.0,0.0,0.0,0.0,0.0,0.0,0.0,0.0,0.0,0.0,0.0,0.0,0.0,0.0,0.0,0.0,0.0,0.0,0.0,0.0,0.0,0.0,0.0,0.0,0.0,0.0,0.0,0.0,0.0,0.0,0.0,0.0,0.0,0.0,0.0,0.0,0.0,0.0,0.0,0.0,0.0,0.0,0.0,0.0,0.0,0.0,0.0,0.0,0.0,0.0,0.0,0.0,0.0,0.0,0.0,0.0,0.0,0.0,0.0,0.0,0.0,0.0,0.0,0.0,0.0,0.0,0.0,0.0,0.0,0.0
0.0,0.0,0.0,0.0,0.0,0.0,0.0,0.0,0.0,0.0,0.0,0.0,0.0,0.0,0.0,0.0,0.0,0.0,0.0,0.0,0.0,0.0,0.0,0.0,0.0,0.0,0.0,0.0,0.0,0.0,0.0,0.0,0.0,0.0,0.0,0.0,0.0,0.0,0.0,0.0,0.0,0.0,0.0,0.0,0.0,0.0,0.0,0.0,0.0,0.0,0.0,0.0,0.0,0.0,0.0,0.0,0.0,0.0,0.0,0.0,0.0,0.0,0.0,0.0,0.0,0.0,0.0,0.0,0.0,0.0,0.0,0.0,0.0,0.0,0.0,0.0,0.0,0.0,0.0,0.0,0.0,0.0,0.0,0.0,0.0
0.0,0.0,0.0,0.0,0.0,0.0,0.0,0.0,0.0,0.0,0.0,0.0,0.0,0.0,0.0,0.0,0.0,0.0,0.0,0.0,0.0,0.0,0.0,0.0,0.0,0.0,0.0,0.0,0.0,0.0,0.0,0.0,0.0,0.0,0.0,0.0,0.0,0.0,0.0,0.0,0.0,0.0,0.0,0.0,0.0,0.0,0.0,0.0,0.0,0.0,0.0,0.0,0.0,0.0,0.0,0.0,0.0,0.0,0.0,0.0,0.0,0.0,0.0,0.0,0.0,0.0,0.0,0.0,0.0,0.0,0.0,0.0,0.0,0.0,0.0,0.0,0.0,0.0,0.0,0.0,0.0,0.0,0.0,0.0,0.0
0.0,0.0,0.0,0.0,0.0,0.0,0.0,0.0,0.0,0.0,0.0,0.0,0.0,0.0,0.0,0.0,0.0,0.0,0.0,0.0,0.0,0.0,0.0,0.0,0.0,0.0,0.0,0.0,0.0,0.0,0.0,0.0,0.0,0.0,0.0,0.0,0.0,0.0,0.0,0.0,0.0,0.0,0.0,0.0,0.0,0.0,0.0,0.0,0.0,0.0,0.0,0.0,0.0,0.0,0.0,0.0,0.0,0.0,0.0,0.0,0.0,0.0,0.0,0.0,0.0,0.0,0.0,0.0,0.0,0.0,0.0,0.0,0.0,0.0,0.0,0.0,0.0,0.0,0.0,0.0,0.0,0.0,0.0,0.0,0.0
0.0,0.0,0.0,0.0,0.0,0.0,0.0,0.0,0.0,0.0,0.0,0.0,0.0,0.0,0.0,0.0,0.0,0.0,0.0,0.0,0.0,0.0,0.0,0.0,0.0,0.0,0.0,0.0,0.0,0.0,0.0,0.0,0.0,0.0,0.0,0.0,0.0,0.0,0.0,0.0,0.0,0.0,0.0,0.0,0.0,0.0,0.0,0.0,0.0,0.0,0.0,0.0,0.0,0.0,0.0,0.0,0.0,0.0,0.0,0.0,0.0,0.0,0.0,0.0,0.0,0.0,0.0,0.0,0.0,0.0,0.0,0.0,0.0,0.0,0.0,0.0,0.0,0.0,0.0,0.0,0.0,0.0,0.0,0.0,0.0
0.0,0.0,0.0,0.0,0.0,0.0,0.0,0.0,0.0,0.0,0.0,0.0,0.0,0.0,0.0,0.0,0.0,0.0,0.0,0.0,0.0,0.0,0.0,0.0,0.0,0.0,0.0,0.0,0.0,0.0,0.0,0.0,0.0,0.0,0.0,0.0,0.0,0.0,0.0,0.0,0.0,0.0,0.0,0.0,0.0,0.0,0.0,0.0,0.0,0.0,0.0,0.0,0.0,0.0,0.0,0.0,0.0,0.0,0.0,0.0,0.0,0.0,0.0,0.0,0.0,0.0,0.0,0.0,0.0,0.0,0.0,0.0,0.0,0.0,0.0,0.0,0.0,0.0,0.0,0.0,0.0,0.0,0.0,0.0,0.0
0.0,0.0,0.0,0.0,0.0,0.0,0.0,0.0,0.0,0.0,0.0,0.0,0.0,0.0,0.0,0.0,0.0,0.0,0.0,0.0,0.0,0.0,0.0,0.0,0.0,0.0,0.0,0.0,0.0,0.0,0.0,0.0,0.0,0.0,0.0,0.0,0.0,0.0,0.0,0.0,0.0,0.0,0.0,0.0,0.0,0.0,0.0,0.0,0.0,0.0,0.0,0.0,0.0,0.0,0.0,0.0,0.0,0.0,0.0,0.0,0.0,0.0,0.0,0.0,0.0,0.0,0.0,0.0,0.0,0.0,0.0,0.0,0.0,0.0,0.0,0.0,0.0,0.0,0.0,0.0,0.0,0.0,0.0,0.0,0.0
0.0,0.0,0.0,0.0,0.0,0.0,0.0,0.0,0.0,0.0,0.0,0.0,0.0,0.0,0.0,0.0,0.0,0.0,0.0,0.0,0.0,0.0,0.0,0.0,0.0,0.0,0.0,0.0,0.0,0.0,0.0,0.0,0.0,0.0,0.0,0.0,0.0,0.0,0.0,0.0,0.0,0.0,0.0,0.0,0.0,0.0,0.0,0.0,0.0,0.0,0.0,0.0,0.0,0.0,0.0,0.0,0.0,0.0,0.0,0.0,0.0,0.0,0.0,0.0,0.0,0.0,0.0,0.0,0.0,0.0,0.0,0.0,0.0,0.0,0.0,0.0,0.0,0.0,0.0,0.0,0.0,0.0,0.0,0.0,0.0
0.0,0.0,0.0,0.0,0.0,0.0,0.0,0.0,0.0,0.0,0.0,0.0,0.0,0.0,0.0,0.0,0.0,0.0,0.0,0.0,0.0,0.0,0.0,0.0,0.0,0.0,0.0,0.0,0.0,0.0,0.0,0.0,0.0,0.0,0.0,0.0,0.0,0.0,0.0,0.0,0.0,0.0,0.0,0.0,0.0,0.0,0.0,0.0,0.0,0.0,0.0,0.0,0.0,0.0,0.0,0.0,0.0,0.0,0.0,0.0,0.0,0.0,0.0,0.0,0.0,0.0,0.0,0.0,0.0,0.0,0.0,0.0,0.0,0.0,0.0,0.0,0.0,0.0,0.0,0.0,0.0,0.0,0.0,0.0,0.0
0.0,0.0,0.0,0.0,0.0,0.0,0.0,0.0,0.0,0.0,0.0,0.0,0.0,0.0,0.0,0.0,0.0,0.0,0.0,0.0,0.0,0.0,0.0,0.0,0.0,0.0,0.0,0.0,0.0,0.0,0.0,0.0,0.0,0.0,0.0,0.0,0.0,0.0,0.0,0.0,0.0,0.0,0.0,0.0,0.0,0.0,0.0,0.0,0.0,0.0,0.0,0.0,0.0,0.0,0.0,0.0,0.0,0.0,0.0,0.0,0.0,0.0,0.0,0.0,0.0,0.0,0.0,0.0,0.0,0.0,0.0,0.0,0.0,0.0,0.0,0.0,0.0,0.0,0.0,0.0,0.0,0.0,0.0,0.0,0.0
0.0,0.0,0.0,0.0,0.0,0.0,0.0,0.0,0.0,0.0,0.0,0.0,0.0,0.0,0.0,0.0,0.0,0.0,0.0,0.0,0.0,0.0,0.0,0.0,0.0,0.0,0.0,0.0,0.0,0.0,0.0,0.0,0.0,0.0,0.0,0.0,0.0,0.0,0.0,0.0,0.0,0.0,0.0,0.0,0.0,0.0,0.0,0.0,0.0,0.0,0.0,0.0,0.0,0.0,0.0,0.0,0.0,0.0,0.0,0.0,0.0,0.0,0.0,0.0,0.0,0.0,0.0,0.0,0.0,0.0,0.0,0.0,0.0,0.0,0.0,0.0,0.0,0.0,0.0,0.0,0.0,0.0,0.0,0.0,0.0
0.0,0.0,0.0,0.0,0.0,0.0,0.0,0.0,0.0,0.0,0.0,0.0,0.0,0.0,0.0,0.0,0.0,0.0,0.0,0.0,0.0,0.0,0.0,0.0,0.0,0.0,0.0,0.0,0.0,0.0,0.0,0.0,0.0,0.0,0.0,0.0,0.0,0.0,0.0,0.0,0.0,0.0,0.0,0.0,0.0,0.0,0.0,0.0,0.0,0.0,0.0,0.0,0.0,0.0,0.0,0.0,0.0,0.0,0.0,0.0,0.0,0.0,0.0,0.0,0.0,0.0,0.0,0.0,0.0,0.0,0.0,0.0,0.0,0.0,0.0,0.0,0.0,0.0,0.0,0.0,0.0,0.0,0.0,0.0,0.0
0.0,0.0,0.0,0.0,0.0,0.0,0.0,0.0,0.0,0.0,0.0,0.0,0.0,0.0,0.0,0.0,0.0,0.0,0.0,0.0,0.0,0.0,0.0,0.0,0.0,0.0,0.0,0.0,0.0,0.0,0.0,0.0,0.0,0.0,0.0,0.0,0.0,0.0,0.0,0.0,0.0,0.0,0.0,0.0,0.0,0.0,0.0,0.0,0.0,0.0,0.0,0.0,0.0,0.0,0.0,0.0,0.0,0.0,0.0,0.0,0.0,0.0,0.0,0.0,0.0,0.0,0.0,0.0,0.0,0.0,0.0,0.0,0.0,0.0,0.0,0.0,0.0,0.0,0.0,0.0,0.0,0.0,0.0,0.0,0.0
0.0,0.0,0.0,0.0,0.0,0.0,0.0,0.0,0.0,0.0,0.0,0.0,0.0,0.0,0.0,0.0,0.0,0.0,0.0,0.0,0.0,0.0,0.0,0.0,0.0,0.0,0.0,0.0,0.0,0.0,0.0,0.0,0.0,0.0,0.0,0.0,0.0,0.0,0.0,0.0,0.0,0.0,0.0,0.0,0.0,0.0,0.0,0.0,0.0,0.0,0.0,0.0,0.0,0.0,0.0,0.0,0.0,0.0,0.0,0.0,0.0,0.0,0.0,0.0,0.0,0.0,0.0,0.0,0.0,0.0,0.0,0.0,0.0,0.0,0.0,0.0,0.0,0.0,0.0,0.0,0.0,0.0,0.0,0.0,0.0
0.0,0.0,0.0,0.0,0.0,0.0,0.0,0.0,0.0,0.0,0.0,0.0,0.0,0.0,0.0,0.0,0.0,0.0,0.0,0.0,0.0,0.0,0.0,0.0,0.0,0.0,0.0,0.0,0.0,0.0,0.0,0.0,0.0,0.0,0.0,0.0,0.0,0.0,0.0,0.0,0.0,0.0,0.0,0.0,0.0,0.0,0.0,0.0,0.0,0.0,0.0,0.0,0.0,0.0,0.0,0.0,0.0,0.0,0.0,0.0,0.0,0.0,0.0,0.0,0.0,0.0,0.0,0.0,0.0,0.0,0.0,0.0,0.0,0.0,0.0,0.0,0.0,0.0,0.0,0.0,0.0,0.0,0.0,0.0,0.0
0.0,0.0,0.0,0.0,0.0,0.0,0.0,0.0,0.0,0.0,0.0,0.0,0.0,0.0,0.0,0.0,0.0,0.0,0.0,0.0,0.0,0.0,0.0,0.0,0.0,0.0,0.0,0.0,0.0,0.0,0.0,0.0,0.0,0.0,0.0,0.0,0.0,0.0,0.0,0.0,0.0,0.0,0.0,0.0,0.0,0.0,0.0,0.0,0.0,0.0,0.0,0.0,0.0,0.0,0.0,0.0,0.0,0.0,0.0,0.0,0.0,0.0,0.0,0.0,0.0,0.0,0.0,0.0,0.0,0.0,0.0,0.0,0.0,0.0,0.0,0.0,0.0,0.0,0.0,0.0,0.0,0.0,0.0,0.0,0.0
0.0,0.0,0.0,0.0,0.0,0.0,0.0,0.0,0.0,0.0,0.0,0.0,0.0,0.0,0.0,0.0,0.0,0.0,0.0,0.0,0.0,0.0,0.0,0.0,0.0,0.0,0.0,0.0,0.0,0.0,0.0,0.0,0.0,0.0,0.0,0.0,0.0,0.0,0.0,0.0,0.0,0.0,0.0,0.0,0.0,0.0,0.0,0.0,0.0,0.0,0.0,0.0,0.0,0.0,0.0,0.0,0.0,0.0,0.0,0.0,0.0,0.0,0.0,0.0,0.0,0.0,0.0,0.0,0.0,0.0,0.0,0.0,0.0,0.0,0.0,0.0,0.0,0.0,0.0,0.0,0.0,0.0,0.0,0.0,0.0
0.0,0.0,0.0,0.0,0.0,0.0,0.0,0.0,0.0,0.0,0.0,0.0,0.0,0.0,0.0,0.0,0.0,0.0,0.0,0.0,0.0,0.0,0.0,0.0,0.0,0.0,0.0,0.0,0.0,0.0,0.0,0.0,0.0,0.0,0.0,0.0,0.0,0.0,0.0,0.0,0.0,0.0,0.0,0.0,0.0,0.0,0.0,0.0,0.0,0.0,0.0,0.0,0.0,0.0,0.0,0.0,0.0,0.0,0.0,0.0,0.0,0.0,0.0,0.0,0.0,0.0,0.0,0.0,0.0,0.0,0.0,0.0,0.0,0.0,0.0,0.0,0.0,0.0,0.0,0.0,0.0,0.0,0.0,0.0,0.0
0.0,0.0,0.0,0.0,0.0,0.0,0.0,0.0,0.0,0.0,0.0,0.0,0.0,0.0,0.0,0.0,0.0,0.0,0.0,0.0,0.0,0.0,0.0,0.0,0.0,0.0,0.0,0.0,0.0,0.0,0.0,0.0,0.0,0.0,0.0,0.0,0.0,0.0,0.0,0.0,0.0,0.0,0.0,0.0,0.0,0.0,0.0,0.0,0.0,0.0,0.0,0.0,0.0,0.0,0.0,0.0,0.0,0.0,0.0,0.0,0.0,0.0,0.0,0.0,0.0,0.0,0.0,0.0,0.0,0.0,0.0,0.0,0.0,0.0,0.0,0.0,0.0,0.0,0.0,0.0,0.0,0.0,0.0,0.0,0.0
0.0,0.0,0.0,0.0,0.0,0.0,0.0,0.0,0.0,0.0,0.0,0.0,0.0,0.0,0.0,0.0,0.0,0.0,0.0,0.0,0.0,0.0,0.0,0.0,0.0,0.0,0.0,0.0,0.0,0.0,0.0,0.0,0.0,0.0,0.0,0.0,0.0,0.0,0.0,0.0,0.0,0.0,0.0,0.0,0.0,0.0,0.0,0.0,0.0,0.0,0.0,0.0,0.0,0.0,0.0,0.0,0.0,0.0,0.0,0.0,0.0,0.0,0.0,0.0,0.0,0.0,0.0,0.0,0.0,0.0,0.0,0.0,0.0,0.0,0.0,0.0,0.0,0.0,0.0,0.0,0.0,0.0,0.0,0.0,0.0
0.0,0.0,0.0,0.0,0.0,0.0,0.0,0.0,0.0,0.0,0.0,0.0,0.0,0.0,0.0,0.0,0.0,0.0,0.0,0.0,0.0,0.0,0.0,0.0,0.0,0.0,0.0,0.0,0.0,0.0,0.0,0.0,0.0,0.0,0.0,0.0,0.0,0.0,0.0,0.0,0.0,0.0,0.0,0.0,0.0,0.0,0.0,0.0,0.0,0.0,0.0,0.0,0.0,0.0,0.0,0.0,0.0,0.0,0.0,0.0,0.0,0.0,0.0,0.0,0.0,0.0,0.0,0.0,0.0,0.0,0.0,0.0,0.0,0.0,0.0,0.0,0.0,0.0,0.0,0.0,0.0,0.0,0.0,0.0,0.0
0.0,0.0,0.0,0.0,0.0,0.0,0.0,0.0,0.0,0.0,0.0,0.0,0.0,0.0,0.0,0.0,0.0,0.0,0.0,0.0,0.0,0.0,0.0,0.0,0.0,0.0,0.0,0.0,0.0,0.0,0.0,0.0,0.0,0.0,0.0,0.0,0.0,0.0,0.0,0.0,0.0,0.0,0.0,0.0,0.0,0.0,0.0,0.0,0.0,0.0,0.0,0.0,0.0,0.0,0.0,0.0,0.0,0.0,0.0,0.0,0.0,0.0,0.0,0.0,0.0,0.0,0.0,0.0,0.0,0.0,0.0,0.0,0.0,0.0,0.0,0.0,0.0,0.0,0.0,0.0,0.0,0.0,0.0,0.0,0.0
0.0,0.0,0.0,0.0,0.0,0.0,0.0,0.0,0.0,0.0,0.0,0.0,0.0,0.0,0.0,0.0,0.0,0.0,0.0,0.0,0.0,0.0,0.0,0.0,0.0,0.0,0.0,0.0,0.0,0.0,0.0,0.0,0.0,0.0,0.0,0.0,0.0,0.0,0.0,0.0,0.0,0.0,0.0,0.0,0.0,0.0,0.0,0.0,0.0,0.0,0.0,0.0,0.0,0.0,0.0,0.0,0.0,0.0,0.0,0.0,0.0,0.0,0.0,0.0,0.0,0.0,0.0,0.0,0.0,0.0,0.0,0.0,0.0,0.0,0.0,0.0,0.0,0.0,0.0,0.0,0.0,0.0,0.0,0.0,0.0
0.0,0.0,0.0,0.0,0.0,0.0,0.0,0.0,0.0,0.0,0.0,0.0,0.0,0.0,0.0,0.0,0.0,0.0,0.0,0.0,0.0,0.0,0.0,0.0,0.0,0.0,0.0,0.0,0.0,0.0,0.0,0.0,0.0,0.0,0.0,0.0,0.0,0.0,0.0,0.0,0.0,0.0,0.0,0.0,0.0,0.0,0.0,0.0,0.0,0.0,0.0,0.0,0.0,0.0,0.0,0.0,0.0,0.0,0.0,0.0,0.0,0.0,0.0,0.0,0.0,0.0,0.0,0.0,0.0,0.0,0.0,0.0,0.0,0.0,0.0,0.0,0.0,0.0,0.0,0.0,0.0,0.0,0.0,0.0,0.0
0.0,0.0,0.0,0.0,0.0,0.0,0.0,0.0,0.0,0.0,0.0,0.0,0.0,0.0,0.0,0.0,0.0,0.0,0.0,0.0,0.0,0.0,0.0,0.0,0.0,0.0,0.0,0.0,0.0,0.0,0.0,0.0,0.0,0.0,0.0,0.0,0.0,0.0,0.0,0.0,0.0,0.0,0.0,0.0,0.0,0.0,0.0,0.0,0.0,0.0,0.0,0.0,0.0,0.0,0.0,0.0,0.0,0.0,0.0,0.0,0.0,0.0,0.0,0.0,0.0,0.0,0.0,0.0,0.0,0.0,0.0,0.0,0.0,0.0,0.0,0.0,0.0,0.0,0.0,0.0,0.0,0.0,0.0,0.0,0.0
0.0,0.0,0.0,0.0,0.0,0.0,0.0,0.0,0.0,0.0,0.0,0.0,0.0,0.0,0.0,0.0,0.0,0.0,0.0,0.0,0.0,0.0,0.0,0.0,0.0,0.0,0.0,0.0,0.0,0.0,0.0,0.0,0.0,0.0,0.0,0.0,0.0,0.0,0.0,0.0,0.0,0.0,0.0,0.0,0.0,0.0,0.0,0.0,0.0,0.0,0.0,0.0,0.0,0.0,0.0,0.0,0.0,0.0,0.0,0.0,0.0,0.0,0.0,0.0,0.0,0.0,0.0,0.0,0.0,0.0,0.0,0.0,0.0,0.0,0.0,0.0,0.0,0.0,0.0,0.0,0.0,0.0,0.0,0.0,0.0
0.0,0.0,0.0,0.0,0.0,0.0,0.0,0.0,0.0,0.0,0.0,0.0,0.0,0.0,0.0,0.0,0.0,0.0,0.0,0.0,0.0,0.0,0.0,0.0,0.0,0.0,0.0,0.0,0.0,0.0,0.0,0.0,0.0,0.0,0.0,0.0,0.0,0.0,0.0,0.0,0.0,0.0,0.0,0.0,0.0,0.0,0.0,0.0,0.0,0.0,0.0,0.0,0.0,0.0,0.0,0.0,0.0,0.0,0.0,0.0,0.0,0.0,0.0,0.0,0.0,0.0,0.0,0.0,0.0,0.0,0.0,0.0,0.0,0.0,0.0,0.0,0.0,0.0,0.0,0.0,0.0,0.0,0.0,0.0,0.0
0.0,0.0,0.0,0.0,0.0,0.0,0.0,0.0,0.0,0.0,0.0,0.0,0.0,0.0,0.0,0.0,0.0,0.0,0.0,0.0,0.0,0.0,0.0,0.0,0.0,0.0,0.0,0.0,0.0,0.0,0.0,0.0,0.0,0.0,0.0,0.0,0.0,0.0,0.0,0.0,0.0,0.0,0.0,0.0,0.0,0.0,0.0,0.0,0.0,0.0,0.0,0.0,0.0,0.0,0.0,0.0,0.0,0.0,0.0,0.0,0.0,0.0,0.0,0.0,0.0,0.0,0.0,0.0,0.0,0.0,0.0,0.0,0.0,0.0,0.0,0.0,0.0,0.0,0.0,0.0,0.0,0.0,0.0,0.0,0.0
0.0,0.0,0.0,0.0,0.0,0.0,0.0,0.0,0.0,0.0,0.0,0.0,0.0,0.0,0.0,0.0,0.0,0.0,0.0,0.0,0.0,0.0,0.0,0.0,0.0,0.0,0.0,0.0,0.0,0.0,0.0,0.0,0.0,0.0,0.0,0.0,0.0,0.0,0.0,0.0,0.0,0.0,0.0,0.0,0.0,0.0,0.0,0.0,0.0,0.0,0.0,0.0,0.0,0.0,0.0,0.0,0.0,0.0,0.0,0.0,0.0,0.0,0.0,0.0,0.0,0.0,0.0,0.0,0.0,0.0,0.0,0.0,0.0,0.0,0.0,0.0,0.0,0.0,0.0,0.0,0.0,0.0,0.0,0.0,0.0
0.0,0.0,0.0,0.0,0.0,0.0,0.0,0.0,0.0,0.0,0.0,0.0,0.0,0.0,0.0,0.0,0.0,0.0,0.0,0.0,0.0,0.0,0.0,0.0,0.0,0.0,0.0,0.0,0.0,0.0,0.0,0.0,0.0,0.0,0.0,0.0,0.0,0.0,0.0,0.0,0.0,0.0,0.0,0.0,0.0,0.0,0.0,0.0,0.0,0.0,0.0,0.0,0.0,0.0,0.0,0.0,0.0,0.0,0.0,0.0,0.0,0.0,0.0,0.0,0.0,0.0,0.0,0.0,0.0,0.0,0.0,0.0,0.0,0.0,0.0,0.0,0.0,0.0,0.0,0.0,0.0,0.0,0.0,0.0,0.0
0.0,0.0,0.0,0.0,0.0,0.0,0.0,0.0,0.0,0.0,0.0,0.0,0.0,0.0,0.0,0.0,0.0,0.0,0.0,0.0,0.0,0.0,0.0,0.0,0.0,0.0,0.0,0.0,0.0,0.0,0.0,0.0,0.0,0.0,0.0,0.0,0.0,0.0,0.0,0.0,0.0,0.0,0.0,0.0,0.0,0.0,0.0,0.0,0.0,0.0,0.0,0.0,0.0,0.0,0.0,0.0,0.0,0.0,0.0,0.0,0.0,0.0,0.0,0.0,0.0,0.0,0.0,0.0,0.0,0.0,0.0,0.0,0.0,0.0,0.0,0.0,0.0,0.0,0.0,0.0,0.0,0.0,0.0,0.0,0.0
0.0,0.0,0.0,0.0,0.0,0.0,0.0,0.0,0.0,0.0,0.0,0.0,0.0,0.0,0.0,0.0,0.0,0.0,0.0,0.0,0.0,0.0,0.0,0.0,0.0,0.0,0.0,0.0,0.0,0.0,0.0,0.0,0.0,0.0,0.0,0.0,0.0,0.0,0.0,0.0,0.0,0.0,0.0,0.0,0.0,0.0,0.0,0.0,0.0,0.0,0.0,0.0,0.0,0.0,0.0,0.0,0.0,0.0,0.0,0.0,0.0,0.0,0.0,0.0,0.0,0.0,0.0,0.0,0.0,0.0,0.0,0.0,0.0,0.0,0.0,0.0,0.0,0.0,0.0,0.0,0.0,0.0,0.0,0.0,0.0
0.0,0.0,0.0,0.0,0.0,0.0,0.0,0.0,0.0,0.0,0.0,0.0,0.0,0.0,0.0,0.0,0.0,0.0,0.0,0.0,0.0,0.0,0.0,0.0,0.0,0.0,0.0,0.0,0.0,0.0,0.0,0.0,0.0,0.0,0.0,0.0,0.0,0.0,0.0,0.0,0.0,0.0,0.0,0.0,0.0,0.0,0.0,0.0,0.0,0.0,0.0,0.0,0.0,0.0,0.0,0.0,0.0,0.0,0.0,0.0,0.0,0.0,0.0,0.0,0.0,0.0,0.0,0.0,0.0,0.0,0.0,0.0,0.0,0.0,0.0,0.0,0.0,0.0,0.0,0.0,0.0,0.0,0.0,0.0,0.0
0.0,0.0,0.0,0.0,0.0,0.0,0.0,0.0,0.0,0.0,0.0,0.0,0.0,0.0,0.0,0.0,0.0,0.0,0.0,0.0,0.0,0.0,0.0,0.0,0.0,0.0,0.0,0.0,0.0,0.0,0.0,0.0,0.0,0.0,0.0,0.0,0.0,0.0,0.0,0.0,0.0,0.0,0.0,0.0,0.0,0.0,0.0,0.0,0.0,0.0,0.0,0.0,0.0,0.0,0.0,0.0,0.0,0.0,0.0,0.0,0.0,0.0,0.0,0.0,0.0,0.0,0.0,0.0,0.0,0.0,0.0,0.0,0.0,0.0,0.0,0.0,0.0,0.0,0.0,0.0,0.0,0.0,0.0,0.0,0.0
0.0,0.0,0.0,0.0,0.0,0.0,0.0,0.0,0.0,0.0,0.0,0.0,0.0,0.0,0.0,0.0,0.0,0.0,0.0,0.0,0.0,0.0,0.0,0.0,0.0,0.0,0.0,0.0,0.0,0.0,0.0,0.0,0.0,0.0,0.0,0.0,0.0,0.0,0.0,0.0,0.0,0.0,0.0,0.0,0.0,0.0,0.0,0.0,0.0,0.0,0.0,0.0,0.0,0.0,0.0,0.0,0.0,0.0,0.0,0.0,0.0,0.0,0.0,0.0,0.0,0.0,0.0,0.0,0.0,0.0,0.0,0.0,0.0,0.0,0.0,0.0,0.0,0.0,0.0,0.0,0.0,0.0,0.0,0.0,0.0
0.0,0.0,0.0,0.0,0.0,0.0,0.0,0.0,0.0,0.0,0.0,0.0,0.0,0.0,0.0,0.0,0.0,0.0,0.0,0.0,0.0,0.0,0.0,0.0,0.0,0.0,0.0,0.0,0.0,0.0,0.0,0.0,0.0,0.0,0.0,0.0,0.0,0.0,0.0,0.0,0.0,0.0,0.0,0.0,0.0,0.0,0.0,0.0,0.0,0.0,0.0,0.0,0.0,0.0,0.0,0.0,0.0,0.0,0.0,0.0,0.0,0.0,0.0,0.0,0.0,0.0,0.0,0.0,0.0,0.0,0.0,0.0,0.0,0.0,0.0,0.0,0.0,0.0,0.0,0.0,0.0,0.0,0.0,0.0,0.0
0.0,0.0,0.0,0.0,0.0,0.0,0.0,0.0,0.0,0.0,0.0,0.0,0.0,0.0,0.0,0.0,0.0,0.0,0.0,0.0,0.0,0.0,0.0,0.0,0.0,0.0,0.0,0.0,0.0,0.0,0.0,0.0,0.0,0.0,0.0,0.0,0.0,0.0,0.0,0.0,0.0,0.0,0.0,0.0,0.0,0.0,0.0,0.0,0.0,0.0,0.0,0.0,0.0,0.0,0.0,0.0,0.0,0.0,0.0,0.0,0.0,0.0,0.0,0.0,0.0,0.0,0.0,0.0,0.0,0.0,0.0,0.0,0.0,0.0,0.0,0.0,0.0,0.0,0.0,0.0,0.0,0.0,0.0,0.0,0.0
0.0,0.0,0.0,0.0,0.0,0.0,0.0,0.0,0.0,0.0,0.0,0.0,0.0,0.0,0.0,0.0,0.0,0.0,0.0,0.0,0.0,0.0,0.0,0.0,0.0,0.0,0.0,0.0,0.0,0.0,0.0,0.0,0.0,0.0,0.0,0.0,0.0,0.0,0.0,0.0,0.0,0.0,0.0,0.0,0.0,0.0,0.0,0.0,0.0,0.0,0.0,0.0,0.0,0.0,0.0,0.0,0.0,0.0,0.0,0.0,0.0,0.0,0.0,0.0,0.0,0.0,0.0,0.0,0.0,0.0,0.0,0.0,0.0,0.0,0.0,0.0,0.0,0.0,0.0,0.0,0.0,0.0,0.0,0.0,0.0
0.0,0.0,0.0,0.0,0.0,0.0,0.0,0.0,0.0,0.0,0.0,0.0,0.0,0.0,0.0,0.0,0.0,0.0,0.0,0.0,0.0,0.0,0.0,0.0,0.0,0.0,0.0,0.0,0.0,0.0,0.0,0.0,0.0,0.0,0.0,0.0,0.0,0.0,0.0,0.0,0.0,0.0,0.0,0.0,0.0,0.0,0.0,0.0,0.0,0.0,0.0,0.0,0.0,0.0,0.0,0.0,0.0,0.0,0.0,0.0,0.0,0.0,0.0,0.0,0.0,0.0,0.0,0.0,0.0,0.0,0.0,0.0,0.0,0.0,0.0,0.0,0.0,0.0,0.0,0.0,0.0,0.0,0.0,0.0,0.0
0.0,0.0,0.0,0.0,0.0,0.0,0.0,0.0,0.0,0.0,0.0,0.0,0.0,0.0,0.0,0.0,0.0,0.0,0.0,0.0,0.0,0.0,0.0,0.0,0.0,0.0,0.0,0.0,0.0,0.0,0.0,0.0,0.0,0.0,0.0,0.0,0.0,0.0,0.0,0.0,0.0,0.0,0.0,0.0,0.0,0.0,0.0,0.0,0.0,0.0,0.0,0.0,0.0,0.0,0.0,0.0,0.0,0.0,0.0,0.0,0.0,0.0,0.0,0.0,0.0,0.0,0.0,0.0,0.0,0.0,0.0,0.0,0.0,0.0,0.0,0.0,0.0,0.0,0.0,0.0,0.0,0.0,0.0,0.0,0.0
0.0,0.0,0.0,0.0,0.0,0.0,0.0,0.0,0.0,0.0,0.0,0.0,0.0,0.0,0.0,0.0,0.0,0.0,0.0,0.0,0.0,0.0,0.0,0.0,0.0,0.0,0.0,0.0,0.0,0.0,0.0,0.0,0.0,0.0,0.0,0.0,0.0,0.0,0.0,0.0,0.0,0.0,0.0,0.0,0.0,0.0,0.0,0.0,0.0,0.0,0.0,0.0,0.0,0.0,0.0,0.0,0.0,0.0,0.0,0.0,0.0,0.0,0.0,0.0,0.0,0.0,0.0,0.0,0.0,0.0,0.0,0.0,0.0,0.0,0.0,0.0,0.0,0.0,0.0,0.0,0.0,0.0,0.0,0.0,0.0
0.0,0.0,0.0,0.0,0.0,0.0,0.0,0.0,0.0,0.0,0.0,0.0,0.0,0.0,0.0,0.0,0.0,0.0,0.0,0.0,0.0,0.0,0.0,0.0,0.0,0.0,0.0,0.0,0.0,0.0,0.0,0.0,0.0,0.0,0.0,0.0,0.0,0.0,0.0,0.0,0.0,0.0,0.0,0.0,0.0,0.0,0.0,0.0,0.0,0.0,0.0,0.0,0.0,0.0,0.0,0.0,0.0,0.0,0.0,0.0,0.0,0.0,0.0,0.0,0.0,0.0,0.0,0.0,0.0,0.0,0.0,0.0,0.0,0.0,0.0,0.0,0.0,0.0,0.0,0.0,0.0,0.0,0.0,0.0,0.0
0.0,0.0,0.0,0.0,0.0,0.0,0.0,0.0,0.0,0.0,0.0,0.0,0.0,0.0,0.0,0.0,0.0,0.0,0.0,0.0,0.0,0.0,0.0,0.0,0.0,0.0,0.0,0.0,0.0,0.0,0.0,0.0,0.0,0.0,0.0,0.0,0.0,0.0,0.0,0.0,0.0,0.0,0.0,0.0,0.0,0.0,0.0,0.0,0.0,0.0,0.0,0.0,0.0,0.0,0.0,0.0,0.0,0.0,0.0,0.0,0.0,0.0,0.0,0.0,0.0,0.0,0.0,0.0,0.0,0.0,0.0,0.0,0.0,0.0,0.0,0.0,0.0,0.0,0.0,0.0,0.0,0.0,0.0,0.0,0.0
0.0,0.0,0.0,0.0,0.0,0.0,0.0,0.0,0.0,0.0,0.0,0.0,0.0,0.0,0.0,0.0,0.0,0.0,0.0,0.0,0.0,0.0,0.0,0.0,0.0,0.0,0.0,0.0,0.0,0.0,0.0,0.0,0.0,0.0,0.0,0.0,0.0,0.0,0.0,0.0,0.0,0.0,0.0,0.0,0.0,0.0,0.0,0.0,0.0,0.0,0.0,0.0,0.0,0.0,0.0,0.0,0.0,0.0,0.0,0.0,0.0,0.0,0.0,0.0,0.0,0.0,0.0,0.0,0.0,0.0,0.0,0.0,0.0,0.0,0.0,0.0,0.0,0.0,0.0,0.0,0.0,0.0,0.0,0.0,0.0
0.0,0.0,0.0,0.0,0.0,0.0,0.0,0.0,0.0,0.0,0.0,0.0,0.0,0.0,0.0,0.0,0.0,0.0,0.0,0.0,0.0,0.0,0.0,0.0,0.0,0.0,0.0,0.0,0.0,0.0,0.0,0.0,0.0,0.0,0.0,0.0,0.0,0.0,0.0,0.0,0.0,0.0,0.0,0.0,0.0,0.0,0.0,0.0,0.0,0.0,0.0,0.0,0.0,0.0,0.0,0.0,0.0,0.0,0.0,0.0,0.0,0.0,0.0,0.0,0.0,0.0,0.0,0.0,0.0,0.0,0.0,0.0,0.0,0.0,0.0,0.0,0.0,0.0,0.0,0.0,0.0,0.0,0.0,0.0,0.0
0.0,0.0,0.0,0.0,0.0,0.0,0.0,0.0,0.0,0.0,0.0,0.0,0.0,0.0,0.0,0.0,0.0,0.0,0.0,0.0,0.0,0.0,0.0,0.0,0.0,0.0,0.0,0.0,0.0,0.0,0.0,0.0,0.0,0.0,0.0,0.0,0.0,0.0,0.0,0.0,0.0,0.0,0.0,0.0,0.0,0.0,0.0,0.0,0.0,0.0,0.0,0.0,0.0,0.0,0.0,0.0,0.0,0.0,0.0,0.0,0.0,0.0,0.0,0.0,0.0,0.0,0.0,0.0,0.0,0.0,0.0,0.0,0.0,0.0,0.0,0.0,0.0,0.0,0.0,0.0,0.0,0.0,0.0,0.0,0.0
0.0,0.0,0.0,0.0,0.0,0.0,0.0,0.0,0.0,0.0,0.0,0.0,0.0,0.0,0.0,0.0,0.0,0.0,0.0,0.0,0.0,0.0,0.0,0.0,0.0,0.0,0.0,0.0,0.0,0.0,0.0,0.0,0.0,0.0,0.0,0.0,0.0,0.0,0.0,0.0,0.0,0.0,0.0,0.0,0.0,0.0,0.0,0.0,0.0,0.0,0.0,0.0,0.0,0.0,0.0,0.0,0.0,0.0,0.0,0.0,0.0,0.0,0.0,0.0,0.0,0.0,0.0,0.0,0.0,0.0,0.0,0.0,0.0,0.0,0.0,0.0,0.0,0.0,0.0,0.0,0.0,0.0,0.0,0.0,0.0
0.0,0.0,0.0,0.0,0.0,0.0,0.0,0.0,0.0,0.0,0.0,0.0,0.0,0.0,0.0,0.0,0.0,0.0,0.0,0.0,0.0,0.0,0.0,0.0,0.0,0.0,0.0,0.0,0.0,0.0,0.0,0.0,0.0,0.0,0.0,0.0,0.0,0.0,0.0,0.0,0.0,0.0,0.0,0.0,0.0,0.0,0.0,0.0,0.0,0.0,0.0,0.0,0.0,0.0,0.0,0.0,0.0,0.0,0.0,0.0,0.0,0.0,0.0,0.0,0.0,0.0,0.0,0.0,0.0,0.0,0.0,0.0,0.0,0.0,0.0,0.0,0.0,0.0,0.0,0.0,0.0,0.0,0.0,0.0,0.0
0.0,0.0,0.0,0.0,0.0,0.0,0.0,0.0,0.0,0.0,0.0,0.0,0.0,0.0,0.0,0.0,0.0,0.0,0.0,0.0,0.0,0.0,0.0,0.0,0.0,0.0,0.0,0.0,0.0,0.0,0.0,0.0,0.0,0.0,0.0,0.0,0.0,0.0,0.0,0.0,0.0,0.0,0.0,0.0,0.0,0.0,0.0,0.0,0.0,0.0,0.0,0.0,0.0,0.0,0.0,0.0,0.0,0.0,0.0,0.0,0.0,0.0,0.0,0.0,0.0,0.0,0.0,0.0,0.0,0.0,0.0,0.0,0.0,0.0,0.0,0.0,0.0,0.0,0.0,0.0,0.0,0.0,0.0,0.0,0.0
0.0,0.0,0.0,0.0,0.0,0.0,0.0,0.0,0.0,0.0,0.0,0.0,0.0,0.0,0.0,0.0,0.0,0.0,0.0,0.0,0.0,0.0,0.0,0.0,0.0,0.0,0.0,0.0,0.0,0.0,0.0,0.0,0.0,0.0,0.0,0.0,0.0,0.0,0.0,0.0,0.0,0.0,0.0,0.0,0.0,0.0,0.0,0.0,0.0,0.0,0.0,0.0,0.0,0.0,0.0,0.0,0.0,0.0,0.0,0.0,0.0,0.0,0.0,0.0,0.0,0.0,0.0,0.0,0.0,0.0,0.0,0.0,0.0,0.0,0.0,0.0,0.0,0.0,0.0,0.0,0.0,0.0,0.0,0.0,0.0
0.0,0.0,0.0,0.0,0.0,0.0,0.0,0.0,0.0,0.0,0.0,0.0,0.0,0.0,0.0,0.0,0.0,0.0,0.0,0.0,0.0,0.0,0.0,0.0,0.0,0.0,0.0,0.0,0.0,0.0,0.0,0.0,0.0,0.0,0.0,0.0,0.0,0.0,0.0,0.0,0.0,0.0,0.0,0.0,0.0,0.0,0.0,0.0,0.0,0.0,0.0,0.0,0.0,0.0,0.0,0.0,0.0,0.0,0.0,0.0,0.0,0.0,0.0,0.0,0.0,0.0,0.0,0.0,0.0,0.0,0.0,0.0,0.0,0.0,0.0,0.0,0.0,0.0,0.0,0.0,0.0,0.0,0.0,0.0,0.0
0.0,0.0,0.0,0.0,0.0,0.0,0.0,0.0,0.0,0.0,0.0,0.0,0.0,0.0,0.0,0.0,0.0,0.0,0.0,0.0,0.0,0.0,0.0,0.0,0.0,0.0,0.0,0.0,0.0,0.0,0.0,0.0,0.0,0.0,0.0,0.0,0.0,0.0,0.0,0.0,0.0,0.0,0.0,0.0,0.0,0.0,0.0,0.0,0.0,0.0,0.0,0.0,0.0,0.0,0.0,0.0,0.0,0.0,0.0,0.0,0.0,0.0,0.0,0.0,0.0,0.0,0.0,0.0,0.0,0.0,0.0,0.0,0.0,0.0,0.0,0.0,0.0,0.0,0.0,0.0,0.0,0.0,0.0,0.0,0.0
0.0,0.0,0.0,0.0,0.0,0.0,0.0,0.0,0.0,0.0,0.0,0.0,0.0,0.0,0.0,0.0,0.0,0.0,0.0,0.0,0.0,0.0,0.0,0.0,0.0,0.0,0.0,0.0,0.0,0.0,0.0,0.0,0.0,0.0,0.0,0.0,0.0,0.0,0.0,0.0,0.0,0.0,0.0,0.0,0.0,0.0,0.0,0.0,0.0,0.0,0.0,0.0,0.0,0.0,0.0,0.0,0.0,0.0,0.0,0.0,0.0,0.0,0.0,0.0,0.0,0.0,0.0,0.0,0.0,0.0,0.0,0.0,0.0,0.0,0.0,0.0,0.0,0.0,0.0,0.0,0.0,0.0,0.0,0.0,0.0
0.0,0.0,0.0,0.0,0.0,0.0,0.0,0.0,0.0,0.0,0.0,0.0,0.0,0.0,0.0,0.0,0.0,0.0,0.0,0.0,0.0,0.0,0.0,0.0,0.0,0.0,0.0,0.0,0.0,0.0,0.0,0.0,0.0,0.0,0.0,0.0,0.0,0.0,0.0,0.0,0.0,0.0,0.0,0.0,0.0,0.0,0.0,0.0,0.0,0.0,0.0,0.0,0.0,0.0,0.0,0.0,0.0,0.0,0.0,0.0,0.0,0.0,0.0,0.0,0.0,0.0,0.0,0.0,0.0,0.0,0.0,0.0,0.0,0.0,0.0,0.0,0.0,0.0,0.0,0.0,0.0,0.0,0.0,0.0,0.0
0.0,0.0,0.0,0.0,0.0,0.0,0.0,0.0,0.0,0.0,0.0,0.0,0.0,0.0,0.0,0.0,0.0,0.0,0.0,0.0,0.0,0.0,0.0,0.0,0.0,0.0,0.0,0.0,0.0,0.0,0.0,0.0,0.0,0.0,0.0,0.0,0.0,0.0,0.0,0.0,0.0,0.0,0.0,0.0,0.0,0.0,0.0,0.0,0.0,0.0,0.0,0.0,0.0,0.0,0.0,0.0,0.0,0.0,0.0,0.0,0.0,0.0,0.0,0.0,0.0,0.0,0.0,0.0,0.0,0.0,0.0,0.0,0.0,0.0,0.0,0.0,0.0,0.0,0.0,0.0,0.0,0.0,0.0,0.0,0.0
0.0,0.0,0.0,0.0,0.0,0.0,0.0,0.0,0.0,0.0,0.0,0.0,0.0,0.0,0.0,0.0,0.0,0.0,0.0,0.0,0.0,0.0,0.0,0.0,0.0,0.0,0.0,0.0,0.0,0.0,0.0,0.0,0.0,0.0,0.0,0.0,0.0,0.0,0.0,0.0,0.0,0.0,0.0,0.0,0.0,0.0,0.0,0.0,0.0,0.0,0.0,0.0,0.0,0.0,0.0,0.0,0.0,0.0,0.0,0.0,0.0,0.0,0.0,0.0,0.0,0.0,0.0,0.0,0.0,0.0,0.0,0.0,0.0,0.0,0.0,0.0,0.0,0.0,0.0,0.0,0.0,0.0,0.0,0.0,0.0
0.0,0.0,0.0,0.0,0.0,0.0,0.0,0.0,0.0,0.0,0.0,0.0,0.0,0.0,0.0,0.0,0.0,0.0,0.0,0.0,0.0,0.0,0.0,0.0,0.0,0.0,0.0,0.0,0.0,0.0,0.0,0.0,0.0,0.0,0.0,0.0,0.0,0.0,0.0,0.0,0.0,0.0,0.0,0.0,0.0,0.0,0.0,0.0,0.0,0.0,0.0,0.0,0.0,0.0,0.0,0.0,0.0,0.0,0.0,0.0,0.0,0.0,0.0,0.0,0.0,0.0,0.0,0.0,0.0,0.0,0.0,0.0,0.0,0.0,0.0,0.0,0.0,0.0,0.0,0.0,0.0,0.0,0.0,0.0,0.0
0.0,0.0,0.0,0.0,0.0,0.0,0.0,0.0,0.0,0.0,0.0,0.0,0.0,0.0,0.0,0.0,0.0,0.0,0.0,0.0,0.0,0.0,0.0,0.0,0.0,0.0,0.0,0.0,0.0,0.0,0.0,0.0,0.0,0.0,0.0,0.0,0.0,0.0,0.0,0.0,0.0,0.0,0.0,0.0,0.0,0.0,0.0,0.0,0.0,0.0,0.0,0.0,0.0,0.0,0.0,0.0,0.0,0.0,0.0,0.0,0.0,0.0,0.0,0.0,0.0,0.0,0.0,0.0,0.0,0.0,0.0,0.0,0.0,0.0,0.0,0.0,0.0,0.0,0.0,0.0,0.0,0.0,0.0,0.0,0.0
0.0,0.0,0.0,0.0,0.0,0.0,0.0,0.0,0.0,0.0,0.0,0.0,0.0,0.0,0.0,0.0,0.0,0.0,0.0,0.0,0.0,0.0,0.0,0.0,0.0,0.0,0.0,0.0,0.0,0.0,0.0,0.0,0.0,0.0,0.0,0.0,0.0,0.0,0.0,0.0,0.0,0.0,0.0,0.0,0.0,0.0,0.0,0.0,0.0,0.0,0.0,0.0,0.0,0.0,0.0,0.0,0.0,0.0,0.0,0.0,0.0,0.0,0.0,0.0,0.0,0.0,0.0,0.0,0.0,0.0,0.0,0.0,0.0,0.0,0.0,0.0,0.0,0.0,0.0,0.0,0.0,0.0,0.0,0.0,0.0
0.0,0.0,0.0,0.0,0.0,0.0,0.0,0.0,0.0,0.0,0.0,0.0,0.0,0.0,0.0,0.0,0.0,0.0,0.0,0.0,0.0,0.0,0.0,0.0,0.0,0.0,0.0,0.0,0.0,0.0,0.0,0.0,0.0,0.0,0.0,0.0,0.0,0.0,0.0,0.0,0.0,0.0,0.0,0.0,0.0,0.0,0.0,0.0,0.0,0.0,0.0,0.0,0.0,0.0,0.0,0.0,0.0,0.0,0.0,0.0,0.0,0.0,0.0,0.0,0.0,0.0,0.0,0.0,0.0,0.0,0.0,0.0,0.0,0.0,0.0,0.0,0.0,0.0,0.0,0.0,0.0,0.0,0.0,0.0,0.0
0.0,0.0,0.0,0.0,0.0,0.0,0.0,0.0,0.0,0.0,0.0,0.0,0.0,0.0,0.0,0.0,0.0,0.0,0.0,0.0,0.0,0.0,0.0,0.0,0.0,0.0,0.0,0.0,0.0,0.0,0.0,0.0,0.0,0.0,0.0,0.0,0.0,0.0,0.0,0.0,0.0,0.0,0.0,0.0,0.0,0.0,0.0,0.0,0.0,0.0,0.0,0.0,0.0,0.0,0.0,0.0,0.0,0.0,0.0,0.0,0.0,0.0,0.0,0.0,0.0,0.0,0.0,0.0,0.0,0.0,0.0,0.0,0.0,0.0,0.0,0.0,0.0,0.0,0.0,0.0,0.0,0.0,0.0,0.0,0.0
0.0,0.0,0.0,0.0,0.0,0.0,0.0,0.0,0.0,0.0,0.0,0.0,0.0,0.0,0.0,0.0,0.0,0.0,0.0,0.0,0.0,0.0,0.0,0.0,0.0,0.0,0.0,0.0,0.0,0.0,0.0,0.0,0.0,0.0,0.0,0.0,0.0,0.0,0.0,0.0,0.0,0.0,0.0,0.0,0.0,0.0,0.0,0.0,0.0,0.0,0.0,0.0,0.0,0.0,0.0,0.0,0.0,0.0,0.0,0.0,0.0,0.0,0.0,0.0,0.0,0.0,0.0,0.0,0.0,0.0,0.0,0.0,0.0,0.0,0.0,0.0,0.0,0.0,0.0,0.0,0.0,0.0,0.0,0.0,0.0
0.0,0.0,0.0,0.0,0.0,0.0,0.0,0.0,0.0,0.0,0.0,0.0,0.0,0.0,0.0,0.0,0.0,0.0,0.0,0.0,0.0,0.0,0.0,0.0,0.0,0.0,0.0,0.0,0.0,0.0,0.0,0.0,0.0,0.0,0.0,0.0,0.0,0.0,0.0,0.0,0.0,0.0,0.0,0.0,0.0,0.0,0.0,0.0,0.0,0.0,0.0,0.0,0.0,0.0,0.0,0.0,0.0,0.0,0.0,0.0,0.0,0.0,0.0,0.0,0.0,0.0,0.0,0.0,0.0,0.0,0.0,0.0,0.0,0.0,0.0,0.0,0.0,0.0,0.0,0.0,0.0,0.0,0.0,0.0,0.0
0.0,0.0,0.0,0.0,0.0,0.0,0.0,0.0,0.0,0.0,0.0,0.0,0.0,0.0,0.0,0.0,0.0,0.0,0.0,0.0,0.0,0.0,0.0,0.0,0.0,0.0,0.0,0.0,0.0,0.0,0.0,0.0,0.0,0.0,0.0,0.0,0.0,0.0,0.0,0.0,0.0,0.0,0.0,0.0,0.0,0.0,0.0,0.0,0.0,0.0,0.0,0.0,0.0,0.0,0.0,0.0,0.0,0.0,0.0,0.0,0.0,0.0,0.0,0.0,0.0,0.0,0.0,0.0,0.0,0.0,0.0,0.0,0.0,0.0,0.0,0.0,0.0,0.0,0.0,0.0,0.0,0.0,0.0,0.0,0.0
0.0,0.0,0.0,0.0,0.0,0.0,0.0,0.0,0.0,0.0,0.0,0.0,0.0,0.0,0.0,0.0,0.0,0.0,0.0,0.0,0.0,0.0,0.0,0.0,0.0,0.0,0.0,0.0,0.0,0.0,0.0,0.0,0.0,0.0,0.0,0.0,0.0,0.0,0.0,0.0,0.0,0.0,0.0,0.0,0.0,0.0,0.0,0.0,0.0,0.0,0.0,0.0,0.0,0.0,0.0,0.0,0.0,0.0,0.0,0.0,0.0,0.0,0.0,0.0,0.0,0.0,0.0,0.0,0.0,0.0,0.0,0.0,0.0,0.0,0.0,0.0,0.0,0.0,0.0,0.0,0.0,0.0,0.0,0.0,0.0
20230823.0,2.0230823130255104e+16,0.938,0.937,0.936,0.935,0.934,3818100.0,10372800.0,8097000.0,2951000.0,661400.0,0.856,0.947,0.938,0.938,-1714900.0,-12480700.0,-8469400.0,-1654900.0,-412100.0,0.939,0.94,0.941,0.942,0.943,928200.0,12591700.0,10017600.0,1815700.0,412100.0,0.946,0.951,-0.013,-0.001,202813620.1,215362990.0,1.046,928200.0,12591700.0,10017600.0,1815700.0,412100.0,0.0,0.0,104849.40000000596,-0.001,-786700.0,111000.0,1548200.0,160800.0,0.0,0.0019999999999998,0.0009999999999998,0.938,0.0,0.0,0.8798439999999998,4.63812174617401e+16,0.0,0.0,0.938,0.0,0.0,0.0001728844956486,0.938,0.9385,1303.0,0.938,0.0010655301012253,0.0031965903036759,0.0,159995.0,25765300.0,25900300.0,-135000.0,51665600.0,0.1463718835682942,0.1560951345287742,111700.0,135000.0,0.9386696508505458,0.9388044371405094,0.940541701435652,0.9365303104597243
20230823.0,2.0230823130355124e+16,0.938,0.937,0.936,0.935,0.934,3880800.0,5002600.0,9892700.0,7001000.0,665300.0,0.856,0.947,0.939,0.938,-1150400.0,-5385400.0,2506100.0,4047000.0,3300.0,0.939,0.94,0.941,0.942,0.943,2141300.0,11206900.0,8913600.0,1818700.0,412700.0,0.946,0.951,-0.012,0.001,202827704.6,215377990.0,1.046,1213100.0,15200.0,-1104000.0,3000.0,600.0,0.0002777777777775,2561.1111111044884,14084.5,-0.001,62700.0,-5370200.0,1402100.0,4050000.0,3900.0,0.0019999999999998,0.0009999999999998,0.939,1.0,1.0,0.8811996111111109,8.349478898487898e+17,13.0,5.0,0.939,0.00075,2275.0,-0.0001704555379491,0.938,0.9385,1304.0,0.939,0.0010655301012253,0.0031965903036759,-24325.10995910689,159995.0,24493200.0,26442400.0,-1949200.0,50935600.0,0.1491760554273564,0.145882411010189,15000.0,1949200.0,0.9389666666666666,0.9386444263628966,0.9404755523982166,0.9361676322875382
20230823.0,2.023082313045505e+16,0.938,0.937,0.936,0.935,0.934,3497500.0,3858000.0,10902000.0,7268800.0,665300.0,0.856,0.947,0.939,0.938,-2417200.0,-1364600.0,1109300.0,267800.0,-19500.0,0.939,0.94,0.941,0.942,0.943,4175100.0,11426900.0,8813600.0,1818700.0,432200.0,0.946,0.951,-0.012,0.0,202914935.4,215470890.0,1.046,2033800.0,100000.0,-100000.0,0.0,19500.0,0.0003750000000001,17087.5,87230.80000001192,-0.001,-383400.0,-1264600.0,1009300.0,267800.0,0.0,0.0019999999999998,0.0009999999999998,0.939,2.0,2.0,0.8810171249999997,7.424688415979735e+17,10.0,6.0,0.939,0.001,50500.0,-0.000200936946181,0.938,0.9385,1305.0,0.939,0.0010655301012253,0.0031965903036759,-46158.54774507508,159995.0,26666500.0,26191600.0,474900.0,52858100.0,0.1085135486877038,0.0978751566460204,92900.0,474900.0,0.938975242196038,0.9384558428694316,0.9403589709935688,0.936086042853434
20230823.0,2.023082313055519e+16,0.937,0.936,0.935,0.934,0.933,3754000.0,5005800.0,5787900.0,1095000.0,620100.0,0.856,0.947,0.938,0.938,-7631600.0,-17462100.0,-15563200.0,-1688000.0,-2213800.0,0.938,0.939,0.94,0.941,0.942,3877600.0,12456300.0,9775300.0,593000.0,1593700.0,0.946,0.951,-0.013,-0.001,206346453.8,219128990.0,1.046,3877600.0,12456300.0,9775300.0,593000.0,1593700.0,0.000421052631579,1753778.9473684132,3431518.400000006,-0.001,-3754000.0,-5005800.0,-5787900.0,-1095000.0,-620100.0,0.002,0.001,0.938,0.0,1.0,0.8806343157894735,8.965958329017738e+17,8.0,11.0,0.939,0.001,3433100.0,-0.0010277068009317,0.938,0.9375,1306.0,0.939,0.0010666666666665,0.0031999999999998,-23069050.106609832,159995.0,28295900.0,16262800.0,12033100.0,44558700.0,0.1189729515657852,0.1018307702836493,3658100.0,12033100.0,0.9380603045296756,0.9374919020913046,0.9394193116317204,0.9356258823818776
20230823.0,2.023082313065513e+16,0.937,0.936,0.935,0.934,0.933,2544800.0,4713100.0,7033500.0,1205100.0,630100.0,0.856,0.947,0.938,0.937,-1166300.0,-1257600.0,1363100.0,200100.0,-13000.0,0.938,0.939,0.94,0.941,0.942,3788600.0,12422200.0,9657300.0,503000.0,1616700.0,0.946,0.951,-0.013,0.0,206555062.0,219351390.0,1.046,-48200.0,85900.0,-118000.0,-90000.0,23000.0,5.2631578947415214e-05,31215.78947368264,171088.19999998808,-0.001,-1214500.0,-1171700.0,1245100.0,110100.0,10000.0,0.002,0.001,0.938,1.0,1.0,0.8797453157894736,9.134082709756978e+17,18.0,1.0,0.938,0.0,31400.0,-9.930403213022354e-05,0.937,0.9375,1307.0,0.938,0.0010666666666665,0.0031999999999998,-15138.489212721586,159995.0,27987800.0,16126600.0,11861200.0,44114400.0,0.0949285586293026,0.0755598445672686,182400.0,11861200.0,0.9379835526315136,0.9374018062967756,0.9394189253889196,0.935454987412102
20230823.0,2.023082313075509e+16,0.937,0.936,0.935,0.934,0.933,3338900.0,5336800.0,6220400.0,1095100.0,1599000.0,0.856,0.947,0.937,0.937,937100.0,529100.0,-813100.0,-110000.0,908000.0,0.938,0.939,0.94,0.941,0.942,3643400.0,12516800.0,9657300.0,503000.0,1677600.0,0.946,0.951,-0.0139999999999999,-0.0009999999999998,206775672.8,219586690.0,1.046,-145000.0,-25400.0,0.0,0.0,60900.0,0.0004736842105262,61868.42105263472,220423.20000001788,-0.001,792100.0,503700.0,-813100.0,-110000.0,968900.0,0.002,0.001,0.937,1.0,2.0,0.8789558421052632,9.154050228360818e+17,10.0,9.0,0.938,0.0009999999999998,102700.0,8.127136317039041e-05,0.937,0.9375,1308.0,0.938,0.0010666666666665,0.0031999999999998,-23449515.683130763,159995.0,27998100.0,17590200.0,10407900.0,45588300.0,0.0883687495907541,0.0691717744968067,235100.0,10407900.0,0.9375720969800846,0.9374781948641564,0.9394304827827602,0.9354389660151676
20230823.0,2.023082313085268e+16,0.936,0.935,0.934,0.933,0.932,3550500.0,6277200.0,2621100.0,1749000.0,1415700.0,0.856,0.947,0.937,0.937,-7821100.0,-17668800.0,-13198100.0,-2408300.0,-1722700.0,0.937,0.938,0.939,0.94,0.941,4270600.0,11391600.0,10577000.0,659300.0,307000.0,0.946,0.951,-0.0139999999999999,0.0,208920489.6,221875690.0,1.046,4270600.0,11391600.0,10577000.0,659300.0,307000.0,0.0004545454545453,546590.9090909064,2144816.799999982,-0.0009999999999998,-3550500.0,-6277200.0,-2621100.0,-1749000.0,-1415700.0,0.0019999999999998,0.001,0.937,2.0,2.0,0.8788212727272728,5.3307575916980506e+17,5.0,6.0,0.938,0.0009999999999998,573200.0,-0.0010960742939361,0.937,0.9365,1309.0,0.937,0.0010678056593699,0.0032034169781098,-285193.3403571807,159995.0,27205500.0,15613500.0,11592000.0,42819000.0,0.1083409889269341,0.1159400309042859,2289000.0,11592000.0,0.937010397553509,0.9364539642761248,0.9383141276580104,0.9345634739168028
20230823.0,2.023082313095511e+16,0.936,0.935,0.934,0.933,0.932,2593100.0,5206000.0,4920100.0,2110000.0,1438700.0,0.856,0.947,0.936,0.936,-1908900.0,-905700.0,3893400.0,482400.0,-312000.0,0.937,0.938,0.939,0.94,0.941,5237200.0,11181900.0,8882500.0,539900.0,648000.0,0.946,0.951,-0.0149999999999999,-0.001,209174492.2,222146890.0,1.046,983100.0,-285700.0,-1594400.0,-121400.0,335000.0,0.0002105263157897,26105.263157904148,231889.39999997616,-0.0009999999999998,-925800.0,-1191400.0,2299000.0,361000.0,23000.0,0.0019999999999998,0.001,0.936,3.0,3.0,0.8775746842105264,9.36918189645802e+17,15.0,4.0,0.937,0.0,54300.0,-0.0001298022845516,0.936,0.9365,1310.0,0.936,0.0010678056593699,0.0032034169781098,-92980.43514946105,159995.0,26489500.0,16267900.0,10221600.0,42757400.0,0.108159662180012,0.1102452507224592,247600.0,10221600.0,0.9365484652664626,0.9363311622798616,0.9382517639064536,0.9343322371049736
20230823.0,2.0230823131055124e+16,0.936,0.935,0.934,0.933,0.932,3590000.0,6454100.0,7810100.0,6014800.0,1438900.0,0.856,0.947,0.937,0.936,2800300.0,764900.0,-230600.0,-80200.0,-80800.0,0.937,0.938,0.939,0.94,0.941,1607600.0,11423900.0,10003100.0,644900.0,729000.0,0.946,0.951,-0.0139999999999999,0.0,211580306.6,224714790.0,1.046,-2608600.0,363200.0,120600.0,105000.0,81000.0,5.2631578947415214e-05,995163.1578947306,2198937.400000006,-0.0009999999999998,191700.0,1128100.0,-110000.0,24800.0,200.0,0.0019999999999998,0.001,0.937,4.0,4.0,0.8780680000000001,9.493034901249496e+17,4.0,15.0,0.938,0.0,1987900.0,0.0002609634501967,0.936,0.9365,1311.0,0.937,0.0010678056593699,0.0032034169781098,-209256.10316084325,159995.0,24408500.0,25307900.0,-899400.0,49716400.0,0.1070923066508158,0.114826500886304,2346900.0,899400.0,0.936954024457798,0.93669070340157,0.9384864002294282,0.9341873525657995
20230823.0,2.023082313113416e+16,0.937,0.936,0.935,0.934,0.933,202600.0,4855500.0,6126000.0,7576400.0,6047800.0,0.856,0.947,0.938,0.936,11044500.0,15313600.0,6789500.0,8305400.0,7320500.0,0.938,0.939,0.94,0.941,0.942,10841900.0,10458100.0,663500.0,729000.0,1272700.0,0.946,0.951,-0.013,0.0019999999999998,211728219.8,224872690.0,1.046,-10841900.0,-10458100.0,-663500.0,-729000.0,-1272700.0,8.333333333321313e-05,38625.0,122266.80000001192,-0.001,202600.0,4855500.0,6126000.0,7576400.0,6047800.0,0.002,0.001,0.938,3.0,1.0,0.8778130833333334,6.063224032662932e+17,10.0,2.0,0.938,0.0,50525.0,0.0005041808448183,0.936,0.9375,1312.0,0.936,0.0010666666666665,0.0031999999999998,47933941.03894312,159995.0,23965200.0,24808300.0,-843100.0,48773500.0,0.1193055882553136,0.1282868904778056,130500.0,843100.0,0.9369103448276777,0.9370183439721128,0.9387954408892892,0.9344190936098
20230823.0,2.023082313125267e+16,0.937,0.936,0.935,0.934,0.933,3119500.0,6452400.0,10353200.0,5193000.0,1669800.0,0.856,0.947,0.937,0.936,13534200.0,1461900.0,-5750600.0,-4476800.0,-4503300.0,0.938,0.939,0.94,0.941,0.942,218400.0,10588100.0,10641900.0,2822400.0,1398000.0,0.946,0.951,-0.0139999999999999,0.0,212859754.6,226080290.0,1.046,-10623500.0,10000.0,9977800.0,2093400.0,125300.0,7.142857142883319e-05,185307.1428571344,1130597.799999982,-0.001,2910700.0,1471900.0,4227200.0,-2383400.0,-4378000.0,0.002,0.001,0.937,1.0,1.0,0.8778352142857144,7.143448943622774e+17,13.0,1.0,0.937,0.0,171200.0,0.0009767442223414,0.936,0.9375,1313.0,0.937,0.0010666666666665,0.0031999999999998,-25340.089073147625,159995.0,25668800.0,26787900.0,-1119100.0,52456700.0,0.159521468975816,0.1485745000158664,1206600.0,1119100.0,0.9370112713409432,0.9379345696395937,0.9397893746493798,0.9351552491983322
20230823.0,2.0230823131334484e+16,0.938,0.937,0.936,0.935,0.934,2740500.0,4567700.0,10450700.0,7872300.0,843000.0,0.856,0.947,0.939,0.936,3641000.0,15776000.0,22623100.0,9620300.0,1331400.0,0.939,0.94,0.941,0.942,0.943,900500.0,11208300.0,12172400.0,1748000.0,488400.0,0.946,0.951,-0.012,0.0019999999999998,213121971.8,226359890.0,1.046,-900500.0,-11208300.0,-12172400.0,-1748000.0,-488400.0,0.0004166666666666,13258.333333343267,173827.60000002384,-0.001,2740500.0,4567700.0,10450700.0,7872300.0,843000.0,0.0019999999999998,0.0009999999999998,0.939,1.0,0.0,0.8806260833333335,6.14722422299261e+17,5.0,7.0,0.939,0.001,5150.0,0.0008301269924887,0.938,0.9385,1314.0,0.938,0.0010655301012253,0.0031965903036759,24104972.31096914,159995.0,26517600.0,26474200.0,43400.0,52991800.0,0.1589536482083299,0.1414341804797992,185300.0,43400.0,0.9380874257961352,0.9387526778357594,0.9406121632425256,0.936018523694767
20230823.0,2.0230823131416536e+16,0.939,0.938,0.937,0.936,0.935,416400.0,2690400.0,5722400.0,8299600.0,7799600.0,0.856,0.947,0.939,0.936,11208300.0,15366800.0,7510400.0,8788000.0,9239100.0,0.94,0.941,0.942,0.943,0.944,10791900.0,12676400.0,1788000.0,488400.0,1439500.0,0.946,0.951,-0.012,0.0,214050597.0,227349490.0,1.046,-10791900.0,-12676400.0,-1788000.0,-488400.0,-1439500.0,0.0,78800.0,780169.3000000119,-0.001,416400.0,2690400.0,5722400.0,8299600.0,7799600.0,0.002,0.001,0.939,0.0,0.0,0.8817209999999999,3.098759232111766e+17,0.0,0.0,0.939,0.0,119450.0,0.0001150033200225,0.939,0.9395,1315.0,0.939,0.0010643959552953,0.0031931878658861,0.0,159995.0,27184200.0,24928400.0,2255800.0,52112600.0,0.1627371219909503,0.1486162383066334,831500.0,2255800.0,0.9382673481659796,0.9390371510398544,0.9408635751649854,0.9361826350668316
20230823.0,2.0230823131510344e+16,0.939,0.938,0.937,0.936,0.935,108000.0,2742800.0,4385300.0,4586100.0,3523100.0,0.856,0.947,0.94,0.936,-1026800.0,1018600.0,-5400000.0,-3603200.0,-21200.0,0.94,0.941,0.942,0.943,0.944,13732200.0,12688100.0,1668000.0,500300.0,1449500.0,0.946,0.951,-0.011,0.001,214546511.2,227877590.0,1.046,1041500.0,-940100.0,0.0,4200.0,0.0,0.0002499999999999,18225.0,45095.0,-0.001,14700.0,78500.0,-5400000.0,-3599000.0,-21200.0,0.002,0.001,0.94,1.0,0.0,0.8821907499999999,2.076585999333404e+17,1.0,3.0,0.94,0.0002499999999999,30675.0,5.379831194141094e-07,0.939,0.9395,1316.0,0.939,0.0010643959552953,0.0031931878658861,24242296.808510665,159995.0,30038100.0,15345300.0,14692800.0,45383400.0,0.1460153639797311,0.1245779453985137,48000.0,14692800.0,0.9394791666666666,0.9390078033554428,0.9407764472453316,0.9364347780753716
20230823.0,2.023082313161028e+16,0.937,0.936,0.935,0.934,0.933,3273100.0,9667700.0,8928500.0,1228600.0,1689000.0,0.856,0.947,0.938,0.936,-3573700.0,-9350100.0,-8808500.0,-229600.0,-1699000.0,0.939,0.94,0.941,0.942,0.943,15606900.0,10191300.0,2859100.0,439000.0,511300.0,0.946,0.951,-0.013,0.0,215733881.0,229143290.0,1.046,300600.0,-317600.0,-120000.0,-999000.0,10000.0,0.0002499999999998,55300.0,219609.30000001192,-0.001,-3273100.0,-9667700.0,-8928500.0,-1228600.0,-1689000.0,0.002,0.001,0.938,0.0,1.0,0.8803132499999998,2.099252524637404e+17,1.0,3.0,0.939,0.0002499999999999,72550.0,-0.0007068509593339,0.938,0.938,1317.0,0.939,0.0021321961620467,0.0042643923240937,-24425244.13646058,159995.0,29607600.0,24786900.0,4820700.0,54394500.0,0.2360220889955346,0.2360220889955346,234100.0,4820700.0,0.9381003844511402,0.9373467266949153,0.9396509038219916,0.9354682836498314
20230823.0,2.0230823131755784e+16,0.939,0.938,0.937,0.936,0.935,2214200.0,3448300.0,6534300.0,7504400.0,3133000.0,0.856,0.947,0.939,0.936,2950700.0,16051400.0,17265200.0,8057700.0,4607500.0,0.94,0.941,0.942,0.943,0.944,736500.0,12603100.0,10730900.0,553300.0,1474500.0,0.946,0.951,-0.012,0.0,216303587.5,229750090.0,1.046,-736500.0,-12603100.0,-10730900.0,-553300.0,-1474500.0,0.0002222222222222,171916.66666665673,496706.0,-0.001,2214200.0,3448300.0,6534300.0,7504400.0,3133000.0,0.002,0.001,0.939,2.0,2.0,0.8813038888888891,9.47462532515502e+17,14.0,4.0,0.939,0.0,321450.0,0.0016989480513418,0.938,0.9395,1318.0,0.939,0.0010643959552953,0.0031931878658861,-35981.34158055112,159995.0,26098300.0,22834200.0,3264100.0,48932500.0,0.2747007119858832,0.1640420236887937,529000.0,3264100.0,0.938952741020794,0.939750398210594,0.9415948471739536,0.936741891548642
20230823.0,2.0230823131855228e+16,0.939,0.938,0.937,0.936,0.935,1008700.0,2787000.0,7424100.0,8865500.0,3113600.0,0.856,0.947,0.94,0.936,-14167300.0,-2105300.0,11177800.0,1355500.0,-19400.0,0.94,0.941,0.942,0.943,0.944,13224500.0,12755100.0,782900.0,558900.0,1474500.0,0.946,0.951,-0.011,0.0,217469216.3,230990290.0,1.046,12841700.0,152000.0,-9948000.0,5600.0,0.0,0.0003157894736841,53263.15789473057,1062134.800000012,-0.001,-1325600.0,-1953300.0,1229800.0,1361100.0,-19400.0,0.002,0.001,0.94,4.0,4.0,0.8830066315789473,1.011236350295986e+18,13.0,6.0,0.94,0.001,134850.0,-0.0008390360829633,0.939,0.9395,1319.0,0.94,0.0010643959552953,0.0031931878658861,-86173.62971018627,159995.0,28795900.0,23198900.0,5597000.0,51994800.0,0.287587533151354,0.2096334932995897,1130100.0,5597000.0,0.9398591275108504,0.939070869516342,0.9407603721363113,0.9365565177659284
0.0,0.0,0.0,0.0,0.0,0.0,0.0,0.0,0.0,0.0,0.0,0.0,0.0,0.0,0.0,0.0,0.0,0.0,0.0,0.0,0.0,0.0,0.0,0.0,0.0,0.0,0.0,0.0,0.0,0.0,0.0,0.0,0.0,0.0,0.0,0.0,0.0,0.0,0.0,0.0,0.0,0.0,0.0,0.0,0.0,0.0,0.0,0.0,0.0,0.0,0.0,0.0,0.0,0.0,0.0,0.0,0.0,0.0,0.0,0.0,0.0,0.0,0.0,0.0,0.0,0.0,0.0,0.0,0.0,0.0,0.0,0.0,0.0,0.0,0.0,0.0,0.0,0.0,0.0,0.0,0.0,0.0,0.0,0.0,0.0
20230823.0,2.0230823132046184e+16,0.937,0.936,0.935,0.934,0.933,2953800.0,5856000.0,5917600.0,1418400.0,1714400.0,0.856,0.947,0.937,0.936,-3191800.0,-17588800.0,-18420300.0,-2373700.0,-2147300.0,0.938,0.939,0.94,0.941,0.942,238000.0,11732800.0,12502700.0,955300.0,432900.0,0.946,0.951,-0.0139999999999999,-0.0019999999999998,219889015.7,233568390.0,1.046,238000.0,11732800.0,12502700.0,955300.0,432900.0,6.249999999996536e-05,366806.25,1116578.3999999762,-0.001,-2953800.0,-5856000.0,-5917600.0,-1418400.0,-1714400.0,0.002,0.001,0.937,1.0,4.0,0.8799616874999999,8.700791849367255e+17,2.0,14.0,0.94,0.0,995025.0,-0.001149158509152,0.937,0.9375,1321.0,0.94,0.0010666666666665,0.0031999999999998,-74511637.38525991,159995.0,25861700.0,17860200.0,8001500.0,43721900.0,0.2284363928118438,0.1977665246638246,1190100.0,8001500.0,0.9382223342576054,0.9379254339244312,0.9395983365362678,0.93538725210244
20230823.0,2.023082313214012e+16,0.937,0.936,0.935,0.934,0.933,1683400.0,4992300.0,7223600.0,1423400.0,1771300.0,0.856,0.947,0.937,0.936,-5333500.0,-1326600.0,2785300.0,185000.0,-3600.0,0.938,0.939,0.94,0.941,0.942,4260500.0,12302800.0,11335400.0,735300.0,492900.0,0.946,0.951,-0.0139999999999999,0.0,220064764.2,233755890.0,1.046,4047500.0,460000.0,-1217300.0,-180000.0,60000.0,0.0002142857142856,16678.57142856717,112567.29999998212,-0.001,-1286000.0,-866600.0,1568000.0,5000.0,56400.0,0.002,0.001,0.937,3.0,3.0,0.8783707857142858,7.646031111627374e+17,3.0,11.0,0.938,0.0,24400.0,-0.0006930983788723,0.937,0.9375,1322.0,0.937,0.0010666666666665,0.0031999999999998,-83736.926360704,159995.0,29126900.0,17094000.0,12032900.0,46220900.0,0.2032483682690116,0.15408306288864,120100.0,12032900.0,0.9372797668608004,0.9372832147243392,0.939344156089388,0.9351984965484964
20230823.0,2.023082313225808e+16,0.937,0.936,0.935,0.934,0.933,784900.0,5344400.0,5865500.0,2826400.0,2194300.0,0.856,0.947,0.937,0.936,-789500.0,344100.0,-1263300.0,1400000.0,273000.0,0.938,0.939,0.94,0.941,0.942,13339600.0,11122900.0,3113000.0,735900.0,492900.0,0.946,0.951,-0.0139999999999999,-0.0009999999999998,220728118.0,234463690.0,1.046,-95200.0,-78100.0,-102400.0,0.0,0.0,0.0004999999999999,67450.0,585345.400000006,-0.001,-884700.0,266000.0,-1365700.0,1400000.0,273000.0,0.002,0.001,0.937,3.0,3.0,0.8789065,1.095617702471486e+18,10.0,10.0,0.938,0.0009999999999998,118500.0,-5.865778704779168e-05,0.937,0.9375,1323.0,0.937,0.0010666666666665,0.0031999999999998,-95076.67145289852,159995.0,28804300.0,17015500.0,11788800.0,45819800.0,0.1783002177584459,0.1193426986656203,624600.0,11788800.0,0.9371524175472398,0.9370555701086764,0.9387473953541658,0.9349823220005288
0.0,0.0,0.0,0.0,0.0,0.0,0.0,0.0,0.0,0.0,0.0,0.0,0.0,0.0,0.0,0.0,0.0,0.0,0.0,0.0,0.0,0.0,0.0,0.0,0.0,0.0,0.0,0.0,0.0,0.0,0.0,0.0,0.0,0.0,0.0,0.0,0.0,0.0,0.0,0.0,0.0,0.0,0.0,0.0,0.0,0.0,0.0,0.0,0.0,0.0,0.0,0.0,0.0,0.0,0.0,0.0,0.0,0.0,0.0,0.0,0.0,0.0,0.0,0.0,0.0,0.0,0.0,0.0,0.0,0.0,0.0,0.0,0.0,0.0,0.0,0.0,0.0,0.0,0.0,0.0,0.0,0.0,0.0,0.0,0.0
20230823.0,2.023082313244003e+16,0.937,0.936,0.935,0.934,0.933,1704700.0,4851600.0,5776900.0,2837400.0,2193300.0,0.856,0.947,0.937,0.936,901600.0,-507600.0,-147200.0,11000.0,-2000.0,0.938,0.939,0.94,0.941,0.942,13407800.0,11240900.0,757900.0,735900.0,493900.0,0.946,0.951,-0.0139999999999999,0.0,221166634.4,234931590.0,1.046,-58600.0,0.0,5000.0,0.0,0.0,0.0002857142857142,45128.57142856717,96850.70000001788,-0.001,843000.0,-507600.0,-142200.0,11000.0,-2000.0,0.002,0.001,0.937,1.0,2.0,0.8793082857142859,7.723708972765212e+17,10.0,4.0,0.938,0.0007499999999999,93075.0,5.6195559769114944e-05,0.937,0.9375,1325.0,0.938,0.0010666666666665,0.0031999999999998,-25094077.183450293,159995.0,26636400.0,17363900.0,9272500.0,44000300.0,0.1133695717030073,0.1068469285734246,103300.0,9272500.0,0.93756727976784,0.937112800661704,0.9386359718280248,0.9350597216063212
20230823.0,2.0230823132534104e+16,0.936,0.935,0.934,0.933,0.932,2281400.0,5639800.0,3537000.0,3595300.0,1844900.0,0.856,0.947,0.937,0.936,-15617100.0,-18586700.0,-4877000.0,-4247700.0,-2580800.0,0.937,0.938,0.939,0.94,0.941,13335700.0,12946900.0,1340000.0,652400.0,735900.0,0.946,0.951,-0.0139999999999999,-0.0009999999999998,223294518.9,237203190.0,1.046,13335700.0,12946900.0,1340000.0,652400.0,735900.0,8.333333333321313e-05,82891.66666665673,1942849.5,-0.0009999999999998,-2281400.0,-5639800.0,-3537000.0,-3595300.0,-1844900.0,0.0019999999999998,0.001,0.937,1.0,2.0,0.8781254166666668,6.701840260192612e+17,2.0,10.0,0.938,0.0,33550.0,-0.0010027863420439,0.936,0.9365,1326.0,0.938,0.0010678056593699,0.0032034169781098,-25254270.21248662,159995.0,29010900.0,16898400.0,12112500.0,45909300.0,0.0785945677209781,0.093053835711662,2074300.0,12112500.0,0.936628983271465,0.9361460834597974,0.9377075857694868,0.9341726494816078
20230823.0,2.023082313264609e+16,0.936,0.935,0.934,0.933,0.932,908000.0,5857600.0,8843100.0,6301100.0,1915900.0,0.856,0.947,0.937,0.936,1292300.0,131000.0,2898600.0,2615200.0,-30000.0,0.937,0.938,0.939,0.94,0.941,12570500.0,12867800.0,3546900.0,743000.0,846900.0,0.946,0.951,-0.0139999999999999,0.001,226648191.9,240785990.0,1.046,-1535500.0,40900.0,2256900.0,90600.0,101000.0,0.0003750000000001,363637.5,2257362.300000012,-0.0009999999999998,-243200.0,171900.0,5155500.0,2705800.0,71000.0,0.0019999999999998,0.001,0.937,1.0,0.0,0.8767983750000002,9.247297545721696e+17,6.0,10.0,0.937,0.001,716700.0,-8.638608250469137e-06,0.936,0.9365,1327.0,0.936,0.0010678056593699,0.0032034169781098,25695847.385272168,159995.0,30575100.0,23825700.0,6749400.0,54400800.0,0.0706175862511809,0.0805633909851747,2411600.0,6749400.0,0.9360434151600646,0.9360673665467224,0.9378365696269186,0.9338967795279888
20230823.0,2.02308231327551e+16,0.936,0.935,0.934,0.933,0.932,2037600.0,7922000.0,7949000.0,6346000.0,1539200.0,0.856,0.947,0.937,0.935,13503900.0,898900.0,-8618100.0,-1118800.0,-383200.0,0.937,0.938,0.939,0.94,0.941,678100.0,14030300.0,12670900.0,1111500.0,853400.0,0.946,0.951,-0.0139999999999999,0.001,228308098.1,242559390.0,1.046,-11892400.0,1162500.0,9124000.0,-236300.0,6500.0,0.0003157894736841,372952.6315789521,1175058.199999988,-0.0009999999999998,1611500.0,2061400.0,505900.0,-1355100.0,-376700.0,0.0019999999999998,0.001,0.937,1.0,0.0,0.8766874736842107,1.114215512749158e+18,6.0,13.0,0.937,0.001,747600.0,0.000766258869535,0.936,0.9365,1328.0,0.936,0.0010678056593699,0.0032034169781098,25883136.60618999,159995.0,29344200.0,25793800.0,3550400.0,55138000.0,0.0913975829138462,0.1136114690674912,1255400.0,3550400.0,0.9360030269236802,0.9367503037890784,0.9385716973030443,0.9340997448999372
20230823.0,2.0230823132855064e+16,0.937,0.936,0.935,0.934,0.933,2016600.0,3785000.0,12281400.0,5201000.0,1822500.0,0.856,0.947,0.938,0.935,2544500.0,17882200.0,22743300.0,6284400.0,2436900.0,0.938,0.939,0.94,0.941,0.942,527900.0,14097200.0,10461900.0,1083400.0,614400.0,0.946,0.951,-0.013,0.0009999999999998,233258142.3,247837190.0,1.046,-527900.0,-14097200.0,-10461900.0,-1083400.0,-614400.0,0.0003684210526316,60700.0,4937863.200000018,-0.001,2016600.0,3785000.0,12281400.0,5201000.0,1822500.0,0.002,0.001,0.938,4.0,4.0,0.8791532105263159,1.165626262464498e+18,12.0,7.0,0.938,0.0009999999999998,119500.0,0.001063466153542,0.937,0.9375,1329.0,0.938,0.0010666666666665,0.0031999999999998,-110296.59144433217,159995.0,26784800.0,25106500.0,1678300.0,51891300.0,0.1826550025534263,0.152657548170184,5264800.0,1678300.0,0.9379013827685796,0.9377925329141285,0.9395205937696004,0.9349590623942008
20230823.0,2.0230823132949084e+16,0.937,0.936,0.935,0.934,0.933,1196300.0,3846400.0,12060800.0,5202500.0,1822600.0,0.856,0.947,0.938,0.935,-10599200.0,61400.0,7818100.0,1500.0,100.0,0.938,0.939,0.94,0.941,0.942,10275700.0,14213200.0,2536500.0,1083400.0,614400.0,0.946,0.951,-0.013,0.0,233432080.3,248022690.0,1.046,9768400.0,0.0,-7925400.0,0.0,0.0,0.0002352941176471,38982.35294118524,154615.20000001788,-0.001,-830800.0,61400.0,-107300.0,1500.0,100.0,0.002,0.001,0.938,3.0,3.0,0.8794028235294119,1.0451588953119976e+18,13.0,4.0,0.938,0.0,93600.0,-0.0007419625578358,0.937,0.9375,1330.0,0.938,0.0010666666666665,0.0031999999999998,-77725.9991398193,159995.0,28723200.0,24128600.0,4594600.0,52851800.0,0.1985960955880506,0.1765282425967608,164900.0,4594600.0,0.9376300788357664,0.9371042799860532,0.9388701676693404,0.934891883490961
20230823.0,2.023082313305812e+16,0.936,0.935,0.934,0.933,0.932,3447100.0,7241100.0,3689600.0,1978000.0,1564800.0,0.856,0.947,0.937,0.935,-5014100.0,-24804100.0,-16225200.0,-3394500.0,-2668100.0,0.937,0.938,0.939,0.94,0.941,1567000.0,17563000.0,12535600.0,1416500.0,1103300.0,0.946,0.951,-0.0139999999999999,-0.0009999999999998,234075219.5,248708990.0,1.046,1567000.0,17563000.0,12535600.0,1416500.0,1103300.0,0.0002999999999998,237750.0,613695.3000000119,-0.0009999999999998,-3447100.0,-7241100.0,-3689600.0,-1978000.0,-1564800.0,0.0019999999999998,0.001,0.937,1.0,2.0,0.8785315,1.233190835066022e+18,6.0,14.0,0.938,0.0009999999999998,495400.0,-0.0004305312203776,0.937,0.9365,1331.0,0.938,0.0010678056593699,0.0032034169781098,-26507812.47482373,159995.0,34185400.0,17920600.0,16264800.0,52106000.0,0.215744190390946,0.1725356532410236,654900.0,16264800.0,0.9370824553367108,0.9366874813027264,0.9385005499423732,0.9345037610347868
20230823.0,2.023082313315887e+16,0.936,0.935,0.934,0.933,0.932,1972700.0,7707700.0,8053600.0,5978400.0,1626400.0,0.856,0.947,0.937,0.935,-4091700.0,3290100.0,4564000.0,3990300.0,61600.0,0.937,0.938,0.939,0.94,0.941,4184300.0,14739500.0,12335600.0,1426600.0,1103300.0,0.946,0.951,-0.0139999999999999,0.0,234281568.1,248929290.0,1.046,2617300.0,-2823500.0,-200000.0,10100.0,0.0,9.999999999987796e-05,73650.0,206348.59999999404,-0.0009999999999998,-1474400.0,466600.0,4364000.0,4000400.0,61600.0,0.0019999999999998,0.001,0.937,2.0,2.0,0.8777817000000001,1.238232870902982e+18,18.0,2.0,0.937,0.0,169700.0,-0.0003919703338643,0.936,0.9365,1332.0,0.937,0.0010678056593699,0.0032034169781098,-54480.68941612169,159995.0,33789300.0,25338800.0,8450500.0,59128100.0,0.2026366739755686,0.1638239266727171,220300.0,8450500.0,0.936670903313636,0.936320399545233,0.9384236370685396,0.9340955806904826
20230823.0,2.023082313325813e+16,0.937,0.936,0.935,0.934,0.933,291200.0,2994200.0,8225900.0,7813600.0,5979700.0,0.856,0.947,0.937,0.935,14538600.0,15685900.0,9652500.0,8910900.0,6402900.0,0.938,0.939,0.94,0.941,0.942,14247400.0,12691700.0,1426600.0,1097300.0,423200.0,0.946,0.951,-0.0139999999999999,0.0,234481835.4,249143090.0,1.046,-14247400.0,-12691700.0,-1426600.0,-1097300.0,-423200.0,0.0008888888888887,57694.44444444776,200267.30000001192,-0.001,291200.0,2994200.0,8225900.0,7813600.0,5979700.0,0.002,0.001,0.937,3.0,3.0,0.878177888888889,1.1166393748554016e+18,7.0,11.0,0.938,0.0017499999999999,162875.0,0.0007469330350671,0.936,0.9375,1333.0,0.937,0.0010666666666665,0.0031999999999998,-68608.06649712473,159995.0,29886200.0,25304600.0,4581600.0,55190800.0,0.1988094731289208,0.195654883572559,213800.0,4581600.0,0.936703928905575,0.9370200294388732,0.9386869257383006,0.9343599424610546
20230823.0,2.0230823133358068e+16,0.936,0.935,0.934,0.933,0.932,2311300.0,7338000.0,6673600.0,7390400.0,1776400.0,0.856,0.947,0.937,0.935,-16007300.0,-21153100.0,-10914800.0,-8807000.0,-2873700.0,0.937,0.938,0.939,0.94,0.941,13696000.0,13815100.0,4241200.0,1416600.0,1097300.0,0.946,0.951,-0.0139999999999999,0.0,234825272.6,249509890.0,1.046,13696000.0,13815100.0,4241200.0,1416600.0,1097300.0,0.0001499999999999,149900.0,343437.1999999881,-0.0009999999999998,-2311300.0,-7338000.0,-6673600.0,-7390400.0,-1776400.0,0.0019999999999998,0.001,0.937,2.0,3.0,0.8776881500000002,1.243495759742302e+18,16.0,4.0,0.938,0.0,258225.0,-0.0009349303472797,0.936,0.9365,1334.0,0.938,0.0010678056593699,0.0032034169781098,-26640476.32469217,159995.0,34266200.0,25489700.0,8776500.0,59755900.0,0.1895570578906136,0.2107364482851348,366800.0,8776500.0,0.9363064340239587,0.9361443903718928,0.9379028284431888,0.9340399141614064
20230823.0,2.0230823133458148e+16,0.936,0.935,0.934,0.933,0.932,2559400.0,8554600.0,8083700.0,5970400.0,1637400.0,0.856,0.947,0.936,0.935,10793600.0,-10200.0,-6589900.0,-1417600.0,-139000.0,0.937,0.938,0.939,0.94,0.941,3150500.0,15041900.0,12241200.0,1414200.0,1097300.0,0.946,0.951,-0.0149999999999999,-0.001,235351012.0,250071490.0,1.046,-10545500.0,1226800.0,8000000.0,-2400.0,0.0,0.0005,99150.0,525739.400000006,-0.0009999999999998,248100.0,1216600.0,1410100.0,-1420000.0,-139000.0,0.0019999999999998,0.001,0.936,2.0,2.0,0.8770325000000001,1.2470402275496617e+18,10.0,10.0,0.937,0.001,199625.0,0.0003245218948902,0.936,0.9365,1335.0,0.936,0.0010678056593699,0.0032034169781098,-82976.11489660665,159995.0,32945100.0,26805500.0,6139600.0,59750600.0,0.172314520054222,0.1921141011529364,561600.0,6139600.0,0.9361456552706658,0.9364482390234506,0.938461707507338,0.9341651974408238
20230823.0,2.023082313355814e+16,0.937,0.936,0.935,0.934,0.933,1267600.0,5729000.0,8284200.0,3602900.0,1023500.0,0.856,0.947,0.937,0.935,14226800.0,18764700.0,9698400.0,4700200.0,1462900.0,0.938,0.939,0.94,0.941,0.942,12959200.0,13035700.0,1414200.0,1097300.0,439400.0,0.946,0.951,-0.0139999999999999,0.001,236211943.6,250990190.0,1.046,-12959200.0,-13035700.0,-1414200.0,-1097300.0,-439400.0,9.9999999999989e-05,260050.0,860931.599999994,-0.001,1267600.0,5729000.0,8284200.0,3602900.0,1023500.0,0.002,0.001,0.937,3.0,2.0,0.8781568000000002,1.2566580972776018e+18,5.0,15.0,0.938,0.0002499999999999,487250.0,0.000684118148596,0.936,0.9375,1336.0,0.936,0.0010666666666665,0.0031999999999998,26634616.83501994,159995.0,28945800.0,19907200.0,9038600.0,48853000.0,0.2118930391783116,0.1980774761059436,918700.0,9038600.0,0.9371194078589246,0.9370890994461158,0.9387225089650312,0.9351313243449606
20230823.0,2.0230823133658028e+16,0.937,0.936,0.935,0.934,0.933,538700.0,5717800.0,7563000.0,3724100.0,1047900.0,0.856,0.947,0.937,0.935,-570000.0,108800.0,-723200.0,121200.0,24400.0,0.938,0.939,0.94,0.941,0.942,12800300.0,12915700.0,1416200.0,1097300.0,439400.0,0.946,0.951,-0.0139999999999999,0.0,237722606.4,252602390.0,1.046,-158900.0,-120000.0,2000.0,0.0,0.0,0.00015,476155.0,1510662.800000012,-0.001,-728900.0,-11200.0,-721200.0,121200.0,24400.0,0.002,0.001,0.937,2.0,3.0,0.8782503500000001,1.271126110119474e+18,4.0,16.0,0.938,0.0,627525.0,-5.1985852941457966e-05,0.936,0.9375,1337.0,0.938,0.0010666666666665,0.0031999999999998,-26848612.301177848,159995.0,28668900.0,18591500.0,10077400.0,47260400.0,0.1674489779060096,0.1498648848669219,1612200.0,10077400.0,0.9370194764917578,0.9370403853362322,0.9387254411574912,0.9350524594572792
20230823.0,2.023082313375824e+16,0.936,0.935,0.934,0.933,0.932,4740400.0,7297200.0,4075100.0,1047900.0,1638600.0,0.856,0.947,0.936,0.935,-8504700.0,-20614800.0,-16416300.0,-2464100.0,-2735900.0,0.937,0.938,0.939,0.94,0.941,3764300.0,13317600.0,12341200.0,1416200.0,1097300.0,0.946,0.951,-0.0149999999999999,-0.001,238560947.8,253497290.0,1.046,3764300.0,13317600.0,12341200.0,1416200.0,1097300.0,0.0004,132600.0,838341.400000006,-0.0009999999999998,-4740400.0,-7297200.0,-4075100.0,-1047900.0,-1638600.0,0.0019999999999998,0.001,0.936,1.0,2.0,0.8772198000000001,1.2828348781984896e+18,12.0,8.0,0.937,0.001,264250.0,-0.0005155849759429,0.936,0.9365,1338.0,0.937,0.0010678056593699,0.0032034169781098,-27108219.18926564,159995.0,31936600.0,18799200.0,13137400.0,50735800.0,0.1554474669952897,0.1413066575480367,894900.0,13137400.0,0.93679897195218,0.9365573859160228,0.938460324517951,0.934662416485808
20230823.0,2.023082313385803e+16,0.936,0.935,0.934,0.933,0.932,3973400.0,8230200.0,3965100.0,1052900.0,1640300.0,0.856,0.947,0.937,0.935,1589000.0,813000.0,-10000.0,5000.0,51700.0,0.937,0.938,0.939,0.94,0.941,1408300.0,13437600.0,12241200.0,1416200.0,1047300.0,0.946,0.951,-0.0139999999999999,0.001,238675384.3,253619490.0,1.046,-2356000.0,120000.0,-100000.0,0.0,-50000.0,0.0002000000000002,26700.0,114436.5,-0.0009999999999998,-767000.0,933000.0,-110000.0,5000.0,1700.0,0.0019999999999998,0.001,0.937,2.0,1.0,0.8775944000000001,1.2859647157548815e+18,16.0,4.0,0.937,0.0,44825.0,0.0001931686203991,0.936,0.9365,1339.0,0.936,0.0010678056593699,0.0032034169781098,27031936.787939347,159995.0,29550600.0,18861900.0,10688700.0,48412500.0,0.1428297571669381,0.1033585093037233,122200.0,10688700.0,0.9364689034369884,0.9367383168887156,0.938568760025177,0.9346279059903828
20230823.0,2.023082313395808e+16,0.936,0.935,0.934,0.933,0.932,4267400.0,7272500.0,8075100.0,5034000.0,1651600.0,0.856,0.947,0.937,0.935,-586200.0,-6700.0,4112000.0,3979100.0,-18700.0,0.937,0.938,0.939,0.94,0.941,2288500.0,12486600.0,12239200.0,1418200.0,1077300.0,0.946,0.951,-0.0139999999999999,0.0,238919784.0,253880490.0,1.046,880200.0,-951000.0,-2000.0,2000.0,30000.0,0.0002499999999998,100755.0,244399.69999998808,-0.0009999999999998,294000.0,-957700.0,4110000.0,3981100.0,11300.0,0.0019999999999998,0.001,0.937,1.0,1.0,0.87750075,1.2878423106727703e+18,15.0,5.0,0.937,0.0002499999999999,207400.0,-9.329803538495052e-05,0.936,0.9365,1340.0,0.937,0.0010678056593699,0.0032034169781098,-14277.630690786988,159995.0,29509800.0,26300600.0,3209200.0,55810400.0,0.1607837837768908,0.0642555977785819,261000.0,3209200.0,0.9363973180076172,0.9366509251208835,0.9385428366169882,0.934284027740812
20230823.0,2.023082313405835e+16,0.936,0.935,0.934,0.933,0.932,3060000.0,7256700.0,7675100.0,6473500.0,1801600.0,0.856,0.947,0.936,0.935,-12225200.0,114200.0,7720000.0,1439500.0,150000.0,0.937,0.938,0.939,0.94,0.941,13306300.0,12356600.0,4119200.0,1418200.0,1077300.0,0.946,0.951,-0.0149999999999999,-0.001,239215289.3,254196090.0,1.046,11017800.0,-130000.0,-8120000.0,0.0,0.0,0.0001999999999998,50115.0,295505.3000000119,-0.0009999999999998,-1207400.0,-15800.0,-400000.0,1439500.0,150000.0,0.0019999999999998,0.001,0.936,1.0,2.0,0.8775944000000001,1.291325926266518e+18,16.0,4.0,0.937,0.0,66550.0,-0.0004954572589343,0.936,0.9365,1341.0,0.937,0.0010678056593699,0.0032034169781098,-27186356.224174283,159995.0,32277600.0,26266900.0,6010700.0,58544500.0,0.1236970617677853,0.0700815781154682,315600.0,6010700.0,0.93632858048166,0.9361869695655096,0.9379033757156666,0.9341256334017338
20230823.0,2.023082313415804e+16,0.937,0.936,0.935,0.934,0.933,295400.0,5168600.0,8308500.0,7926600.0,5074000.0,0.856,0.947,0.937,0.935,13339400.0,17862300.0,9727700.0,9003900.0,5533200.0,0.938,0.939,0.94,0.941,0.942,13044000.0,12693700.0,1419200.0,1077300.0,459200.0,0.946,0.951,-0.0139999999999999,0.001,240516134.1,255584490.0,1.046,-13044000.0,-12693700.0,-1419200.0,-1077300.0,-459200.0,0.0003999999999999,267025.0,1300844.799999982,-0.001,295400.0,5168600.0,8308500.0,7926600.0,5074000.0,0.002,0.001,0.937,3.0,3.0,0.8772198000000001,1.295595949859542e+18,12.0,8.0,0.937,0.001,61925.0,0.0008917054774394,0.936,0.9375,1342.0,0.937,0.0010666666666665,0.0031999999999998,44934.42998658866,159995.0,28693400.0,26773100.0,1920300.0,55466500.0,0.1916570679311878,0.1014093498800641,1388400.0,1920300.0,0.9369380581964722,0.9370221449240596,0.9387179630158852,0.9345400159114932
20230823.0,2.023082313425804e+16,0.936,0.935,0.934,0.933,0.932,5306500.0,7765800.0,7940600.0,5079000.0,1652600.0,0.856,0.947,0.937,0.935,-5844600.0,-21240000.0,-20184800.0,-6493200.0,-2829900.0,0.937,0.938,0.939,0.94,0.941,538100.0,13474200.0,12244200.0,1414200.0,1177300.0,0.946,0.951,-0.0139999999999999,0.0,241109176.2,256217390.0,1.046,538100.0,13474200.0,12244200.0,1414200.0,1177300.0,0.0003999999999999,45520.0,593042.099999994,-0.0009999999999998,-5306500.0,-7765800.0,-7940600.0,-5079000.0,-1652600.0,0.0019999999999998,0.001,0.937,2.0,2.0,0.878719,1.309607786725654e+18,8.0,12.0,0.938,0.0009999999999998,87225.0,-0.0001218965609549,0.937,0.9365,1343.0,0.937,0.0010678056593699,0.0032034169781098,-84062.68474669755,159995.0,28848000.0,27744500.0,1103500.0,56592500.0,0.1905317826076812,0.0990897661215567,632900.0,1103500.0,0.9370233844209102,0.9369079321082708,0.9386262617859124,0.9343602371641226
20230823.0,2.0230823134358028e+16,0.936,0.935,0.934,0.933,0.932,5371300.0,7706500.0,7962000.0,5099000.0,1674100.0,0.856,0.947,0.936,0.935,-1785900.0,-938300.0,21400.0,20000.0,21500.0,0.937,0.938,0.939,0.94,0.941,2388800.0,14353200.0,12244200.0,1414200.0,1177300.0,0.946,0.951,-0.0149999999999999,-0.001,241437782.9,256568190.0,1.046,1850700.0,879000.0,0.0,0.0,0.0,0.0005,44925.0,328606.7000000179,-0.0009999999999998,64800.0,-59300.0,21400.0,20000.0,21500.0,0.0019999999999998,0.001,0.936,3.0,4.0,0.8770325000000001,1.314944646930482e+18,10.0,10.0,0.937,0.001,79300.0,-0.0002303193661845,0.936,0.9365,1344.0,0.937,0.0010678056593699,0.0032034169781098,-27475580.092858665,159995.0,31577700.0,27812900.0,3764800.0,59390600.0,0.1569584023980476,0.0941943595131073,350800.0,3764800.0,0.9367351767389336,0.9366921689153492,0.9385135174506058,0.934359613704432
20230823.0,2.0230823134458016e+16,0.936,0.935,0.934,0.933,0.932,6142700.0,7778700.0,8082000.0,5093600.0,1673800.0,0.856,0.947,0.936,0.935,553600.0,-262000.0,140000.0,-5400.0,-300.0,0.937,0.938,0.939,0.94,0.941,2606600.0,14687400.0,12224200.0,1414200.0,1177300.0,0.946,0.951,-0.0149999999999999,0.0,241635431.1,256779190.0,1.046,217800.0,334200.0,-20000.0,0.0,0.0,0.00045,35500.0,197648.19999998808,-0.0009999999999998,771400.0,72200.0,120000.0,-5400.0,-300.0,0.0019999999999998,0.001,0.936,3.0,3.0,0.8769388500000002,1.318051437160766e+18,9.0,11.0,0.937,0.001,41975.0,1.0579842578864462e-05,0.936,0.9365,1345.0,0.936,0.0010678056593699,0.0032034169781098,-95803.74148264527,159995.0,32109700.0,28770800.0,3338900.0,60880500.0,0.1685558297961883,0.1214730656686416,211000.0,3338900.0,0.9367213270141616,0.9367020790234648,0.9384976035279058,0.934403982510045
20230823.0,2.023082313455808e+16,0.937,0.936,0.935,0.934,0.933,166900.0,7027500.0,8362000.0,7641400.0,5094600.0,0.856,0.947,0.937,0.935,14159500.0,19816200.0,9776200.0,8818700.0,5783800.0,0.938,0.939,0.94,0.941,0.942,13992600.0,12788700.0,1414200.0,1177300.0,689200.0,0.946,0.951,-0.0139999999999999,0.001,241863377.9,257022490.0,1.046,-13992600.0,-12788700.0,-1414200.0,-1177300.0,-689200.0,0.0004736842105264,53684.21052631736,227946.80000001192,-0.001,166900.0,7027500.0,8362000.0,7641400.0,5094600.0,0.002,0.001,0.937,2.0,1.0,0.8769832105263159,1.253358115989826e+18,9.0,10.0,0.937,0.001,41100.0,0.0003305820854776,0.936,0.9375,1346.0,0.936,0.0010666666666665,0.0031999999999998,27384295.16254825,159995.0,30062000.0,28292400.0,1769600.0,58354400.0,0.1771747094574002,0.1279652909135808,243300.0,1769600.0,0.9368960131525356,0.9370117871393764,0.9387286873794156,0.9346299606961588
20230823.0,2.023082313465834e+16,0.938,0.937,0.936,0.935,0.934,492100.0,4984200.0,7951500.0,8203600.0,1077400.0,0.856,0.947,0.939,0.935,13207700.0,16112600.0,10798800.0,8922800.0,1893300.0,0.939,0.94,0.941,0.942,0.943,12715600.0,11128400.0,2847300.0,719200.0,815900.0,0.946,0.951,-0.012,0.0019999999999998,243935473.9,259231590.0,1.046,-12715600.0,-11128400.0,-2847300.0,-719200.0,-815900.0,9.999999999976694e-05,1014930.0,2072096.0,-0.001,492100.0,4984200.0,7951500.0,8203600.0,1077400.0,0.0019999999999998,0.0009999999999998,0.939,3.0,2.0,0.8796568,1.33242737647051e+18,15.0,5.0,0.939,0.0002499999999999,1976750.0,0.001093807689006,0.937,0.9385,1347.0,0.938,0.0010655301012253,0.0031965903036759,27538425.004236165,159995.0,28226400.0,22708800.0,5517600.0,50935200.0,0.149401479490575,0.1511004792254375,2209100.0,5517600.0,0.937981983613236,0.9380372585688652,0.9397880636567184,0.9358066828718382
20230823.0,2.0230823134758096e+16,0.938,0.937,0.936,0.935,0.934,95000.0,6142100.0,7906100.0,8272500.0,1075200.0,0.856,0.947,0.938,0.935,-2020000.0,732800.0,74600.0,89400.0,177200.0,0.939,0.94,0.941,0.942,0.943,14338500.0,11553500.0,2727300.0,698700.0,636500.0,0.946,0.951,-0.013,-0.001,246585797.1,262057090.0,1.046,1622900.0,425100.0,-120000.0,-20500.0,-179400.0,0.0001499999999999,163315.0,2650323.199999988,-0.001,-397100.0,1157900.0,-45400.0,68900.0,-2200.0,0.0019999999999998,0.0009999999999998,0.938,2.0,3.0,0.88012555,1.3609854745300777e+18,3.0,17.0,0.939,0.0,184000.0,-3.270356274868991e-05,0.938,0.9385,1348.0,0.939,0.0010655301012253,0.0031965903036759,-27822962.843246147,159995.0,29954500.0,23490900.0,6463600.0,53445400.0,0.1491876319002439,0.1508394131626237,2825500.0,6463600.0,0.9380014864625688,0.9380065819101396,0.9397227695337927,0.9358258559697584
20230823.0,2.0230823134807144e+16,0.937,0.936,0.935,0.934,0.933,5786300.0,7117000.0,8287500.0,1075200.0,979100.0,0.856,0.947,0.937,0.935,-6036300.0,-21170000.0,-19507000.0,-3802500.0,-1687800.0,0.938,0.939,0.94,0.941,0.942,250000.0,14053000.0,11219500.0,2727300.0,708700.0,0.946,0.951,-0.0139999999999999,-0.0009999999999998,246740163.3,262221690.0,1.046,250000.0,14053000.0,11219500.0,2727300.0,708700.0,0.0003333333333334,74400.0,154366.20000001788,-0.001,-5786300.0,-7117000.0,-8287500.0,-1075200.0,-979100.0,0.002,0.001,0.937,0.0,1.0,0.879219,2.061636188840723e+17,2.0,1.0,0.938,0.0004999999999999,82300.0,-5.1171535901659015e-05,0.937,0.9375,1349.0,0.938,0.0010666666666665,0.0031999999999998,-27985239.06082936,159995.0,28958500.0,23245100.0,5713400.0,52203600.0,0.1770823996543702,0.1657117907466993,164600.0,5713400.0,0.937826245443608,0.9379585839007338,0.9396405787592588,0.93567352689384
0.0,0.0,0.0,0.0,0.0,0.0,0.0,0.0,0.0,0.0,0.0,0.0,0.0,0.0,0.0,0.0,0.0,0.0,0.0,0.0,0.0,0.0,0.0,0.0,0.0,0.0,0.0,0.0,0.0,0.0,0.0,0.0,0.0,0.0,0.0,0.0,0.0,0.0,0.0,0.0,0.0,0.0,0.0,0.0,0.0,0.0,0.0,0.0,0.0,0.0,0.0,0.0,0.0,0.0,0.0,0.0,0.0,0.0,0.0,0.0,0.0,0.0,0.0,0.0,0.0,0.0,0.0,0.0,0.0,0.0,0.0,0.0,0.0,0.0,0.0,0.0,0.0,0.0,0.0,0.0,0.0,0.0,0.0,0.0,0.0
20230823.0,2.023082313505938e+16,0.937,0.936,0.935,0.934,0.933,386500.0,9480500.0,8394700.0,2626600.0,982700.0,0.856,0.947,0.938,0.935,-20162600.0,4075000.0,9694200.0,3101400.0,120800.0,0.938,0.939,0.94,0.941,0.942,15012800.0,12341500.0,1632500.0,1177300.0,591500.0,0.946,0.951,-0.013,0.0009999999999998,248519138.2,264119290.0,1.046,14762800.0,-1711500.0,-9587000.0,-1550000.0,-117200.0,1.1102230246251563e-16,1266.6666666567326,1778974.8999999762,-0.001,-5399800.0,2363500.0,107200.0,1551400.0,3600.0,0.002,0.001,0.938,0.0,0.0,0.8798439999999998,2.092745681639243e+17,0.0,3.0,0.938,0.0,1400.0,-0.0009957264622202,0.938,0.9375,1351.0,0.938,0.0010666666666665,0.0031999999999998,0.0,159995.0,30755600.0,21871000.0,8884600.0,52626600.0,0.2242810658287672,0.1855164464257549,1897600.0,8884600.0,0.937486772765586,0.9370250985434404,0.9386992027468168,0.9352588587627452
20230823.0,2.0230823135113264e+16,0.937,0.936,0.935,0.934,0.933,1812500.0,9765600.0,12700700.0,5076600.0,1004500.0,0.856,0.947,0.938,0.935,13841300.0,-786700.0,-4814000.0,2300000.0,21800.0,0.938,0.939,0.94,0.941,0.942,2597500.0,13413300.0,10752500.0,1327300.0,591500.0,0.946,0.951,-0.013,0.0,248606460.0,264212390.0,1.046,-12415300.0,1071800.0,9120000.0,150000.0,0.0,0.0001999999999999,17400.0,87321.80000001192,-0.001,1426000.0,285100.0,4306000.0,2450000.0,21800.0,0.002,0.001,0.938,1.0,1.0,0.879469,3.488623562959205e+17,4.0,1.0,0.938,0.0,10000.0,0.0004117496405501,0.937,0.9375,1352.0,0.938,0.0010666666666665,0.0031999999999998,-22057.23820294068,159995.0,28682100.0,30359900.0,-1677800.0,59042000.0,0.1121138661190253,0.1554407175356812,93100.0,1677800.0,0.937935553168764,0.9374109977324264,0.939438744025019,0.9352076752558474
0.0,0.0,0.0,0.0,0.0,0.0,0.0,0.0,0.0,0.0,0.0,0.0,0.0,0.0,0.0,0.0,0.0,0.0,0.0,0.0,0.0,0.0,0.0,0.0,0.0,0.0,0.0,0.0,0.0,0.0,0.0,0.0,0.0,0.0,0.0,0.0,0.0,0.0,0.0,0.0,0.0,0.0,0.0,0.0,0.0,0.0,0.0,0.0,0.0,0.0,0.0,0.0,0.0,0.0,0.0,0.0,0.0,0.0,0.0,0.0,0.0,0.0,0.0,0.0,0.0,0.0,0.0,0.0,0.0,0.0,0.0,0.0,0.0,0.0,0.0,0.0,0.0,0.0,0.0,0.0,0.0,0.0,0.0,0.0,0.0
20230823.0,2.023082313535888e+16,0.939,0.938,0.937,0.936,0.935,2380500.0,4129500.0,10263500.0,10844800.0,5830600.0,0.856,0.947,0.939,0.935,12410400.0,16332200.0,12635000.0,13118300.0,7390400.0,0.94,0.941,0.942,0.943,0.944,10029900.0,12202700.0,2371500.0,2273500.0,1559800.0,0.946,0.951,-0.012,0.001,254240708.5,270214590.0,1.046,-10029900.0,-12202700.0,-2371500.0,-2273500.0,-1559800.0,9.999999999987796e-05,1220345.0,5634248.5,-0.001,2380500.0,4129500.0,10263500.0,10844800.0,5830600.0,0.002,0.001,0.939,3.0,3.0,0.8815334,1.4325520220717537e+18,17.0,3.0,0.94,0.0,3201050.0,0.0018979165111839,0.938,0.9395,1354.0,0.939,0.0010643959552953,0.0031931878658861,-76725.63088159263,159995.0,28437400.0,33448900.0,-5011500.0,61886300.0,0.2458434477596361,0.2653225905179336,6002200.0,5011500.0,0.9386972276831828,0.939191814929414,0.9410551386554326,0.9365929462553328
20230823.0,2.023082313545861e+16,0.939,0.938,0.937,0.936,0.935,3158900.0,5116700.0,10087900.0,9595300.0,5303100.0,0.856,0.947,0.94,0.935,8142300.0,843800.0,-8341800.0,500.0,-757500.0,0.94,0.941,0.942,0.943,0.944,2666000.0,12346100.0,10537700.0,1023500.0,1789800.0,0.946,0.951,-0.011,0.001,254915039.2,270931990.0,1.046,-7363900.0,143400.0,8166200.0,-1250000.0,230000.0,0.0001999999999999,141290.0,674330.6999999881,-0.001,778400.0,987200.0,-175600.0,-1249500.0,-527500.0,0.002,0.001,0.94,2.0,1.0,0.8832241999999997,1.4660677063248778e+18,16.0,4.0,0.94,0.0,54500.0,0.0003731180578167,0.939,0.9395,1355.0,0.939,0.0010643959552953,0.0031931878658861,28717800.51435437,159995.0,28363100.0,33261900.0,-4898800.0,61625000.0,0.199357983386953,0.2146065038295497,717400.0,4898800.0,0.9399647337607864,0.939542309739223,0.9415390137185288,0.936736425159116
20230823.0,2.0230823135558124e+16,0.94,0.939,0.938,0.937,0.936,2429000.0,5045500.0,9008700.0,5625300.0,5428900.0,0.856,0.947,0.941,0.935,5164200.0,17900500.0,19672200.0,7415100.0,7221500.0,0.941,0.942,0.943,0.944,0.945,2735200.0,12855000.0,10663500.0,1789800.0,1792600.0,0.946,0.951,-0.01,0.001,256601055.8,272725590.0,1.046,-2735200.0,-12855000.0,-10663500.0,-1789800.0,-1792600.0,0.00025,149168.75,1686016.6000000238,-0.001,2429000.0,5045500.0,9008700.0,5625300.0,5428900.0,0.002,0.001,0.941,2.0,1.0,0.884070375,1.1882758641537254e+18,5.0,11.0,0.941,0.001,91825.0,0.0009872741204628,0.939,0.9405,1356.0,0.94,0.0010632642211589,0.0031897926634768,28996086.49254299,159995.0,29836100.0,27537400.0,2298700.0,57373500.0,0.1268961668774358,0.1467399292752398,1793600.0,2298700.0,0.9400181757359634,0.9404703535881648,0.9425659486326966,0.9377610667673782
20230823.0,2.0230823135658068e+16,0.941,0.94,0.939,0.938,0.937,496600.0,4854200.0,7959800.0,5444300.0,1454200.0,0.856,0.947,0.942,0.935,3505000.0,17878700.0,18139700.0,7230300.0,3461600.0,0.942,0.943,0.944,0.945,0.946,3008400.0,13024500.0,10179900.0,1786000.0,2007400.0,0.946,0.951,-0.009,0.001,259656260.7,275972290.0,1.046,-3008400.0,-13024500.0,-10179900.0,-1786000.0,-2007400.0,0.0002777777777779,693811.1111111045,3055204.899999976,-0.001,496600.0,4854200.0,7959800.0,5444300.0,1454200.0,0.002,0.001,0.942,4.0,3.0,0.8860041666666665,1.363513361202138e+18,6.0,12.0,0.942,0.001,783750.0,0.0007135687237476,0.94,0.9415,1357.0,0.941,0.0010621348911311,0.0031864046733935,29201531.52873925,159995.0,30006200.0,20209100.0,9797100.0,50215300.0,0.1212211977062521,0.1383371347498432,3246700.0,9797100.0,0.94101854190408,0.9411416833095576,0.9435587411934868,0.9388760310949028
20230823.0,2.0230823135755016e+16,0.94,0.939,0.938,0.937,0.936,1014100.0,3295500.0,7942300.0,5455600.0,5482000.0,0.856,0.947,0.94,0.935,-3475000.0,-15540300.0,-17510300.0,-7225500.0,-7274500.0,0.941,0.942,0.943,0.944,0.945,2460900.0,12244800.0,9568000.0,1769900.0,1792500.0,0.946,0.951,-0.011,-0.002,260500128.5,276869090.0,1.046,2460900.0,12244800.0,9568000.0,1769900.0,1792500.0,7.142857142883319e-05,67942.85714286566,843867.8000000119,-0.001,-1014100.0,-3295500.0,-7942300.0,-5455600.0,-5482000.0,0.002,0.001,0.94,0.0,2.0,0.8856156428571428,1.0709321482448534e+18,2.0,12.0,0.942,0.0,148975.0,-0.000903413300996,0.94,0.9405,1358.0,0.942,0.0010632642211589,0.0031897926634768,-58842914.08980945,159995.0,27836100.0,23189500.0,4646600.0,51025600.0,0.1287207705122832,0.1429685032370057,896800.0,4646600.0,0.940976583407685,0.9402918273381295,0.942575669723848,0.9375215118911576
20230823.0,2.023082313585501e+16,0.941,0.94,0.939,0.938,0.937,2148100.0,6307400.0,6640300.0,5375000.0,1646700.0,0.856,0.947,0.942,0.935,3329800.0,16760000.0,18972500.0,7323000.0,3659100.0,0.942,0.943,0.944,0.945,0.946,1181700.0,10452600.0,12332200.0,1948000.0,2012400.0,0.946,0.951,-0.009,0.002,261556569.0,277991490.0,1.046,-1181700.0,-10452600.0,-12332200.0,-1948000.0,-2012400.0,0.000684210526316,330531.5789473653,1056440.5,-0.001,2148100.0,6307400.0,6640300.0,5375000.0,1646700.0,0.002,0.001,0.942,5.0,3.0,0.886075947368421,1.4644254807778975e+18,9.0,10.0,0.942,0.001,535550.0,0.0014510274677503,0.94,0.9415,1359.0,0.94,0.0010621348911311,0.0031864046733935,58836945.82466298,159995.0,27926900.0,22117500.0,5809400.0,50044400.0,0.1502807483478669,0.1809187097167102,1122400.0,5809400.0,0.9412335174625802,0.94164511382065,0.9437549602712796,0.9390874963264384
20230823.0,2.0230823135955016e+16,0.941,0.94,0.939,0.938,0.937,608200.0,5116900.0,7933600.0,5356000.0,1808700.0,0.856,0.947,0.941,0.935,-2946900.0,-2437800.0,3085100.0,-1256000.0,-1232800.0,0.942,0.943,0.944,0.945,0.946,2850700.0,11699900.0,10419400.0,3185000.0,3407200.0,0.946,0.951,-0.01,-0.001,261982828.3,278444190.0,1.046,1527000.0,1367300.0,-1911800.0,1237000.0,1394800.0,0.0002105263157895,90021.05263155699,426259.3000000119,-0.001,-1419900.0,-1070500.0,1173300.0,-19000.0,162000.0,0.002,0.001,0.941,2.0,3.0,0.8869675789473684,1.470833171017962e+18,15.0,4.0,0.942,0.0,187750.0,-0.0004559655606321,0.941,0.9415,1400.0,0.942,0.0010621348911311,0.0031864046733935,-29652329.94668456,159995.0,31562200.0,20823400.0,10738800.0,52385600.0,0.1566411623710576,0.181064778924038,452700.0,10738800.0,0.9415933289154228,0.9411758362485182,0.9437654821273548,0.9388732147487924
20230823.0,2.023082314005505e+16,0.94,0.939,0.938,0.937,0.936,1902600.0,3309300.0,8276100.0,6422700.0,4496700.0,0.856,0.947,0.94,0.935,-5018600.0,-15845600.0,-17670800.0,-8198100.0,-6007700.0,0.941,0.942,0.943,0.944,0.945,3116000.0,12536300.0,9394700.0,1775400.0,1511000.0,0.946,0.951,-0.011,-0.002,263075169.7,279605190.0,1.046,3116000.0,12536300.0,9394700.0,1775400.0,1511000.0,0.0002105263157894,32789.473684191704,1088859.199999988,-0.001,-1902600.0,-3309300.0,-8276100.0,-6422700.0,-4496700.0,0.002,0.001,0.94,2.0,3.0,0.8850849999999999,1.482932024226878e+18,15.0,4.0,0.941,0.0,64250.0,-0.0009642982086176,0.94,0.9405,1401.0,0.941,0.0010632642211589,0.0031897926634768,-29783774.60261835,159995.0,28333400.0,24407400.0,3926000.0,52740800.0,0.1550172994828139,0.1658351985469515,1157300.0,3926000.0,0.9408616607621084,0.9403791097118718,0.942506910571975,0.9376598736448782
20230823.0,2.0230823140158064e+16,0.939,0.938,0.937,0.936,0.935,42500.0,3394100.0,10804300.0,8918300.0,4141800.0,0.856,0.947,0.939,0.935,-4066700.0,-15391300.0,-20092200.0,-9948100.0,-5686700.0,0.94,0.941,0.942,0.943,0.944,4024200.0,11997200.0,9287900.0,1029800.0,1544900.0,0.946,0.951,-0.012,-0.001,267873675.2,284712290.0,1.046,4024200.0,11997200.0,9287900.0,1029800.0,1544900.0,0.00025,810450.0,4610505.5,-0.001,-42500.0,-3394100.0,-10804300.0,-8918300.0,-4141800.0,0.002,0.001,0.939,1.0,3.0,0.8821909499999998,1.601861599789822e+18,5.0,15.0,0.941,0.0002499999999999,1301850.0,-0.0014199724662891,0.938,0.9395,1402.0,0.941,0.0010643959552953,0.0031931878658861,-60104434.62719089,159995.0,27884000.0,27301000.0,583000.0,55185000.0,0.1782437399243726,0.1956333259748039,4907100.0,583000.0,0.9395580892991788,0.9390104507340103,0.9414288480849232,0.9364973517453574
20230823.0,2.0230823140257964e+16,0.938,0.937,0.936,0.935,0.934,3148300.0,5564400.0,10529000.0,8135100.0,1041000.0,0.856,0.947,0.939,0.935,-3197800.0,-17582300.0,-21604600.0,-9272500.0,-1840700.0,0.939,0.94,0.941,0.942,0.943,49500.0,12017900.0,11075600.0,1137400.0,799700.0,0.946,0.951,-0.012,0.0,269909850.7,286879590.0,1.046,49500.0,12017900.0,11075600.0,1137400.0,799700.0,1.1102230246251563e-16,588380.0,2036175.5,-0.001,-3148300.0,-5564400.0,-10529000.0,-8135100.0,-1041000.0,0.0019999999999998,0.0009999999999998,0.939,2.0,2.0,0.8817211,1.632524935378814e+18,19.0,1.0,0.94,0.0,1195350.0,-2.761469172161968e-05,0.938,0.9385,1403.0,0.939,0.0010655301012253,0.0031965903036759,-48731.41652845591,159995.0,25080100.0,28417800.0,-3337700.0,53497900.0,0.2093942707217778,0.1931631591570276,2167300.0,3337700.0,0.9394986849997692,0.9389845206079178,0.9406259943142172,0.9360578475462564
20230823.0,2.023082314035806e+16,0.938,0.937,0.936,0.935,0.934,3350800.0,5474100.0,11699200.0,8976100.0,1041000.0,0.856,0.947,0.939,0.935,232000.0,-145600.0,1666600.0,643800.0,-199000.0,0.939,0.94,0.941,0.942,0.943,20000.0,12073200.0,10579200.0,1334600.0,998700.0,0.946,0.951,-0.012,0.0,273612363.4,290820690.0,1.046,-29500.0,55300.0,-496400.0,197200.0,199000.0,0.0001428571428572,1247628.571428597,3702512.699999988,-0.001,202500.0,-90300.0,1170200.0,841000.0,0.0,0.0019999999999998,0.0009999999999998,0.939,2.0,2.0,0.8819894285714287,1.165343498808053e+18,2.0,12.0,0.94,0.0,2455925.0,1.016633794090338e-05,0.939,0.9385,1404.0,0.939,0.0010655301012253,0.0031965903036759,-96645.16121722758,159995.0,25005700.0,30541200.0,-5535500.0,55546900.0,0.1955698170069925,0.1546316876756519,3941100.0,5535500.0,0.9394617492578184,0.9389940666904,0.9406488320662888,0.9360365931921472
20230823.0,2.023082314045797e+16,0.939,0.938,0.937,0.936,0.935,111700.0,3465700.0,4396600.0,11818300.0,9176800.0,0.856,0.947,0.939,0.935,12811300.0,14151300.0,5700300.0,12817000.0,10727900.0,0.94,0.941,0.942,0.943,0.944,12699600.0,10685600.0,1303700.0,998700.0,1551100.0,0.946,0.951,-0.012,0.0,276247850.3,293626990.0,1.046,-12699600.0,-10685600.0,-1303700.0,-998700.0,-1551100.0,0.0002499999999998,702405.0,2635486.900000036,-0.001,111700.0,3465700.0,4396600.0,11818300.0,9176800.0,0.002,0.001,0.939,3.0,2.0,0.88125175,1.7093934047681498e+18,15.0,5.0,0.939,0.0002499999999999,1369100.0,1.5603997065016806e-05,0.938,0.9395,1405.0,0.938,0.0010643959552953,0.0031931878658861,30958439.084813293,159995.0,27238700.0,28969100.0,-1730400.0,56207800.0,0.209706878962989,0.1567553367414813,2806300.0,1730400.0,0.939132273812506,0.9390087188653764,0.9408257919797934,0.9360858259317686
20230823.0,2.023082314055797e+16,0.938,0.937,0.936,0.935,0.934,2042000.0,4626100.0,6739900.0,6576200.0,1040700.0,0.856,0.947,0.939,0.935,-15391300.0,-16870200.0,-8419200.0,-8290900.0,-2005500.0,0.939,0.94,0.941,0.942,0.943,13349300.0,12244100.0,1679300.0,1714700.0,964800.0,0.946,0.951,-0.012,0.0,278827637.6,296374190.0,1.046,13349300.0,12244100.0,1679300.0,1714700.0,964800.0,0.0001999999999999,749950.0,2579787.300000012,-0.001,-2042000.0,-4626100.0,-6739900.0,-6576200.0,-1040700.0,0.0019999999999998,0.0009999999999998,0.939,1.0,1.0,0.8813456000000001,1.7397942243322258e+18,16.0,4.0,0.939,0.0,1362200.0,-0.0009333836856548,0.938,0.9385,1406.0,0.939,0.0010655301012253,0.0031965903036759,34848.20420943946,159995.0,29952200.0,21024900.0,8927300.0,50977100.0,0.2008653231083654,0.1552343046838218,2747200.0,8927300.0,0.939060607163662,0.938132672353862,0.9398215089375738,0.9360024970392248
20230823.0,2.0230823140658e+16,0.938,0.937,0.936,0.935,0.934,2386400.0,4892900.0,7904600.0,7562700.0,1044700.0,0.856,0.947,0.939,0.935,-791000.0,238500.0,1168900.0,986500.0,-1000.0,0.939,0.94,0.941,0.942,0.943,14484700.0,12272400.0,1675100.0,1714700.0,969800.0,0.946,0.951,-0.012,0.0,281081789.2,298775190.0,1.046,1135400.0,28300.0,-4200.0,0.0,5000.0,0.0003499999999999,781645.0,2254151.599999964,-0.001,344400.0,266800.0,1164700.0,986500.0,4000.0,0.0019999999999998,0.0009999999999998,0.939,5.0,4.0,0.88106405,1.7749076834467297e+18,13.0,7.0,0.939,0.001,1379650.0,9.355384447101713e-06,0.938,0.9385,1407.0,0.938,0.0010655301012253,0.0031965903036759,31527809.0787505,159995.0,31116700.0,23791300.0,7325400.0,54908000.0,0.1732934833019251,0.0759512263775175,2401000.0,7325400.0,0.9388386505622508,0.9381414489867288,0.9397920473572068,0.9360005716375313
20230823.0,2.023082314075495e+16,0.938,0.937,0.936,0.935,0.934,1089800.0,5045200.0,6439700.0,7969700.0,1274700.0,0.856,0.947,0.938,0.935,-86300.0,134900.0,-704000.0,557000.0,230000.0,0.939,0.94,0.941,0.942,0.943,13274400.0,12289800.0,914200.0,1564700.0,969800.0,0.946,0.951,-0.013,-0.001,281845713.8,299589590.0,1.046,-1210300.0,17400.0,-760900.0,-150000.0,0.0,0.000153846153846,373661.538461566,763924.6000000238,-0.001,-1296600.0,152300.0,-1464900.0,407000.0,230000.0,0.0019999999999998,0.0009999999999998,0.938,1.0,2.0,0.8814322307692308,1.1633880404308214e+18,11.0,2.0,0.939,0.0,559600.0,-6.990641368329054e-05,0.938,0.9385,1408.0,0.939,0.0010655301012253,0.0031965903036759,-31973073.1100318,159995.0,29012900.0,21819100.0,7193800.0,50832000.0,0.1118122660676561,0.0874741343292226,814400.0,7193800.0,0.938021365422426,0.9380758691747538,0.9397821176097528,0.9358490176038424
20230823.0,2.023082314085505e+16,0.937,0.936,0.935,0.934,0.933,2457200.0,6819400.0,12092100.0,6273700.0,829800.0,0.856,0.947,0.937,0.935,-13751500.0,-20141800.0,-15063900.0,-6837400.0,-2342000.0,0.938,0.939,0.94,0.941,0.942,11294300.0,13322400.0,2971800.0,563700.0,1512200.0,0.946,0.951,-0.0139999999999999,-0.0009999999999998,283282889.8,301122190.0,1.046,11294300.0,13322400.0,2971800.0,563700.0,1512200.0,0.0004999999999999,307080.0,1437176.0,-0.001,-2457200.0,-6819400.0,-12092100.0,-6273700.0,-829800.0,0.002,0.001,0.937,2.0,3.0,0.8789065,9.045395813868768e+17,5.0,5.0,0.938,0.0009999999999998,82850.0,-0.0009562295620507,0.937,0.9375,1409.0,0.938,0.0010666666666665,0.0031999999999998,-32198745.50861739,159995.0,29664400.0,28472200.0,1192200.0,58136600.0,0.1868510623980789,0.1413460735762569,1532600.0,1192200.0,0.937737178650659,0.9371786859615316,0.9389103807931392,0.9351334810797902
20230823.0,2.0230823140955e+16,0.937,0.936,0.935,0.934,0.933,2329000.0,6862300.0,12198300.0,6433700.0,830800.0,0.856,0.947,0.938,0.935,900700.0,-1111500.0,205200.0,-70000.0,-98000.0,0.938,0.939,0.94,0.941,0.942,10163400.0,14424200.0,2821800.0,793700.0,1612100.0,0.946,0.951,-0.013,0.0,283987370.0,301873890.0,1.046,-1120900.0,981800.0,-150000.0,230000.0,99000.0,0.0004210526315788,161257.89473682642,695100.1999999881,-0.001,-220200.0,-129700.0,55200.0,160000.0,1000.0,0.002,0.001,0.938,3.0,3.0,0.8787584736842106,1.7295545569436022e+18,8.0,11.0,0.938,0.0009999999999998,182850.0,2.3005626385713684e-06,0.937,0.9375,1410.0,0.938,0.0010666666666665,0.0031999999999998,-25496.215750016272,159995.0,29815200.0,28654100.0,1161100.0,58469300.0,0.2134763820524126,0.1299263008977243,741700.0,1161100.0,0.9371716327355912,0.9371864333514778,0.9389692136896616,0.9351195291424264
