time,exchg,code,price,open,high,low,settle_price,upper_limit,lower_limit,total_volume,volume,total_turnover,turnover,open_interest,diff_interest,trading_date,action_date,action_time,pre_close,pre_settle,pre_interest,bid_price_0,bid_price_1,bid_price_2,bid_price_3,bid_price_4,bid_price_5,bid_price_6,bid_price_7,bid_price_8,bid_price_9,ask_price_0,ask_price_1,ask_price_2,ask_price_3,ask_price_4,ask_price_5,ask_price_6,ask_price_7,ask_price_8,ask_price_9,bid_qty_0,bid_qty_1,bid_qty_2,bid_qty_3,bid_qty_4,bid_qty_5,bid_qty_6,bid_qty_7,bid_qty_8,bid_qty_9,ask_qty_0,ask_qty_1,ask_qty_2,ask_qty_3,ask_qty_4,ask_qty_5,ask_qty_6,ask_qty_7,ask_qty_8,ask_qty_9
20230823093659056,SZSE,SZSE.ETF.159919,3.883,3.882,3.889,3.88,0.0,4.282,3.504,12004700.0,16800.0,46623136.6,65234.39999999851,0.0,0.0,20230823,20230823,93659054,3.893,0.0,0.0,3.881,3.88,3.879,3.878,3.877,0.0,0.0,0.0,0.0,0.0,3.883,3.884,3.885,3.886,3.887,0.0,0.0,0.0,0.0,0.0,568300.0,1998300.0,2557200.0,1474400.0,152900.0,0.0,0.0,0.0,0.0,0.0,941900.0,1784500.0,1492300.0,153800.0,248300.0,0.0,0.0,0.0,0.0,0.0
20230823093702092,SZSE,SZSE.ETF.159919,3.883,3.882,3.889,3.88,0.0,4.282,3.504,12004700.0,0.0,46623136.6,0.0,0.0,0.0,20230823,20230823,93702092,3.893,0.0,0.0,3.882,3.881,3.88,3.879,3.878,0.0,0.0,0.0,0.0,0.0,3.883,3.884,3.885,3.886,3.887,0.0,0.0,0.0,0.0,0.0,600000.0,121900.0,1644200.0,2177200.0,1974400.0,0.0,0.0,0.0,0.0,0.0,613400.0,1513000.0,1492300.0,753800.0,274700.0,0.0,0.0,0.0,0.0,0.0
20230823093342000,SZSE,SZSE.ETF.159919,3.885,3.882,3.888,3.88,0.0,4.282,3.504,7692700.0,100.0,29869921.8,388.5,0.0,0.0,20230823,20230823,93342000,3.893,0.0,0.0,3.884,3.883,3.882,3.881,3.88,0.0,0.0,0.0,0.0,0.0,3.885,3.886,3.887,3.888,3.889,0.0,0.0,0.0,0.0,0.0,21300.0,1557800.0,2013500.0,631300.0,284500.0,0.0,0.0,0.0,0.0,0.0,900.0,1679500.0,934500.0,1610000.0,95000.0,0.0,0.0,0.0,0.0,0.0
20230823093705164,SZSE,SZSE.ETF.159919,3.883,3.882,3.889,3.88,0.0,4.282,3.504,12005000.0,300.0,46624301.5,1164.8999999985099,0.0,0.0,20230823,20230823,93705164,3.893,0.0,0.0,3.882,3.881,3.88,3.879,3.878,0.0,0.0,0.0,0.0,0.0,3.883,3.884,3.885,3.886,3.887,0.0,0.0,0.0,0.0,0.0,600000.0,987500.0,1893500.0,1247200.0,1404400.0,0.0,0.0,0.0,0.0,0.0,341600.0,1822400.0,1507000.0,1153800.0,342300.0,0.0,0.0,0.0,0.0,0.0
20230823093345000,SZSE,SZSE.ETF.159919,3.884,3.882,3.888,3.88,0.0,4.282,3.504,7715800.0,23100.0,29959643.5,89721.69999999925,0.0,0.0,20230823,20230823,93345000,3.893,0.0,0.0,3.883,3.882,3.881,3.88,3.879,0.0,0.0,0.0,0.0,0.0,3.884,3.885,3.886,3.887,3.888,0.0,0.0,0.0,0.0,0.0,25500.0,2246300.0,1501300.0,1062600.0,417600.0,0.0,0.0,0.0,0.0,0.0,78200.0,1575100.0,1248000.0,763000.0,860000.0,0.0,0.0,0.0,0.0,0.0
20230823093708264,SZSE,SZSE.ETF.159919,3.884,3.882,3.889,3.88,0.0,4.282,3.504,12363400.0,358400.0,48015985.5,1391684.0,0.0,0.0,20230823,20230823,93708263,3.893,0.0,0.0,3.882,3.881,3.88,3.879,3.878,0.0,0.0,0.0,0.0,0.0,3.883,3.884,3.885,3.886,3.887,0.0,0.0,0.0,0.0,0.0,702700.0,931000.0,1417500.0,2347200.0,1102400.0,0.0,0.0,0.0,0.0,0.0,152600.0,1657700.0,802300.0,1553800.0,142300.0,0.0,0.0,0.0,0.0,0.0
20230823093711188,SZSE,SZSE.ETF.159919,3.882,3.882,3.889,3.88,0.0,4.282,3.504,12383400.0,20000.0,48093625.5,77640.0,0.0,0.0,20230823,20230823,93711189,3.893,0.0,0.0,3.882,3.881,3.88,3.879,3.878,0.0,0.0,0.0,0.0,0.0,3.884,3.885,3.886,3.887,3.888,0.0,0.0,0.0,0.0,0.0,1182600.0,1367800.0,1552700.0,1647200.0,502400.0,0.0,0.0,0.0,0.0,0.0,517300.0,1695300.0,1103800.0,642300.0,1010700.0,0.0,0.0,0.0,0.0,0.0
20230823093348000,SZSE,SZSE.ETF.159919,3.884,3.882,3.888,3.88,0.0,4.282,3.504,7725800.0,10000.0,29998483.5,38840.0,0.0,0.0,20230823,20230823,93348000,3.893,0.0,0.0,3.883,3.882,3.881,3.88,3.879,0.0,0.0,0.0,0.0,0.0,3.885,3.886,3.887,3.888,3.889,0.0,0.0,0.0,0.0,0.0,539300.0,1732500.0,1406300.0,632700.0,495700.0,0.0,0.0,0.0,0.0,0.0,467300.0,1989500.0,1024500.0,790000.0,1643900.0,0.0,0.0,0.0,0.0,0.0
20230823093714068,SZSE,SZSE.ETF.159919,3.882,3.882,3.889,3.88,0.0,4.282,3.504,12663600.0,280200.0,49181364.6,1087739.1000000015,0.0,0.0,20230823,20230823,93714068,3.893,0.0,0.0,3.882,3.881,3.88,3.879,3.878,0.0,0.0,0.0,0.0,0.0,3.883,3.884,3.885,3.886,3.887,0.0,0.0,0.0,0.0,0.0,2700.0,1594800.0,1273700.0,2447200.0,308000.0,0.0,0.0,0.0,0.0,0.0,386300.0,2286200.0,902300.0,853800.0,12300.0,0.0,0.0,0.0,0.0,0.0
20230823093351000,SZSE,SZSE.ETF.159919,3.884,3.882,3.888,3.88,0.0,4.282,3.504,7725800.0,0.0,29998483.5,0.0,0.0,0.0,20230823,20230823,93351000,3.893,0.0,0.0,3.884,3.883,3.882,3.881,3.88,0.0,0.0,0.0,0.0,0.0,3.885,3.886,3.887,3.888,3.889,0.0,0.0,0.0,0.0,0.0,220800.0,1310000.0,1673000.0,1006300.0,235700.0,0.0,0.0,0.0,0.0,0.0,272700.0,1389500.0,1524500.0,710000.0,451100.0,0.0,0.0,0.0,0.0,0.0
20230823093717076,SZSE,SZSE.ETF.159919,3.882,3.882,3.889,3.88,0.0,4.282,3.504,12734700.0,71100.0,49457375.1,276010.5,0.0,0.0,20230823,20230823,93717077,3.893,0.0,0.0,3.881,3.88,3.879,3.878,3.877,0.0,0.0,0.0,0.0,0.0,3.882,3.883,3.884,3.885,3.886,0.0,0.0,0.0,0.0,0.0,51300.0,1914500.0,1450200.0,1902400.0,1262900.0,0.0,0.0,0.0,0.0,0.0,100000.0,2589000.0,871500.0,714000.0,453800.0,0.0,0.0,0.0,0.0,0.0
20230823093354000,SZSE,SZSE.ETF.159919,3.884,3.882,3.888,3.88,0.0,4.282,3.504,7725800.0,0.0,29998483.5,0.0,0.0,0.0,20230823,20230823,93354000,3.893,0.0,0.0,3.884,3.883,3.882,3.881,3.88,0.0,0.0,0.0,0.0,0.0,3.885,3.886,3.887,3.888,3.889,0.0,0.0,0.0,0.0,0.0,44000.0,1430800.0,1523000.0,1106300.0,265700.0,0.0,0.0,0.0,0.0,0.0,372700.0,1689500.0,1224500.0,1210000.0,425000.0,0.0,0.0,0.0,0.0,0.0
20230823093945576,SZSE,SZSE.ETF.159919,3.878,3.882,3.889,3.878,0.0,4.282,3.504,14854300.0,0.0,57681386.8,0.0,0.0,0.0,20230823,20230823,93945578,3.893,0.0,0.0,3.878,3.877,3.876,3.875,3.874,0.0,0.0,0.0,0.0,0.0,3.879,3.88,3.881,3.882,3.883,0.0,0.0,0.0,0.0,0.0,203700.0,2833000.0,842200.0,1244700.0,286700.0,0.0,0.0,0.0,0.0,0.0,9000.0,2107500.0,411600.0,838300.0,646000.0,0.0,0.0,0.0,0.0,0.0
20230823093357000,SZSE,SZSE.ETF.159919,3.884,3.882,3.888,3.88,0.0,4.282,3.504,7725800.0,0.0,29998483.5,0.0,0.0,0.0,20230823,20230823,93357000,3.893,0.0,0.0,3.884,3.883,3.882,3.881,3.88,0.0,0.0,0.0,0.0,0.0,3.885,3.886,3.887,3.888,3.889,0.0,0.0,0.0,0.0,0.0,114100.0,307600.0,1869200.0,1706300.0,665700.0,0.0,0.0,0.0,0.0,0.0,1275700.0,1048000.0,1463000.0,760000.0,1322000.0,0.0,0.0,0.0,0.0,0.0
20230823093947460,SZSE,SZSE.ETF.159919,3.878,3.882,3.889,3.878,0.0,4.282,3.504,15824800.0,970500.0,61444985.8,3763599.0,0.0,0.0,20230823,20230823,93947461,3.893,0.0,0.0,3.878,3.877,3.876,3.875,3.874,0.0,0.0,0.0,0.0,0.0,3.879,3.88,3.881,3.882,3.883,0.0,0.0,0.0,0.0,0.0,600000.0,720200.0,1845200.0,1021600.0,586700.0,0.0,0.0,0.0,0.0,0.0,808900.0,2410500.0,796900.0,750000.0,146000.0,0.0,0.0,0.0,0.0,0.0
20230823093951208,SZSE,SZSE.ETF.159919,3.878,3.882,3.889,3.878,0.0,4.282,3.504,15832300.0,7500.0,61474070.8,29085.0,0.0,0.0,20230823,20230823,93951206,3.893,0.0,0.0,3.878,3.877,3.876,3.875,3.874,0.0,0.0,0.0,0.0,0.0,3.879,3.88,3.881,3.882,3.883,0.0,0.0,0.0,0.0,0.0,595900.0,434300.0,919100.0,2144200.0,560800.0,0.0,0.0,0.0,0.0,0.0,908900.0,1607500.0,1699900.0,750000.0,46000.0,0.0,0.0,0.0,0.0,0.0
20230823093400000,SZSE,SZSE.ETF.159919,3.885,3.882,3.888,3.88,0.0,4.282,3.504,7857700.0,131900.0,30510814.8,512331.30000000075,0.0,0.0,20230823,20230823,93400000,3.893,0.0,0.0,3.884,3.883,3.882,3.881,3.88,0.0,0.0,0.0,0.0,0.0,3.885,3.886,3.887,3.888,3.889,0.0,0.0,0.0,0.0,0.0,14000.0,15600.0,2162800.0,1706300.0,565700.0,0.0,0.0,0.0,0.0,0.0,1644000.0,1358000.0,753000.0,760000.0,1322000.0,0.0,0.0,0.0,0.0,0.0
20230823093954552,SZSE,SZSE.ETF.159919,3.878,3.882,3.889,3.878,0.0,4.282,3.504,15832300.0,0.0,61474070.8,0.0,0.0,0.0,20230823,20230823,93954551,3.893,0.0,0.0,3.878,3.877,3.876,3.875,3.874,0.0,0.0,0.0,0.0,0.0,3.879,3.88,3.881,3.882,3.883,0.0,0.0,0.0,0.0,0.0,2100.0,1334300.0,819100.0,2044200.0,1060800.0,0.0,0.0,0.0,0.0,0.0,908900.0,1607500.0,1699900.0,750000.0,46000.0,0.0,0.0,0.0,0.0,0.0
20230823093958296,SZSE,SZSE.ETF.159919,3.878,3.882,3.889,3.878,0.0,4.282,3.504,15832300.0,0.0,61474070.8,0.0,0.0,0.0,20230823,20230823,93958296,3.893,0.0,0.0,3.878,3.877,3.876,3.875,3.874,0.0,0.0,0.0,0.0,0.0,3.879,3.88,3.881,3.882,3.883,0.0,0.0,0.0,0.0,0.0,702100.0,734300.0,1060000.0,1344200.0,660800.0,0.0,0.0,0.0,0.0,0.0,408900.0,1007500.0,2699900.0,700000.0,46000.0,0.0,0.0,0.0,0.0,0.0
20230823093403000,SZSE,SZSE.ETF.159919,3.883,3.882,3.888,3.88,0.0,4.282,3.504,7883700.0,26000.0,30611798.0,100983.19999999925,0.0,0.0,20230823,20230823,93403000,3.893,0.0,0.0,3.883,3.882,3.881,3.88,3.879,0.0,0.0,0.0,0.0,0.0,3.884,3.885,3.886,3.887,3.888,0.0,0.0,0.0,0.0,0.0,24800.0,822400.0,1778400.0,1565600.0,391800.0,0.0,0.0,0.0,0.0,0.0,903000.0,1012500.0,1376500.0,763000.0,1657000.0,0.0,0.0,0.0,0.0,0.0
20230823094000288,SZSE,SZSE.ETF.159919,3.878,3.882,3.889,3.878,0.0,4.282,3.504,16232200.0,399900.0,63024883.0,1550812.200000003,0.0,0.0,20230823,20230823,94000287,3.893,0.0,0.0,3.878,3.877,3.876,3.875,3.874,0.0,0.0,0.0,0.0,0.0,3.879,3.88,3.881,3.882,3.883,0.0,0.0,0.0,0.0,0.0,302200.0,1633800.0,1160000.0,744700.0,361800.0,0.0,0.0,0.0,0.0,0.0,9000.0,807500.0,1711600.0,1088300.0,46000.0,0.0,0.0,0.0,0.0,0.0
20230823094003264,SZSE,SZSE.ETF.159919,3.878,3.882,3.889,3.878,0.0,4.282,3.504,16237200.0,5000.0,63044273.0,19390.0,0.0,0.0,20230823,20230823,94003264,3.893,0.0,0.0,3.878,3.877,3.876,3.875,3.874,0.0,0.0,0.0,0.0,0.0,3.879,3.88,3.881,3.882,3.883,0.0,0.0,0.0,0.0,0.0,399900.0,2333800.0,1160000.0,744700.0,307700.0,0.0,0.0,0.0,0.0,0.0,9000.0,1507500.0,1999900.0,750000.0,146000.0,0.0,0.0,0.0,0.0,0.0
20230823093406000,SZSE,SZSE.ETF.159919,3.884,3.882,3.888,3.88,0.0,4.282,3.504,7918200.0,34500.0,30745796.0,133998.0,0.0,0.0,20230823,20230823,93406000,3.893,0.0,0.0,3.883,3.882,3.881,3.88,3.879,0.0,0.0,0.0,0.0,0.0,3.884,3.885,3.886,3.887,3.888,0.0,0.0,0.0,0.0,0.0,19900.0,532900.0,2377900.0,1335600.0,495700.0,0.0,0.0,0.0,0.0,0.0,678800.0,1781700.0,1386500.0,353000.0,1687000.0,0.0,0.0,0.0,0.0,0.0
20230823094005688,SZSE,SZSE.ETF.159919,3.879,3.882,3.889,3.878,0.0,4.282,3.504,16250500.0,13300.0,63095859.4,51586.39999999851,0.0,0.0,20230823,20230823,94005689,3.893,0.0,0.0,3.879,3.878,3.877,3.876,3.875,0.0,0.0,0.0,0.0,0.0,3.88,3.881,3.882,3.883,3.884,0.0,0.0,0.0,0.0,0.0,1088600.0,1107600.0,1907700.0,592200.0,1544700.0,0.0,0.0,0.0,0.0,0.0,358200.0,1235700.0,2603000.0,146000.0,969800.0,0.0,0.0,0.0,0.0,0.0
20230823093409000,SZSE,SZSE.ETF.159919,3.884,3.882,3.888,3.88,0.0,4.282,3.504,7918200.0,0.0,30745796.0,0.0,0.0,0.0,20230823,20230823,93409000,3.893,0.0,0.0,3.883,3.882,3.881,3.88,3.879,0.0,0.0,0.0,0.0,0.0,3.884,3.885,3.886,3.887,3.888,0.0,0.0,0.0,0.0,0.0,148200.0,832400.0,1778400.0,935600.0,495700.0,0.0,0.0,0.0,0.0,0.0,578800.0,1781700.0,1386500.0,453000.0,790000.0,0.0,0.0,0.0,0.0,0.0
20230823093412000,SZSE,SZSE.ETF.159919,3.883,3.882,3.888,3.88,0.0,4.282,3.504,7977300.0,59100.0,30975281.3,229485.30000000075,0.0,0.0,20230823,20230823,93412000,3.893,0.0,0.0,3.882,3.881,3.88,3.879,3.878,0.0,0.0,0.0,0.0,0.0,3.883,3.884,3.885,3.886,3.887,0.0,0.0,0.0,0.0,0.0,714900.0,1909200.0,1485600.0,843900.0,324300.0,0.0,0.0,0.0,0.0,0.0,38300.0,1634800.0,891700.0,1276500.0,353000.0,0.0,0.0,0.0,0.0,0.0
20230823094014336,SZSE,SZSE.ETF.159919,3.878,3.882,3.889,3.878,0.0,4.282,3.504,16636000.0,116000.0,64590857.9,449848.0,0.0,0.0,20230823,20230823,94014334,3.893,0.0,0.0,3.877,3.876,3.875,3.874,3.873,0.0,0.0,0.0,0.0,0.0,3.878,3.879,3.88,3.881,3.882,0.0,0.0,0.0,0.0,0.0,1205200.0,1145200.0,2121100.0,281800.0,1348800.0,0.0,0.0,0.0,0.0,0.0,134000.0,1127200.0,2452200.0,456600.0,750000.0,0.0,0.0,0.0,0.0,0.0
20230823094017372,SZSE,SZSE.ETF.159919,3.876,3.882,3.889,3.876,0.0,4.282,3.504,16711800.0,75800.0,64884736.2,293878.30000000447,0.0,0.0,20230823,20230823,94017373,3.893,0.0,0.0,3.876,3.875,3.874,3.873,3.872,0.0,0.0,0.0,0.0,0.0,3.877,3.878,3.879,3.88,3.881,0.0,0.0,0.0,0.0,0.0,1878200.0,2251100.0,601800.0,1233100.0,327300.0,0.0,0.0,0.0,0.0,0.0,70100.0,520400.0,2224500.0,752200.0,608600.0,0.0,0.0,0.0,0.0,0.0
20230823093415000,SZSE,SZSE.ETF.159919,3.883,3.882,3.888,3.88,0.0,4.282,3.504,7977300.0,0.0,30975281.3,0.0,0.0,0.0,20230823,20230823,93415000,3.893,0.0,0.0,3.882,3.881,3.88,3.879,3.878,0.0,0.0,0.0,0.0,0.0,3.883,3.884,3.885,3.886,3.887,0.0,0.0,0.0,0.0,0.0,332800.0,698400.0,1178500.0,2413900.0,228200.0,0.0,0.0,0.0,0.0,0.0,1617100.0,772500.0,1120200.0,454000.0,1380000.0,0.0,0.0,0.0,0.0,0.0
20230823094020556,SZSE,SZSE.ETF.159919,3.877,3.882,3.889,3.876,0.0,4.282,3.504,16712700.0,900.0,64888225.5,3489.2999999970198,0.0,0.0,20230823,20230823,94020555,3.893,0.0,0.0,3.876,3.875,3.874,3.873,3.872,0.0,0.0,0.0,0.0,0.0,3.877,3.878,3.879,3.88,3.881,0.0,0.0,0.0,0.0,0.0,981200.0,1547700.0,2008200.0,603100.0,1111600.0,0.0,0.0,0.0,0.0,0.0,17800.0,1045900.0,2424700.0,495800.0,630000.0,0.0,0.0,0.0,0.0,0.0
20230823093418000,SZSE,SZSE.ETF.159919,3.883,3.882,3.888,3.88,0.0,4.282,3.504,7977300.0,0.0,30975281.3,0.0,0.0,0.0,20230823,20230823,93418000,3.893,0.0,0.0,3.882,3.881,3.88,3.879,3.878,0.0,0.0,0.0,0.0,0.0,3.883,3.884,3.885,3.886,3.887,0.0,0.0,0.0,0.0,0.0,33500.0,405800.0,1732600.0,1113900.0,902400.0,0.0,0.0,0.0,0.0,0.0,1418500.0,1172500.0,1410200.0,1651000.0,83000.0,0.0,0.0,0.0,0.0,0.0
20230823094023144,SZSE,SZSE.ETF.159919,3.877,3.882,3.889,3.876,0.0,4.282,3.504,16809900.0,97200.0,65265069.9,376844.3999999985,0.0,0.0,20230823,20230823,94023142,3.893,0.0,0.0,3.876,3.875,3.874,3.873,3.872,0.0,0.0,0.0,0.0,0.0,3.877,3.878,3.879,3.88,3.881,0.0,0.0,0.0,0.0,0.0,281200.0,2447700.0,2008200.0,303100.0,1137500.0,0.0,0.0,0.0,0.0,0.0,70100.0,2875800.0,924700.0,1145800.0,130000.0,0.0,0.0,0.0,0.0,0.0
20230823094026152,SZSE,SZSE.ETF.159919,3.877,3.882,3.889,3.876,0.0,4.282,3.504,16810900.0,1000.0,65268946.9,3877.0,0.0,0.0,20230823,20230823,94026150,3.893,0.0,0.0,3.876,3.875,3.874,3.873,3.872,0.0,0.0,0.0,0.0,0.0,3.877,3.878,3.879,3.88,3.881,0.0,0.0,0.0,0.0,0.0,281300.0,2156700.0,2308200.0,303100.0,1111600.0,0.0,0.0,0.0,0.0,0.0,87800.0,2532400.0,1618500.0,707500.0,130000.0,0.0,0.0,0.0,0.0,0.0
20230823093421000,SZSE,SZSE.ETF.159919,3.883,3.882,3.888,3.88,0.0,4.282,3.504,8003100.0,25800.0,31075462.7,100181.39999999851,0.0,0.0,20230823,20230823,93421000,3.893,0.0,0.0,3.882,3.881,3.88,3.879,3.878,0.0,0.0,0.0,0.0,0.0,3.883,3.884,3.885,3.886,3.887,0.0,0.0,0.0,0.0,0.0,33500.0,305800.0,1670600.0,1713900.0,902400.0,0.0,0.0,0.0,0.0,0.0,1692700.0,1782500.0,410200.0,1651000.0,383000.0,0.0,0.0,0.0,0.0,0.0
20230823094029056,SZSE,SZSE.ETF.159919,3.877,3.882,3.889,3.876,0.0,4.282,3.504,16898700.0,87800.0,65609347.5,340400.6000000015,0.0,0.0,20230823,20230823,94029054,3.893,0.0,0.0,3.877,3.876,3.875,3.874,3.873,0.0,0.0,0.0,0.0,0.0,3.878,3.879,3.88,3.881,3.882,0.0,0.0,0.0,0.0,0.0,9000.0,1108300.0,1778500.0,2008200.0,303100.0,0.0,0.0,0.0,0.0,0.0,1632400.0,2450700.0,907500.0,130000.0,895600.0,0.0,0.0,0.0,0.0,0.0
20230823093424000,SZSE,SZSE.ETF.159919,3.881,3.882,3.888,3.88,0.0,4.282,3.504,8072800.0,69700.0,31346001.9,270539.19999999925,0.0,0.0,20230823,20230823,93424000,3.893,0.0,0.0,3.88,3.879,3.878,3.877,3.876,0.0,0.0,0.0,0.0,0.0,3.881,3.882,3.883,3.884,3.885,0.0,0.0,0.0,0.0,0.0,477700.0,1906800.0,1901900.0,769200.0,320100.0,0.0,0.0,0.0,0.0,0.0,47900.0,1003500.0,1062900.0,1211000.0,1310200.0,0.0,0.0,0.0,0.0,0.0
20230823094032216,SZSE,SZSE.ETF.159919,3.877,3.882,3.889,3.876,0.0,4.282,3.504,16934100.0,35400.0,65746593.3,137245.79999999702,0.0,0.0,20230823,20230823,94032214,3.893,0.0,0.0,3.876,3.875,3.874,3.873,3.872,0.0,0.0,0.0,0.0,0.0,3.877,3.878,3.879,3.88,3.882,0.0,0.0,0.0,0.0,0.0,405200.0,1708500.0,2178200.0,433100.0,1227300.0,0.0,0.0,0.0,0.0,0.0,400400.0,2941400.0,728200.0,1145800.0,480000.0,0.0,0.0,0.0,0.0,0.0
20230823094035432,SZSE,SZSE.ETF.159919,3.876,3.882,3.889,3.876,0.0,4.282,3.504,16937200.0,3100.0,65758608.9,12015.60000000149,0.0,0.0,20230823,20230823,94035434,3.893,0.0,0.0,3.876,3.875,3.874,3.873,3.872,0.0,0.0,0.0,0.0,0.0,3.877,3.878,3.879,3.88,3.881,0.0,0.0,0.0,0.0,0.0,169300.0,1075500.0,1631800.0,1879500.0,1411600.0,0.0,0.0,0.0,0.0,0.0,710400.0,2944400.0,586500.0,857500.0,30000.0,0.0,0.0,0.0,0.0,0.0
20230823093427000,SZSE,SZSE.ETF.159919,3.881,3.882,3.888,3.88,0.0,4.282,3.504,8102000.0,29200.0,31459327.1,113325.20000000298,0.0,0.0,20230823,20230823,93427000,3.893,0.0,0.0,3.88,3.879,3.878,3.877,3.876,0.0,0.0,0.0,0.0,0.0,3.881,3.882,3.883,3.884,3.885,0.0,0.0,0.0,0.0,0.0,308900.0,2177600.0,1522400.0,1017300.0,275900.0,0.0,0.0,0.0,0.0,0.0,249500.0,1403500.0,1742100.0,401000.0,1537200.0,0.0,0.0,0.0,0.0,0.0
20230823094038752,SZSE,SZSE.ETF.159919,3.876,3.882,3.889,3.876,0.0,4.282,3.504,17051300.0,114100.0,66200865.6,442256.700000003,0.0,0.0,20230823,20230823,94038751,3.893,0.0,0.0,3.876,3.875,3.874,3.873,3.872,0.0,0.0,0.0,0.0,0.0,3.877,3.878,3.879,3.88,3.881,0.0,0.0,0.0,0.0,0.0,60800.0,475500.0,2131800.0,1180000.0,1111100.0,0.0,0.0,0.0,0.0,0.0,2466700.0,2023700.0,742700.0,557500.0,330000.0,0.0,0.0,0.0,0.0,0.0
20230823093430000,SZSE,SZSE.ETF.159919,3.881,3.882,3.888,3.88,0.0,4.282,3.504,8104000.0,2000.0,31467089.1,7762.0,0.0,0.0,20230823,20230823,93430000,3.893,0.0,0.0,3.88,3.879,3.878,3.877,3.876,0.0,0.0,0.0,0.0,0.0,3.881,3.882,3.883,3.884,3.885,0.0,0.0,0.0,0.0,0.0,168600.0,2298400.0,1522400.0,1017300.0,250100.0,0.0,0.0,0.0,0.0,0.0,247500.0,1803500.0,1842100.0,101000.0,1537200.0,0.0,0.0,0.0,0.0,0.0
20230823094041952,SZSE,SZSE.ETF.159919,3.876,3.882,3.889,3.876,0.0,4.282,3.504,17125100.0,73800.0,66486914.4,286048.799999997,0.0,0.0,20230823,20230823,94041951,3.893,0.0,0.0,3.875,3.874,3.873,3.872,3.871,0.0,0.0,0.0,0.0,0.0,3.876,3.877,3.878,3.879,3.88,0.0,0.0,0.0,0.0,0.0,53700.0,1528800.0,1106100.0,2188000.0,1051200.0,0.0,0.0,0.0,0.0,0.0,590100.0,2187000.0,2147200.0,642700.0,557500.0,0.0,0.0,0.0,0.0,0.0
20230823094044704,SZSE,SZSE.ETF.159919,3.875,3.882,3.889,3.875,0.0,4.282,3.504,17185100.0,60000.0,66719414.4,232500.0,0.0,0.0,20230823,20230823,94044703,3.893,0.0,0.0,3.874,3.873,3.872,3.871,3.87,0.0,0.0,0.0,0.0,0.0,3.875,3.876,3.877,3.878,3.879,0.0,0.0,0.0,0.0,0.0,1801800.0,910000.0,272500.0,935000.0,1919700.0,0.0,0.0,0.0,0.0,0.0,2700.0,503900.0,3459100.0,1450000.0,4800.0,0.0,0.0,0.0,0.0,0.0
20230823093433000,SZSE,SZSE.ETF.159919,3.88,3.882,3.888,3.88,0.0,4.282,3.504,8182200.0,78200.0,31770510.2,303421.09999999776,0.0,0.0,20230823,20230823,93433000,3.893,0.0,0.0,3.88,3.879,3.878,3.877,3.876,0.0,0.0,0.0,0.0,0.0,3.881,3.882,3.883,3.884,3.885,0.0,0.0,0.0,0.0,0.0,95500.0,988900.0,2431900.0,1117300.0,250100.0,0.0,0.0,0.0,0.0,0.0,242400.0,1813500.0,2433100.0,101000.0,937200.0,0.0,0.0,0.0,0.0,0.0
20230823094047660,SZSE,SZSE.ETF.159919,3.875,3.882,3.889,3.875,0.0,4.282,3.504,17368300.0,183200.0,67429419.1,710004.6999999955,0.0,0.0,20230823,20230823,94047661,3.893,0.0,0.0,3.875,3.874,3.873,3.872,3.871,0.0,0.0,0.0,0.0,0.0,3.876,3.877,3.878,3.879,3.88,0.0,0.0,0.0,0.0,0.0,3200.0,905300.0,2106100.0,879400.0,905000.0,0.0,0.0,0.0,0.0,0.0,1426700.0,2152100.0,1419300.0,334800.0,1077400.0,0.0,0.0,0.0,0.0,0.0
20230823093436000,SZSE,SZSE.ETF.159919,3.88,3.882,3.888,3.88,0.0,4.282,3.504,8215400.0,33200.0,31899326.4,128816.19999999925,0.0,0.0,20230823,20230823,93436000,3.893,0.0,0.0,3.879,3.878,3.877,3.876,3.875,0.0,0.0,0.0,0.0,0.0,3.88,3.881,3.882,3.883,3.884,0.0,0.0,0.0,0.0,0.0,516800.0,1804000.0,2117300.0,698300.0,83800.0,0.0,0.0,0.0,0.0,0.0,33000.0,1245200.0,1182000.0,1561600.0,750000.0,0.0,0.0,0.0,0.0,0.0
20230823094050528,SZSE,SZSE.ETF.159919,3.875,3.882,3.889,3.875,0.0,4.282,3.504,17371500.0,3200.0,67441819.1,12400.0,0.0,0.0,20230823,20230823,94050530,3.893,0.0,0.0,3.874,3.873,3.872,3.871,3.87,0.0,0.0,0.0,0.0,0.0,3.875,3.876,3.877,3.878,3.879,0.0,0.0,0.0,0.0,0.0,514200.0,1039200.0,908500.0,1338000.0,2119200.0,0.0,0.0,0.0,0.0,0.0,396800.0,2126700.0,2252100.0,819300.0,304800.0,0.0,0.0,0.0,0.0,0.0
20230823094053380,SZSE,SZSE.ETF.159919,3.875,3.882,3.889,3.875,0.0,4.282,3.504,17371700.0,200.0,67442594.1,775.0,0.0,0.0,20230823,20230823,94053381,3.893,0.0,0.0,3.874,3.873,3.872,3.871,3.87,0.0,0.0,0.0,0.0,0.0,3.875,3.876,3.877,3.878,3.879,0.0,0.0,0.0,0.0,0.0,211100.0,1913200.0,738500.0,1408500.0,2302000.0,0.0,0.0,0.0,0.0,0.0,398600.0,3026700.0,1652100.0,819300.0,34800.0,0.0,0.0,0.0,0.0,0.0
20230823093439000,SZSE,SZSE.ETF.159919,3.88,3.882,3.888,3.88,0.0,4.282,3.504,8215400.0,0.0,31899326.4,0.0,0.0,0.0,20230823,20230823,93439000,3.893,0.0,0.0,3.879,3.878,3.877,3.876,3.875,0.0,0.0,0.0,0.0,0.0,3.88,3.881,3.882,3.883,3.884,0.0,0.0,0.0,0.0,0.0,113900.0,1306900.0,2417300.0,968300.0,387700.0,0.0,0.0,0.0,0.0,0.0,908800.0,1114400.0,1382000.0,1016600.0,280000.0,0.0,0.0,0.0,0.0,0.0
20230823094056336,SZSE,SZSE.ETF.159919,3.874,3.882,3.889,3.874,0.0,4.282,3.504,17513200.0,141500.0,67990766.1,548172.0,0.0,0.0,20230823,20230823,94056338,3.893,0.0,0.0,3.874,3.873,3.872,3.871,3.87,0.0,0.0,0.0,0.0,0.0,3.875,3.876,3.877,3.878,3.879,0.0,0.0,0.0,0.0,0.0,108500.0,2019100.0,938500.0,1408000.0,2102500.0,0.0,0.0,0.0,0.0,0.0,460400.0,2704800.0,1984700.0,750000.0,34800.0,0.0,0.0,0.0,0.0,0.0
20230823094059056,SZSE,SZSE.ETF.159919,3.875,3.882,3.889,3.874,0.0,4.282,3.504,17518400.0,5200.0,68010916.1,20150.0,0.0,0.0,20230823,20230823,94059058,3.893,0.0,0.0,3.874,3.873,3.872,3.871,3.87,0.0,0.0,0.0,0.0,0.0,3.875,3.876,3.877,3.878,3.879,0.0,0.0,0.0,0.0,0.0,440800.0,1719100.0,938500.0,1208000.0,2002500.0,0.0,0.0,0.0,0.0,0.0,455200.0,2532300.0,2157200.0,750000.0,34800.0,0.0,0.0,0.0,0.0,0.0
20230823093442000,SZSE,SZSE.ETF.159919,3.88,3.882,3.888,3.88,0.0,4.282,3.504,8215400.0,0.0,31899326.4,0.0,0.0,0.0,20230823,20230823,93442000,3.893,0.0,0.0,3.879,3.878,3.877,3.876,3.875,0.0,0.0,0.0,0.0,0.0,3.88,3.881,3.882,3.883,3.884,0.0,0.0,0.0,0.0,0.0,234700.0,1548100.0,1427300.0,868300.0,461800.0,0.0,0.0,0.0,0.0,0.0,308800.0,1524400.0,2072000.0,716600.0,1077000.0,0.0,0.0,0.0,0.0,0.0
20230823094102064,SZSE,SZSE.ETF.159919,3.874,3.882,3.889,3.874,0.0,4.282,3.504,17549900.0,31500.0,68132947.1,122031.0,0.0,0.0,20230823,20230823,94102062,3.893,0.0,0.0,3.873,3.872,3.871,3.87,3.869,0.0,0.0,0.0,0.0,0.0,3.874,3.875,3.876,3.877,3.878,0.0,0.0,0.0,0.0,0.0,455500.0,1764600.0,1884900.0,2004500.0,245900.0,0.0,0.0,0.0,0.0,0.0,367400.0,2151000.0,1507800.0,1181700.0,650000.0,0.0,0.0,0.0,0.0,0.0
20230823093445000,SZSE,SZSE.ETF.159919,3.881,3.882,3.888,3.88,0.0,4.282,3.504,8315500.0,100100.0,32287714.5,388388.1000000015,0.0,0.0,20230823,20230823,93445000,3.893,0.0,0.0,3.88,3.879,3.878,3.877,3.876,0.0,0.0,0.0,0.0,0.0,3.881,3.882,3.883,3.884,3.885,0.0,0.0,0.0,0.0,0.0,500.0,1413900.0,1593900.0,1127300.0,168300.0,0.0,0.0,0.0,0.0,0.0,290500.0,1503500.0,2088100.0,780000.0,62100.0,0.0,0.0,0.0,0.0,0.0
20230823094105292,SZSE,SZSE.ETF.159919,3.875,3.882,3.889,3.873,0.0,4.282,3.504,17569400.0,19500.0,68208497.1,75550.0,0.0,0.0,20230823,20230823,94105291,3.893,0.0,0.0,3.874,3.873,3.872,3.871,3.87,0.0,0.0,0.0,0.0,0.0,3.875,3.876,3.877,3.878,3.879,0.0,0.0,0.0,0.0,0.0,404900.0,1055500.0,1308500.0,1141100.0,2125000.0,0.0,0.0,0.0,0.0,0.0,511500.0,2820600.0,2068900.0,680000.0,450500.0,0.0,0.0,0.0,0.0,0.0
20230823094108064,SZSE,SZSE.ETF.159919,3.874,3.882,3.889,3.873,0.0,4.282,3.504,17623600.0,54200.0,68418467.9,209970.80000001192,0.0,0.0,20230823,20230823,94108062,3.893,0.0,0.0,3.874,3.873,3.872,3.871,3.87,0.0,0.0,0.0,0.0,0.0,3.875,3.876,3.877,3.878,3.879,0.0,0.0,0.0,0.0,0.0,150700.0,1357500.0,1264600.0,2087500.0,1405500.0,0.0,0.0,0.0,0.0,0.0,692300.0,2930100.0,1397800.0,750000.0,34800.0,0.0,0.0,0.0,0.0,0.0
20230823093448000,SZSE,SZSE.ETF.159919,3.881,3.882,3.888,3.88,0.0,4.282,3.504,8345500.0,30000.0,32404144.5,116430.0,0.0,0.0,20230823,20230823,93448000,3.893,0.0,0.0,3.881,3.88,3.879,3.878,3.877,0.0,0.0,0.0,0.0,0.0,3.882,3.883,3.884,3.885,3.886,0.0,0.0,0.0,0.0,0.0,210800.0,975300.0,1997000.0,872400.0,417300.0,0.0,0.0,0.0,0.0,0.0,200600.0,1819600.0,1771500.0,740200.0,805900.0,0.0,0.0,0.0,0.0,0.0
20230823094111076,SZSE,SZSE.ETF.159919,3.874,3.882,3.889,3.873,0.0,4.282,3.504,17694600.0,71000.0,68693583.6,275115.6999999881,0.0,0.0,20230823,20230823,94111075,3.893,0.0,0.0,3.874,3.873,3.872,3.871,3.87,0.0,0.0,0.0,0.0,0.0,3.875,3.876,3.877,3.878,3.879,0.0,0.0,0.0,0.0,0.0,101000.0,1057500.0,1164600.0,688000.0,2305000.0,0.0,0.0,0.0,0.0,0.0,639400.0,2930100.0,1397800.0,750000.0,34800.0,0.0,0.0,0.0,0.0,0.0
20230823094114244,SZSE,SZSE.ETF.159919,3.874,3.882,3.889,3.873,0.0,4.282,3.504,17698800.0,4200.0,68709856.5,16272.90000000596,0.0,0.0,20230823,20230823,94114244,3.893,0.0,0.0,3.874,3.873,3.872,3.871,3.87,0.0,0.0,0.0,0.0,0.0,3.875,3.876,3.877,3.878,3.879,0.0,0.0,0.0,0.0,0.0,61300.0,1057500.0,1164600.0,688000.0,1705500.0,0.0,0.0,0.0,0.0,0.0,1137300.0,2877700.0,797800.0,1250000.0,34800.0,0.0,0.0,0.0,0.0,0.0
20230823093451000,SZSE,SZSE.ETF.159919,3.881,3.882,3.888,3.88,0.0,4.282,3.504,8345500.0,0.0,32404144.5,0.0,0.0,0.0,20230823,20230823,93451000,3.893,0.0,0.0,3.881,3.88,3.879,3.878,3.877,0.0,0.0,0.0,0.0,0.0,3.882,3.883,3.884,3.885,3.886,0.0,0.0,0.0,0.0,0.0,602300.0,1357500.0,1438400.0,772400.0,447300.0,0.0,0.0,0.0,0.0,0.0,205600.0,1419600.0,1471500.0,805000.0,1084000.0,0.0,0.0,0.0,0.0,0.0
20230823094117020,SZSE,SZSE.ETF.159919,3.874,3.882,3.889,3.873,0.0,4.282,3.504,17722800.0,24000.0,68802832.5,92976.0,0.0,0.0,20230823,20230823,94117021,3.893,0.0,0.0,3.873,3.872,3.871,3.87,3.869,0.0,0.0,0.0,0.0,0.0,3.874,3.875,3.876,3.877,3.878,0.0,0.0,0.0,0.0,0.0,448500.0,1764600.0,1788000.0,705500.0,1245900.0,0.0,0.0,0.0,0.0,0.0,323600.0,2778300.0,1675000.0,709500.0,650000.0,0.0,0.0,0.0,0.0,0.0
20230823094120260,SZSE,SZSE.ETF.159919,3.874,3.882,3.889,3.873,0.0,4.282,3.504,17736400.0,13600.0,68855518.9,52686.40000000596,0.0,0.0,20230823,20230823,94120261,3.893,0.0,0.0,3.874,3.873,3.872,3.871,3.87,0.0,0.0,0.0,0.0,0.0,3.875,3.876,3.877,3.878,3.879,0.0,0.0,0.0,0.0,0.0,470600.0,1365500.0,1149400.0,741200.0,1675600.0,0.0,0.0,0.0,0.0,0.0,789700.0,2045600.0,1885000.0,780000.0,450500.0,0.0,0.0,0.0,0.0,0.0
20230823093454000,SZSE,SZSE.ETF.159919,3.882,3.882,3.888,3.88,0.0,4.282,3.504,8351000.0,5500.0,32425495.5,21351.0,0.0,0.0,20230823,20230823,93454000,3.893,0.0,0.0,3.882,3.881,3.88,3.879,3.878,0.0,0.0,0.0,0.0,0.0,3.883,3.884,3.885,3.886,3.887,0.0,0.0,0.0,0.0,0.0,276000.0,1405700.0,2298600.0,1138900.0,1072400.0,0.0,0.0,0.0,0.0,0.0,316700.0,2003000.0,1376500.0,884000.0,504900.0,0.0,0.0,0.0,0.0,0.0
20230823094123512,SZSE,SZSE.ETF.159919,3.875,3.882,3.889,3.873,0.0,4.282,3.504,18243200.0,506800.0,70818868.8,1963349.899999991,0.0,0.0,20230823,20230823,94123510,3.893,0.0,0.0,3.874,3.873,3.872,3.871,3.87,0.0,0.0,0.0,0.0,0.0,3.875,3.876,3.877,3.878,3.879,0.0,0.0,0.0,0.0,0.0,1973500.0,1139400.0,411600.0,2014200.0,718100.0,0.0,0.0,0.0,0.0,0.0,683000.0,354600.0,1670300.0,2303000.0,434800.0,0.0,0.0,0.0,0.0,0.0
20230823093457000,SZSE,SZSE.ETF.159919,3.881,3.882,3.888,3.88,0.0,4.282,3.504,8745000.0,394000.0,33954903.5,1529408.0,0.0,0.0,20230823,20230823,93457000,3.893,0.0,0.0,3.881,3.88,3.879,3.878,3.877,0.0,0.0,0.0,0.0,0.0,3.883,3.884,3.885,3.886,3.887,0.0,0.0,0.0,0.0,0.0,1480300.0,1590100.0,1238900.0,1102400.0,469200.0,0.0,0.0,0.0,0.0,0.0,116600.0,1813000.0,1776500.0,604000.0,83000.0,0.0,0.0,0.0,0.0,0.0
20230823094126956,SZSE,SZSE.ETF.159919,3.875,3.882,3.889,3.873,0.0,4.282,3.504,19250100.0,1006900.0,74720906.3,3902037.5,0.0,0.0,20230823,20230823,94126957,3.893,0.0,0.0,3.875,3.874,3.873,3.872,3.871,0.0,0.0,0.0,0.0,0.0,3.876,3.877,3.878,3.879,3.88,0.0,0.0,0.0,0.0,0.0,853200.0,1770800.0,1122200.0,1211100.0,14700.0,0.0,0.0,0.0,0.0,0.0,54600.0,509500.0,2663800.0,1834800.0,805700.0,0.0,0.0,0.0,0.0,0.0
20230823094129484,SZSE,SZSE.ETF.159919,3.876,3.882,3.889,3.873,0.0,4.282,3.504,19250600.0,500.0,74722844.3,1938.0,0.0,0.0,20230823,20230823,94129485,3.893,0.0,0.0,3.875,3.874,3.873,3.872,3.871,0.0,0.0,0.0,0.0,0.0,3.876,3.877,3.878,3.879,3.88,0.0,0.0,0.0,0.0,0.0,130100.0,4532900.0,3051700.0,581600.0,70600.0,0.0,0.0,0.0,0.0,0.0,54100.0,682000.0,3091300.0,1104800.0,590000.0,0.0,0.0,0.0,0.0,0.0
20230823093500000,SZSE,SZSE.ETF.159919,3.883,3.882,3.888,3.88,0.0,4.282,3.504,8761600.0,16600.0,34019361.3,64457.79999999702,0.0,0.0,20230823,20230823,93500000,3.893,0.0,0.0,3.883,3.882,3.881,3.88,3.879,0.0,0.0,0.0,0.0,0.0,3.884,3.885,3.886,3.887,3.888,0.0,0.0,0.0,0.0,0.0,303000.0,650700.0,1482000.0,968100.0,2338900.0,0.0,0.0,0.0,0.0,0.0,110000.0,1405000.0,1707000.0,380600.0,585800.0,0.0,0.0,0.0,0.0,0.0
20230823094132616,SZSE,SZSE.ETF.159919,3.876,3.882,3.889,3.873,0.0,4.282,3.504,19286800.0,36200.0,74863155.4,140311.10000000894,0.0,0.0,20230823,20230823,94132614,3.893,0.0,0.0,3.875,3.874,3.873,3.872,3.871,0.0,0.0,0.0,0.0,0.0,3.876,3.877,3.878,3.879,3.88,0.0,0.0,0.0,0.0,0.0,409200.0,4228000.0,2434100.0,1181100.0,70600.0,0.0,0.0,0.0,0.0,0.0,18000.0,985000.0,3100000.0,793100.0,690000.0,0.0,0.0,0.0,0.0,0.0
20230823093503000,SZSE,SZSE.ETF.159919,3.883,3.882,3.888,3.88,0.0,4.282,3.504,8766700.0,5100.0,34039164.6,19803.30000000447,0.0,0.0,20230823,20230823,93503000,3.893,0.0,0.0,3.883,3.882,3.881,3.88,3.879,0.0,0.0,0.0,0.0,0.0,3.885,3.886,3.887,3.888,3.889,0.0,0.0,0.0,0.0,0.0,1797800.0,1560800.0,1724800.0,858600.0,468900.0,0.0,0.0,0.0,0.0,0.0,415000.0,1307000.0,1424500.0,890000.0,861900.0,0.0,0.0,0.0,0.0,0.0
20230823094135316,SZSE,SZSE.ETF.159919,3.875,3.882,3.889,3.873,0.0,4.282,3.504,19288800.0,2000.0,74870906.4,7751.0,0.0,0.0,20230823,20230823,94135317,3.893,0.0,0.0,3.875,3.874,3.873,3.872,3.871,0.0,0.0,0.0,0.0,0.0,3.876,3.877,3.878,3.879,3.88,0.0,0.0,0.0,0.0,0.0,408200.0,4536000.0,2132300.0,1281100.0,70600.0,0.0,0.0,0.0,0.0,0.0,117000.0,1282000.0,2491300.0,1004800.0,290000.0,0.0,0.0,0.0,0.0,0.0
20230823094138072,SZSE,SZSE.ETF.159919,3.876,3.882,3.889,3.873,0.0,4.282,3.504,19305800.0,17000.0,74936798.4,65892.0,0.0,0.0,20230823,20230823,94138072,3.893,0.0,0.0,3.875,3.874,3.873,3.872,3.871,0.0,0.0,0.0,0.0,0.0,3.877,3.878,3.879,3.88,3.881,0.0,0.0,0.0,0.0,0.0,918500.0,4312900.0,1755700.0,1181100.0,44700.0,0.0,0.0,0.0,0.0,0.0,1109500.0,2375500.0,1393100.0,390000.0,245600.0,0.0,0.0,0.0,0.0,0.0
20230823093506000,SZSE,SZSE.ETF.159919,3.883,3.882,3.888,3.88,0.0,4.282,3.504,8806400.0,39700.0,34193388.7,154224.1000000015,0.0,0.0,20230823,20230823,93506000,3.893,0.0,0.0,3.883,3.882,3.881,3.88,3.879,0.0,0.0,0.0,0.0,0.0,3.885,3.886,3.887,3.888,3.889,0.0,0.0,0.0,0.0,0.0,955500.0,1583500.0,2715300.0,264900.0,420800.0,0.0,0.0,0.0,0.0,0.0,1003000.0,1050500.0,753000.0,610000.0,400000.0,0.0,0.0,0.0,0.0,0.0
20230823094141008,SZSE,SZSE.ETF.159919,3.876,3.882,3.889,3.873,0.0,4.282,3.504,19308400.0,2600.0,74946875.4,10077.0,0.0,0.0,20230823,20230823,94141009,3.893,0.0,0.0,3.876,3.875,3.874,3.873,3.872,0.0,0.0,0.0,0.0,0.0,3.877,3.878,3.879,3.88,3.881,0.0,0.0,0.0,0.0,0.0,101100.0,2127900.0,3253800.0,2405200.0,181600.0,0.0,0.0,0.0,0.0,0.0,17300.0,1475500.0,2393100.0,1310000.0,109800.0,0.0,0.0,0.0,0.0,0.0
20230823094144076,SZSE,SZSE.ETF.159919,3.877,3.882,3.889,3.873,0.0,4.282,3.504,19325700.0,17300.0,75013947.5,67072.09999999404,0.0,0.0,20230823,20230823,94144077,3.893,0.0,0.0,3.876,3.875,3.874,3.873,3.872,0.0,0.0,0.0,0.0,0.0,3.878,3.879,3.88,3.881,3.882,0.0,0.0,0.0,0.0,0.0,1001100.0,1227900.0,2033800.0,1375200.0,239500.0,0.0,0.0,0.0,0.0,0.0,1475500.0,2004800.0,1498300.0,30000.0,769800.0,0.0,0.0,0.0,0.0,0.0
20230823093509000,SZSE,SZSE.ETF.159919,3.885,3.882,3.888,3.88,0.0,4.282,3.504,8810900.0,4500.0,34210871.2,17482.5,0.0,0.0,20230823,20230823,93509000,3.893,0.0,0.0,3.885,3.884,3.883,3.882,3.881,0.0,0.0,0.0,0.0,0.0,3.886,3.887,3.888,3.889,3.89,0.0,0.0,0.0,0.0,0.0,78700.0,875000.0,1471700.0,1350600.0,816300.0,0.0,0.0,0.0,0.0,0.0,114000.0,1356000.0,1456500.0,1526100.0,829900.0,0.0,0.0,0.0,0.0,0.0
20230823094147016,SZSE,SZSE.ETF.159919,3.875,3.882,3.889,3.873,0.0,4.282,3.504,19335700.0,10000.0,75052698.6,38751.09999999404,0.0,0.0,20230823,20230823,94147016,3.893,0.0,0.0,3.876,3.875,3.874,3.873,3.872,0.0,0.0,0.0,0.0,0.0,3.878,3.879,3.88,3.882,3.883,0.0,0.0,0.0,0.0,0.0,1102600.0,1898900.0,1503900.0,1375200.0,293200.0,0.0,0.0,0.0,0.0,0.0,1772500.0,2407800.0,998300.0,559800.0,481800.0,0.0,0.0,0.0,0.0,0.0
20230823094150188,SZSE,SZSE.ETF.159919,3.877,3.882,3.889,3.873,0.0,4.282,3.504,19342400.0,6700.0,75078674.5,25975.90000000596,0.0,0.0,20230823,20230823,94150188,3.893,0.0,0.0,3.877,3.876,3.875,3.874,3.873,0.0,0.0,0.0,0.0,0.0,3.878,3.879,3.88,3.882,3.883,0.0,0.0,0.0,0.0,0.0,100.0,1711600.0,1898900.0,1513000.0,1475200.0,0.0,0.0,0.0,0.0,0.0,1009000.0,1968600.0,1610000.0,859800.0,181800.0,0.0,0.0,0.0,0.0,0.0
20230823093512000,SZSE,SZSE.ETF.159919,3.886,3.882,3.888,3.88,0.0,4.282,3.504,8824900.0,14000.0,34265275.2,54404.0,0.0,0.0,20230823,20230823,93512000,3.893,0.0,0.0,3.886,3.885,3.884,3.883,3.882,0.0,0.0,0.0,0.0,0.0,3.887,3.888,3.889,3.89,3.891,0.0,0.0,0.0,0.0,0.0,88700.0,2402900.0,2208600.0,715300.0,859000.0,0.0,0.0,0.0,0.0,0.0,53000.0,1013000.0,1845000.0,1865600.0,396700.0,0.0,0.0,0.0,0.0,0.0
20230823094153088,SZSE,SZSE.ETF.159919,3.876,3.882,3.889,3.873,0.0,4.282,3.504,19387500.0,45100.0,75253566.4,174891.90000000596,0.0,0.0,20230823,20230823,94153086,3.893,0.0,0.0,3.876,3.875,3.874,3.873,3.872,0.0,0.0,0.0,0.0,0.0,3.878,3.879,3.88,3.881,3.882,0.0,0.0,0.0,0.0,0.0,2011500.0,1630500.0,2182500.0,605700.0,429300.0,0.0,0.0,0.0,0.0,0.0,866800.0,1580300.0,2498300.0,100000.0,480000.0,0.0,0.0,0.0,0.0,0.0
20230823094156008,SZSE,SZSE.ETF.159919,3.876,3.882,3.889,3.873,0.0,4.282,3.504,19387500.0,0.0,75253566.4,0.0,0.0,0.0,20230823,20230823,94156006,3.893,0.0,0.0,3.877,3.876,3.875,3.874,3.873,0.0,0.0,0.0,0.0,0.0,3.878,3.879,3.88,3.881,3.882,0.0,0.0,0.0,0.0,0.0,1100000.0,2008500.0,1920600.0,1312500.0,375700.0,0.0,0.0,0.0,0.0,0.0,466900.0,677300.0,3301300.0,600000.0,633700.0,0.0,0.0,0.0,0.0,0.0
20230823093515000,SZSE,SZSE.ETF.159919,3.886,3.882,3.888,3.88,0.0,4.282,3.504,8825000.0,100.0,34265663.8,388.59999999403954,0.0,0.0,20230823,20230823,93515000,3.893,0.0,0.0,3.886,3.885,3.884,3.883,3.882,0.0,0.0,0.0,0.0,0.0,3.887,3.888,3.889,3.89,3.891,0.0,0.0,0.0,0.0,0.0,9900.0,760700.0,2732500.0,716900.0,1214800.0,0.0,0.0,0.0,0.0,0.0,356000.0,1356500.0,1770000.0,414100.0,634800.0,0.0,0.0,0.0,0.0,0.0
20230823094159348,SZSE,SZSE.ETF.159919,3.876,3.882,3.889,3.873,0.0,4.282,3.504,19387500.0,0.0,75253566.4,0.0,0.0,0.0,20230823,20230823,94159349,3.893,0.0,0.0,3.877,3.876,3.875,3.874,3.873,0.0,0.0,0.0,0.0,0.0,3.878,3.879,3.88,3.881,3.882,0.0,0.0,0.0,0.0,0.0,2079900.0,3269500.0,1553300.0,1183500.0,105700.0,0.0,0.0,0.0,0.0,0.0,466900.0,404800.0,1670800.0,2403000.0,280000.0,0.0,0.0,0.0,0.0,0.0
20230823094202048,SZSE,SZSE.ETF.159919,3.878,3.882,3.889,3.873,0.0,4.282,3.504,19872700.0,485200.0,77135172.0,1881605.599999994,0.0,0.0,20230823,20230823,94202050,3.893,0.0,0.0,3.878,3.877,3.876,3.875,3.874,0.0,0.0,0.0,0.0,0.0,3.879,3.88,3.881,3.882,3.883,0.0,0.0,0.0,0.0,0.0,1413600.0,2190600.0,1419600.0,1352800.0,284000.0,0.0,0.0,0.0,0.0,0.0,4800.0,610000.0,2763800.0,1280000.0,261600.0,0.0,0.0,0.0,0.0,0.0
20230823093518000,SZSE,SZSE.ETF.159919,3.885,3.882,3.888,3.88,0.0,4.282,3.504,8962500.0,137500.0,34799861.2,534197.400000006,0.0,0.0,20230823,20230823,93518000,3.893,0.0,0.0,3.885,3.884,3.883,3.882,3.881,0.0,0.0,0.0,0.0,0.0,3.886,3.887,3.888,3.889,3.89,0.0,0.0,0.0,0.0,0.0,282100.0,1465500.0,1689200.0,489000.0,560200.0,0.0,0.0,0.0,0.0,0.0,90100.0,1184600.0,2066500.0,570000.0,764100.0,0.0,0.0,0.0,0.0,0.0
20230823094205164,SZSE,SZSE.ETF.159919,3.878,3.882,3.889,3.873,0.0,4.282,3.504,19874000.0,1300.0,77140213.4,5041.4000000059605,0.0,0.0,20230823,20230823,94205164,3.893,0.0,0.0,3.878,3.877,3.876,3.875,3.874,0.0,0.0,0.0,0.0,0.0,3.879,3.88,3.881,3.882,3.883,0.0,0.0,0.0,0.0,0.0,2492200.0,3614200.0,2002500.0,323300.0,339900.0,0.0,0.0,0.0,0.0,0.0,4800.0,110000.0,1560800.0,2303000.0,46000.0,0.0,0.0,0.0,0.0,0.0
20230823094208188,SZSE,SZSE.ETF.159919,3.879,3.882,3.889,3.873,0.0,4.282,3.504,19880300.0,6300.0,77164651.1,24437.69999998808,0.0,0.0,20230823,20230823,94208189,3.893,0.0,0.0,3.879,3.878,3.877,3.876,3.875,0.0,0.0,0.0,0.0,0.0,3.88,3.881,3.882,3.883,3.884,0.0,0.0,0.0,0.0,0.0,1103700.0,1733100.0,3790900.0,1202500.0,324300.0,0.0,0.0,0.0,0.0,0.0,110000.0,672500.0,2591300.0,1146000.0,274800.0,0.0,0.0,0.0,0.0,0.0
20230823093521000,SZSE,SZSE.ETF.159919,3.885,3.882,3.888,3.88,0.0,4.282,3.504,8962500.0,0.0,34799861.2,0.0,0.0,0.0,20230823,20230823,93521000,3.893,0.0,0.0,3.886,3.885,3.884,3.883,3.882,0.0,0.0,0.0,0.0,0.0,3.887,3.888,3.889,3.89,3.891,0.0,0.0,0.0,0.0,0.0,901600.0,1172300.0,2090400.0,619200.0,459000.0,0.0,0.0,0.0,0.0,0.0,54000.0,1020000.0,1148000.0,865600.0,1370900.0,0.0,0.0,0.0,0.0,0.0
20230823094211064,SZSE,SZSE.ETF.159919,3.879,3.882,3.889,3.873,0.0,4.282,3.504,19880300.0,0.0,77164651.1,0.0,0.0,0.0,20230823,20230823,94211064,3.893,0.0,0.0,3.879,3.878,3.877,3.876,3.875,0.0,0.0,0.0,0.0,0.0,3.88,3.881,3.882,3.883,3.884,0.0,0.0,0.0,0.0,0.0,112500.0,2411800.0,4624800.0,575500.0,354300.0,0.0,0.0,0.0,0.0,0.0,509900.0,1575500.0,1400000.0,1004300.0,185000.0,0.0,0.0,0.0,0.0,0.0
20230823094214044,SZSE,SZSE.ETF.159919,3.879,3.882,3.889,3.873,0.0,4.282,3.504,19880300.0,0.0,77164651.1,0.0,0.0,0.0,20230823,20230823,94214045,3.893,0.0,0.0,3.879,3.878,3.877,3.876,3.875,0.0,0.0,0.0,0.0,0.0,3.88,3.881,3.882,3.883,3.884,0.0,0.0,0.0,0.0,0.0,1412500.0,2032600.0,3544900.0,575500.0,454300.0,0.0,0.0,0.0,0.0,0.0,110000.0,500000.0,2863800.0,1216000.0,485000.0,0.0,0.0,0.0,0.0,0.0
20230823093524000,SZSE,SZSE.ETF.159919,3.887,3.882,3.888,3.88,0.0,4.282,3.504,9027600.0,65100.0,35052904.9,253043.69999999553,0.0,0.0,20230823,20230823,93524000,3.893,0.0,0.0,3.887,3.886,3.885,3.884,3.883,0.0,0.0,0.0,0.0,0.0,3.888,3.889,3.89,3.891,3.892,0.0,0.0,0.0,0.0,0.0,204700.0,1443700.0,2764100.0,822300.0,698700.0,0.0,0.0,0.0,0.0,0.0,412600.0,1483000.0,1085600.0,1034800.0,1033100.0,0.0,0.0,0.0,0.0,0.0
20230823094217152,SZSE,SZSE.ETF.159919,3.879,3.882,3.889,3.873,0.0,4.282,3.504,19880300.0,0.0,77164651.1,0.0,0.0,0.0,20230823,20230823,94217152,3.893,0.0,0.0,3.879,3.878,3.877,3.876,3.875,0.0,0.0,0.0,0.0,0.0,3.88,3.881,3.882,3.883,3.884,0.0,0.0,0.0,0.0,0.0,112500.0,2794300.0,4744900.0,575500.0,354300.0,0.0,0.0,0.0,0.0,0.0,509900.0,1272500.0,1703000.0,404300.0,785000.0,0.0,0.0,0.0,0.0,0.0
20230823093527000,SZSE,SZSE.ETF.159919,3.887,3.882,3.888,3.88,0.0,4.282,3.504,9037600.0,10000.0,35091774.9,38870.0,0.0,0.0,20230823,20230823,93527000,3.893,0.0,0.0,3.887,3.886,3.885,3.884,3.883,0.0,0.0,0.0,0.0,0.0,3.888,3.889,3.89,3.891,3.892,0.0,0.0,0.0,0.0,0.0,352900.0,1347300.0,2322000.0,1050000.0,98700.0,0.0,0.0,0.0,0.0,0.0,110000.0,885600.0,1514100.0,1276300.0,997000.0,0.0,0.0,0.0,0.0,0.0
20230823094220000,SZSE,SZSE.ETF.159919,3.878,3.882,3.889,3.873,0.0,4.282,3.504,20007900.0,127600.0,77659496.4,494845.3000000119,0.0,0.0,20230823,20230823,94220001,3.893,0.0,0.0,3.878,3.877,3.876,3.875,3.874,0.0,0.0,0.0,0.0,0.0,3.879,3.88,3.881,3.882,3.883,0.0,0.0,0.0,0.0,0.0,608300.0,2224800.0,2425500.0,454300.0,529700.0,0.0,0.0,0.0,0.0,0.0,401300.0,1382400.0,1812000.0,100000.0,904300.0,0.0,0.0,0.0,0.0,0.0
20230823094223080,SZSE,SZSE.ETF.159919,3.879,3.882,3.889,3.873,0.0,4.282,3.504,20095500.0,87600.0,77999296.8,339800.39999999106,0.0,0.0,20230823,20230823,94223081,3.893,0.0,0.0,3.878,3.877,3.876,3.875,3.874,0.0,0.0,0.0,0.0,0.0,3.879,3.88,3.881,3.882,3.883,0.0,0.0,0.0,0.0,0.0,47700.0,2611600.0,2035400.0,1722700.0,314000.0,0.0,0.0,0.0,0.0,0.0,463900.0,2594400.0,788300.0,850000.0,146000.0,0.0,0.0,0.0,0.0,0.0
20230823093530000,SZSE,SZSE.ETF.159919,3.886,3.882,3.888,3.88,0.0,4.282,3.504,9193600.0,156000.0,35698141.8,606366.8999999985,0.0,0.0,20230823,20230823,93530000,3.893,0.0,0.0,3.887,3.886,3.885,3.884,3.883,0.0,0.0,0.0,0.0,0.0,3.888,3.889,3.89,3.891,3.892,0.0,0.0,0.0,0.0,0.0,282100.0,1446800.0,2922500.0,750000.0,798700.0,0.0,0.0,0.0,0.0,0.0,507700.0,1473000.0,1395600.0,704800.0,1097000.0,0.0,0.0,0.0,0.0,0.0
20230823094226068,SZSE,SZSE.ETF.159919,3.879,3.882,3.889,3.873,0.0,4.282,3.504,20096000.0,500.0,78001236.3,1939.5,0.0,0.0,20230823,20230823,94226069,3.893,0.0,0.0,3.878,3.877,3.876,3.875,3.874,0.0,0.0,0.0,0.0,0.0,3.879,3.88,3.881,3.882,3.883,0.0,0.0,0.0,0.0,0.0,2600.0,467700.0,1555500.0,3310100.0,414000.0,0.0,0.0,0.0,0.0,0.0,1547900.0,1509900.0,788300.0,850000.0,46000.0,0.0,0.0,0.0,0.0,0.0
20230823094229044,SZSE,SZSE.ETF.159919,3.878,3.882,3.889,3.873,0.0,4.282,3.504,20141100.0,45100.0,78176134.1,174897.79999999702,0.0,0.0,20230823,20230823,94229044,3.893,0.0,0.0,3.878,3.877,3.876,3.875,3.874,0.0,0.0,0.0,0.0,0.0,3.879,3.88,3.881,3.882,3.883,0.0,0.0,0.0,0.0,0.0,9000.0,224900.0,1735600.0,3010100.0,714000.0,0.0,0.0,0.0,0.0,0.0,1558900.0,1518900.0,788300.0,850000.0,46000.0,0.0,0.0,0.0,0.0,0.0
20230823093533000,SZSE,SZSE.ETF.159919,3.886,3.882,3.888,3.88,0.0,4.282,3.504,9211000.0,17400.0,35765764.0,67622.20000000298,0.0,0.0,20230823,20230823,93533000,3.893,0.0,0.0,3.886,3.885,3.884,3.883,3.882,0.0,0.0,0.0,0.0,0.0,3.888,3.889,3.89,3.891,3.892,0.0,0.0,0.0,0.0,0.0,1247400.0,3422500.0,1101800.0,446900.0,445200.0,0.0,0.0,0.0,0.0,0.0,504800.0,1573000.0,1795600.0,304800.0,997000.0,0.0,0.0,0.0,0.0,0.0
20230823094232204,SZSE,SZSE.ETF.159919,3.878,3.882,3.889,3.873,0.0,4.282,3.504,20152000.0,10900.0,78218404.3,42270.20000000298,0.0,0.0,20230823,20230823,94232204,3.893,0.0,0.0,3.877,3.876,3.875,3.874,3.873,0.0,0.0,0.0,0.0,0.0,3.878,3.879,3.88,3.881,3.882,0.0,0.0,0.0,0.0,0.0,322100.0,247500.0,2630200.0,1893900.0,323900.0,0.0,0.0,0.0,0.0,0.0,1673500.0,1573400.0,609900.0,888300.0,150000.0,0.0,0.0,0.0,0.0,0.0
20230823093536000,SZSE,SZSE.ETF.159919,3.889,3.882,3.889,3.88,0.0,4.282,3.504,9541100.0,330100.0,37049193.1,1283429.1000000015,0.0,0.0,20230823,20230823,93536000,3.893,0.0,0.0,3.888,3.887,3.886,3.885,3.884,0.0,0.0,0.0,0.0,0.0,3.889,3.89,3.891,3.892,3.893,0.0,0.0,0.0,0.0,0.0,331000.0,100000.0,1427300.0,2884600.0,731800.0,0.0,0.0,0.0,0.0,0.0,1782700.0,785600.0,1104800.0,1672000.0,213700.0,0.0,0.0,0.0,0.0,0.0
20230823094235148,SZSE,SZSE.ETF.159919,3.878,3.882,3.889,3.873,0.0,4.282,3.504,20186900.0,34900.0,78353716.6,135312.29999999702,0.0,0.0,20230823,20230823,94235149,3.893,0.0,0.0,3.876,3.875,3.874,3.873,3.872,0.0,0.0,0.0,0.0,0.0,3.878,3.879,3.88,3.882,3.883,0.0,0.0,0.0,0.0,0.0,24400.0,1860900.0,2313400.0,808200.0,1327300.0,0.0,0.0,0.0,0.0,0.0,1663500.0,1771700.0,1107500.0,780000.0,1058600.0,0.0,0.0,0.0,0.0,0.0
20230823094238048,SZSE,SZSE.ETF.159919,3.877,3.882,3.889,3.873,0.0,4.282,3.504,20231400.0,44500.0,78526243.1,172526.5,0.0,0.0,20230823,20230823,94238050,3.893,0.0,0.0,3.876,3.875,3.874,3.873,3.872,0.0,0.0,0.0,0.0,0.0,3.878,3.879,3.88,3.881,3.882,0.0,0.0,0.0,0.0,0.0,1021600.0,1233700.0,2243400.0,478200.0,1291400.0,0.0,0.0,0.0,0.0,0.0,1563500.0,1771700.0,707500.0,600000.0,859500.0,0.0,0.0,0.0,0.0,0.0
20230823093539000,SZSE,SZSE.ETF.159919,3.889,3.882,3.889,3.88,0.0,4.282,3.504,9880800.0,339700.0,38370286.4,1321093.299999997,0.0,0.0,20230823,20230823,93539000,3.893,0.0,0.0,3.888,3.887,3.886,3.885,3.884,0.0,0.0,0.0,0.0,0.0,3.889,3.89,3.891,3.892,3.893,0.0,0.0,0.0,0.0,0.0,10100.0,802900.0,2577200.0,1342500.0,631800.0,0.0,0.0,0.0,0.0,0.0,5000.0,1550000.0,476300.0,1117000.0,751900.0,0.0,0.0,0.0,0.0,0.0
20230823094241032,SZSE,SZSE.ETF.159919,3.877,3.882,3.889,3.873,0.0,4.282,3.504,20231400.0,0.0,78526243.1,0.0,0.0,0.0,20230823,20230823,94241032,3.893,0.0,0.0,3.876,3.875,3.874,3.873,3.872,0.0,0.0,0.0,0.0,0.0,3.878,3.879,3.88,3.881,3.882,0.0,0.0,0.0,0.0,0.0,418600.0,1933700.0,2643400.0,578200.0,1291200.0,0.0,0.0,0.0,0.0,0.0,1663500.0,1483400.0,895800.0,600000.0,559800.0,0.0,0.0,0.0,0.0,0.0
20230823094244036,SZSE,SZSE.ETF.159919,3.878,3.882,3.889,3.873,0.0,4.282,3.504,20232200.0,800.0,78529345.5,3102.4000000059605,0.0,0.0,20230823,20230823,94244037,3.893,0.0,0.0,3.877,3.876,3.875,3.874,3.873,0.0,0.0,0.0,0.0,0.0,3.878,3.879,3.88,3.881,3.882,0.0,0.0,0.0,0.0,0.0,15900.0,1130800.0,1910800.0,1663500.0,1778200.0,0.0,0.0,0.0,0.0,0.0,659700.0,2386400.0,995800.0,600000.0,533700.0,0.0,0.0,0.0,0.0,0.0
20230823093542000,SZSE,SZSE.ETF.159919,3.889,3.882,3.889,3.88,0.0,4.282,3.504,10188800.0,308000.0,39568093.4,1197807.0,0.0,0.0,20230823,20230823,93542000,3.893,0.0,0.0,3.888,3.887,3.886,3.885,3.884,0.0,0.0,0.0,0.0,0.0,3.889,3.89,3.891,3.892,3.893,0.0,0.0,0.0,0.0,0.0,9700.0,617900.0,2831200.0,1770200.0,1031800.0,0.0,0.0,0.0,0.0,0.0,300000.0,1621500.0,1104800.0,317000.0,1051900.0,0.0,0.0,0.0,0.0,0.0
20230823094247004,SZSE,SZSE.ETF.159919,3.877,3.882,3.889,3.873,0.0,4.282,3.504,20245300.0,13100.0,78580134.2,50788.70000000298,0.0,0.0,20230823,20230823,94247005,3.893,0.0,0.0,3.876,3.875,3.874,3.873,3.872,0.0,0.0,0.0,0.0,0.0,3.877,3.878,3.879,3.88,3.881,0.0,0.0,0.0,0.0,0.0,443900.0,1963700.0,2513400.0,1408200.0,427300.0,0.0,0.0,0.0,0.0,0.0,370900.0,1962700.0,1183400.0,495800.0,600000.0,0.0,0.0,0.0,0.0,0.0
20230823094250036,SZSE,SZSE.ETF.159919,3.877,3.882,3.889,3.873,0.0,4.282,3.504,20286300.0,41000.0,78739051.2,158917.0,0.0,0.0,20230823,20230823,94250035,3.893,0.0,0.0,3.876,3.875,3.874,3.873,3.872,0.0,0.0,0.0,0.0,0.0,3.877,3.878,3.879,3.88,3.881,0.0,0.0,0.0,0.0,0.0,19800.0,1030900.0,3243400.0,1678200.0,311600.0,0.0,0.0,0.0,0.0,0.0,1242400.0,1790200.0,871700.0,707500.0,30000.0,0.0,0.0,0.0,0.0,0.0
20230823093545000,SZSE,SZSE.ETF.159919,3.888,3.882,3.889,3.88,0.0,4.282,3.504,10232800.0,44000.0,39739189.7,171096.30000000447,0.0,0.0,20230823,20230823,93545000,3.893,0.0,0.0,3.887,3.886,3.885,3.884,3.883,0.0,0.0,0.0,0.0,0.0,3.889,3.89,3.891,3.892,3.893,0.0,0.0,0.0,0.0,0.0,428400.0,2823500.0,2070200.0,671800.0,208800.0,0.0,0.0,0.0,0.0,0.0,101500.0,2089200.0,1517800.0,817000.0,751900.0,0.0,0.0,0.0,0.0,0.0
20230823094253032,SZSE,SZSE.ETF.159919,3.877,3.882,3.889,3.873,0.0,4.282,3.504,20286300.0,0.0,78739051.2,0.0,0.0,0.0,20230823,20230823,94253033,3.893,0.0,0.0,3.876,3.875,3.874,3.873,3.872,0.0,0.0,0.0,0.0,0.0,3.877,3.878,3.879,3.88,3.881,0.0,0.0,0.0,0.0,0.0,19800.0,1630900.0,2543400.0,1678200.0,411600.0,0.0,0.0,0.0,0.0,0.0,478100.0,2562700.0,871700.0,707500.0,30000.0,0.0,0.0,0.0,0.0,0.0
20230823094255992,SZSE,SZSE.ETF.159919,3.877,3.882,3.889,3.873,0.0,4.282,3.504,20339600.0,53300.0,78945692.0,206640.79999999702,0.0,0.0,20230823,20230823,94255992,3.893,0.0,0.0,3.876,3.875,3.874,3.873,3.872,0.0,0.0,0.0,0.0,0.0,3.877,3.878,3.879,3.88,3.881,0.0,0.0,0.0,0.0,0.0,300600.0,287800.0,2843400.0,2378200.0,311600.0,0.0,0.0,0.0,0.0,0.0,1200600.0,1790200.0,871700.0,857500.0,30000.0,0.0,0.0,0.0,0.0,0.0
20230823093548000,SZSE,SZSE.ETF.159919,3.889,3.882,3.889,3.88,0.0,4.282,3.504,10371200.0,138400.0,40277365.8,538176.099999994,0.0,0.0,20230823,20230823,93548000,3.893,0.0,0.0,3.887,3.886,3.885,3.884,3.883,0.0,0.0,0.0,0.0,0.0,3.889,3.89,3.891,3.892,3.893,0.0,0.0,0.0,0.0,0.0,418400.0,1775500.0,2850200.0,1001800.0,138800.0,0.0,0.0,0.0,0.0,0.0,1001500.0,1723500.0,707800.0,967000.0,827600.0,0.0,0.0,0.0,0.0,0.0
20230823094259352,SZSE,SZSE.ETF.159919,3.877,3.882,3.889,3.873,0.0,4.282,3.504,20354100.0,14500.0,79001908.5,56216.5,0.0,0.0,20230823,20230823,94259352,3.893,0.0,0.0,3.876,3.875,3.874,3.873,3.872,0.0,0.0,0.0,0.0,0.0,3.877,3.878,3.879,3.88,3.881,0.0,0.0,0.0,0.0,0.0,3400.0,686000.0,2163500.0,1758100.0,411600.0,0.0,0.0,0.0,0.0,0.0,1889100.0,1187200.0,408400.0,857500.0,30000.0,0.0,0.0,0.0,0.0,0.0
20230823093551000,SZSE,SZSE.ETF.159919,3.887,3.882,3.889,3.88,0.0,4.282,3.504,10462000.0,90800.0,40630429.7,353063.90000000596,0.0,0.0,20230823,20230823,93551000,3.893,0.0,0.0,3.886,3.885,3.884,3.883,3.882,0.0,0.0,0.0,0.0,0.0,3.887,3.888,3.889,3.89,3.891,0.0,0.0,0.0,0.0,0.0,1078500.0,1754500.0,2841800.0,298800.0,354800.0,0.0,0.0,0.0,0.0,0.0,112200.0,845000.0,1458600.0,948000.0,404800.0,0.0,0.0,0.0,0.0,0.0
20230823094302104,SZSE,SZSE.ETF.159919,3.875,3.882,3.889,3.873,0.0,4.282,3.504,20563600.0,209500.0,79813830.5,811922.0,0.0,0.0,20230823,20230823,94302104,3.893,0.0,0.0,3.875,3.874,3.873,3.872,3.871,0.0,0.0,0.0,0.0,0.0,3.876,3.877,3.878,3.879,3.88,0.0,0.0,0.0,0.0,0.0,408700.0,664000.0,2078200.0,1891000.0,1359900.0,0.0,0.0,0.0,0.0,0.0,2101300.0,1105400.0,781300.0,620100.0,257500.0,0.0,0.0,0.0,0.0,0.0
20230823094305044,SZSE,SZSE.ETF.159919,3.876,3.882,3.889,3.873,0.0,4.282,3.504,20630300.0,66700.0,80072359.7,258529.20000000298,0.0,0.0,20230823,20230823,94305044,3.893,0.0,0.0,3.875,3.874,3.873,3.872,3.871,0.0,0.0,0.0,0.0,0.0,3.876,3.877,3.878,3.879,3.88,0.0,0.0,0.0,0.0,0.0,187800.0,954900.0,1808200.0,2011000.0,1144200.0,0.0,0.0,0.0,0.0,0.0,1443600.0,1105400.0,1481300.0,20100.0,287500.0,0.0,0.0,0.0,0.0,0.0
20230823093554000,SZSE,SZSE.ETF.159919,3.888,3.882,3.889,3.88,0.0,4.282,3.504,10585900.0,123900.0,41112040.7,481611.0,0.0,0.0,20230823,20230823,93554000,3.893,0.0,0.0,3.887,3.886,3.885,3.884,3.883,0.0,0.0,0.0,0.0,0.0,3.888,3.889,3.89,3.891,3.892,0.0,0.0,0.0,0.0,0.0,803000.0,1186900.0,3289600.0,1031800.0,356900.0,0.0,0.0,0.0,0.0,0.0,288300.0,465600.0,2013700.0,1309300.0,1068800.0,0.0,0.0,0.0,0.0,0.0
20230823094308344,SZSE,SZSE.ETF.159919,3.876,3.882,3.889,3.873,0.0,4.282,3.504,20632800.0,2500.0,80082049.7,9690.0,0.0,0.0,20230823,20230823,94308346,3.893,0.0,0.0,3.876,3.875,3.874,3.873,3.872,0.0,0.0,0.0,0.0,0.0,3.878,3.879,3.88,3.881,3.882,0.0,0.0,0.0,0.0,0.0,257300.0,1704500.0,1734800.0,1107700.0,581600.0,0.0,0.0,0.0,0.0,0.0,1715400.0,2120100.0,687500.0,445600.0,650000.0,0.0,0.0,0.0,0.0,0.0
20230823094311024,SZSE,SZSE.ETF.159919,3.878,3.882,3.889,3.873,0.0,4.282,3.504,20890100.0,257300.0,81079859.1,997809.3999999911,0.0,0.0,20230823,20230823,94311023,3.893,0.0,0.0,3.877,3.876,3.875,3.874,3.873,0.0,0.0,0.0,0.0,0.0,3.878,3.879,3.88,3.881,3.882,0.0,0.0,0.0,0.0,0.0,100000.0,109000.0,4046600.0,2010500.0,778200.0,0.0,0.0,0.0,0.0,0.0,408900.0,2508200.0,707500.0,700000.0,833700.0,0.0,0.0,0.0,0.0,0.0
20230823093557000,SZSE,SZSE.ETF.159919,3.887,3.882,3.889,3.88,0.0,4.282,3.504,10586200.0,300.0,41113206.8,1166.0999999940395,0.0,0.0,20230823,20230823,93557000,3.893,0.0,0.0,3.888,3.887,3.886,3.885,3.884,0.0,0.0,0.0,0.0,0.0,3.889,3.89,3.891,3.892,3.893,0.0,0.0,0.0,0.0,0.0,300000.0,908200.0,2768400.0,1571500.0,301800.0,0.0,0.0,0.0,0.0,0.0,455600.0,1983500.0,1007800.0,1107000.0,913700.0,0.0,0.0,0.0,0.0,0.0
20230823094314116,SZSE,SZSE.ETF.159919,3.877,3.882,3.889,3.873,0.0,4.282,3.504,20891100.0,1000.0,81083736.1,3877.0,0.0,0.0,20230823,20230823,94314116,3.893,0.0,0.0,3.877,3.876,3.875,3.874,3.873,0.0,0.0,0.0,0.0,0.0,3.878,3.879,3.88,3.881,3.882,0.0,0.0,0.0,0.0,0.0,99000.0,1329900.0,3455700.0,2180800.0,508200.0,0.0,0.0,0.0,0.0,0.0,463100.0,2423100.0,995800.0,700000.0,480000.0,0.0,0.0,0.0,0.0,0.0
20230823094317096,SZSE,SZSE.ETF.159919,3.877,3.882,3.889,3.873,0.0,4.282,3.504,20891100.0,0.0,81083736.1,0.0,0.0,0.0,20230823,20230823,94317094,3.893,0.0,0.0,3.877,3.876,3.875,3.874,3.873,0.0,0.0,0.0,0.0,0.0,3.878,3.879,3.88,3.881,3.882,0.0,0.0,0.0,0.0,0.0,99000.0,929900.0,4055200.0,1581300.0,508200.0,0.0,0.0,0.0,0.0,0.0,109000.0,1877300.0,1495800.0,100000.0,1080000.0,0.0,0.0,0.0,0.0,0.0
20230823093600000,SZSE,SZSE.ETF.159919,3.889,3.882,3.889,3.88,0.0,4.282,3.504,10647200.0,61000.0,41350435.8,237229.0,0.0,0.0,20230823,20230823,93600000,3.893,0.0,0.0,3.887,3.886,3.885,3.884,3.883,0.0,0.0,0.0,0.0,0.0,3.889,3.89,3.891,3.892,3.893,0.0,0.0,0.0,0.0,0.0,462400.0,2363300.0,2141500.0,631800.0,112300.0,0.0,0.0,0.0,0.0,0.0,1850400.0,2444300.0,604800.0,827000.0,751900.0,0.0,0.0,0.0,0.0,0.0
20230823094319988,SZSE,SZSE.ETF.159919,3.878,3.882,3.889,3.873,0.0,4.282,3.504,20911300.0,20200.0,81162071.7,78335.60000000894,0.0,0.0,20230823,20230823,94319988,3.893,0.0,0.0,3.878,3.877,3.876,3.875,3.874,0.0,0.0,0.0,0.0,0.0,3.879,3.88,3.881,3.882,3.883,0.0,0.0,0.0,0.0,0.0,95100.0,1313100.0,1400800.0,734900.0,2180800.0,0.0,0.0,0.0,0.0,0.0,423900.0,2253000.0,1400000.0,580000.0,561100.0,0.0,0.0,0.0,0.0,0.0
20230823093603000,SZSE,SZSE.ETF.159919,3.888,3.882,3.889,3.88,0.0,4.282,3.504,10662000.0,14800.0,41407976.0,57540.20000000298,0.0,0.0,20230823,20230823,93603000,3.893,0.0,0.0,3.887,3.886,3.885,3.884,3.883,0.0,0.0,0.0,0.0,0.0,3.888,3.889,3.89,3.891,3.892,0.0,0.0,0.0,0.0,0.0,115400.0,1794000.0,3571500.0,941800.0,202300.0,0.0,0.0,0.0,0.0,0.0,115300.0,2670100.0,1844300.0,804800.0,977000.0,0.0,0.0,0.0,0.0,0.0
20230823094323020,SZSE,SZSE.ETF.159919,3.878,3.882,3.889,3.873,0.0,4.282,3.504,20911300.0,0.0,81162071.7,0.0,0.0,0.0,20230823,20230823,94323020,3.893,0.0,0.0,3.878,3.877,3.876,3.875,3.874,0.0,0.0,0.0,0.0,0.0,3.879,3.88,3.881,3.882,3.883,0.0,0.0,0.0,0.0,0.0,100000.0,1607500.0,1571700.0,504900.0,1611300.0,0.0,0.0,0.0,0.0,0.0,423900.0,2564700.0,888300.0,700000.0,245500.0,0.0,0.0,0.0,0.0,0.0
20230823094325956,SZSE,SZSE.ETF.159919,3.878,3.882,3.889,3.873,0.0,4.282,3.504,20921300.0,10000.0,81200851.7,38780.0,0.0,0.0,20230823,20230823,94325955,3.893,0.0,0.0,3.878,3.877,3.876,3.875,3.874,0.0,0.0,0.0,0.0,0.0,3.879,3.88,3.881,3.882,3.883,0.0,0.0,0.0,0.0,0.0,90000.0,108000.0,2171700.0,1622500.0,1611300.0,0.0,0.0,0.0,0.0,0.0,578100.0,2510500.0,788300.0,850000.0,145500.0,0.0,0.0,0.0,0.0,0.0
20230823093606000,SZSE,SZSE.ETF.159919,3.886,3.882,3.889,3.88,0.0,4.282,3.504,10915000.0,253000.0,42391264.8,983288.799999997,0.0,0.0,20230823,20230823,93606000,3.893,0.0,0.0,3.886,3.885,3.884,3.883,3.882,0.0,0.0,0.0,0.0,0.0,3.887,3.888,3.889,3.89,3.891,0.0,0.0,0.0,0.0,0.0,10000.0,1053100.0,2011300.0,1990400.0,1054900.0,0.0,0.0,0.0,0.0,0.0,1075400.0,1766000.0,1711500.0,603000.0,304800.0,0.0,0.0,0.0,0.0,0.0
20230823094328980,SZSE,SZSE.ETF.159919,3.877,3.882,3.889,3.873,0.0,4.282,3.504,21052300.0,131000.0,81708808.7,507957.0,0.0,0.0,20230823,20230823,94328981,3.893,0.0,0.0,3.876,3.875,3.874,3.873,3.872,0.0,0.0,0.0,0.0,0.0,3.877,3.878,3.879,3.88,3.882,0.0,0.0,0.0,0.0,0.0,1650900.0,2002900.0,2210800.0,424400.0,381600.0,0.0,0.0,0.0,0.0,0.0,48000.0,795400.0,2035200.0,1595800.0,750000.0,0.0,0.0,0.0,0.0,0.0
20230823094331956,SZSE,SZSE.ETF.159919,3.877,3.882,3.889,3.873,0.0,4.282,3.504,21180300.0,128000.0,82205064.7,496256.0,0.0,0.0,20230823,20230823,94331957,3.893,0.0,0.0,3.877,3.876,3.875,3.874,3.873,0.0,0.0,0.0,0.0,0.0,3.878,3.879,3.88,3.881,3.882,0.0,0.0,0.0,0.0,0.0,20000.0,3777000.0,2179400.0,2210800.0,478700.0,0.0,0.0,0.0,0.0,0.0,804400.0,1585200.0,1795800.0,730000.0,369800.0,0.0,0.0,0.0,0.0,0.0
20230823093609000,SZSE,SZSE.ETF.159919,3.887,3.882,3.889,3.88,0.0,4.282,3.504,11047800.0,132800.0,42907358.4,516093.6000000015,0.0,0.0,20230823,20230823,93609000,3.893,0.0,0.0,3.885,3.884,3.883,3.882,3.881,0.0,0.0,0.0,0.0,0.0,3.886,3.887,3.888,3.889,3.89,0.0,0.0,0.0,0.0,0.0,423600.0,238300.0,2622900.0,2493000.0,618000.0,0.0,0.0,0.0,0.0,0.0,252600.0,2173100.0,883100.0,1528200.0,493000.0,0.0,0.0,0.0,0.0,0.0
20230823094335044,SZSE,SZSE.ETF.159919,3.876,3.882,3.889,3.873,0.0,4.282,3.504,21250300.0,70000.0,82476430.8,271366.09999999404,0.0,0.0,20230823,20230823,94335045,3.893,0.0,0.0,3.877,3.876,3.875,3.874,3.873,0.0,0.0,0.0,0.0,0.0,3.878,3.879,3.88,3.881,3.882,0.0,0.0,0.0,0.0,0.0,300000.0,4033000.0,1655000.0,2180800.0,308700.0,0.0,0.0,0.0,0.0,0.0,513100.0,1228000.0,2253000.0,100000.0,780000.0,0.0,0.0,0.0,0.0,0.0
20230823094337996,SZSE,SZSE.ETF.159919,3.878,3.882,3.889,3.873,0.0,4.282,3.504,21501500.0,251200.0,83450384.4,973953.6000000089,0.0,0.0,20230823,20230823,94337997,3.893,0.0,0.0,3.877,3.876,3.875,3.874,3.873,0.0,0.0,0.0,0.0,0.0,3.878,3.879,3.88,3.881,3.882,0.0,0.0,0.0,0.0,0.0,1000100.0,3573900.0,1454500.0,1681300.0,208700.0,0.0,0.0,0.0,0.0,0.0,9000.0,1228000.0,1964700.0,888300.0,780000.0,0.0,0.0,0.0,0.0,0.0
20230823093612000,SZSE,SZSE.ETF.159919,3.886,3.882,3.889,3.88,0.0,4.282,3.504,11173700.0,125900.0,43396505.9,489147.5,0.0,0.0,20230823,20230823,93612000,3.893,0.0,0.0,3.885,3.884,3.883,3.882,3.881,0.0,0.0,0.0,0.0,0.0,3.886,3.887,3.888,3.889,3.89,0.0,0.0,0.0,0.0,0.0,223700.0,911300.0,1640200.0,1313000.0,456100.0,0.0,0.0,0.0,0.0,0.0,291600.0,1885100.0,982900.0,1437700.0,1165600.0,0.0,0.0,0.0,0.0,0.0
20230823094340988,SZSE,SZSE.ETF.159919,3.878,3.882,3.889,3.873,0.0,4.282,3.504,21615800.0,114300.0,83893639.8,443255.39999999106,0.0,0.0,20230823,20230823,94340988,3.893,0.0,0.0,3.877,3.876,3.875,3.874,3.873,0.0,0.0,0.0,0.0,0.0,3.879,3.88,3.881,3.882,3.883,0.0,0.0,0.0,0.0,0.0,1409100.0,3764900.0,1054500.0,1581300.0,234600.0,0.0,0.0,0.0,0.0,0.0,537000.0,2464700.0,688300.0,780000.0,235300.0,0.0,0.0,0.0,0.0,0.0
20230823094343980,SZSE,SZSE.ETF.159919,3.878,3.882,3.889,3.873,0.0,4.282,3.504,21640700.0,24900.0,83990202.0,96562.20000000298,0.0,0.0,20230823,20230823,94343979,3.893,0.0,0.0,3.878,3.877,3.876,3.875,3.874,0.0,0.0,0.0,0.0,0.0,3.879,3.88,3.881,3.882,3.883,0.0,0.0,0.0,0.0,0.0,25300.0,1109100.0,4524000.0,2154500.0,681300.0,0.0,0.0,0.0,0.0,0.0,671400.0,2385500.0,1488300.0,250000.0,99200.0,0.0,0.0,0.0,0.0,0.0
20230823093615000,SZSE,SZSE.ETF.159919,3.886,3.882,3.889,3.88,0.0,4.282,3.504,11178500.0,4800.0,43415158.7,18652.80000000447,0.0,0.0,20230823,20230823,93615000,3.893,0.0,0.0,3.884,3.883,3.882,3.881,3.88,0.0,0.0,0.0,0.0,0.0,3.885,3.886,3.887,3.888,3.889,0.0,0.0,0.0,0.0,0.0,223700.0,668200.0,1716000.0,1756100.0,361900.0,0.0,0.0,0.0,0.0,0.0,971500.0,1303100.0,513600.0,829900.0,1317700.0,0.0,0.0,0.0,0.0,0.0
20230823094346964,SZSE,SZSE.ETF.159919,3.878,3.882,3.889,3.873,0.0,4.282,3.504,21641700.0,1000.0,83994080.0,3878.0,0.0,0.0,20230823,20230823,94346965,3.893,0.0,0.0,3.877,3.876,3.875,3.874,3.873,0.0,0.0,0.0,0.0,0.0,3.879,3.88,3.881,3.882,3.883,0.0,0.0,0.0,0.0,0.0,433500.0,4554000.0,2425000.0,711300.0,424900.0,0.0,0.0,0.0,0.0,0.0,671100.0,2773800.0,200000.0,600000.0,345500.0,0.0,0.0,0.0,0.0,0.0
20230823094349956,SZSE,SZSE.ETF.159919,3.879,3.882,3.889,3.873,0.0,4.282,3.504,21647800.0,6100.0,84017741.9,23661.90000000596,0.0,0.0,20230823,20230823,94349956,3.893,0.0,0.0,3.878,3.877,3.876,3.875,3.874,0.0,0.0,0.0,0.0,0.0,3.879,3.88,3.881,3.882,3.883,0.0,0.0,0.0,0.0,0.0,152200.0,1409100.0,3664900.0,2054500.0,781300.0,0.0,0.0,0.0,0.0,0.0,173300.0,1639400.0,1788300.0,1100000.0,99200.0,0.0,0.0,0.0,0.0,0.0
20230823094353048,SZSE,SZSE.ETF.159919,3.878,3.882,3.889,3.873,0.0,4.282,3.504,21647900.0,100.0,84018129.7,387.79999999701977,0.0,0.0,20230823,20230823,94353047,3.893,0.0,0.0,3.878,3.877,3.876,3.875,3.874,0.0,0.0,0.0,0.0,0.0,3.879,3.88,3.881,3.882,3.883,0.0,0.0,0.0,0.0,0.0,125100.0,1430000.0,3674000.0,2224500.0,411300.0,0.0,0.0,0.0,0.0,0.0,612200.0,2485200.0,888300.0,850000.0,45500.0,0.0,0.0,0.0,0.0,0.0
20230823093618000,SZSE,SZSE.ETF.159919,3.883,3.882,3.889,3.88,0.0,4.282,3.504,11597800.0,419300.0,45043308.8,1628150.099999994,0.0,0.0,20230823,20230823,93618000,3.893,0.0,0.0,3.882,3.881,3.88,3.879,3.878,0.0,0.0,0.0,0.0,0.0,3.883,3.885,3.886,3.887,3.888,0.0,0.0,0.0,0.0,0.0,1047500.0,2039200.0,1413200.0,316100.0,1075400.0,0.0,0.0,0.0,0.0,0.0,194800.0,896800.0,703100.0,791900.0,850100.0,0.0,0.0,0.0,0.0,0.0
20230823094355964,SZSE,SZSE.ETF.159919,3.878,3.882,3.889,3.873,0.0,4.282,3.504,21657400.0,9500.0,84054970.7,36841.0,0.0,0.0,20230823,20230823,94355963,3.893,0.0,0.0,3.877,3.876,3.875,3.874,3.873,0.0,0.0,0.0,0.0,0.0,3.878,3.879,3.88,3.881,3.882,0.0,0.0,0.0,0.0,0.0,125000.0,3774100.0,2504400.0,611300.0,1328900.0,0.0,0.0,0.0,0.0,0.0,669100.0,2006200.0,1282200.0,388300.0,750000.0,0.0,0.0,0.0,0.0,0.0
20230823093621000,SZSE,SZSE.ETF.159919,3.883,3.882,3.889,3.88,0.0,4.282,3.504,11707800.0,110000.0,45470528.8,427220.0,0.0,0.0,20230823,20230823,93621000,3.893,0.0,0.0,3.882,3.881,3.88,3.879,3.878,0.0,0.0,0.0,0.0,0.0,3.883,3.884,3.885,3.886,3.887,0.0,0.0,0.0,0.0,0.0,717000.0,642200.0,2362700.0,1424200.0,205400.0,0.0,0.0,0.0,0.0,0.0,386800.0,1371500.0,1438300.0,301600.0,342000.0,0.0,0.0,0.0,0.0,0.0
20230823094614864,SZSE,SZSE.ETF.159919,3.873,3.882,3.889,3.872,0.0,4.282,3.504,27766000.0,183600.0,107728087.9,711032.8000000119,0.0,0.0,20230823,20230823,94614862,3.893,0.0,0.0,3.872,3.871,3.87,3.869,3.868,0.0,0.0,0.0,0.0,0.0,3.873,3.874,3.875,3.876,3.877,0.0,0.0,0.0,0.0,0.0,200000.0,1519700.0,2723100.0,1800100.0,474000.0,0.0,0.0,0.0,0.0,0.0,255400.0,1781000.0,1413200.0,101800.0,707900.0,0.0,0.0,0.0,0.0,0.0
20230823093624000,SZSE,SZSE.ETF.159919,3.882,3.882,3.889,3.88,0.0,4.282,3.504,11730800.0,23000.0,45559827.8,89299.0,0.0,0.0,20230823,20230823,93624000,3.893,0.0,0.0,3.882,3.881,3.88,3.879,3.878,0.0,0.0,0.0,0.0,0.0,3.883,3.884,3.885,3.886,3.887,0.0,0.0,0.0,0.0,0.0,107000.0,938700.0,2063700.0,1724200.0,305400.0,0.0,0.0,0.0,0.0,0.0,423800.0,2427100.0,671000.0,765100.0,142000.0,0.0,0.0,0.0,0.0,0.0
20230823094617288,SZSE,SZSE.ETF.159919,3.872,3.882,3.889,3.872,0.0,4.282,3.504,27870700.0,104700.0,108133490.0,405402.09999999404,0.0,0.0,20230823,20230823,94617287,3.893,0.0,0.0,3.871,3.87,3.869,3.868,3.867,0.0,0.0,0.0,0.0,0.0,3.872,3.873,3.874,3.875,3.876,0.0,0.0,0.0,0.0,0.0,214200.0,2648700.0,1580000.0,674000.0,1088900.0,0.0,0.0,0.0,0.0,0.0,99000.0,1732500.0,1206000.0,494800.0,751800.0,0.0,0.0,0.0,0.0,0.0
20230823093627000,SZSE,SZSE.ETF.159919,3.883,3.882,3.889,3.88,0.0,4.282,3.504,11740600.0,9800.0,45597881.2,38053.40000000596,0.0,0.0,20230823,20230823,93627000,3.893,0.0,0.0,3.882,3.881,3.88,3.879,3.878,0.0,0.0,0.0,0.0,0.0,3.883,3.884,3.885,3.886,3.887,0.0,0.0,0.0,0.0,0.0,307000.0,575000.0,1632200.0,1924200.0,605400.0,0.0,0.0,0.0,0.0,0.0,964000.0,1371500.0,1230700.0,865100.0,42000.0,0.0,0.0,0.0,0.0,0.0
20230823094624284,SZSE,SZSE.ETF.159919,3.872,3.882,3.889,3.872,0.0,4.282,3.504,27871300.0,600.0,108135813.2,2323.2000000029802,0.0,0.0,20230823,20230823,94624285,3.893,0.0,0.0,3.871,3.87,3.869,3.868,3.867,0.0,0.0,0.0,0.0,0.0,3.872,3.873,3.874,3.875,3.876,0.0,0.0,0.0,0.0,0.0,314200.0,2998600.0,1430100.0,1194000.0,973100.0,0.0,0.0,0.0,0.0,0.0,717800.0,1205600.0,2109000.0,294800.0,881800.0,0.0,0.0,0.0,0.0,0.0
20230823094624484,SZSE,SZSE.ETF.159919,3.871,3.882,3.889,3.871,0.0,4.282,3.504,28049600.0,178300.0,108826119.6,690306.3999999911,0.0,0.0,20230823,20230823,94624485,3.893,0.0,0.0,3.871,3.87,3.869,3.868,3.867,0.0,0.0,0.0,0.0,0.0,3.872,3.873,3.874,3.875,3.876,0.0,0.0,0.0,0.0,0.0,447500.0,2623100.0,1829600.0,1644000.0,173100.0,0.0,0.0,0.0,0.0,0.0,91300.0,1132900.0,2162900.0,1194800.0,281800.0,0.0,0.0,0.0,0.0,0.0
20230823094627832,SZSE,SZSE.ETF.159919,3.871,3.882,3.889,3.871,0.0,4.282,3.504,28051400.0,1800.0,108833087.5,6967.9000000059605,0.0,0.0,20230823,20230823,94627831,3.893,0.0,0.0,3.871,3.87,3.869,3.868,3.867,0.0,0.0,0.0,0.0,0.0,3.872,3.873,3.874,3.875,3.876,0.0,0.0,0.0,0.0,0.0,376000.0,2823100.0,2129600.0,1644000.0,73100.0,0.0,0.0,0.0,0.0,0.0,250600.0,986800.0,1809000.0,894800.0,881800.0,0.0,0.0,0.0,0.0,0.0
20230823094630648,SZSE,SZSE.ETF.159919,3.871,3.882,3.889,3.871,0.0,4.282,3.504,28140800.0,89400.0,109179155.0,346067.5,0.0,0.0,20230823,20230823,94630648,3.893,0.0,0.0,3.871,3.87,3.869,3.868,3.867,0.0,0.0,0.0,0.0,0.0,3.872,3.873,3.874,3.875,3.876,0.0,0.0,0.0,0.0,0.0,1283000.0,2372800.0,1429600.0,1444000.0,73100.0,0.0,0.0,0.0,0.0,0.0,91100.0,427200.0,2762900.0,694800.0,881800.0,0.0,0.0,0.0,0.0,0.0
20230823093630000,SZSE,SZSE.ETF.159919,3.883,3.882,3.889,3.88,0.0,4.282,3.504,11741100.0,500.0,45599822.7,1941.5,0.0,0.0,20230823,20230823,93630000,3.893,0.0,0.0,3.882,3.881,3.88,3.879,3.878,0.0,0.0,0.0,0.0,0.0,3.883,3.884,3.885,3.886,3.887,0.0,0.0,0.0,0.0,0.0,10000.0,1172000.0,2386900.0,1224200.0,1105400.0,0.0,0.0,0.0,0.0,0.0,110000.0,1968900.0,1086800.0,1115100.0,342000.0,0.0,0.0,0.0,0.0,0.0
20230823093636000,SZSE,SZSE.ETF.159919,3.883,3.882,3.889,3.88,0.0,4.282,3.504,11746500.0,5100.0,45620790.8,19803.29999999702,0.0,0.0,20230823,20230823,93636000,3.893,0.0,0.0,3.882,3.881,3.88,3.879,3.878,0.0,0.0,0.0,0.0,0.0,3.883,3.884,3.885,3.886,3.887,0.0,0.0,0.0,0.0,0.0,21300.0,1175000.0,1534900.0,1924200.0,1605400.0,0.0,0.0,0.0,0.0,0.0,358200.0,1971500.0,1134700.0,851800.0,142000.0,0.0,0.0,0.0,0.0,0.0
20230823094641032,SZSE,SZSE.ETF.159919,3.872,3.882,3.889,3.871,0.0,4.282,3.504,28362000.0,100.0,110035641.4,387.20000000298023,0.0,0.0,20230823,20230823,94641030,3.893,0.0,0.0,3.871,3.87,3.869,3.868,3.867,0.0,0.0,0.0,0.0,0.0,3.872,3.873,3.874,3.875,3.876,0.0,0.0,0.0,0.0,0.0,3353300.0,2512500.0,1600100.0,670500.0,288900.0,0.0,0.0,0.0,0.0,0.0,200000.0,646500.0,1906100.0,1394800.0,601800.0,0.0,0.0,0.0,0.0,0.0
20230823093639000,SZSE,SZSE.ETF.159919,3.883,3.882,3.889,3.88,0.0,4.282,3.504,11749000.0,2500.0,45630498.3,9707.5,0.0,0.0,20230823,20230823,93639000,3.893,0.0,0.0,3.882,3.881,3.88,3.879,3.878,0.0,0.0,0.0,0.0,0.0,3.883,3.884,3.885,3.886,3.887,0.0,0.0,0.0,0.0,0.0,21300.0,1180300.0,1462900.0,2424200.0,1605400.0,0.0,0.0,0.0,0.0,0.0,955700.0,1371500.0,1234700.0,851800.0,42000.0,0.0,0.0,0.0,0.0,0.0
20230823094644008,SZSE,SZSE.ETF.159919,3.872,3.882,3.889,3.871,0.0,4.282,3.504,28593700.0,231700.0,110932783.8,897142.3999999911,0.0,0.0,20230823,20230823,94644009,3.893,0.0,0.0,3.872,3.871,3.87,3.869,3.868,0.0,0.0,0.0,0.0,0.0,3.873,3.874,3.875,3.876,3.877,0.0,0.0,0.0,0.0,0.0,425000.0,1033700.0,2029600.0,1929600.0,540500.0,0.0,0.0,0.0,0.0,0.0,446500.0,1303100.0,2097800.0,781800.0,545700.0,0.0,0.0,0.0,0.0,0.0
20230823093642000,SZSE,SZSE.ETF.159919,3.883,3.882,3.889,3.88,0.0,4.282,3.504,11755600.0,6600.0,45656126.1,25627.80000000447,0.0,0.0,20230823,20230823,93642000,3.893,0.0,0.0,3.882,3.881,3.88,3.879,3.878,0.0,0.0,0.0,0.0,0.0,3.883,3.884,3.885,3.886,3.887,0.0,0.0,0.0,0.0,0.0,326300.0,1190300.0,2134900.0,1924200.0,706400.0,0.0,0.0,0.0,0.0,0.0,349100.0,1371500.0,1744700.0,701800.0,142000.0,0.0,0.0,0.0,0.0,0.0
20230823094650068,SZSE,SZSE.ETF.159919,3.872,3.882,3.889,3.871,0.0,4.282,3.504,28610100.0,9300.0,110996284.6,36009.59999999404,0.0,0.0,20230823,20230823,94650067,3.893,0.0,0.0,3.872,3.871,3.87,3.869,3.868,0.0,0.0,0.0,0.0,0.0,3.873,3.874,3.875,3.876,3.877,0.0,0.0,0.0,0.0,0.0,355300.0,4125100.0,2094300.0,1600100.0,270500.0,0.0,0.0,0.0,0.0,0.0,105800.0,749200.0,2851700.0,1001800.0,330000.0,0.0,0.0,0.0,0.0,0.0
20230823094653120,SZSE,SZSE.ETF.159919,3.872,3.882,3.889,3.871,0.0,4.282,3.504,28610200.0,100.0,110996671.8,387.20000000298023,0.0,0.0,20230823,20230823,94653119,3.893,0.0,0.0,3.872,3.871,3.87,3.869,3.868,0.0,0.0,0.0,0.0,0.0,3.873,3.874,3.875,3.876,3.877,0.0,0.0,0.0,0.0,0.0,64000.0,4316300.0,2202300.0,1600100.0,270500.0,0.0,0.0,0.0,0.0,0.0,105800.0,703100.0,2797800.0,701800.0,330000.0,0.0,0.0,0.0,0.0,0.0
20230823094655968,SZSE,SZSE.ETF.159919,3.873,3.882,3.889,3.871,0.0,4.282,3.504,28610700.0,500.0,110998608.3,1936.5,0.0,0.0,20230823,20230823,94655970,3.893,0.0,0.0,3.872,3.871,3.87,3.869,3.868,0.0,0.0,0.0,0.0,0.0,3.873,3.874,3.875,3.876,3.877,0.0,0.0,0.0,0.0,0.0,955200.0,3525100.0,2052300.0,1630100.0,400500.0,0.0,0.0,0.0,0.0,0.0,105300.0,749200.0,2851700.0,1031800.0,60000.0,0.0,0.0,0.0,0.0,0.0
20230823093645000,SZSE,SZSE.ETF.159919,3.882,3.882,3.889,3.88,0.0,4.282,3.504,11782900.0,27300.0,45762104.7,105978.60000000149,0.0,0.0,20230823,20230823,93645000,3.893,0.0,0.0,3.881,3.88,3.879,3.878,3.877,0.0,0.0,0.0,0.0,0.0,3.882,3.883,3.884,3.885,3.886,0.0,0.0,0.0,0.0,0.0,1041400.0,1011800.0,2024200.0,1806400.0,302900.0,0.0,0.0,0.0,0.0,0.0,200300.0,1220600.0,1555600.0,689100.0,851800.0,0.0,0.0,0.0,0.0,0.0
20230823094658992,SZSE,SZSE.ETF.159919,3.872,3.882,3.889,3.871,0.0,4.282,3.504,28616200.0,5500.0,111019907.3,21299.0,0.0,0.0,20230823,20230823,94658991,3.893,0.0,0.0,3.872,3.871,3.87,3.869,3.868,0.0,0.0,0.0,0.0,0.0,3.873,3.874,3.875,3.876,3.877,0.0,0.0,0.0,0.0,0.0,1121000.0,4016800.0,2541500.0,1100100.0,270500.0,0.0,0.0,0.0,0.0,0.0,2500.0,649200.0,1881700.0,1931800.0,160000.0,0.0,0.0,0.0,0.0,0.0
20230823094702008,SZSE,SZSE.ETF.159919,3.872,3.882,3.889,3.871,0.0,4.282,3.504,28626600.0,10400.0,111060176.5,40269.20000000298,0.0,0.0,20230823,20230823,94702007,3.893,0.0,0.0,3.872,3.871,3.87,3.869,3.868,0.0,0.0,0.0,0.0,0.0,3.873,3.874,3.875,3.876,3.877,0.0,0.0,0.0,0.0,0.0,133100.0,3664700.0,3041500.0,1200100.0,296400.0,0.0,0.0,0.0,0.0,0.0,475300.0,1333100.0,2127800.0,601800.0,130000.0,0.0,0.0,0.0,0.0,0.0
20230823093648000,SZSE,SZSE.ETF.159919,3.882,3.882,3.889,3.88,0.0,4.282,3.504,11818900.0,36000.0,45901856.7,139752.0,0.0,0.0,20230823,20230823,93648000,3.893,0.0,0.0,3.881,3.88,3.879,3.878,3.877,0.0,0.0,0.0,0.0,0.0,3.882,3.883,3.884,3.885,3.886,0.0,0.0,0.0,0.0,0.0,31400.0,1287700.0,1566700.0,2726400.0,1047300.0,0.0,0.0,0.0,0.0,0.0,1100000.0,1832700.0,788300.0,604000.0,481800.0,0.0,0.0,0.0,0.0,0.0
20230823094705028,SZSE,SZSE.ETF.159919,3.873,3.882,3.889,3.871,0.0,4.282,3.504,28634600.0,8000.0,111091160.5,30984.0,0.0,0.0,20230823,20230823,94705027,3.893,0.0,0.0,3.872,3.871,3.87,3.869,3.868,0.0,0.0,0.0,0.0,0.0,3.874,3.875,3.876,3.877,3.878,0.0,0.0,0.0,0.0,0.0,377900.0,4049900.0,1992100.0,2099600.0,370500.0,0.0,0.0,0.0,0.0,0.0,749200.0,2881700.0,631800.0,30000.0,695700.0,0.0,0.0,0.0,0.0,0.0
20230823093651000,SZSE,SZSE.ETF.159919,3.882,3.882,3.889,3.88,0.0,4.282,3.504,11819200.0,300.0,45903021.3,1164.5999999940395,0.0,0.0,20230823,20230823,93651000,3.893,0.0,0.0,3.881,3.88,3.879,3.878,3.877,0.0,0.0,0.0,0.0,0.0,3.882,3.883,3.884,3.885,3.886,0.0,0.0,0.0,0.0,0.0,331400.0,890900.0,2435700.0,1076400.0,1447300.0,0.0,0.0,0.0,0.0,0.0,499700.0,2265400.0,1055600.0,704000.0,781800.0,0.0,0.0,0.0,0.0,0.0
20230823094708092,SZSE,SZSE.ETF.159919,3.872,3.882,3.889,3.871,0.0,4.282,3.504,28836200.0,201600.0,111871755.7,780595.200000003,0.0,0.0,20230823,20230823,94708092,3.893,0.0,0.0,3.872,3.871,3.87,3.869,3.868,0.0,0.0,0.0,0.0,0.0,3.874,3.875,3.876,3.877,3.878,0.0,0.0,0.0,0.0,0.0,776300.0,3590800.0,1442100.0,2099600.0,576300.0,0.0,0.0,0.0,0.0,0.0,749200.0,2881700.0,1031800.0,300000.0,733700.0,0.0,0.0,0.0,0.0,0.0
20230823094710972,SZSE,SZSE.ETF.159919,3.872,3.882,3.889,3.871,0.0,4.282,3.504,28936200.0,100000.0,112258955.7,387200.0,0.0,0.0,20230823,20230823,94710972,3.893,0.0,0.0,3.871,3.87,3.869,3.868,3.867,0.0,0.0,0.0,0.0,0.0,3.872,3.873,3.874,3.875,3.876,0.0,0.0,0.0,0.0,0.0,3549900.0,3092900.0,2030100.0,476300.0,98100.0,0.0,0.0,0.0,0.0,0.0,100000.0,283900.0,679200.0,2797800.0,401800.0,0.0,0.0,0.0,0.0,0.0
20230823093654000,SZSE,SZSE.ETF.159919,3.882,3.882,3.889,3.88,0.0,4.282,3.504,11975400.0,156200.0,46509389.7,606368.400000006,0.0,0.0,20230823,20230823,93654000,3.893,0.0,0.0,3.881,3.88,3.879,3.878,3.877,0.0,0.0,0.0,0.0,0.0,3.883,3.884,3.885,3.886,3.887,0.0,0.0,0.0,0.0,0.0,1024600.0,1742000.0,1963700.0,1876400.0,47300.0,0.0,0.0,0.0,0.0,0.0,363500.0,2412400.0,1507000.0,281800.0,457600.0,0.0,0.0,0.0,0.0,0.0
20230823094714008,SZSE,SZSE.ETF.159919,3.873,3.882,3.889,3.871,0.0,4.282,3.504,29037200.0,101000.0,112650028.7,391073.0,0.0,0.0,20230823,20230823,94714008,3.893,0.0,0.0,3.871,3.87,3.869,3.868,3.867,0.0,0.0,0.0,0.0,0.0,3.873,3.874,3.875,3.876,3.877,0.0,0.0,0.0,0.0,0.0,3450900.0,2563400.0,2559600.0,340500.0,88100.0,0.0,0.0,0.0,0.0,0.0,582800.0,1279200.0,2127800.0,781800.0,245700.0,0.0,0.0,0.0,0.0,0.0
20230823094716984,SZSE,SZSE.ETF.159919,3.873,3.882,3.889,3.871,0.0,4.282,3.504,29037200.0,0.0,112650028.7,0.0,0.0,0.0,20230823,20230823,94716986,3.893,0.0,0.0,3.871,3.87,3.869,3.868,3.867,0.0,0.0,0.0,0.0,0.0,3.873,3.874,3.875,3.876,3.877,0.0,0.0,0.0,0.0,0.0,2971000.0,2943300.0,2559600.0,340500.0,193900.0,0.0,0.0,0.0,0.0,0.0,582800.0,1582200.0,1824800.0,751800.0,483700.0,0.0,0.0,0.0,0.0,0.0
20230823093657000,SZSE,SZSE.ETF.159919,3.881,3.882,3.889,3.88,0.0,4.282,3.504,11987900.0,12500.0,46557902.2,48512.5,0.0,0.0,20230823,20230823,93657000,3.893,0.0,0.0,3.881,3.88,3.879,3.878,3.877,0.0,0.0,0.0,0.0,0.0,3.883,3.884,3.885,3.886,3.887,0.0,0.0,0.0,0.0,0.0,665300.0,3198300.0,1257200.0,1476400.0,126800.0,0.0,0.0,0.0,0.0,0.0,506100.0,2284500.0,1392300.0,253800.0,221800.0,0.0,0.0,0.0,0.0,0.0
20230823094720156,SZSE,SZSE.ETF.159919,3.873,3.882,3.889,3.871,0.0,4.282,3.504,29037200.0,0.0,112650028.7,0.0,0.0,0.0,20230823,20230823,94720155,3.893,0.0,0.0,3.871,3.87,3.869,3.868,3.867,0.0,0.0,0.0,0.0,0.0,3.872,3.873,3.874,3.875,3.876,0.0,0.0,0.0,0.0,0.0,2141000.0,2967300.0,1959600.0,350500.0,294000.0,0.0,0.0,0.0,0.0,0.0,100000.0,682800.0,2382200.0,794800.0,851800.0,0.0,0.0,0.0,0.0,0.0
20230823093700000,SZSE,SZSE.ETF.159919,3.883,3.882,3.889,3.88,0.0,4.282,3.504,12004700.0,16800.0,46623136.6,65234.39999999851,0.0,0.0,20230823,20230823,93700000,3.893,0.0,0.0,3.881,3.88,3.879,3.878,3.877,0.0,0.0,0.0,0.0,0.0,3.883,3.884,3.885,3.886,3.887,0.0,0.0,0.0,0.0,0.0,568300.0,1998300.0,2557200.0,1474400.0,152900.0,0.0,0.0,0.0,0.0,0.0,941900.0,1784500.0,1492300.0,153800.0,248300.0,0.0,0.0,0.0,0.0,0.0
20230823094723536,SZSE,SZSE.ETF.159919,3.871,3.882,3.889,3.871,0.0,4.282,3.504,29046700.0,9500.0,112686803.2,36774.5,0.0,0.0,20230823,20230823,94723538,3.893,0.0,0.0,3.87,3.869,3.868,3.867,3.866,0.0,0.0,0.0,0.0,0.0,3.871,3.872,3.873,3.874,3.875,0.0,0.0,0.0,0.0,0.0,896800.0,1359600.0,2310400.0,842000.0,439200.0,0.0,0.0,0.0,0.0,0.0,573300.0,1432900.0,1429900.0,106000.0,494800.0,0.0,0.0,0.0,0.0,0.0
20230823093703000,SZSE,SZSE.ETF.159919,3.883,3.882,3.889,3.88,0.0,4.282,3.504,12004700.0,0.0,46623136.6,0.0,0.0,0.0,20230823,20230823,93703000,3.893,0.0,0.0,3.882,3.881,3.88,3.879,3.878,0.0,0.0,0.0,0.0,0.0,3.883,3.884,3.885,3.886,3.887,0.0,0.0,0.0,0.0,0.0,600000.0,121900.0,1644200.0,2177200.0,1974400.0,0.0,0.0,0.0,0.0,0.0,613400.0,1513000.0,1492300.0,753800.0,274700.0,0.0,0.0,0.0,0.0,0.0
20230823094726304,SZSE,SZSE.ETF.159919,3.871,3.882,3.889,3.87,0.0,4.282,3.504,29332600.0,285900.0,113793322.1,1106518.899999991,0.0,0.0,20230823,20230823,94726303,3.893,0.0,0.0,3.87,3.869,3.868,3.867,3.866,0.0,0.0,0.0,0.0,0.0,3.871,3.872,3.873,3.874,3.875,0.0,0.0,0.0,0.0,0.0,242700.0,1510000.0,2960000.0,658300.0,410200.0,0.0,0.0,0.0,0.0,0.0,429900.0,1138900.0,2032900.0,806000.0,168700.0,0.0,0.0,0.0,0.0,0.0
20230823094729172,SZSE,SZSE.ETF.159919,3.871,3.882,3.889,3.87,0.0,4.282,3.504,29497900.0,165300.0,114433040.9,639718.8000000119,0.0,0.0,20230823,20230823,94729171,3.893,0.0,0.0,3.87,3.869,3.868,3.867,3.866,0.0,0.0,0.0,0.0,0.0,3.871,3.872,3.873,3.874,3.875,0.0,0.0,0.0,0.0,0.0,94200.0,1217700.0,2860000.0,655300.0,510200.0,0.0,0.0,0.0,0.0,0.0,30000.0,839000.0,1832900.0,1006000.0,468700.0,0.0,0.0,0.0,0.0,0.0
20230823093706000,SZSE,SZSE.ETF.159919,3.883,3.882,3.889,3.88,0.0,4.282,3.504,12005000.0,300.0,46624301.5,1164.8999999985099,0.0,0.0,20230823,20230823,93706000,3.893,0.0,0.0,3.882,3.881,3.88,3.879,3.878,0.0,0.0,0.0,0.0,0.0,3.883,3.884,3.885,3.886,3.887,0.0,0.0,0.0,0.0,0.0,600000.0,987500.0,1893500.0,1247200.0,1404400.0,0.0,0.0,0.0,0.0,0.0,341600.0,1822400.0,1507000.0,1153800.0,342300.0,0.0,0.0,0.0,0.0,0.0
20230823094732024,SZSE,SZSE.ETF.159919,3.871,3.882,3.889,3.87,0.0,4.282,3.504,29497900.0,0.0,114433040.9,0.0,0.0,0.0,20230823,20230823,94732024,3.893,0.0,0.0,3.87,3.869,3.868,3.867,3.866,0.0,0.0,0.0,0.0,0.0,3.871,3.872,3.873,3.874,3.875,0.0,0.0,0.0,0.0,0.0,4000.0,1079900.0,3039900.0,1055300.0,303000.0,0.0,0.0,0.0,0.0,0.0,584000.0,1425100.0,1829900.0,706000.0,415800.0,0.0,0.0,0.0,0.0,0.0
20230823094735000,SZSE,SZSE.ETF.159919,3.87,3.882,3.889,3.87,0.0,4.282,3.504,29577900.0,80000.0,114742640.9,309600.0,0.0,0.0,20230823,20230823,94735002,3.893,0.0,0.0,3.87,3.869,3.868,3.867,3.866,0.0,0.0,0.0,0.0,0.0,3.872,3.873,3.874,3.875,3.876,0.0,0.0,0.0,0.0,0.0,271700.0,2584000.0,1660000.0,455300.0,377100.0,0.0,0.0,0.0,0.0,0.0,1284000.0,1932900.0,1536000.0,415800.0,597500.0,0.0,0.0,0.0,0.0,0.0
20230823093709000,SZSE,SZSE.ETF.159919,3.884,3.882,3.889,3.88,0.0,4.282,3.504,12363400.0,358400.0,48015985.5,1391684.0,0.0,0.0,20230823,20230823,93709000,3.893,0.0,0.0,3.882,3.881,3.88,3.879,3.878,0.0,0.0,0.0,0.0,0.0,3.883,3.884,3.885,3.886,3.887,0.0,0.0,0.0,0.0,0.0,702700.0,931000.0,1417500.0,2347200.0,1102400.0,0.0,0.0,0.0,0.0,0.0,152600.0,1657700.0,802300.0,1553800.0,142300.0,0.0,0.0,0.0,0.0,0.0
20230823094737984,SZSE,SZSE.ETF.159919,3.872,3.882,3.889,3.87,0.0,4.282,3.504,29614500.0,36600.0,114884286.5,141645.59999999404,0.0,0.0,20230823,20230823,94737983,3.893,0.0,0.0,3.87,3.869,3.868,3.867,3.866,0.0,0.0,0.0,0.0,0.0,3.871,3.872,3.873,3.874,3.875,0.0,0.0,0.0,0.0,0.0,278700.0,2350900.0,2410000.0,1055300.0,382900.0,0.0,0.0,0.0,0.0,0.0,330000.0,1330800.0,1832900.0,906000.0,685800.0,0.0,0.0,0.0,0.0,0.0
20230823094740996,SZSE,SZSE.ETF.159919,3.87,3.882,3.889,3.87,0.0,4.282,3.504,29833500.0,219000.0,115731816.5,847530.0,0.0,0.0,20230823,20230823,94740995,3.893,0.0,0.0,3.87,3.869,3.868,3.867,3.866,0.0,0.0,0.0,0.0,0.0,3.871,3.872,3.873,3.874,3.875,0.0,0.0,0.0,0.0,0.0,272000.0,1510000.0,2960000.0,1455700.0,277200.0,0.0,0.0,0.0,0.0,0.0,729900.0,1330800.0,1832900.0,406000.0,715800.0,0.0,0.0,0.0,0.0,0.0
20230823093712000,SZSE,SZSE.ETF.159919,3.882,3.882,3.889,3.88,0.0,4.282,3.504,12383400.0,20000.0,48093625.5,77640.0,0.0,0.0,20230823,20230823,93712000,3.893,0.0,0.0,3.882,3.881,3.88,3.879,3.878,0.0,0.0,0.0,0.0,0.0,3.884,3.885,3.886,3.887,3.888,0.0,0.0,0.0,0.0,0.0,1182600.0,1367800.0,1552700.0,1647200.0,502400.0,0.0,0.0,0.0,0.0,0.0,517300.0,1695300.0,1103800.0,642300.0,1010700.0,0.0,0.0,0.0,0.0,0.0
20230823094743984,SZSE,SZSE.ETF.159919,3.87,3.882,3.889,3.87,0.0,4.282,3.504,29933500.0,100000.0,116118816.5,387000.0,0.0,0.0,20230823,20230823,94743983,3.893,0.0,0.0,3.87,3.869,3.868,3.867,3.866,0.0,0.0,0.0,0.0,0.0,3.871,3.872,3.873,3.874,3.875,0.0,0.0,0.0,0.0,0.0,11100.0,1943000.0,2560000.0,1855700.0,377200.0,0.0,0.0,0.0,0.0,0.0,729900.0,1330800.0,2132900.0,106000.0,715800.0,0.0,0.0,0.0,0.0,0.0
20230823094747004,SZSE,SZSE.ETF.159919,3.871,3.882,3.889,3.87,0.0,4.282,3.504,30013500.0,80000.0,116428496.5,309680.0,0.0,0.0,20230823,20230823,94747004,3.893,0.0,0.0,3.87,3.869,3.868,3.867,3.866,0.0,0.0,0.0,0.0,0.0,3.872,3.873,3.874,3.875,3.876,0.0,0.0,0.0,0.0,0.0,445900.0,1748000.0,2260000.0,1755700.0,377200.0,0.0,0.0,0.0,0.0,0.0,735600.0,2952900.0,636000.0,715800.0,597500.0,0.0,0.0,0.0,0.0,0.0
20230823094750024,SZSE,SZSE.ETF.159919,3.87,3.882,3.889,3.87,0.0,4.282,3.504,30165400.0,151900.0,117016349.6,587853.099999994,0.0,0.0,20230823,20230823,94750023,3.893,0.0,0.0,3.869,3.868,3.867,3.866,3.865,0.0,0.0,0.0,0.0,0.0,3.87,3.872,3.873,3.874,3.875,0.0,0.0,0.0,0.0,0.0,2048100.0,2262500.0,1855700.0,483000.0,146200.0,0.0,0.0,0.0,0.0,0.0,69000.0,1326600.0,2052900.0,936000.0,685800.0,0.0,0.0,0.0,0.0,0.0
20230823093715000,SZSE,SZSE.ETF.159919,3.882,3.882,3.889,3.88,0.0,4.282,3.504,12663600.0,280200.0,49181364.6,1087739.1000000015,0.0,0.0,20230823,20230823,93715000,3.893,0.0,0.0,3.882,3.881,3.88,3.879,3.878,0.0,0.0,0.0,0.0,0.0,3.883,3.884,3.885,3.886,3.887,0.0,0.0,0.0,0.0,0.0,2700.0,1594800.0,1273700.0,2447200.0,308000.0,0.0,0.0,0.0,0.0,0.0,386300.0,2286200.0,902300.0,853800.0,12300.0,0.0,0.0,0.0,0.0,0.0
20230823094753048,SZSE,SZSE.ETF.159919,3.871,3.882,3.889,3.87,0.0,4.282,3.504,30343600.0,178200.0,117705983.8,689634.200000003,0.0,0.0,20230823,20230823,94753048,3.893,0.0,0.0,3.87,3.869,3.868,3.867,3.866,0.0,0.0,0.0,0.0,0.0,3.871,3.872,3.873,3.874,3.875,0.0,0.0,0.0,0.0,0.0,10200.0,4488000.0,2759000.0,1485700.0,247200.0,0.0,0.0,0.0,0.0,0.0,108800.0,847800.0,2632900.0,536000.0,805700.0,0.0,0.0,0.0,0.0,0.0
20230823094756048,SZSE,SZSE.ETF.159919,3.871,3.882,3.889,3.87,0.0,4.282,3.504,30343600.0,0.0,117705983.8,0.0,0.0,0.0,20230823,20230823,94756050,3.893,0.0,0.0,3.87,3.869,3.868,3.867,3.866,0.0,0.0,0.0,0.0,0.0,3.871,3.872,3.873,3.874,3.875,0.0,0.0,0.0,0.0,0.0,1516600.0,3449000.0,1812500.0,1355700.0,377200.0,0.0,0.0,0.0,0.0,0.0,9000.0,747800.0,1329900.0,2209000.0,715800.0,0.0,0.0,0.0,0.0,0.0
20230823093718000,SZSE,SZSE.ETF.159919,3.882,3.882,3.889,3.88,0.0,4.282,3.504,12734700.0,71100.0,49457375.1,276010.5,0.0,0.0,20230823,20230823,93718000,3.893,0.0,0.0,3.881,3.88,3.879,3.878,3.877,0.0,0.0,0.0,0.0,0.0,3.882,3.883,3.884,3.885,3.886,0.0,0.0,0.0,0.0,0.0,51300.0,1914500.0,1450200.0,1902400.0,1262900.0,0.0,0.0,0.0,0.0,0.0,100000.0,2589000.0,871500.0,714000.0,453800.0,0.0,0.0,0.0,0.0,0.0
20230823094759136,SZSE,SZSE.ETF.159919,3.871,3.882,3.889,3.87,0.0,4.282,3.504,30343800.0,200.0,117706758.0,774.2000000029802,0.0,0.0,20230823,20230823,94759137,3.893,0.0,0.0,3.87,3.869,3.868,3.867,3.866,0.0,0.0,0.0,0.0,0.0,3.871,3.872,3.873,3.874,3.875,0.0,0.0,0.0,0.0,0.0,144200.0,4955400.0,1644000.0,1155700.0,303100.0,0.0,0.0,0.0,0.0,0.0,108900.0,846600.0,2632900.0,106000.0,815800.0,0.0,0.0,0.0,0.0,0.0
20230823093721000,SZSE,SZSE.ETF.159919,3.881,3.882,3.889,3.88,0.0,4.282,3.504,12738600.0,3900.0,49472511.0,15135.89999999851,0.0,0.0,20230823,20230823,93721000,3.893,0.0,0.0,3.881,3.88,3.879,3.878,3.877,0.0,0.0,0.0,0.0,0.0,3.882,3.883,3.884,3.885,3.886,0.0,0.0,0.0,0.0,0.0,37400.0,1295000.0,1579700.0,1822400.0,1647300.0,0.0,0.0,0.0,0.0,0.0,100000.0,2688000.0,1031500.0,704000.0,483800.0,0.0,0.0,0.0,0.0,0.0
20230823094802124,SZSE,SZSE.ETF.159919,3.87,3.882,3.889,3.87,0.0,4.282,3.504,30356900.0,13100.0,117757455.0,50697.0,0.0,0.0,20230823,20230823,94802125,3.893,0.0,0.0,3.87,3.869,3.868,3.867,3.866,0.0,0.0,0.0,0.0,0.0,3.871,3.872,3.873,3.874,3.875,0.0,0.0,0.0,0.0,0.0,300.0,4088100.0,2272500.0,1555700.0,277800.0,0.0,0.0,0.0,0.0,0.0,538700.0,1546600.0,2132900.0,706000.0,337800.0,0.0,0.0,0.0,0.0,0.0
20230823094805080,SZSE,SZSE.ETF.159919,3.871,3.882,3.889,3.87,0.0,4.282,3.504,30908900.0,552000.0,119893710.0,2136255.0,0.0,0.0,20230823,20230823,94805082,3.893,0.0,0.0,3.871,3.87,3.869,3.868,3.867,0.0,0.0,0.0,0.0,0.0,3.872,3.873,3.874,3.875,3.876,0.0,0.0,0.0,0.0,0.0,1800.0,3104800.0,925000.0,2392500.0,555700.0,0.0,0.0,0.0,0.0,0.0,104800.0,1849900.0,1939000.0,637800.0,697500.0,0.0,0.0,0.0,0.0,0.0
20230823093724000,SZSE,SZSE.ETF.159919,3.882,3.882,3.889,3.88,0.0,4.282,3.504,12738900.0,300.0,49473675.6,1164.6000000014901,0.0,0.0,20230823,20230823,93724000,3.893,0.0,0.0,3.881,3.88,3.879,3.878,3.877,0.0,0.0,0.0,0.0,0.0,3.882,3.883,3.884,3.885,3.886,0.0,0.0,0.0,0.0,0.0,37400.0,1295000.0,1479700.0,1822400.0,1647300.0,0.0,0.0,0.0,0.0,0.0,771200.0,2516500.0,631500.0,604000.0,483800.0,0.0,0.0,0.0,0.0,0.0
20230823094808160,SZSE,SZSE.ETF.159919,3.87,3.882,3.889,3.87,0.0,4.282,3.504,30986900.0,78000.0,120195571.8,301861.799999997,0.0,0.0,20230823,20230823,94808162,3.893,0.0,0.0,3.871,3.87,3.869,3.868,3.867,0.0,0.0,0.0,0.0,0.0,3.872,3.873,3.874,3.875,3.876,0.0,0.0,0.0,0.0,0.0,42200.0,2150800.0,3482500.0,2363000.0,185700.0,0.0,0.0,0.0,0.0,0.0,1554700.0,932900.0,1736000.0,7800.0,781800.0,0.0,0.0,0.0,0.0,0.0
20230823093727000,SZSE,SZSE.ETF.159919,3.882,3.882,3.889,3.88,0.0,4.282,3.504,12738900.0,0.0,49473675.6,0.0,0.0,0.0,20230823,20230823,93727000,3.893,0.0,0.0,3.881,3.88,3.879,3.878,3.877,0.0,0.0,0.0,0.0,0.0,3.882,3.883,3.884,3.885,3.886,0.0,0.0,0.0,0.0,0.0,37400.0,141200.0,1930500.0,1125400.0,1347300.0,0.0,0.0,0.0,0.0,0.0,2676000.0,1011800.0,833200.0,4000.0,1680800.0,0.0,0.0,0.0,0.0,0.0
20230823094811028,SZSE,SZSE.ETF.159919,3.871,3.882,3.889,3.87,0.0,4.282,3.504,31038100.0,51200.0,120393767.0,198195.20000000298,0.0,0.0,20230823,20230823,94811028,3.893,0.0,0.0,3.87,3.869,3.868,3.867,3.866,0.0,0.0,0.0,0.0,0.0,3.871,3.872,3.873,3.874,3.875,0.0,0.0,0.0,0.0,0.0,2525800.0,2313000.0,2593500.0,485700.0,493600.0,0.0,0.0,0.0,0.0,0.0,87800.0,1354700.0,729900.0,2209000.0,607800.0,0.0,0.0,0.0,0.0,0.0
20230823093730000,SZSE,SZSE.ETF.159919,3.881,3.882,3.889,3.88,0.0,4.282,3.504,12811200.0,72300.0,49754306.7,280631.1000000015,0.0,0.0,20230823,20230823,93730000,3.893,0.0,0.0,3.88,3.879,3.878,3.877,3.876,0.0,0.0,0.0,0.0,0.0,3.881,3.882,3.883,3.884,3.885,0.0,0.0,0.0,0.0,0.0,41800.0,1630600.0,1425400.0,1747300.0,806900.0,0.0,0.0,0.0,0.0,0.0,371500.0,2404800.0,1012800.0,750000.0,4000.0,0.0,0.0,0.0,0.0,0.0
20230823094814096,SZSE,SZSE.ETF.159919,3.87,3.882,3.889,3.87,0.0,4.282,3.504,31086900.0,48800.0,120582663.6,188896.59999999404,0.0,0.0,20230823,20230823,94814094,3.893,0.0,0.0,3.87,3.869,3.868,3.867,3.866,0.0,0.0,0.0,0.0,0.0,3.871,3.872,3.873,3.874,3.875,0.0,0.0,0.0,0.0,0.0,2560600.0,2750000.0,2873500.0,155700.0,303700.0,0.0,0.0,0.0,0.0,0.0,39000.0,1454700.0,529900.0,2103000.0,737800.0,0.0,0.0,0.0,0.0,0.0
20230823094816992,SZSE,SZSE.ETF.159919,3.869,3.882,3.889,3.869,0.0,4.282,3.504,31322800.0,235900.0,121495508.8,912845.200000003,0.0,0.0,20230823,20230823,94816993,3.893,0.0,0.0,3.869,3.868,3.867,3.866,3.865,0.0,0.0,0.0,0.0,0.0,3.87,3.871,3.872,3.874,3.875,0.0,0.0,0.0,0.0,0.0,392100.0,3653400.0,916700.0,1403700.0,327100.0,0.0,0.0,0.0,0.0,0.0,830000.0,908900.0,1837700.0,550000.0,737800.0,0.0,0.0,0.0,0.0,0.0
20230823093733000,SZSE,SZSE.ETF.159919,3.881,3.882,3.889,3.88,0.0,4.282,3.504,12811200.0,0.0,49754306.7,0.0,0.0,0.0,20230823,20230823,93733000,3.893,0.0,0.0,3.88,3.879,3.878,3.877,3.876,0.0,0.0,0.0,0.0,0.0,3.881,3.882,3.883,3.884,3.885,0.0,0.0,0.0,0.0,0.0,41800.0,1301100.0,1454900.0,1617300.0,591300.0,0.0,0.0,0.0,0.0,0.0,274900.0,2693100.0,1324500.0,150000.0,334000.0,0.0,0.0,0.0,0.0,0.0
20230823094820036,SZSE,SZSE.ETF.159919,3.87,3.882,3.889,3.869,0.0,4.282,3.504,31770200.0,447400.0,123226746.8,1731238.0,0.0,0.0,20230823,20230823,94820035,3.893,0.0,0.0,3.869,3.868,3.867,3.866,3.865,0.0,0.0,0.0,0.0,0.0,3.87,3.871,3.872,3.874,3.875,0.0,0.0,0.0,0.0,0.0,100000.0,3166500.0,715700.0,2047800.0,317200.0,0.0,0.0,0.0,0.0,0.0,120400.0,1478900.0,2337700.0,780000.0,453600.0,0.0,0.0,0.0,0.0,0.0
20230823094823004,SZSE,SZSE.ETF.159919,3.87,3.882,3.889,3.869,0.0,4.282,3.504,31849100.0,78900.0,123532076.6,305329.799999997,0.0,0.0,20230823,20230823,94823003,3.893,0.0,0.0,3.869,3.868,3.867,3.866,3.865,0.0,0.0,0.0,0.0,0.0,3.87,3.871,3.872,3.873,3.874,0.0,0.0,0.0,0.0,0.0,86800.0,3966500.0,815700.0,1947800.0,217200.0,0.0,0.0,0.0,0.0,0.0,104700.0,1578900.0,1937700.0,400000.0,780000.0,0.0,0.0,0.0,0.0,0.0
20230823093736000,SZSE,SZSE.ETF.159919,3.88,3.882,3.889,3.88,0.0,4.282,3.504,12828700.0,17500.0,49822211.7,67905.0,0.0,0.0,20230823,20230823,93736000,3.893,0.0,0.0,3.88,3.879,3.878,3.877,3.876,0.0,0.0,0.0,0.0,0.0,3.881,3.882,3.883,3.884,3.885,0.0,0.0,0.0,0.0,0.0,29300.0,1591100.0,1766900.0,1317300.0,691300.0,0.0,0.0,0.0,0.0,0.0,5000.0,2973000.0,714500.0,750000.0,1231000.0,0.0,0.0,0.0,0.0,0.0
20230823094826000,SZSE,SZSE.ETF.159919,3.869,3.882,3.889,3.869,0.0,4.282,3.504,31854700.0,5600.0,123553748.0,21671.40000000596,0.0,0.0,20230823,20230823,94825999,3.893,0.0,0.0,3.868,3.867,3.866,3.865,3.864,0.0,0.0,0.0,0.0,0.0,3.869,3.87,3.871,3.872,3.873,0.0,0.0,0.0,0.0,0.0,1836000.0,2746200.0,2078800.0,217200.0,316600.0,0.0,0.0,0.0,0.0,0.0,199100.0,1049700.0,758900.0,1507800.0,300000.0,0.0,0.0,0.0,0.0,0.0
20230823093739000,SZSE,SZSE.ETF.159919,3.88,3.882,3.889,3.88,0.0,4.282,3.504,12828700.0,0.0,49822211.7,0.0,0.0,0.0,20230823,20230823,93739000,3.893,0.0,0.0,3.88,3.879,3.878,3.877,3.876,0.0,0.0,0.0,0.0,0.0,3.881,3.882,3.883,3.884,3.885,0.0,0.0,0.0,0.0,0.0,45400.0,1291100.0,1566900.0,1817300.0,491300.0,0.0,0.0,0.0,0.0,0.0,774900.0,2314800.0,403800.0,850000.0,1031000.0,0.0,0.0,0.0,0.0,0.0
20230823094829012,SZSE,SZSE.ETF.159919,3.869,3.882,3.889,3.869,0.0,4.282,3.504,32245200.0,390500.0,125064592.5,1510844.5,0.0,0.0,20230823,20230823,94829013,3.893,0.0,0.0,3.868,3.867,3.866,3.865,3.864,0.0,0.0,0.0,0.0,0.0,3.87,3.871,3.872,3.873,3.874,0.0,0.0,0.0,0.0,0.0,3459100.0,3093100.0,1308800.0,1087200.0,200800.0,0.0,0.0,0.0,0.0,0.0,954500.0,658900.0,1607800.0,30000.0,995800.0,0.0,0.0,0.0,0.0,0.0
20230823094832012,SZSE,SZSE.ETF.159919,3.869,3.882,3.889,3.869,0.0,4.282,3.504,32276200.0,31000.0,125184553.9,119961.40000000596,0.0,0.0,20230823,20230823,94832011,3.893,0.0,0.0,3.869,3.868,3.867,3.866,3.865,0.0,0.0,0.0,0.0,0.0,3.87,3.871,3.872,3.873,3.874,0.0,0.0,0.0,0.0,0.0,22400.0,4046600.0,2585200.0,1078800.0,1087200.0,0.0,0.0,0.0,0.0,0.0,670700.0,878900.0,1937800.0,400000.0,333700.0,0.0,0.0,0.0,0.0,0.0
20230823093742000,SZSE,SZSE.ETF.159919,3.881,3.882,3.889,3.88,0.0,4.282,3.504,12833700.0,5000.0,49841616.7,19405.0,0.0,0.0,20230823,20230823,93742000,3.893,0.0,0.0,3.881,3.88,3.879,3.878,3.877,0.0,0.0,0.0,0.0,0.0,3.882,3.883,3.884,3.885,3.886,0.0,0.0,0.0,0.0,0.0,95000.0,145400.0,1591400.0,1666900.0,1317300.0,0.0,0.0,0.0,0.0,0.0,2873000.0,615500.0,850000.0,434000.0,1496400.0,0.0,0.0,0.0,0.0,0.0
20230823094835048,SZSE,SZSE.ETF.159919,3.869,3.882,3.889,3.869,0.0,4.282,3.504,32301400.0,25200.0,125282052.7,97498.79999999702,0.0,0.0,20230823,20230823,94835047,3.893,0.0,0.0,3.868,3.867,3.866,3.865,3.864,0.0,0.0,0.0,0.0,0.0,3.869,3.87,3.871,3.872,3.873,0.0,0.0,0.0,0.0,0.0,4020600.0,2646200.0,678800.0,327200.0,416600.0,0.0,0.0,0.0,0.0,0.0,304800.0,932100.0,759000.0,1807800.0,300000.0,0.0,0.0,0.0,0.0,0.0
20230823094837984,SZSE,SZSE.ETF.159919,3.869,3.882,3.889,3.869,0.0,4.282,3.504,32927900.0,626500.0,127705981.2,2423928.5,0.0,0.0,20230823,20230823,94837986,3.893,0.0,0.0,3.869,3.868,3.867,3.866,3.865,0.0,0.0,0.0,0.0,0.0,3.87,3.871,3.872,3.873,3.874,0.0,0.0,0.0,0.0,0.0,245000.0,3803300.0,3193100.0,1178800.0,1097200.0,0.0,0.0,0.0,0.0,0.0,1032100.0,559000.0,2137800.0,30000.0,995800.0,0.0,0.0,0.0,0.0,0.0
20230823093745000,SZSE,SZSE.ETF.159919,3.881,3.882,3.889,3.88,0.0,4.282,3.504,13028700.0,195000.0,50598411.7,756795.0,0.0,0.0,20230823,20230823,93745000,3.893,0.0,0.0,3.88,3.879,3.878,3.877,3.876,0.0,0.0,0.0,0.0,0.0,3.882,3.883,3.884,3.885,3.886,0.0,0.0,0.0,0.0,0.0,289200.0,1490600.0,1322900.0,947300.0,706900.0,0.0,0.0,0.0,0.0,0.0,1776700.0,1516800.0,850000.0,104000.0,1680800.0,0.0,0.0,0.0,0.0,0.0
20230823094841020,SZSE,SZSE.ETF.159919,3.869,3.882,3.889,3.869,0.0,4.282,3.504,33027900.0,100000.0,128092881.2,386900.0,0.0,0.0,20230823,20230823,94841021,3.893,0.0,0.0,3.869,3.868,3.867,3.866,3.865,0.0,0.0,0.0,0.0,0.0,3.87,3.871,3.872,3.873,3.874,0.0,0.0,0.0,0.0,0.0,199700.0,3480200.0,2746200.0,1348800.0,1127200.0,0.0,0.0,0.0,0.0,0.0,1032100.0,659000.0,2537800.0,300000.0,180000.0,0.0,0.0,0.0,0.0,0.0
20230823093748000,SZSE,SZSE.ETF.159919,3.881,3.882,3.889,3.88,0.0,4.282,3.504,13028700.0,0.0,50598411.7,0.0,0.0,0.0,20230823,20230823,93748000,3.893,0.0,0.0,3.88,3.879,3.878,3.877,3.876,0.0,0.0,0.0,0.0,0.0,3.881,3.882,3.883,3.884,3.885,0.0,0.0,0.0,0.0,0.0,45700.0,1302400.0,1455900.0,1717600.0,596900.0,0.0,0.0,0.0,0.0,0.0,174900.0,2404800.0,913800.0,1050000.0,4000.0,0.0,0.0,0.0,0.0,0.0
20230823094935728,SZSE,SZSE.ETF.159919,3.87,3.882,3.889,3.868,0.0,4.282,3.504,35155100.0,100700.0,136322917.1,389709.6999999881,0.0,0.0,20230823,20230823,94935727,3.893,0.0,0.0,3.87,3.869,3.868,3.867,3.866,0.0,0.0,0.0,0.0,0.0,3.871,3.872,3.873,3.874,3.875,0.0,0.0,0.0,0.0,0.0,837700.0,2085600.0,1820600.0,1370300.0,414700.0,0.0,0.0,0.0,0.0,0.0,22300.0,1454700.0,1233000.0,1500000.0,737800.0,0.0,0.0,0.0,0.0,0.0
20230823093751000,SZSE,SZSE.ETF.159919,3.881,3.882,3.889,3.88,0.0,4.282,3.504,13028700.0,0.0,50598411.7,0.0,0.0,0.0,20230823,20230823,93751000,3.893,0.0,0.0,3.88,3.879,3.878,3.877,3.876,0.0,0.0,0.0,0.0,0.0,3.882,3.883,3.884,3.885,3.886,0.0,0.0,0.0,0.0,0.0,189500.0,1761600.0,1452900.0,1017900.0,691300.0,0.0,0.0,0.0,0.0,0.0,2165000.0,1828500.0,150000.0,334000.0,599400.0,0.0,0.0,0.0,0.0,0.0
20230823094938240,SZSE,SZSE.ETF.159919,3.871,3.882,3.889,3.868,0.0,4.282,3.504,35186000.0,30900.0,136442531.0,119613.90000000596,0.0,0.0,20230823,20230823,94938242,3.893,0.0,0.0,3.87,3.869,3.868,3.867,3.866,0.0,0.0,0.0,0.0,0.0,3.871,3.872,3.873,3.874,3.875,0.0,0.0,0.0,0.0,0.0,2747700.0,2093500.0,2082300.0,1170300.0,414700.0,0.0,0.0,0.0,0.0,0.0,9000.0,1454700.0,933000.0,1700000.0,737800.0,0.0,0.0,0.0,0.0,0.0
20230823093754000,SZSE,SZSE.ETF.159919,3.881,3.882,3.889,3.88,0.0,4.282,3.504,13028700.0,0.0,50598411.7,0.0,0.0,0.0,20230823,20230823,93754000,3.893,0.0,0.0,3.88,3.879,3.878,3.877,3.876,0.0,0.0,0.0,0.0,0.0,3.881,3.882,3.883,3.884,3.885,0.0,0.0,0.0,0.0,0.0,145700.0,1302400.0,1455900.0,1617900.0,1570800.0,0.0,0.0,0.0,0.0,0.0,87300.0,2404800.0,1513800.0,250000.0,4000.0,0.0,0.0,0.0,0.0,0.0
20230823094942964,SZSE,SZSE.ETF.159919,3.871,3.882,3.889,3.868,0.0,4.282,3.504,35186200.0,200.0,136443305.2,774.1999999880791,0.0,0.0,20230823,20230823,94942965,3.893,0.0,0.0,3.871,3.87,3.869,3.868,3.867,0.0,0.0,0.0,0.0,0.0,3.872,3.873,3.874,3.875,3.876,0.0,0.0,0.0,0.0,0.0,200.0,2747800.0,1886500.0,2102300.0,1070300.0,0.0,0.0,0.0,0.0,0.0,1454700.0,933000.0,1730000.0,737800.0,576700.0,0.0,0.0,0.0,0.0,0.0
20230823094945352,SZSE,SZSE.ETF.159919,3.871,3.882,3.889,3.868,0.0,4.282,3.504,35486200.0,300000.0,137604605.2,1161300.0,0.0,0.0,20230823,20230823,94945353,3.893,0.0,0.0,3.87,3.869,3.868,3.867,3.866,0.0,0.0,0.0,0.0,0.0,3.872,3.873,3.874,3.875,3.876,0.0,0.0,0.0,0.0,0.0,2766700.0,2716000.0,1110600.0,1100300.0,604600.0,0.0,0.0,0.0,0.0,0.0,1613700.0,1033000.0,1730000.0,7800.0,886800.0,0.0,0.0,0.0,0.0,0.0
20230823093757000,SZSE,SZSE.ETF.159919,3.881,3.882,3.889,3.88,0.0,4.282,3.504,13028700.0,0.0,50598411.7,0.0,0.0,0.0,20230823,20230823,93757000,3.893,0.0,0.0,3.88,3.879,3.878,3.877,3.876,0.0,0.0,0.0,0.0,0.0,3.881,3.882,3.883,3.884,3.885,0.0,0.0,0.0,0.0,0.0,1289400.0,1277100.0,1624900.0,317900.0,1491300.0,0.0,0.0,0.0,0.0,0.0,12400.0,1465000.0,2328500.0,350000.0,434000.0,0.0,0.0,0.0,0.0,0.0
20230823094948716,SZSE,SZSE.ETF.159919,3.871,3.882,3.889,3.868,0.0,4.282,3.504,35488700.0,2500.0,137614280.3,9675.100000023842,0.0,0.0,20230823,20230823,94948717,3.893,0.0,0.0,3.87,3.869,3.868,3.867,3.866,0.0,0.0,0.0,0.0,0.0,3.871,3.872,3.873,3.874,3.875,0.0,0.0,0.0,0.0,0.0,2364300.0,1952500.0,2426900.0,370300.0,1394600.0,0.0,0.0,0.0,0.0,0.0,429900.0,1816700.0,1630000.0,800000.0,7800.0,0.0,0.0,0.0,0.0,0.0
20230823094951108,SZSE,SZSE.ETF.159919,3.87,3.882,3.889,3.868,0.0,4.282,3.504,35788600.0,299900.0,138774900.3,1160620.0,0.0,0.0,20230823,20230823,94951107,3.893,0.0,0.0,3.87,3.869,3.868,3.867,3.866,0.0,0.0,0.0,0.0,0.0,3.871,3.872,3.873,3.874,3.875,0.0,0.0,0.0,0.0,0.0,2701400.0,1889500.0,2092900.0,370300.0,1288800.0,0.0,0.0,0.0,0.0,0.0,130000.0,763700.0,1733000.0,1400000.0,1037800.0,0.0,0.0,0.0,0.0,0.0
20230823093800000,SZSE,SZSE.ETF.159919,3.881,3.882,3.889,3.88,0.0,4.282,3.504,13038800.0,10100.0,50637609.8,39198.09999999404,0.0,0.0,20230823,20230823,93800000,3.893,0.0,0.0,3.88,3.879,3.878,3.877,3.876,0.0,0.0,0.0,0.0,0.0,3.881,3.882,3.883,3.884,3.885,0.0,0.0,0.0,0.0,0.0,145700.0,1910900.0,1634900.0,717900.0,1417100.0,0.0,0.0,0.0,0.0,0.0,102000.0,1486700.0,2306800.0,250000.0,134000.0,0.0,0.0,0.0,0.0,0.0
20230823094953104,SZSE,SZSE.ETF.159919,3.871,3.882,3.889,3.868,0.0,4.282,3.504,35795400.0,6800.0,138801223.0,26322.69999998808,0.0,0.0,20230823,20230823,94953103,3.893,0.0,0.0,3.87,3.869,3.868,3.867,3.866,0.0,0.0,0.0,0.0,0.0,3.871,3.872,3.873,3.874,3.875,0.0,0.0,0.0,0.0,0.0,2513800.0,2998000.0,1543700.0,70300.0,1290100.0,0.0,0.0,0.0,0.0,0.0,32300.0,1454700.0,1133000.0,1500000.0,537800.0,0.0,0.0,0.0,0.0,0.0
20230823093803000,SZSE,SZSE.ETF.159919,3.881,3.882,3.889,3.88,0.0,4.282,3.504,13138900.0,100100.0,51026097.8,388488.0,0.0,0.0,20230823,20230823,93803000,3.893,0.0,0.0,3.88,3.879,3.878,3.877,3.876,0.0,0.0,0.0,0.0,0.0,3.881,3.882,3.883,3.884,3.885,0.0,0.0,0.0,0.0,0.0,1289300.0,1177100.0,1524900.0,717900.0,1491300.0,0.0,0.0,0.0,0.0,0.0,2800.0,501800.0,2791700.0,250000.0,134000.0,0.0,0.0,0.0,0.0,0.0
20230823094955992,SZSE,SZSE.ETF.159919,3.871,3.882,3.889,3.868,0.0,4.282,3.504,35857700.0,62300.0,139042386.3,241163.30000001192,0.0,0.0,20230823,20230823,94955994,3.893,0.0,0.0,3.871,3.87,3.869,3.868,3.867,0.0,0.0,0.0,0.0,0.0,3.872,3.873,3.874,3.875,3.876,0.0,0.0,0.0,0.0,0.0,10000.0,3913800.0,2124600.0,1213700.0,1070300.0,0.0,0.0,0.0,0.0,0.0,354800.0,1533000.0,1830000.0,837800.0,976700.0,0.0,0.0,0.0,0.0,0.0
20230823093815000,SZSE,SZSE.ETF.159919,3.879,3.882,3.889,3.879,0.0,4.282,3.504,13277400.0,5200.0,51563467.6,20171.30000000447,0.0,0.0,20230823,20230823,93815000,3.893,0.0,0.0,3.879,3.878,3.877,3.876,3.875,0.0,0.0,0.0,0.0,0.0,3.881,3.882,3.883,3.884,3.885,0.0,0.0,0.0,0.0,0.0,1297500.0,1566900.0,1291900.0,491300.0,1490400.0,0.0,0.0,0.0,0.0,0.0,103900.0,2678000.0,1115500.0,250000.0,434000.0,0.0,0.0,0.0,0.0,0.0
20230823095014028,SZSE,SZSE.ETF.159919,3.871,3.882,3.889,3.868,0.0,4.282,3.504,36025100.0,66400.0,139690474.1,257025.40000000596,0.0,0.0,20230823,20230823,95014028,3.893,0.0,0.0,3.87,3.869,3.868,3.867,3.866,0.0,0.0,0.0,0.0,0.0,3.871,3.872,3.873,3.874,3.875,0.0,0.0,0.0,0.0,0.0,679600.0,3373100.0,1566700.0,1210300.0,300100.0,0.0,0.0,0.0,0.0,0.0,243400.0,1851300.0,1079400.0,1500000.0,7800.0,0.0,0.0,0.0,0.0,0.0
20230823093818000,SZSE,SZSE.ETF.159919,3.88,3.882,3.889,3.879,0.0,4.282,3.504,13282400.0,5000.0,51582867.6,19400.0,0.0,0.0,20230823,20230823,93818000,3.893,0.0,0.0,3.88,3.879,3.878,3.877,3.876,0.0,0.0,0.0,0.0,0.0,3.881,3.882,3.883,3.884,3.885,0.0,0.0,0.0,0.0,0.0,838800.0,1256700.0,1235900.0,821400.0,861300.0,0.0,0.0,0.0,0.0,0.0,3900.0,1786700.0,2006800.0,550000.0,213800.0,0.0,0.0,0.0,0.0,0.0
20230823095017048,SZSE,SZSE.ETF.159919,3.871,3.882,3.889,3.868,0.0,4.282,3.504,36026200.0,1100.0,139694732.2,4258.0999999940395,0.0,0.0,20230823,20230823,95017050,3.893,0.0,0.0,3.87,3.869,3.868,3.867,3.866,0.0,0.0,0.0,0.0,0.0,3.871,3.872,3.873,3.874,3.875,0.0,0.0,0.0,0.0,0.0,279000.0,713200.0,3927200.0,674500.0,390100.0,0.0,0.0,0.0,0.0,0.0,1560600.0,932300.0,1529400.0,500000.0,37800.0,0.0,0.0,0.0,0.0,0.0
20230823095020056,SZSE,SZSE.ETF.159919,3.87,3.882,3.889,3.868,0.0,4.282,3.504,36081800.0,55600.0,139909904.2,215172.0,0.0,0.0,20230823,20230823,95020057,3.893,0.0,0.0,3.869,3.868,3.867,3.866,3.865,0.0,0.0,0.0,0.0,0.0,3.87,3.871,3.872,3.873,3.874,0.0,0.0,0.0,0.0,0.0,617200.0,3224200.0,1207500.0,290100.0,1337800.0,0.0,0.0,0.0,0.0,0.0,144400.0,1663600.0,1029300.0,1499400.0,100000.0,0.0,0.0,0.0,0.0,0.0
20230823093821000,SZSE,SZSE.ETF.159919,3.88,3.882,3.889,3.879,0.0,4.282,3.504,13282400.0,0.0,51582867.6,0.0,0.0,0.0,20230823,20230823,93821000,3.893,0.0,0.0,3.88,3.879,3.878,3.877,3.876,0.0,0.0,0.0,0.0,0.0,3.881,3.882,3.883,3.884,3.885,0.0,0.0,0.0,0.0,0.0,1238700.0,1166700.0,1555700.0,491900.0,617100.0,0.0,0.0,0.0,0.0,0.0,7900.0,1176700.0,2616800.0,100000.0,134000.0,0.0,0.0,0.0,0.0,0.0
20230823095023072,SZSE,SZSE.ETF.159919,3.87,3.882,3.889,3.868,0.0,4.282,3.504,36081800.0,0.0,139909904.2,0.0,0.0,0.0,20230823,20230823,95023070,3.893,0.0,0.0,3.869,3.868,3.867,3.866,3.865,0.0,0.0,0.0,0.0,0.0,3.87,3.871,3.872,3.873,3.874,0.0,0.0,0.0,0.0,0.0,2416000.0,3163300.0,1568500.0,460100.0,1122000.0,0.0,0.0,0.0,0.0,0.0,1492700.0,844600.0,1629300.0,300000.0,880000.0,0.0,0.0,0.0,0.0,0.0
20230823093824000,SZSE,SZSE.ETF.159919,3.88,3.882,3.889,3.879,0.0,4.282,3.504,13282400.0,0.0,51582867.6,0.0,0.0,0.0,20230823,20230823,93824000,3.893,0.0,0.0,3.88,3.879,3.878,3.877,3.876,0.0,0.0,0.0,0.0,0.0,3.881,3.882,3.883,3.884,3.885,0.0,0.0,0.0,0.0,0.0,1238700.0,1156700.0,2165700.0,419900.0,617100.0,0.0,0.0,0.0,0.0,0.0,7900.0,586700.0,2606800.0,850000.0,134000.0,0.0,0.0,0.0,0.0,0.0
20230823095026064,SZSE,SZSE.ETF.159919,3.87,3.882,3.889,3.868,0.0,4.282,3.504,36281200.0,199400.0,140681437.8,771533.6000000238,0.0,0.0,20230823,20230823,95026065,3.893,0.0,0.0,3.869,3.868,3.867,3.866,3.865,0.0,0.0,0.0,0.0,0.0,3.87,3.871,3.872,3.873,3.874,0.0,0.0,0.0,0.0,0.0,2030000.0,2535000.0,1268500.0,760100.0,1122000.0,0.0,0.0,0.0,0.0,0.0,324000.0,1444600.0,1929300.0,106000.0,780000.0,0.0,0.0,0.0,0.0,0.0
20230823095029064,SZSE,SZSE.ETF.159919,3.87,3.882,3.889,3.868,0.0,4.282,3.504,37287400.0,1006200.0,144575431.8,3893994.0,0.0,0.0,20230823,20230823,95029063,3.893,0.0,0.0,3.869,3.868,3.867,3.866,3.865,0.0,0.0,0.0,0.0,0.0,3.87,3.871,3.872,3.873,3.874,0.0,0.0,0.0,0.0,0.0,2429900.0,1966000.0,2637500.0,760100.0,1022000.0,0.0,0.0,0.0,0.0,0.0,372700.0,845300.0,1829300.0,6000.0,880000.0,0.0,0.0,0.0,0.0,0.0
20230823093827000,SZSE,SZSE.ETF.159919,3.881,3.882,3.889,3.879,0.0,4.282,3.504,13301100.0,18700.0,51655442.3,72574.69999999553,0.0,0.0,20230823,20230823,93827000,3.893,0.0,0.0,3.881,3.88,3.879,3.878,3.877,0.0,0.0,0.0,0.0,0.0,3.882,3.883,3.884,3.885,3.886,0.0,0.0,0.0,0.0,0.0,26800.0,100.0,1607500.0,1858700.0,1419900.0,0.0,0.0,0.0,0.0,0.0,2379700.0,1413800.0,450000.0,130000.0,1570600.0,0.0,0.0,0.0,0.0,0.0
20230823095032020,SZSE,SZSE.ETF.159919,3.87,3.882,3.889,3.868,0.0,4.282,3.504,37287900.0,500.0,144577366.8,1935.0,0.0,0.0,20230823,20230823,95032019,3.893,0.0,0.0,3.869,3.868,3.867,3.866,3.865,0.0,0.0,0.0,0.0,0.0,3.87,3.871,3.872,3.873,3.874,0.0,0.0,0.0,0.0,0.0,2030000.0,735500.0,2465000.0,1813100.0,122000.0,0.0,0.0,0.0,0.0,0.0,775200.0,1342300.0,1129300.0,806000.0,280000.0,0.0,0.0,0.0,0.0,0.0
20230823093830000,SZSE,SZSE.ETF.159919,3.881,3.882,3.889,3.879,0.0,4.282,3.504,13309700.0,8600.0,51688818.9,33376.60000000149,0.0,0.0,20230823,20230823,93830000,3.893,0.0,0.0,3.881,3.88,3.879,3.878,3.877,0.0,0.0,0.0,0.0,0.0,3.882,3.883,3.884,3.886,3.887,0.0,0.0,0.0,0.0,0.0,18800.0,1010000.0,1340500.0,1425700.0,949900.0,0.0,0.0,0.0,0.0,0.0,1876700.0,2116800.0,150000.0,1706600.0,120100.0,0.0,0.0,0.0,0.0,0.0
20230823095035052,SZSE,SZSE.ETF.159919,3.87,3.882,3.889,3.868,0.0,4.282,3.504,37891300.0,603400.0,146911922.5,2334555.699999988,0.0,0.0,20230823,20230823,95035051,3.893,0.0,0.0,3.869,3.868,3.867,3.866,3.865,0.0,0.0,0.0,0.0,0.0,3.87,3.871,3.872,3.873,3.874,0.0,0.0,0.0,0.0,0.0,30000.0,563900.0,2736600.0,1514100.0,422000.0,0.0,0.0,0.0,0.0,0.0,1437300.0,1742300.0,929300.0,406000.0,480000.0,0.0,0.0,0.0,0.0,0.0
20230823093833000,SZSE,SZSE.ETF.159919,3.881,3.882,3.889,3.879,0.0,4.282,3.504,13331500.0,21800.0,51773424.7,84605.80000000447,0.0,0.0,20230823,20230823,93833000,3.893,0.0,0.0,3.88,3.879,3.878,3.877,3.876,0.0,0.0,0.0,0.0,0.0,3.882,3.883,3.884,3.886,3.887,0.0,0.0,0.0,0.0,0.0,120100.0,1337500.0,1428700.0,1649900.0,606900.0,0.0,0.0,0.0,0.0,0.0,2479700.0,1513800.0,250000.0,1680800.0,145900.0,0.0,0.0,0.0,0.0,0.0
