TradeDate,OrigTime,BidPx1,BidPx2,BidPx3,BidPx4,BidPx5,BidSize1,BidSize2,BidSize3,BidSize4,BidSize5,DownLimitPx,HighPx,LastPx,LowPx,OFI1,OFI2,OFI3,OFI4,OFI5,OfferPx1,OfferPx2,OfferPx3,OfferPx4,OfferPx5,OfferSize1,OfferSize2,OfferSize3,OfferSize4,OfferSize5,OpenPx,PreClosePx,PxChange1,PxChange2,TotalValueTrade,TotalVolumeTrade,UpLimitPx,aOF1,aOF2,aOF3,aOF4,aOF5,abs_diff,abs_diff_v,amount,ask_spread,bOF1,bOF2,bOF3,bOF4,bOF5,bid_ask_spread,bid_spread,close,df_max,df_min,energy,energy_v,f_max,f_min,high,iqr_p,iqr_p_v,log_return,low,mid,minute,open,price_spread,price_spread2,tendency,ticker,total_ask_qty,total_bid_qty,total_qty_diff,total_volume,volatility,volatility_QMLE,volume,volume_imbalance,vwap,wap1,weighted_ask_prc,weighted_bid_prc
0.0,0.0,0.0,0.0,0.0,0.0,0.0,0.0,0.0,0.0,0.0,0.0,0.0,0.0,0.0,0.0,0.0,0.0,0.0,0.0,0.0,0.0,0.0,0.0,0.0,0.0,0.0,0.0,0.0,0.0,0.0,0.0,0.0,0.0,0.0,0.0,0.0,0.0,0.0,0.0,0.0,0.0,0.0,0.0,0.0,0.0,0.0,0.0,0.0,0.0,0.0,0.0,0.0,0.0,0.0,0.0,0.0,0.0,0.0,0.0,0.0,0.0,0.0,0.0,0.0,0.0,0.0,0.0,0.0,0.0,0.0,0.0,0.0,0.0,0.0,0.0,0.0,0.0,0.0,0.0,0.0,0.0,0.0,0.0,0.0
0.0,0.0,0.0,0.0,0.0,0.0,0.0,0.0,0.0,0.0,0.0,0.0,0.0,0.0,0.0,0.0,0.0,0.0,0.0,0.0,0.0,0.0,0.0,0.0,0.0,0.0,0.0,0.0,0.0,0.0,0.0,0.0,0.0,0.0,0.0,0.0,0.0,0.0,0.0,0.0,0.0,0.0,0.0,0.0,0.0,0.0,0.0,0.0,0.0,0.0,0.0,0.0,0.0,0.0,0.0,0.0,0.0,0.0,0.0,0.0,0.0,0.0,0.0,0.0,0.0,0.0,0.0,0.0,0.0,0.0,0.0,0.0,0.0,0.0,0.0,0.0,0.0,0.0,0.0,0.0,0.0,0.0,0.0,0.0,0.0
0.0,0.0,0.0,0.0,0.0,0.0,0.0,0.0,0.0,0.0,0.0,0.0,0.0,0.0,0.0,0.0,0.0,0.0,0.0,0.0,0.0,0.0,0.0,0.0,0.0,0.0,0.0,0.0,0.0,0.0,0.0,0.0,0.0,0.0,0.0,0.0,0.0,0.0,0.0,0.0,0.0,0.0,0.0,0.0,0.0,0.0,0.0,0.0,0.0,0.0,0.0,0.0,0.0,0.0,0.0,0.0,0.0,0.0,0.0,0.0,0.0,0.0,0.0,0.0,0.0,0.0,0.0,0.0,0.0,0.0,0.0,0.0,0.0,0.0,0.0,0.0,0.0,0.0,0.0,0.0,0.0,0.0,0.0,0.0,0.0
0.0,0.0,0.0,0.0,0.0,0.0,0.0,0.0,0.0,0.0,0.0,0.0,0.0,0.0,0.0,0.0,0.0,0.0,0.0,0.0,0.0,0.0,0.0,0.0,0.0,0.0,0.0,0.0,0.0,0.0,0.0,0.0,0.0,0.0,0.0,0.0,0.0,0.0,0.0,0.0,0.0,0.0,0.0,0.0,0.0,0.0,0.0,0.0,0.0,0.0,0.0,0.0,0.0,0.0,0.0,0.0,0.0,0.0,0.0,0.0,0.0,0.0,0.0,0.0,0.0,0.0,0.0,0.0,0.0,0.0,0.0,0.0,0.0,0.0,0.0,0.0,0.0,0.0,0.0,0.0,0.0,0.0,0.0,0.0,0.0
0.0,0.0,0.0,0.0,0.0,0.0,0.0,0.0,0.0,0.0,0.0,0.0,0.0,0.0,0.0,0.0,0.0,0.0,0.0,0.0,0.0,0.0,0.0,0.0,0.0,0.0,0.0,0.0,0.0,0.0,0.0,0.0,0.0,0.0,0.0,0.0,0.0,0.0,0.0,0.0,0.0,0.0,0.0,0.0,0.0,0.0,0.0,0.0,0.0,0.0,0.0,0.0,0.0,0.0,0.0,0.0,0.0,0.0,0.0,0.0,0.0,0.0,0.0,0.0,0.0,0.0,0.0,0.0,0.0,0.0,0.0,0.0,0.0,0.0,0.0,0.0,0.0,0.0,0.0,0.0,0.0,0.0,0.0,0.0,0.0
0.0,0.0,0.0,0.0,0.0,0.0,0.0,0.0,0.0,0.0,0.0,0.0,0.0,0.0,0.0,0.0,0.0,0.0,0.0,0.0,0.0,0.0,0.0,0.0,0.0,0.0,0.0,0.0,0.0,0.0,0.0,0.0,0.0,0.0,0.0,0.0,0.0,0.0,0.0,0.0,0.0,0.0,0.0,0.0,0.0,0.0,0.0,0.0,0.0,0.0,0.0,0.0,0.0,0.0,0.0,0.0,0.0,0.0,0.0,0.0,0.0,0.0,0.0,0.0,0.0,0.0,0.0,0.0,0.0,0.0,0.0,0.0,0.0,0.0,0.0,0.0,0.0,0.0,0.0,0.0,0.0,0.0,0.0,0.0,0.0
0.0,0.0,0.0,0.0,0.0,0.0,0.0,0.0,0.0,0.0,0.0,0.0,0.0,0.0,0.0,0.0,0.0,0.0,0.0,0.0,0.0,0.0,0.0,0.0,0.0,0.0,0.0,0.0,0.0,0.0,0.0,0.0,0.0,0.0,0.0,0.0,0.0,0.0,0.0,0.0,0.0,0.0,0.0,0.0,0.0,0.0,0.0,0.0,0.0,0.0,0.0,0.0,0.0,0.0,0.0,0.0,0.0,0.0,0.0,0.0,0.0,0.0,0.0,0.0,0.0,0.0,0.0,0.0,0.0,0.0,0.0,0.0,0.0,0.0,0.0,0.0,0.0,0.0,0.0,0.0,0.0,0.0,0.0,0.0,0.0
0.0,0.0,0.0,0.0,0.0,0.0,0.0,0.0,0.0,0.0,0.0,0.0,0.0,0.0,0.0,0.0,0.0,0.0,0.0,0.0,0.0,0.0,0.0,0.0,0.0,0.0,0.0,0.0,0.0,0.0,0.0,0.0,0.0,0.0,0.0,0.0,0.0,0.0,0.0,0.0,0.0,0.0,0.0,0.0,0.0,0.0,0.0,0.0,0.0,0.0,0.0,0.0,0.0,0.0,0.0,0.0,0.0,0.0,0.0,0.0,0.0,0.0,0.0,0.0,0.0,0.0,0.0,0.0,0.0,0.0,0.0,0.0,0.0,0.0,0.0,0.0,0.0,0.0,0.0,0.0,0.0,0.0,0.0,0.0,0.0
0.0,0.0,0.0,0.0,0.0,0.0,0.0,0.0,0.0,0.0,0.0,0.0,0.0,0.0,0.0,0.0,0.0,0.0,0.0,0.0,0.0,0.0,0.0,0.0,0.0,0.0,0.0,0.0,0.0,0.0,0.0,0.0,0.0,0.0,0.0,0.0,0.0,0.0,0.0,0.0,0.0,0.0,0.0,0.0,0.0,0.0,0.0,0.0,0.0,0.0,0.0,0.0,0.0,0.0,0.0,0.0,0.0,0.0,0.0,0.0,0.0,0.0,0.0,0.0,0.0,0.0,0.0,0.0,0.0,0.0,0.0,0.0,0.0,0.0,0.0,0.0,0.0,0.0,0.0,0.0,0.0,0.0,0.0,0.0,0.0
0.0,0.0,0.0,0.0,0.0,0.0,0.0,0.0,0.0,0.0,0.0,0.0,0.0,0.0,0.0,0.0,0.0,0.0,0.0,0.0,0.0,0.0,0.0,0.0,0.0,0.0,0.0,0.0,0.0,0.0,0.0,0.0,0.0,0.0,0.0,0.0,0.0,0.0,0.0,0.0,0.0,0.0,0.0,0.0,0.0,0.0,0.0,0.0,0.0,0.0,0.0,0.0,0.0,0.0,0.0,0.0,0.0,0.0,0.0,0.0,0.0,0.0,0.0,0.0,0.0,0.0,0.0,0.0,0.0,0.0,0.0,0.0,0.0,0.0,0.0,0.0,0.0,0.0,0.0,0.0,0.0,0.0,0.0,0.0,0.0
0.0,0.0,0.0,0.0,0.0,0.0,0.0,0.0,0.0,0.0,0.0,0.0,0.0,0.0,0.0,0.0,0.0,0.0,0.0,0.0,0.0,0.0,0.0,0.0,0.0,0.0,0.0,0.0,0.0,0.0,0.0,0.0,0.0,0.0,0.0,0.0,0.0,0.0,0.0,0.0,0.0,0.0,0.0,0.0,0.0,0.0,0.0,0.0,0.0,0.0,0.0,0.0,0.0,0.0,0.0,0.0,0.0,0.0,0.0,0.0,0.0,0.0,0.0,0.0,0.0,0.0,0.0,0.0,0.0,0.0,0.0,0.0,0.0,0.0,0.0,0.0,0.0,0.0,0.0,0.0,0.0,0.0,0.0,0.0,0.0
0.0,0.0,0.0,0.0,0.0,0.0,0.0,0.0,0.0,0.0,0.0,0.0,0.0,0.0,0.0,0.0,0.0,0.0,0.0,0.0,0.0,0.0,0.0,0.0,0.0,0.0,0.0,0.0,0.0,0.0,0.0,0.0,0.0,0.0,0.0,0.0,0.0,0.0,0.0,0.0,0.0,0.0,0.0,0.0,0.0,0.0,0.0,0.0,0.0,0.0,0.0,0.0,0.0,0.0,0.0,0.0,0.0,0.0,0.0,0.0,0.0,0.0,0.0,0.0,0.0,0.0,0.0,0.0,0.0,0.0,0.0,0.0,0.0,0.0,0.0,0.0,0.0,0.0,0.0,0.0,0.0,0.0,0.0,0.0,0.0
0.0,0.0,0.0,0.0,0.0,0.0,0.0,0.0,0.0,0.0,0.0,0.0,0.0,0.0,0.0,0.0,0.0,0.0,0.0,0.0,0.0,0.0,0.0,0.0,0.0,0.0,0.0,0.0,0.0,0.0,0.0,0.0,0.0,0.0,0.0,0.0,0.0,0.0,0.0,0.0,0.0,0.0,0.0,0.0,0.0,0.0,0.0,0.0,0.0,0.0,0.0,0.0,0.0,0.0,0.0,0.0,0.0,0.0,0.0,0.0,0.0,0.0,0.0,0.0,0.0,0.0,0.0,0.0,0.0,0.0,0.0,0.0,0.0,0.0,0.0,0.0,0.0,0.0,0.0,0.0,0.0,0.0,0.0,0.0,0.0
0.0,0.0,0.0,0.0,0.0,0.0,0.0,0.0,0.0,0.0,0.0,0.0,0.0,0.0,0.0,0.0,0.0,0.0,0.0,0.0,0.0,0.0,0.0,0.0,0.0,0.0,0.0,0.0,0.0,0.0,0.0,0.0,0.0,0.0,0.0,0.0,0.0,0.0,0.0,0.0,0.0,0.0,0.0,0.0,0.0,0.0,0.0,0.0,0.0,0.0,0.0,0.0,0.0,0.0,0.0,0.0,0.0,0.0,0.0,0.0,0.0,0.0,0.0,0.0,0.0,0.0,0.0,0.0,0.0,0.0,0.0,0.0,0.0,0.0,0.0,0.0,0.0,0.0,0.0,0.0,0.0,0.0,0.0,0.0,0.0
0.0,0.0,0.0,0.0,0.0,0.0,0.0,0.0,0.0,0.0,0.0,0.0,0.0,0.0,0.0,0.0,0.0,0.0,0.0,0.0,0.0,0.0,0.0,0.0,0.0,0.0,0.0,0.0,0.0,0.0,0.0,0.0,0.0,0.0,0.0,0.0,0.0,0.0,0.0,0.0,0.0,0.0,0.0,0.0,0.0,0.0,0.0,0.0,0.0,0.0,0.0,0.0,0.0,0.0,0.0,0.0,0.0,0.0,0.0,0.0,0.0,0.0,0.0,0.0,0.0,0.0,0.0,0.0,0.0,0.0,0.0,0.0,0.0,0.0,0.0,0.0,0.0,0.0,0.0,0.0,0.0,0.0,0.0,0.0,0.0
0.0,0.0,0.0,0.0,0.0,0.0,0.0,0.0,0.0,0.0,0.0,0.0,0.0,0.0,0.0,0.0,0.0,0.0,0.0,0.0,0.0,0.0,0.0,0.0,0.0,0.0,0.0,0.0,0.0,0.0,0.0,0.0,0.0,0.0,0.0,0.0,0.0,0.0,0.0,0.0,0.0,0.0,0.0,0.0,0.0,0.0,0.0,0.0,0.0,0.0,0.0,0.0,0.0,0.0,0.0,0.0,0.0,0.0,0.0,0.0,0.0,0.0,0.0,0.0,0.0,0.0,0.0,0.0,0.0,0.0,0.0,0.0,0.0,0.0,0.0,0.0,0.0,0.0,0.0,0.0,0.0,0.0,0.0,0.0,0.0
0.0,0.0,0.0,0.0,0.0,0.0,0.0,0.0,0.0,0.0,0.0,0.0,0.0,0.0,0.0,0.0,0.0,0.0,0.0,0.0,0.0,0.0,0.0,0.0,0.0,0.0,0.0,0.0,0.0,0.0,0.0,0.0,0.0,0.0,0.0,0.0,0.0,0.0,0.0,0.0,0.0,0.0,0.0,0.0,0.0,0.0,0.0,0.0,0.0,0.0,0.0,0.0,0.0,0.0,0.0,0.0,0.0,0.0,0.0,0.0,0.0,0.0,0.0,0.0,0.0,0.0,0.0,0.0,0.0,0.0,0.0,0.0,0.0,0.0,0.0,0.0,0.0,0.0,0.0,0.0,0.0,0.0,0.0,0.0,0.0
0.0,0.0,0.0,0.0,0.0,0.0,0.0,0.0,0.0,0.0,0.0,0.0,0.0,0.0,0.0,0.0,0.0,0.0,0.0,0.0,0.0,0.0,0.0,0.0,0.0,0.0,0.0,0.0,0.0,0.0,0.0,0.0,0.0,0.0,0.0,0.0,0.0,0.0,0.0,0.0,0.0,0.0,0.0,0.0,0.0,0.0,0.0,0.0,0.0,0.0,0.0,0.0,0.0,0.0,0.0,0.0,0.0,0.0,0.0,0.0,0.0,0.0,0.0,0.0,0.0,0.0,0.0,0.0,0.0,0.0,0.0,0.0,0.0,0.0,0.0,0.0,0.0,0.0,0.0,0.0,0.0,0.0,0.0,0.0,0.0
0.0,0.0,0.0,0.0,0.0,0.0,0.0,0.0,0.0,0.0,0.0,0.0,0.0,0.0,0.0,0.0,0.0,0.0,0.0,0.0,0.0,0.0,0.0,0.0,0.0,0.0,0.0,0.0,0.0,0.0,0.0,0.0,0.0,0.0,0.0,0.0,0.0,0.0,0.0,0.0,0.0,0.0,0.0,0.0,0.0,0.0,0.0,0.0,0.0,0.0,0.0,0.0,0.0,0.0,0.0,0.0,0.0,0.0,0.0,0.0,0.0,0.0,0.0,0.0,0.0,0.0,0.0,0.0,0.0,0.0,0.0,0.0,0.0,0.0,0.0,0.0,0.0,0.0,0.0,0.0,0.0,0.0,0.0,0.0,0.0
0.0,0.0,0.0,0.0,0.0,0.0,0.0,0.0,0.0,0.0,0.0,0.0,0.0,0.0,0.0,0.0,0.0,0.0,0.0,0.0,0.0,0.0,0.0,0.0,0.0,0.0,0.0,0.0,0.0,0.0,0.0,0.0,0.0,0.0,0.0,0.0,0.0,0.0,0.0,0.0,0.0,0.0,0.0,0.0,0.0,0.0,0.0,0.0,0.0,0.0,0.0,0.0,0.0,0.0,0.0,0.0,0.0,0.0,0.0,0.0,0.0,0.0,0.0,0.0,0.0,0.0,0.0,0.0,0.0,0.0,0.0,0.0,0.0,0.0,0.0,0.0,0.0,0.0,0.0,0.0,0.0,0.0,0.0,0.0,0.0
0.0,0.0,0.0,0.0,0.0,0.0,0.0,0.0,0.0,0.0,0.0,0.0,0.0,0.0,0.0,0.0,0.0,0.0,0.0,0.0,0.0,0.0,0.0,0.0,0.0,0.0,0.0,0.0,0.0,0.0,0.0,0.0,0.0,0.0,0.0,0.0,0.0,0.0,0.0,0.0,0.0,0.0,0.0,0.0,0.0,0.0,0.0,0.0,0.0,0.0,0.0,0.0,0.0,0.0,0.0,0.0,0.0,0.0,0.0,0.0,0.0,0.0,0.0,0.0,0.0,0.0,0.0,0.0,0.0,0.0,0.0,0.0,0.0,0.0,0.0,0.0,0.0,0.0,0.0,0.0,0.0,0.0,0.0,0.0,0.0
0.0,0.0,0.0,0.0,0.0,0.0,0.0,0.0,0.0,0.0,0.0,0.0,0.0,0.0,0.0,0.0,0.0,0.0,0.0,0.0,0.0,0.0,0.0,0.0,0.0,0.0,0.0,0.0,0.0,0.0,0.0,0.0,0.0,0.0,0.0,0.0,0.0,0.0,0.0,0.0,0.0,0.0,0.0,0.0,0.0,0.0,0.0,0.0,0.0,0.0,0.0,0.0,0.0,0.0,0.0,0.0,0.0,0.0,0.0,0.0,0.0,0.0,0.0,0.0,0.0,0.0,0.0,0.0,0.0,0.0,0.0,0.0,0.0,0.0,0.0,0.0,0.0,0.0,0.0,0.0,0.0,0.0,0.0,0.0,0.0
0.0,0.0,0.0,0.0,0.0,0.0,0.0,0.0,0.0,0.0,0.0,0.0,0.0,0.0,0.0,0.0,0.0,0.0,0.0,0.0,0.0,0.0,0.0,0.0,0.0,0.0,0.0,0.0,0.0,0.0,0.0,0.0,0.0,0.0,0.0,0.0,0.0,0.0,0.0,0.0,0.0,0.0,0.0,0.0,0.0,0.0,0.0,0.0,0.0,0.0,0.0,0.0,0.0,0.0,0.0,0.0,0.0,0.0,0.0,0.0,0.0,0.0,0.0,0.0,0.0,0.0,0.0,0.0,0.0,0.0,0.0,0.0,0.0,0.0,0.0,0.0,0.0,0.0,0.0,0.0,0.0,0.0,0.0,0.0,0.0
0.0,0.0,0.0,0.0,0.0,0.0,0.0,0.0,0.0,0.0,0.0,0.0,0.0,0.0,0.0,0.0,0.0,0.0,0.0,0.0,0.0,0.0,0.0,0.0,0.0,0.0,0.0,0.0,0.0,0.0,0.0,0.0,0.0,0.0,0.0,0.0,0.0,0.0,0.0,0.0,0.0,0.0,0.0,0.0,0.0,0.0,0.0,0.0,0.0,0.0,0.0,0.0,0.0,0.0,0.0,0.0,0.0,0.0,0.0,0.0,0.0,0.0,0.0,0.0,0.0,0.0,0.0,0.0,0.0,0.0,0.0,0.0,0.0,0.0,0.0,0.0,0.0,0.0,0.0,0.0,0.0,0.0,0.0,0.0,0.0
0.0,0.0,0.0,0.0,0.0,0.0,0.0,0.0,0.0,0.0,0.0,0.0,0.0,0.0,0.0,0.0,0.0,0.0,0.0,0.0,0.0,0.0,0.0,0.0,0.0,0.0,0.0,0.0,0.0,0.0,0.0,0.0,0.0,0.0,0.0,0.0,0.0,0.0,0.0,0.0,0.0,0.0,0.0,0.0,0.0,0.0,0.0,0.0,0.0,0.0,0.0,0.0,0.0,0.0,0.0,0.0,0.0,0.0,0.0,0.0,0.0,0.0,0.0,0.0,0.0,0.0,0.0,0.0,0.0,0.0,0.0,0.0,0.0,0.0,0.0,0.0,0.0,0.0,0.0,0.0,0.0,0.0,0.0,0.0,0.0
0.0,0.0,0.0,0.0,0.0,0.0,0.0,0.0,0.0,0.0,0.0,0.0,0.0,0.0,0.0,0.0,0.0,0.0,0.0,0.0,0.0,0.0,0.0,0.0,0.0,0.0,0.0,0.0,0.0,0.0,0.0,0.0,0.0,0.0,0.0,0.0,0.0,0.0,0.0,0.0,0.0,0.0,0.0,0.0,0.0,0.0,0.0,0.0,0.0,0.0,0.0,0.0,0.0,0.0,0.0,0.0,0.0,0.0,0.0,0.0,0.0,0.0,0.0,0.0,0.0,0.0,0.0,0.0,0.0,0.0,0.0,0.0,0.0,0.0,0.0,0.0,0.0,0.0,0.0,0.0,0.0,0.0,0.0,0.0,0.0
0.0,0.0,0.0,0.0,0.0,0.0,0.0,0.0,0.0,0.0,0.0,0.0,0.0,0.0,0.0,0.0,0.0,0.0,0.0,0.0,0.0,0.0,0.0,0.0,0.0,0.0,0.0,0.0,0.0,0.0,0.0,0.0,0.0,0.0,0.0,0.0,0.0,0.0,0.0,0.0,0.0,0.0,0.0,0.0,0.0,0.0,0.0,0.0,0.0,0.0,0.0,0.0,0.0,0.0,0.0,0.0,0.0,0.0,0.0,0.0,0.0,0.0,0.0,0.0,0.0,0.0,0.0,0.0,0.0,0.0,0.0,0.0,0.0,0.0,0.0,0.0,0.0,0.0,0.0,0.0,0.0,0.0,0.0,0.0,0.0
0.0,0.0,0.0,0.0,0.0,0.0,0.0,0.0,0.0,0.0,0.0,0.0,0.0,0.0,0.0,0.0,0.0,0.0,0.0,0.0,0.0,0.0,0.0,0.0,0.0,0.0,0.0,0.0,0.0,0.0,0.0,0.0,0.0,0.0,0.0,0.0,0.0,0.0,0.0,0.0,0.0,0.0,0.0,0.0,0.0,0.0,0.0,0.0,0.0,0.0,0.0,0.0,0.0,0.0,0.0,0.0,0.0,0.0,0.0,0.0,0.0,0.0,0.0,0.0,0.0,0.0,0.0,0.0,0.0,0.0,0.0,0.0,0.0,0.0,0.0,0.0,0.0,0.0,0.0,0.0,0.0,0.0,0.0,0.0,0.0
0.0,0.0,0.0,0.0,0.0,0.0,0.0,0.0,0.0,0.0,0.0,0.0,0.0,0.0,0.0,0.0,0.0,0.0,0.0,0.0,0.0,0.0,0.0,0.0,0.0,0.0,0.0,0.0,0.0,0.0,0.0,0.0,0.0,0.0,0.0,0.0,0.0,0.0,0.0,0.0,0.0,0.0,0.0,0.0,0.0,0.0,0.0,0.0,0.0,0.0,0.0,0.0,0.0,0.0,0.0,0.0,0.0,0.0,0.0,0.0,0.0,0.0,0.0,0.0,0.0,0.0,0.0,0.0,0.0,0.0,0.0,0.0,0.0,0.0,0.0,0.0,0.0,0.0,0.0,0.0,0.0,0.0,0.0,0.0,0.0
0.0,0.0,0.0,0.0,0.0,0.0,0.0,0.0,0.0,0.0,0.0,0.0,0.0,0.0,0.0,0.0,0.0,0.0,0.0,0.0,0.0,0.0,0.0,0.0,0.0,0.0,0.0,0.0,0.0,0.0,0.0,0.0,0.0,0.0,0.0,0.0,0.0,0.0,0.0,0.0,0.0,0.0,0.0,0.0,0.0,0.0,0.0,0.0,0.0,0.0,0.0,0.0,0.0,0.0,0.0,0.0,0.0,0.0,0.0,0.0,0.0,0.0,0.0,0.0,0.0,0.0,0.0,0.0,0.0,0.0,0.0,0.0,0.0,0.0,0.0,0.0,0.0,0.0,0.0,0.0,0.0,0.0,0.0,0.0,0.0
0.0,0.0,0.0,0.0,0.0,0.0,0.0,0.0,0.0,0.0,0.0,0.0,0.0,0.0,0.0,0.0,0.0,0.0,0.0,0.0,0.0,0.0,0.0,0.0,0.0,0.0,0.0,0.0,0.0,0.0,0.0,0.0,0.0,0.0,0.0,0.0,0.0,0.0,0.0,0.0,0.0,0.0,0.0,0.0,0.0,0.0,0.0,0.0,0.0,0.0,0.0,0.0,0.0,0.0,0.0,0.0,0.0,0.0,0.0,0.0,0.0,0.0,0.0,0.0,0.0,0.0,0.0,0.0,0.0,0.0,0.0,0.0,0.0,0.0,0.0,0.0,0.0,0.0,0.0,0.0,0.0,0.0,0.0,0.0,0.0
0.0,0.0,0.0,0.0,0.0,0.0,0.0,0.0,0.0,0.0,0.0,0.0,0.0,0.0,0.0,0.0,0.0,0.0,0.0,0.0,0.0,0.0,0.0,0.0,0.0,0.0,0.0,0.0,0.0,0.0,0.0,0.0,0.0,0.0,0.0,0.0,0.0,0.0,0.0,0.0,0.0,0.0,0.0,0.0,0.0,0.0,0.0,0.0,0.0,0.0,0.0,0.0,0.0,0.0,0.0,0.0,0.0,0.0,0.0,0.0,0.0,0.0,0.0,0.0,0.0,0.0,0.0,0.0,0.0,0.0,0.0,0.0,0.0,0.0,0.0,0.0,0.0,0.0,0.0,0.0,0.0,0.0,0.0,0.0,0.0
0.0,0.0,0.0,0.0,0.0,0.0,0.0,0.0,0.0,0.0,0.0,0.0,0.0,0.0,0.0,0.0,0.0,0.0,0.0,0.0,0.0,0.0,0.0,0.0,0.0,0.0,0.0,0.0,0.0,0.0,0.0,0.0,0.0,0.0,0.0,0.0,0.0,0.0,0.0,0.0,0.0,0.0,0.0,0.0,0.0,0.0,0.0,0.0,0.0,0.0,0.0,0.0,0.0,0.0,0.0,0.0,0.0,0.0,0.0,0.0,0.0,0.0,0.0,0.0,0.0,0.0,0.0,0.0,0.0,0.0,0.0,0.0,0.0,0.0,0.0,0.0,0.0,0.0,0.0,0.0,0.0,0.0,0.0,0.0,0.0
0.0,0.0,0.0,0.0,0.0,0.0,0.0,0.0,0.0,0.0,0.0,0.0,0.0,0.0,0.0,0.0,0.0,0.0,0.0,0.0,0.0,0.0,0.0,0.0,0.0,0.0,0.0,0.0,0.0,0.0,0.0,0.0,0.0,0.0,0.0,0.0,0.0,0.0,0.0,0.0,0.0,0.0,0.0,0.0,0.0,0.0,0.0,0.0,0.0,0.0,0.0,0.0,0.0,0.0,0.0,0.0,0.0,0.0,0.0,0.0,0.0,0.0,0.0,0.0,0.0,0.0,0.0,0.0,0.0,0.0,0.0,0.0,0.0,0.0,0.0,0.0,0.0,0.0,0.0,0.0,0.0,0.0,0.0,0.0,0.0
0.0,0.0,0.0,0.0,0.0,0.0,0.0,0.0,0.0,0.0,0.0,0.0,0.0,0.0,0.0,0.0,0.0,0.0,0.0,0.0,0.0,0.0,0.0,0.0,0.0,0.0,0.0,0.0,0.0,0.0,0.0,0.0,0.0,0.0,0.0,0.0,0.0,0.0,0.0,0.0,0.0,0.0,0.0,0.0,0.0,0.0,0.0,0.0,0.0,0.0,0.0,0.0,0.0,0.0,0.0,0.0,0.0,0.0,0.0,0.0,0.0,0.0,0.0,0.0,0.0,0.0,0.0,0.0,0.0,0.0,0.0,0.0,0.0,0.0,0.0,0.0,0.0,0.0,0.0,0.0,0.0,0.0,0.0,0.0,0.0
0.0,0.0,0.0,0.0,0.0,0.0,0.0,0.0,0.0,0.0,0.0,0.0,0.0,0.0,0.0,0.0,0.0,0.0,0.0,0.0,0.0,0.0,0.0,0.0,0.0,0.0,0.0,0.0,0.0,0.0,0.0,0.0,0.0,0.0,0.0,0.0,0.0,0.0,0.0,0.0,0.0,0.0,0.0,0.0,0.0,0.0,0.0,0.0,0.0,0.0,0.0,0.0,0.0,0.0,0.0,0.0,0.0,0.0,0.0,0.0,0.0,0.0,0.0,0.0,0.0,0.0,0.0,0.0,0.0,0.0,0.0,0.0,0.0,0.0,0.0,0.0,0.0,0.0,0.0,0.0,0.0,0.0,0.0,0.0,0.0
0.0,0.0,0.0,0.0,0.0,0.0,0.0,0.0,0.0,0.0,0.0,0.0,0.0,0.0,0.0,0.0,0.0,0.0,0.0,0.0,0.0,0.0,0.0,0.0,0.0,0.0,0.0,0.0,0.0,0.0,0.0,0.0,0.0,0.0,0.0,0.0,0.0,0.0,0.0,0.0,0.0,0.0,0.0,0.0,0.0,0.0,0.0,0.0,0.0,0.0,0.0,0.0,0.0,0.0,0.0,0.0,0.0,0.0,0.0,0.0,0.0,0.0,0.0,0.0,0.0,0.0,0.0,0.0,0.0,0.0,0.0,0.0,0.0,0.0,0.0,0.0,0.0,0.0,0.0,0.0,0.0,0.0,0.0,0.0,0.0
0.0,0.0,0.0,0.0,0.0,0.0,0.0,0.0,0.0,0.0,0.0,0.0,0.0,0.0,0.0,0.0,0.0,0.0,0.0,0.0,0.0,0.0,0.0,0.0,0.0,0.0,0.0,0.0,0.0,0.0,0.0,0.0,0.0,0.0,0.0,0.0,0.0,0.0,0.0,0.0,0.0,0.0,0.0,0.0,0.0,0.0,0.0,0.0,0.0,0.0,0.0,0.0,0.0,0.0,0.0,0.0,0.0,0.0,0.0,0.0,0.0,0.0,0.0,0.0,0.0,0.0,0.0,0.0,0.0,0.0,0.0,0.0,0.0,0.0,0.0,0.0,0.0,0.0,0.0,0.0,0.0,0.0,0.0,0.0,0.0
0.0,0.0,0.0,0.0,0.0,0.0,0.0,0.0,0.0,0.0,0.0,0.0,0.0,0.0,0.0,0.0,0.0,0.0,0.0,0.0,0.0,0.0,0.0,0.0,0.0,0.0,0.0,0.0,0.0,0.0,0.0,0.0,0.0,0.0,0.0,0.0,0.0,0.0,0.0,0.0,0.0,0.0,0.0,0.0,0.0,0.0,0.0,0.0,0.0,0.0,0.0,0.0,0.0,0.0,0.0,0.0,0.0,0.0,0.0,0.0,0.0,0.0,0.0,0.0,0.0,0.0,0.0,0.0,0.0,0.0,0.0,0.0,0.0,0.0,0.0,0.0,0.0,0.0,0.0,0.0,0.0,0.0,0.0,0.0,0.0
0.0,0.0,0.0,0.0,0.0,0.0,0.0,0.0,0.0,0.0,0.0,0.0,0.0,0.0,0.0,0.0,0.0,0.0,0.0,0.0,0.0,0.0,0.0,0.0,0.0,0.0,0.0,0.0,0.0,0.0,0.0,0.0,0.0,0.0,0.0,0.0,0.0,0.0,0.0,0.0,0.0,0.0,0.0,0.0,0.0,0.0,0.0,0.0,0.0,0.0,0.0,0.0,0.0,0.0,0.0,0.0,0.0,0.0,0.0,0.0,0.0,0.0,0.0,0.0,0.0,0.0,0.0,0.0,0.0,0.0,0.0,0.0,0.0,0.0,0.0,0.0,0.0,0.0,0.0,0.0,0.0,0.0,0.0,0.0,0.0
0.0,0.0,0.0,0.0,0.0,0.0,0.0,0.0,0.0,0.0,0.0,0.0,0.0,0.0,0.0,0.0,0.0,0.0,0.0,0.0,0.0,0.0,0.0,0.0,0.0,0.0,0.0,0.0,0.0,0.0,0.0,0.0,0.0,0.0,0.0,0.0,0.0,0.0,0.0,0.0,0.0,0.0,0.0,0.0,0.0,0.0,0.0,0.0,0.0,0.0,0.0,0.0,0.0,0.0,0.0,0.0,0.0,0.0,0.0,0.0,0.0,0.0,0.0,0.0,0.0,0.0,0.0,0.0,0.0,0.0,0.0,0.0,0.0,0.0,0.0,0.0,0.0,0.0,0.0,0.0,0.0,0.0,0.0,0.0,0.0
0.0,0.0,0.0,0.0,0.0,0.0,0.0,0.0,0.0,0.0,0.0,0.0,0.0,0.0,0.0,0.0,0.0,0.0,0.0,0.0,0.0,0.0,0.0,0.0,0.0,0.0,0.0,0.0,0.0,0.0,0.0,0.0,0.0,0.0,0.0,0.0,0.0,0.0,0.0,0.0,0.0,0.0,0.0,0.0,0.0,0.0,0.0,0.0,0.0,0.0,0.0,0.0,0.0,0.0,0.0,0.0,0.0,0.0,0.0,0.0,0.0,0.0,0.0,0.0,0.0,0.0,0.0,0.0,0.0,0.0,0.0,0.0,0.0,0.0,0.0,0.0,0.0,0.0,0.0,0.0,0.0,0.0,0.0,0.0,0.0
0.0,0.0,0.0,0.0,0.0,0.0,0.0,0.0,0.0,0.0,0.0,0.0,0.0,0.0,0.0,0.0,0.0,0.0,0.0,0.0,0.0,0.0,0.0,0.0,0.0,0.0,0.0,0.0,0.0,0.0,0.0,0.0,0.0,0.0,0.0,0.0,0.0,0.0,0.0,0.0,0.0,0.0,0.0,0.0,0.0,0.0,0.0,0.0,0.0,0.0,0.0,0.0,0.0,0.0,0.0,0.0,0.0,0.0,0.0,0.0,0.0,0.0,0.0,0.0,0.0,0.0,0.0,0.0,0.0,0.0,0.0,0.0,0.0,0.0,0.0,0.0,0.0,0.0,0.0,0.0,0.0,0.0,0.0,0.0,0.0
0.0,0.0,0.0,0.0,0.0,0.0,0.0,0.0,0.0,0.0,0.0,0.0,0.0,0.0,0.0,0.0,0.0,0.0,0.0,0.0,0.0,0.0,0.0,0.0,0.0,0.0,0.0,0.0,0.0,0.0,0.0,0.0,0.0,0.0,0.0,0.0,0.0,0.0,0.0,0.0,0.0,0.0,0.0,0.0,0.0,0.0,0.0,0.0,0.0,0.0,0.0,0.0,0.0,0.0,0.0,0.0,0.0,0.0,0.0,0.0,0.0,0.0,0.0,0.0,0.0,0.0,0.0,0.0,0.0,0.0,0.0,0.0,0.0,0.0,0.0,0.0,0.0,0.0,0.0,0.0,0.0,0.0,0.0,0.0,0.0
0.0,0.0,0.0,0.0,0.0,0.0,0.0,0.0,0.0,0.0,0.0,0.0,0.0,0.0,0.0,0.0,0.0,0.0,0.0,0.0,0.0,0.0,0.0,0.0,0.0,0.0,0.0,0.0,0.0,0.0,0.0,0.0,0.0,0.0,0.0,0.0,0.0,0.0,0.0,0.0,0.0,0.0,0.0,0.0,0.0,0.0,0.0,0.0,0.0,0.0,0.0,0.0,0.0,0.0,0.0,0.0,0.0,0.0,0.0,0.0,0.0,0.0,0.0,0.0,0.0,0.0,0.0,0.0,0.0,0.0,0.0,0.0,0.0,0.0,0.0,0.0,0.0,0.0,0.0,0.0,0.0,0.0,0.0,0.0,0.0
0.0,0.0,0.0,0.0,0.0,0.0,0.0,0.0,0.0,0.0,0.0,0.0,0.0,0.0,0.0,0.0,0.0,0.0,0.0,0.0,0.0,0.0,0.0,0.0,0.0,0.0,0.0,0.0,0.0,0.0,0.0,0.0,0.0,0.0,0.0,0.0,0.0,0.0,0.0,0.0,0.0,0.0,0.0,0.0,0.0,0.0,0.0,0.0,0.0,0.0,0.0,0.0,0.0,0.0,0.0,0.0,0.0,0.0,0.0,0.0,0.0,0.0,0.0,0.0,0.0,0.0,0.0,0.0,0.0,0.0,0.0,0.0,0.0,0.0,0.0,0.0,0.0,0.0,0.0,0.0,0.0,0.0,0.0,0.0,0.0
0.0,0.0,0.0,0.0,0.0,0.0,0.0,0.0,0.0,0.0,0.0,0.0,0.0,0.0,0.0,0.0,0.0,0.0,0.0,0.0,0.0,0.0,0.0,0.0,0.0,0.0,0.0,0.0,0.0,0.0,0.0,0.0,0.0,0.0,0.0,0.0,0.0,0.0,0.0,0.0,0.0,0.0,0.0,0.0,0.0,0.0,0.0,0.0,0.0,0.0,0.0,0.0,0.0,0.0,0.0,0.0,0.0,0.0,0.0,0.0,0.0,0.0,0.0,0.0,0.0,0.0,0.0,0.0,0.0,0.0,0.0,0.0,0.0,0.0,0.0,0.0,0.0,0.0,0.0,0.0,0.0,0.0,0.0,0.0,0.0
0.0,0.0,0.0,0.0,0.0,0.0,0.0,0.0,0.0,0.0,0.0,0.0,0.0,0.0,0.0,0.0,0.0,0.0,0.0,0.0,0.0,0.0,0.0,0.0,0.0,0.0,0.0,0.0,0.0,0.0,0.0,0.0,0.0,0.0,0.0,0.0,0.0,0.0,0.0,0.0,0.0,0.0,0.0,0.0,0.0,0.0,0.0,0.0,0.0,0.0,0.0,0.0,0.0,0.0,0.0,0.0,0.0,0.0,0.0,0.0,0.0,0.0,0.0,0.0,0.0,0.0,0.0,0.0,0.0,0.0,0.0,0.0,0.0,0.0,0.0,0.0,0.0,0.0,0.0,0.0,0.0,0.0,0.0,0.0,0.0
0.0,0.0,0.0,0.0,0.0,0.0,0.0,0.0,0.0,0.0,0.0,0.0,0.0,0.0,0.0,0.0,0.0,0.0,0.0,0.0,0.0,0.0,0.0,0.0,0.0,0.0,0.0,0.0,0.0,0.0,0.0,0.0,0.0,0.0,0.0,0.0,0.0,0.0,0.0,0.0,0.0,0.0,0.0,0.0,0.0,0.0,0.0,0.0,0.0,0.0,0.0,0.0,0.0,0.0,0.0,0.0,0.0,0.0,0.0,0.0,0.0,0.0,0.0,0.0,0.0,0.0,0.0,0.0,0.0,0.0,0.0,0.0,0.0,0.0,0.0,0.0,0.0,0.0,0.0,0.0,0.0,0.0,0.0,0.0,0.0
0.0,0.0,0.0,0.0,0.0,0.0,0.0,0.0,0.0,0.0,0.0,0.0,0.0,0.0,0.0,0.0,0.0,0.0,0.0,0.0,0.0,0.0,0.0,0.0,0.0,0.0,0.0,0.0,0.0,0.0,0.0,0.0,0.0,0.0,0.0,0.0,0.0,0.0,0.0,0.0,0.0,0.0,0.0,0.0,0.0,0.0,0.0,0.0,0.0,0.0,0.0,0.0,0.0,0.0,0.0,0.0,0.0,0.0,0.0,0.0,0.0,0.0,0.0,0.0,0.0,0.0,0.0,0.0,0.0,0.0,0.0,0.0,0.0,0.0,0.0,0.0,0.0,0.0,0.0,0.0,0.0,0.0,0.0,0.0,0.0
0.0,0.0,0.0,0.0,0.0,0.0,0.0,0.0,0.0,0.0,0.0,0.0,0.0,0.0,0.0,0.0,0.0,0.0,0.0,0.0,0.0,0.0,0.0,0.0,0.0,0.0,0.0,0.0,0.0,0.0,0.0,0.0,0.0,0.0,0.0,0.0,0.0,0.0,0.0,0.0,0.0,0.0,0.0,0.0,0.0,0.0,0.0,0.0,0.0,0.0,0.0,0.0,0.0,0.0,0.0,0.0,0.0,0.0,0.0,0.0,0.0,0.0,0.0,0.0,0.0,0.0,0.0,0.0,0.0,0.0,0.0,0.0,0.0,0.0,0.0,0.0,0.0,0.0,0.0,0.0,0.0,0.0,0.0,0.0,0.0
0.0,0.0,0.0,0.0,0.0,0.0,0.0,0.0,0.0,0.0,0.0,0.0,0.0,0.0,0.0,0.0,0.0,0.0,0.0,0.0,0.0,0.0,0.0,0.0,0.0,0.0,0.0,0.0,0.0,0.0,0.0,0.0,0.0,0.0,0.0,0.0,0.0,0.0,0.0,0.0,0.0,0.0,0.0,0.0,0.0,0.0,0.0,0.0,0.0,0.0,0.0,0.0,0.0,0.0,0.0,0.0,0.0,0.0,0.0,0.0,0.0,0.0,0.0,0.0,0.0,0.0,0.0,0.0,0.0,0.0,0.0,0.0,0.0,0.0,0.0,0.0,0.0,0.0,0.0,0.0,0.0,0.0,0.0,0.0,0.0
0.0,0.0,0.0,0.0,0.0,0.0,0.0,0.0,0.0,0.0,0.0,0.0,0.0,0.0,0.0,0.0,0.0,0.0,0.0,0.0,0.0,0.0,0.0,0.0,0.0,0.0,0.0,0.0,0.0,0.0,0.0,0.0,0.0,0.0,0.0,0.0,0.0,0.0,0.0,0.0,0.0,0.0,0.0,0.0,0.0,0.0,0.0,0.0,0.0,0.0,0.0,0.0,0.0,0.0,0.0,0.0,0.0,0.0,0.0,0.0,0.0,0.0,0.0,0.0,0.0,0.0,0.0,0.0,0.0,0.0,0.0,0.0,0.0,0.0,0.0,0.0,0.0,0.0,0.0,0.0,0.0,0.0,0.0,0.0,0.0
0.0,0.0,0.0,0.0,0.0,0.0,0.0,0.0,0.0,0.0,0.0,0.0,0.0,0.0,0.0,0.0,0.0,0.0,0.0,0.0,0.0,0.0,0.0,0.0,0.0,0.0,0.0,0.0,0.0,0.0,0.0,0.0,0.0,0.0,0.0,0.0,0.0,0.0,0.0,0.0,0.0,0.0,0.0,0.0,0.0,0.0,0.0,0.0,0.0,0.0,0.0,0.0,0.0,0.0,0.0,0.0,0.0,0.0,0.0,0.0,0.0,0.0,0.0,0.0,0.0,0.0,0.0,0.0,0.0,0.0,0.0,0.0,0.0,0.0,0.0,0.0,0.0,0.0,0.0,0.0,0.0,0.0,0.0,0.0,0.0
0.0,0.0,0.0,0.0,0.0,0.0,0.0,0.0,0.0,0.0,0.0,0.0,0.0,0.0,0.0,0.0,0.0,0.0,0.0,0.0,0.0,0.0,0.0,0.0,0.0,0.0,0.0,0.0,0.0,0.0,0.0,0.0,0.0,0.0,0.0,0.0,0.0,0.0,0.0,0.0,0.0,0.0,0.0,0.0,0.0,0.0,0.0,0.0,0.0,0.0,0.0,0.0,0.0,0.0,0.0,0.0,0.0,0.0,0.0,0.0,0.0,0.0,0.0,0.0,0.0,0.0,0.0,0.0,0.0,0.0,0.0,0.0,0.0,0.0,0.0,0.0,0.0,0.0,0.0,0.0,0.0,0.0,0.0,0.0,0.0
0.0,0.0,0.0,0.0,0.0,0.0,0.0,0.0,0.0,0.0,0.0,0.0,0.0,0.0,0.0,0.0,0.0,0.0,0.0,0.0,0.0,0.0,0.0,0.0,0.0,0.0,0.0,0.0,0.0,0.0,0.0,0.0,0.0,0.0,0.0,0.0,0.0,0.0,0.0,0.0,0.0,0.0,0.0,0.0,0.0,0.0,0.0,0.0,0.0,0.0,0.0,0.0,0.0,0.0,0.0,0.0,0.0,0.0,0.0,0.0,0.0,0.0,0.0,0.0,0.0,0.0,0.0,0.0,0.0,0.0,0.0,0.0,0.0,0.0,0.0,0.0,0.0,0.0,0.0,0.0,0.0,0.0,0.0,0.0,0.0
0.0,0.0,0.0,0.0,0.0,0.0,0.0,0.0,0.0,0.0,0.0,0.0,0.0,0.0,0.0,0.0,0.0,0.0,0.0,0.0,0.0,0.0,0.0,0.0,0.0,0.0,0.0,0.0,0.0,0.0,0.0,0.0,0.0,0.0,0.0,0.0,0.0,0.0,0.0,0.0,0.0,0.0,0.0,0.0,0.0,0.0,0.0,0.0,0.0,0.0,0.0,0.0,0.0,0.0,0.0,0.0,0.0,0.0,0.0,0.0,0.0,0.0,0.0,0.0,0.0,0.0,0.0,0.0,0.0,0.0,0.0,0.0,0.0,0.0,0.0,0.0,0.0,0.0,0.0,0.0,0.0,0.0,0.0,0.0,0.0
0.0,0.0,0.0,0.0,0.0,0.0,0.0,0.0,0.0,0.0,0.0,0.0,0.0,0.0,0.0,0.0,0.0,0.0,0.0,0.0,0.0,0.0,0.0,0.0,0.0,0.0,0.0,0.0,0.0,0.0,0.0,0.0,0.0,0.0,0.0,0.0,0.0,0.0,0.0,0.0,0.0,0.0,0.0,0.0,0.0,0.0,0.0,0.0,0.0,0.0,0.0,0.0,0.0,0.0,0.0,0.0,0.0,0.0,0.0,0.0,0.0,0.0,0.0,0.0,0.0,0.0,0.0,0.0,0.0,0.0,0.0,0.0,0.0,0.0,0.0,0.0,0.0,0.0,0.0,0.0,0.0,0.0,0.0,0.0,0.0
0.0,0.0,0.0,0.0,0.0,0.0,0.0,0.0,0.0,0.0,0.0,0.0,0.0,0.0,0.0,0.0,0.0,0.0,0.0,0.0,0.0,0.0,0.0,0.0,0.0,0.0,0.0,0.0,0.0,0.0,0.0,0.0,0.0,0.0,0.0,0.0,0.0,0.0,0.0,0.0,0.0,0.0,0.0,0.0,0.0,0.0,0.0,0.0,0.0,0.0,0.0,0.0,0.0,0.0,0.0,0.0,0.0,0.0,0.0,0.0,0.0,0.0,0.0,0.0,0.0,0.0,0.0,0.0,0.0,0.0,0.0,0.0,0.0,0.0,0.0,0.0,0.0,0.0,0.0,0.0,0.0,0.0,0.0,0.0,0.0
0.0,0.0,0.0,0.0,0.0,0.0,0.0,0.0,0.0,0.0,0.0,0.0,0.0,0.0,0.0,0.0,0.0,0.0,0.0,0.0,0.0,0.0,0.0,0.0,0.0,0.0,0.0,0.0,0.0,0.0,0.0,0.0,0.0,0.0,0.0,0.0,0.0,0.0,0.0,0.0,0.0,0.0,0.0,0.0,0.0,0.0,0.0,0.0,0.0,0.0,0.0,0.0,0.0,0.0,0.0,0.0,0.0,0.0,0.0,0.0,0.0,0.0,0.0,0.0,0.0,0.0,0.0,0.0,0.0,0.0,0.0,0.0,0.0,0.0,0.0,0.0,0.0,0.0,0.0,0.0,0.0,0.0,0.0,0.0,0.0
0.0,0.0,0.0,0.0,0.0,0.0,0.0,0.0,0.0,0.0,0.0,0.0,0.0,0.0,0.0,0.0,0.0,0.0,0.0,0.0,0.0,0.0,0.0,0.0,0.0,0.0,0.0,0.0,0.0,0.0,0.0,0.0,0.0,0.0,0.0,0.0,0.0,0.0,0.0,0.0,0.0,0.0,0.0,0.0,0.0,0.0,0.0,0.0,0.0,0.0,0.0,0.0,0.0,0.0,0.0,0.0,0.0,0.0,0.0,0.0,0.0,0.0,0.0,0.0,0.0,0.0,0.0,0.0,0.0,0.0,0.0,0.0,0.0,0.0,0.0,0.0,0.0,0.0,0.0,0.0,0.0,0.0,0.0,0.0,0.0
0.0,0.0,0.0,0.0,0.0,0.0,0.0,0.0,0.0,0.0,0.0,0.0,0.0,0.0,0.0,0.0,0.0,0.0,0.0,0.0,0.0,0.0,0.0,0.0,0.0,0.0,0.0,0.0,0.0,0.0,0.0,0.0,0.0,0.0,0.0,0.0,0.0,0.0,0.0,0.0,0.0,0.0,0.0,0.0,0.0,0.0,0.0,0.0,0.0,0.0,0.0,0.0,0.0,0.0,0.0,0.0,0.0,0.0,0.0,0.0,0.0,0.0,0.0,0.0,0.0,0.0,0.0,0.0,0.0,0.0,0.0,0.0,0.0,0.0,0.0,0.0,0.0,0.0,0.0,0.0,0.0,0.0,0.0,0.0,0.0
0.0,0.0,0.0,0.0,0.0,0.0,0.0,0.0,0.0,0.0,0.0,0.0,0.0,0.0,0.0,0.0,0.0,0.0,0.0,0.0,0.0,0.0,0.0,0.0,0.0,0.0,0.0,0.0,0.0,0.0,0.0,0.0,0.0,0.0,0.0,0.0,0.0,0.0,0.0,0.0,0.0,0.0,0.0,0.0,0.0,0.0,0.0,0.0,0.0,0.0,0.0,0.0,0.0,0.0,0.0,0.0,0.0,0.0,0.0,0.0,0.0,0.0,0.0,0.0,0.0,0.0,0.0,0.0,0.0,0.0,0.0,0.0,0.0,0.0,0.0,0.0,0.0,0.0,0.0,0.0,0.0,0.0,0.0,0.0,0.0
0.0,0.0,0.0,0.0,0.0,0.0,0.0,0.0,0.0,0.0,0.0,0.0,0.0,0.0,0.0,0.0,0.0,0.0,0.0,0.0,0.0,0.0,0.0,0.0,0.0,0.0,0.0,0.0,0.0,0.0,0.0,0.0,0.0,0.0,0.0,0.0,0.0,0.0,0.0,0.0,0.0,0.0,0.0,0.0,0.0,0.0,0.0,0.0,0.0,0.0,0.0,0.0,0.0,0.0,0.0,0.0,0.0,0.0,0.0,0.0,0.0,0.0,0.0,0.0,0.0,0.0,0.0,0.0,0.0,0.0,0.0,0.0,0.0,0.0,0.0,0.0,0.0,0.0,0.0,0.0,0.0,0.0,0.0,0.0,0.0
0.0,0.0,0.0,0.0,0.0,0.0,0.0,0.0,0.0,0.0,0.0,0.0,0.0,0.0,0.0,0.0,0.0,0.0,0.0,0.0,0.0,0.0,0.0,0.0,0.0,0.0,0.0,0.0,0.0,0.0,0.0,0.0,0.0,0.0,0.0,0.0,0.0,0.0,0.0,0.0,0.0,0.0,0.0,0.0,0.0,0.0,0.0,0.0,0.0,0.0,0.0,0.0,0.0,0.0,0.0,0.0,0.0,0.0,0.0,0.0,0.0,0.0,0.0,0.0,0.0,0.0,0.0,0.0,0.0,0.0,0.0,0.0,0.0,0.0,0.0,0.0,0.0,0.0,0.0,0.0,0.0,0.0,0.0,0.0,0.0
0.0,0.0,0.0,0.0,0.0,0.0,0.0,0.0,0.0,0.0,0.0,0.0,0.0,0.0,0.0,0.0,0.0,0.0,0.0,0.0,0.0,0.0,0.0,0.0,0.0,0.0,0.0,0.0,0.0,0.0,0.0,0.0,0.0,0.0,0.0,0.0,0.0,0.0,0.0,0.0,0.0,0.0,0.0,0.0,0.0,0.0,0.0,0.0,0.0,0.0,0.0,0.0,0.0,0.0,0.0,0.0,0.0,0.0,0.0,0.0,0.0,0.0,0.0,0.0,0.0,0.0,0.0,0.0,0.0,0.0,0.0,0.0,0.0,0.0,0.0,0.0,0.0,0.0,0.0,0.0,0.0,0.0,0.0,0.0,0.0
0.0,0.0,0.0,0.0,0.0,0.0,0.0,0.0,0.0,0.0,0.0,0.0,0.0,0.0,0.0,0.0,0.0,0.0,0.0,0.0,0.0,0.0,0.0,0.0,0.0,0.0,0.0,0.0,0.0,0.0,0.0,0.0,0.0,0.0,0.0,0.0,0.0,0.0,0.0,0.0,0.0,0.0,0.0,0.0,0.0,0.0,0.0,0.0,0.0,0.0,0.0,0.0,0.0,0.0,0.0,0.0,0.0,0.0,0.0,0.0,0.0,0.0,0.0,0.0,0.0,0.0,0.0,0.0,0.0,0.0,0.0,0.0,0.0,0.0,0.0,0.0,0.0,0.0,0.0,0.0,0.0,0.0,0.0,0.0,0.0
0.0,0.0,0.0,0.0,0.0,0.0,0.0,0.0,0.0,0.0,0.0,0.0,0.0,0.0,0.0,0.0,0.0,0.0,0.0,0.0,0.0,0.0,0.0,0.0,0.0,0.0,0.0,0.0,0.0,0.0,0.0,0.0,0.0,0.0,0.0,0.0,0.0,0.0,0.0,0.0,0.0,0.0,0.0,0.0,0.0,0.0,0.0,0.0,0.0,0.0,0.0,0.0,0.0,0.0,0.0,0.0,0.0,0.0,0.0,0.0,0.0,0.0,0.0,0.0,0.0,0.0,0.0,0.0,0.0,0.0,0.0,0.0,0.0,0.0,0.0,0.0,0.0,0.0,0.0,0.0,0.0,0.0,0.0,0.0,0.0
0.0,0.0,0.0,0.0,0.0,0.0,0.0,0.0,0.0,0.0,0.0,0.0,0.0,0.0,0.0,0.0,0.0,0.0,0.0,0.0,0.0,0.0,0.0,0.0,0.0,0.0,0.0,0.0,0.0,0.0,0.0,0.0,0.0,0.0,0.0,0.0,0.0,0.0,0.0,0.0,0.0,0.0,0.0,0.0,0.0,0.0,0.0,0.0,0.0,0.0,0.0,0.0,0.0,0.0,0.0,0.0,0.0,0.0,0.0,0.0,0.0,0.0,0.0,0.0,0.0,0.0,0.0,0.0,0.0,0.0,0.0,0.0,0.0,0.0,0.0,0.0,0.0,0.0,0.0,0.0,0.0,0.0,0.0,0.0,0.0
0.0,0.0,0.0,0.0,0.0,0.0,0.0,0.0,0.0,0.0,0.0,0.0,0.0,0.0,0.0,0.0,0.0,0.0,0.0,0.0,0.0,0.0,0.0,0.0,0.0,0.0,0.0,0.0,0.0,0.0,0.0,0.0,0.0,0.0,0.0,0.0,0.0,0.0,0.0,0.0,0.0,0.0,0.0,0.0,0.0,0.0,0.0,0.0,0.0,0.0,0.0,0.0,0.0,0.0,0.0,0.0,0.0,0.0,0.0,0.0,0.0,0.0,0.0,0.0,0.0,0.0,0.0,0.0,0.0,0.0,0.0,0.0,0.0,0.0,0.0,0.0,0.0,0.0,0.0,0.0,0.0,0.0,0.0,0.0,0.0
0.0,0.0,0.0,0.0,0.0,0.0,0.0,0.0,0.0,0.0,0.0,0.0,0.0,0.0,0.0,0.0,0.0,0.0,0.0,0.0,0.0,0.0,0.0,0.0,0.0,0.0,0.0,0.0,0.0,0.0,0.0,0.0,0.0,0.0,0.0,0.0,0.0,0.0,0.0,0.0,0.0,0.0,0.0,0.0,0.0,0.0,0.0,0.0,0.0,0.0,0.0,0.0,0.0,0.0,0.0,0.0,0.0,0.0,0.0,0.0,0.0,0.0,0.0,0.0,0.0,0.0,0.0,0.0,0.0,0.0,0.0,0.0,0.0,0.0,0.0,0.0,0.0,0.0,0.0,0.0,0.0,0.0,0.0,0.0,0.0
0.0,0.0,0.0,0.0,0.0,0.0,0.0,0.0,0.0,0.0,0.0,0.0,0.0,0.0,0.0,0.0,0.0,0.0,0.0,0.0,0.0,0.0,0.0,0.0,0.0,0.0,0.0,0.0,0.0,0.0,0.0,0.0,0.0,0.0,0.0,0.0,0.0,0.0,0.0,0.0,0.0,0.0,0.0,0.0,0.0,0.0,0.0,0.0,0.0,0.0,0.0,0.0,0.0,0.0,0.0,0.0,0.0,0.0,0.0,0.0,0.0,0.0,0.0,0.0,0.0,0.0,0.0,0.0,0.0,0.0,0.0,0.0,0.0,0.0,0.0,0.0,0.0,0.0,0.0,0.0,0.0,0.0,0.0,0.0,0.0
0.0,0.0,0.0,0.0,0.0,0.0,0.0,0.0,0.0,0.0,0.0,0.0,0.0,0.0,0.0,0.0,0.0,0.0,0.0,0.0,0.0,0.0,0.0,0.0,0.0,0.0,0.0,0.0,0.0,0.0,0.0,0.0,0.0,0.0,0.0,0.0,0.0,0.0,0.0,0.0,0.0,0.0,0.0,0.0,0.0,0.0,0.0,0.0,0.0,0.0,0.0,0.0,0.0,0.0,0.0,0.0,0.0,0.0,0.0,0.0,0.0,0.0,0.0,0.0,0.0,0.0,0.0,0.0,0.0,0.0,0.0,0.0,0.0,0.0,0.0,0.0,0.0,0.0,0.0,0.0,0.0,0.0,0.0,0.0,0.0
0.0,0.0,0.0,0.0,0.0,0.0,0.0,0.0,0.0,0.0,0.0,0.0,0.0,0.0,0.0,0.0,0.0,0.0,0.0,0.0,0.0,0.0,0.0,0.0,0.0,0.0,0.0,0.0,0.0,0.0,0.0,0.0,0.0,0.0,0.0,0.0,0.0,0.0,0.0,0.0,0.0,0.0,0.0,0.0,0.0,0.0,0.0,0.0,0.0,0.0,0.0,0.0,0.0,0.0,0.0,0.0,0.0,0.0,0.0,0.0,0.0,0.0,0.0,0.0,0.0,0.0,0.0,0.0,0.0,0.0,0.0,0.0,0.0,0.0,0.0,0.0,0.0,0.0,0.0,0.0,0.0,0.0,0.0,0.0,0.0
0.0,0.0,0.0,0.0,0.0,0.0,0.0,0.0,0.0,0.0,0.0,0.0,0.0,0.0,0.0,0.0,0.0,0.0,0.0,0.0,0.0,0.0,0.0,0.0,0.0,0.0,0.0,0.0,0.0,0.0,0.0,0.0,0.0,0.0,0.0,0.0,0.0,0.0,0.0,0.0,0.0,0.0,0.0,0.0,0.0,0.0,0.0,0.0,0.0,0.0,0.0,0.0,0.0,0.0,0.0,0.0,0.0,0.0,0.0,0.0,0.0,0.0,0.0,0.0,0.0,0.0,0.0,0.0,0.0,0.0,0.0,0.0,0.0,0.0,0.0,0.0,0.0,0.0,0.0,0.0,0.0,0.0,0.0,0.0,0.0
0.0,0.0,0.0,0.0,0.0,0.0,0.0,0.0,0.0,0.0,0.0,0.0,0.0,0.0,0.0,0.0,0.0,0.0,0.0,0.0,0.0,0.0,0.0,0.0,0.0,0.0,0.0,0.0,0.0,0.0,0.0,0.0,0.0,0.0,0.0,0.0,0.0,0.0,0.0,0.0,0.0,0.0,0.0,0.0,0.0,0.0,0.0,0.0,0.0,0.0,0.0,0.0,0.0,0.0,0.0,0.0,0.0,0.0,0.0,0.0,0.0,0.0,0.0,0.0,0.0,0.0,0.0,0.0,0.0,0.0,0.0,0.0,0.0,0.0,0.0,0.0,0.0,0.0,0.0,0.0,0.0,0.0,0.0,0.0,0.0
0.0,0.0,0.0,0.0,0.0,0.0,0.0,0.0,0.0,0.0,0.0,0.0,0.0,0.0,0.0,0.0,0.0,0.0,0.0,0.0,0.0,0.0,0.0,0.0,0.0,0.0,0.0,0.0,0.0,0.0,0.0,0.0,0.0,0.0,0.0,0.0,0.0,0.0,0.0,0.0,0.0,0.0,0.0,0.0,0.0,0.0,0.0,0.0,0.0,0.0,0.0,0.0,0.0,0.0,0.0,0.0,0.0,0.0,0.0,0.0,0.0,0.0,0.0,0.0,0.0,0.0,0.0,0.0,0.0,0.0,0.0,0.0,0.0,0.0,0.0,0.0,0.0,0.0,0.0,0.0,0.0,0.0,0.0,0.0,0.0
0.0,0.0,0.0,0.0,0.0,0.0,0.0,0.0,0.0,0.0,0.0,0.0,0.0,0.0,0.0,0.0,0.0,0.0,0.0,0.0,0.0,0.0,0.0,0.0,0.0,0.0,0.0,0.0,0.0,0.0,0.0,0.0,0.0,0.0,0.0,0.0,0.0,0.0,0.0,0.0,0.0,0.0,0.0,0.0,0.0,0.0,0.0,0.0,0.0,0.0,0.0,0.0,0.0,0.0,0.0,0.0,0.0,0.0,0.0,0.0,0.0,0.0,0.0,0.0,0.0,0.0,0.0,0.0,0.0,0.0,0.0,0.0,0.0,0.0,0.0,0.0,0.0,0.0,0.0,0.0,0.0,0.0,0.0,0.0,0.0
0.0,0.0,0.0,0.0,0.0,0.0,0.0,0.0,0.0,0.0,0.0,0.0,0.0,0.0,0.0,0.0,0.0,0.0,0.0,0.0,0.0,0.0,0.0,0.0,0.0,0.0,0.0,0.0,0.0,0.0,0.0,0.0,0.0,0.0,0.0,0.0,0.0,0.0,0.0,0.0,0.0,0.0,0.0,0.0,0.0,0.0,0.0,0.0,0.0,0.0,0.0,0.0,0.0,0.0,0.0,0.0,0.0,0.0,0.0,0.0,0.0,0.0,0.0,0.0,0.0,0.0,0.0,0.0,0.0,0.0,0.0,0.0,0.0,0.0,0.0,0.0,0.0,0.0,0.0,0.0,0.0,0.0,0.0,0.0,0.0
0.0,0.0,0.0,0.0,0.0,0.0,0.0,0.0,0.0,0.0,0.0,0.0,0.0,0.0,0.0,0.0,0.0,0.0,0.0,0.0,0.0,0.0,0.0,0.0,0.0,0.0,0.0,0.0,0.0,0.0,0.0,0.0,0.0,0.0,0.0,0.0,0.0,0.0,0.0,0.0,0.0,0.0,0.0,0.0,0.0,0.0,0.0,0.0,0.0,0.0,0.0,0.0,0.0,0.0,0.0,0.0,0.0,0.0,0.0,0.0,0.0,0.0,0.0,0.0,0.0,0.0,0.0,0.0,0.0,0.0,0.0,0.0,0.0,0.0,0.0,0.0,0.0,0.0,0.0,0.0,0.0,0.0,0.0,0.0,0.0
0.0,0.0,0.0,0.0,0.0,0.0,0.0,0.0,0.0,0.0,0.0,0.0,0.0,0.0,0.0,0.0,0.0,0.0,0.0,0.0,0.0,0.0,0.0,0.0,0.0,0.0,0.0,0.0,0.0,0.0,0.0,0.0,0.0,0.0,0.0,0.0,0.0,0.0,0.0,0.0,0.0,0.0,0.0,0.0,0.0,0.0,0.0,0.0,0.0,0.0,0.0,0.0,0.0,0.0,0.0,0.0,0.0,0.0,0.0,0.0,0.0,0.0,0.0,0.0,0.0,0.0,0.0,0.0,0.0,0.0,0.0,0.0,0.0,0.0,0.0,0.0,0.0,0.0,0.0,0.0,0.0,0.0,0.0,0.0,0.0
0.0,0.0,0.0,0.0,0.0,0.0,0.0,0.0,0.0,0.0,0.0,0.0,0.0,0.0,0.0,0.0,0.0,0.0,0.0,0.0,0.0,0.0,0.0,0.0,0.0,0.0,0.0,0.0,0.0,0.0,0.0,0.0,0.0,0.0,0.0,0.0,0.0,0.0,0.0,0.0,0.0,0.0,0.0,0.0,0.0,0.0,0.0,0.0,0.0,0.0,0.0,0.0,0.0,0.0,0.0,0.0,0.0,0.0,0.0,0.0,0.0,0.0,0.0,0.0,0.0,0.0,0.0,0.0,0.0,0.0,0.0,0.0,0.0,0.0,0.0,0.0,0.0,0.0,0.0,0.0,0.0,0.0,0.0,0.0,0.0
0.0,0.0,0.0,0.0,0.0,0.0,0.0,0.0,0.0,0.0,0.0,0.0,0.0,0.0,0.0,0.0,0.0,0.0,0.0,0.0,0.0,0.0,0.0,0.0,0.0,0.0,0.0,0.0,0.0,0.0,0.0,0.0,0.0,0.0,0.0,0.0,0.0,0.0,0.0,0.0,0.0,0.0,0.0,0.0,0.0,0.0,0.0,0.0,0.0,0.0,0.0,0.0,0.0,0.0,0.0,0.0,0.0,0.0,0.0,0.0,0.0,0.0,0.0,0.0,0.0,0.0,0.0,0.0,0.0,0.0,0.0,0.0,0.0,0.0,0.0,0.0,0.0,0.0,0.0,0.0,0.0,0.0,0.0,0.0,0.0
0.0,0.0,0.0,0.0,0.0,0.0,0.0,0.0,0.0,0.0,0.0,0.0,0.0,0.0,0.0,0.0,0.0,0.0,0.0,0.0,0.0,0.0,0.0,0.0,0.0,0.0,0.0,0.0,0.0,0.0,0.0,0.0,0.0,0.0,0.0,0.0,0.0,0.0,0.0,0.0,0.0,0.0,0.0,0.0,0.0,0.0,0.0,0.0,0.0,0.0,0.0,0.0,0.0,0.0,0.0,0.0,0.0,0.0,0.0,0.0,0.0,0.0,0.0,0.0,0.0,0.0,0.0,0.0,0.0,0.0,0.0,0.0,0.0,0.0,0.0,0.0,0.0,0.0,0.0,0.0,0.0,0.0,0.0,0.0,0.0
0.0,0.0,0.0,0.0,0.0,0.0,0.0,0.0,0.0,0.0,0.0,0.0,0.0,0.0,0.0,0.0,0.0,0.0,0.0,0.0,0.0,0.0,0.0,0.0,0.0,0.0,0.0,0.0,0.0,0.0,0.0,0.0,0.0,0.0,0.0,0.0,0.0,0.0,0.0,0.0,0.0,0.0,0.0,0.0,0.0,0.0,0.0,0.0,0.0,0.0,0.0,0.0,0.0,0.0,0.0,0.0,0.0,0.0,0.0,0.0,0.0,0.0,0.0,0.0,0.0,0.0,0.0,0.0,0.0,0.0,0.0,0.0,0.0,0.0,0.0,0.0,0.0,0.0,0.0,0.0,0.0,0.0,0.0,0.0,0.0
0.0,0.0,0.0,0.0,0.0,0.0,0.0,0.0,0.0,0.0,0.0,0.0,0.0,0.0,0.0,0.0,0.0,0.0,0.0,0.0,0.0,0.0,0.0,0.0,0.0,0.0,0.0,0.0,0.0,0.0,0.0,0.0,0.0,0.0,0.0,0.0,0.0,0.0,0.0,0.0,0.0,0.0,0.0,0.0,0.0,0.0,0.0,0.0,0.0,0.0,0.0,0.0,0.0,0.0,0.0,0.0,0.0,0.0,0.0,0.0,0.0,0.0,0.0,0.0,0.0,0.0,0.0,0.0,0.0,0.0,0.0,0.0,0.0,0.0,0.0,0.0,0.0,0.0,0.0,0.0,0.0,0.0,0.0,0.0,0.0
0.0,0.0,0.0,0.0,0.0,0.0,0.0,0.0,0.0,0.0,0.0,0.0,0.0,0.0,0.0,0.0,0.0,0.0,0.0,0.0,0.0,0.0,0.0,0.0,0.0,0.0,0.0,0.0,0.0,0.0,0.0,0.0,0.0,0.0,0.0,0.0,0.0,0.0,0.0,0.0,0.0,0.0,0.0,0.0,0.0,0.0,0.0,0.0,0.0,0.0,0.0,0.0,0.0,0.0,0.0,0.0,0.0,0.0,0.0,0.0,0.0,0.0,0.0,0.0,0.0,0.0,0.0,0.0,0.0,0.0,0.0,0.0,0.0,0.0,0.0,0.0,0.0,0.0,0.0,0.0,0.0,0.0,0.0,0.0,0.0
0.0,0.0,0.0,0.0,0.0,0.0,0.0,0.0,0.0,0.0,0.0,0.0,0.0,0.0,0.0,0.0,0.0,0.0,0.0,0.0,0.0,0.0,0.0,0.0,0.0,0.0,0.0,0.0,0.0,0.0,0.0,0.0,0.0,0.0,0.0,0.0,0.0,0.0,0.0,0.0,0.0,0.0,0.0,0.0,0.0,0.0,0.0,0.0,0.0,0.0,0.0,0.0,0.0,0.0,0.0,0.0,0.0,0.0,0.0,0.0,0.0,0.0,0.0,0.0,0.0,0.0,0.0,0.0,0.0,0.0,0.0,0.0,0.0,0.0,0.0,0.0,0.0,0.0,0.0,0.0,0.0,0.0,0.0,0.0,0.0
0.0,0.0,0.0,0.0,0.0,0.0,0.0,0.0,0.0,0.0,0.0,0.0,0.0,0.0,0.0,0.0,0.0,0.0,0.0,0.0,0.0,0.0,0.0,0.0,0.0,0.0,0.0,0.0,0.0,0.0,0.0,0.0,0.0,0.0,0.0,0.0,0.0,0.0,0.0,0.0,0.0,0.0,0.0,0.0,0.0,0.0,0.0,0.0,0.0,0.0,0.0,0.0,0.0,0.0,0.0,0.0,0.0,0.0,0.0,0.0,0.0,0.0,0.0,0.0,0.0,0.0,0.0,0.0,0.0,0.0,0.0,0.0,0.0,0.0,0.0,0.0,0.0,0.0,0.0,0.0,0.0,0.0,0.0,0.0,0.0
0.0,0.0,0.0,0.0,0.0,0.0,0.0,0.0,0.0,0.0,0.0,0.0,0.0,0.0,0.0,0.0,0.0,0.0,0.0,0.0,0.0,0.0,0.0,0.0,0.0,0.0,0.0,0.0,0.0,0.0,0.0,0.0,0.0,0.0,0.0,0.0,0.0,0.0,0.0,0.0,0.0,0.0,0.0,0.0,0.0,0.0,0.0,0.0,0.0,0.0,0.0,0.0,0.0,0.0,0.0,0.0,0.0,0.0,0.0,0.0,0.0,0.0,0.0,0.0,0.0,0.0,0.0,0.0,0.0,0.0,0.0,0.0,0.0,0.0,0.0,0.0,0.0,0.0,0.0,0.0,0.0,0.0,0.0,0.0,0.0
0.0,0.0,0.0,0.0,0.0,0.0,0.0,0.0,0.0,0.0,0.0,0.0,0.0,0.0,0.0,0.0,0.0,0.0,0.0,0.0,0.0,0.0,0.0,0.0,0.0,0.0,0.0,0.0,0.0,0.0,0.0,0.0,0.0,0.0,0.0,0.0,0.0,0.0,0.0,0.0,0.0,0.0,0.0,0.0,0.0,0.0,0.0,0.0,0.0,0.0,0.0,0.0,0.0,0.0,0.0,0.0,0.0,0.0,0.0,0.0,0.0,0.0,0.0,0.0,0.0,0.0,0.0,0.0,0.0,0.0,0.0,0.0,0.0,0.0,0.0,0.0,0.0,0.0,0.0,0.0,0.0,0.0,0.0,0.0,0.0
0.0,0.0,0.0,0.0,0.0,0.0,0.0,0.0,0.0,0.0,0.0,0.0,0.0,0.0,0.0,0.0,0.0,0.0,0.0,0.0,0.0,0.0,0.0,0.0,0.0,0.0,0.0,0.0,0.0,0.0,0.0,0.0,0.0,0.0,0.0,0.0,0.0,0.0,0.0,0.0,0.0,0.0,0.0,0.0,0.0,0.0,0.0,0.0,0.0,0.0,0.0,0.0,0.0,0.0,0.0,0.0,0.0,0.0,0.0,0.0,0.0,0.0,0.0,0.0,0.0,0.0,0.0,0.0,0.0,0.0,0.0,0.0,0.0,0.0,0.0,0.0,0.0,0.0,0.0,0.0,0.0,0.0,0.0,0.0,0.0
0.0,0.0,0.0,0.0,0.0,0.0,0.0,0.0,0.0,0.0,0.0,0.0,0.0,0.0,0.0,0.0,0.0,0.0,0.0,0.0,0.0,0.0,0.0,0.0,0.0,0.0,0.0,0.0,0.0,0.0,0.0,0.0,0.0,0.0,0.0,0.0,0.0,0.0,0.0,0.0,0.0,0.0,0.0,0.0,0.0,0.0,0.0,0.0,0.0,0.0,0.0,0.0,0.0,0.0,0.0,0.0,0.0,0.0,0.0,0.0,0.0,0.0,0.0,0.0,0.0,0.0,0.0,0.0,0.0,0.0,0.0,0.0,0.0,0.0,0.0,0.0,0.0,0.0,0.0,0.0,0.0,0.0,0.0,0.0,0.0
0.0,0.0,0.0,0.0,0.0,0.0,0.0,0.0,0.0,0.0,0.0,0.0,0.0,0.0,0.0,0.0,0.0,0.0,0.0,0.0,0.0,0.0,0.0,0.0,0.0,0.0,0.0,0.0,0.0,0.0,0.0,0.0,0.0,0.0,0.0,0.0,0.0,0.0,0.0,0.0,0.0,0.0,0.0,0.0,0.0,0.0,0.0,0.0,0.0,0.0,0.0,0.0,0.0,0.0,0.0,0.0,0.0,0.0,0.0,0.0,0.0,0.0,0.0,0.0,0.0,0.0,0.0,0.0,0.0,0.0,0.0,0.0,0.0,0.0,0.0,0.0,0.0,0.0,0.0,0.0,0.0,0.0,0.0,0.0,0.0
0.0,0.0,0.0,0.0,0.0,0.0,0.0,0.0,0.0,0.0,0.0,0.0,0.0,0.0,0.0,0.0,0.0,0.0,0.0,0.0,0.0,0.0,0.0,0.0,0.0,0.0,0.0,0.0,0.0,0.0,0.0,0.0,0.0,0.0,0.0,0.0,0.0,0.0,0.0,0.0,0.0,0.0,0.0,0.0,0.0,0.0,0.0,0.0,0.0,0.0,0.0,0.0,0.0,0.0,0.0,0.0,0.0,0.0,0.0,0.0,0.0,0.0,0.0,0.0,0.0,0.0,0.0,0.0,0.0,0.0,0.0,0.0,0.0,0.0,0.0,0.0,0.0,0.0,0.0,0.0,0.0,0.0,0.0,0.0,0.0
0.0,0.0,0.0,0.0,0.0,0.0,0.0,0.0,0.0,0.0,0.0,0.0,0.0,0.0,0.0,0.0,0.0,0.0,0.0,0.0,0.0,0.0,0.0,0.0,0.0,0.0,0.0,0.0,0.0,0.0,0.0,0.0,0.0,0.0,0.0,0.0,0.0,0.0,0.0,0.0,0.0,0.0,0.0,0.0,0.0,0.0,0.0,0.0,0.0,0.0,0.0,0.0,0.0,0.0,0.0,0.0,0.0,0.0,0.0,0.0,0.0,0.0,0.0,0.0,0.0,0.0,0.0,0.0,0.0,0.0,0.0,0.0,0.0,0.0,0.0,0.0,0.0,0.0,0.0,0.0,0.0,0.0,0.0,0.0,0.0
0.0,0.0,0.0,0.0,0.0,0.0,0.0,0.0,0.0,0.0,0.0,0.0,0.0,0.0,0.0,0.0,0.0,0.0,0.0,0.0,0.0,0.0,0.0,0.0,0.0,0.0,0.0,0.0,0.0,0.0,0.0,0.0,0.0,0.0,0.0,0.0,0.0,0.0,0.0,0.0,0.0,0.0,0.0,0.0,0.0,0.0,0.0,0.0,0.0,0.0,0.0,0.0,0.0,0.0,0.0,0.0,0.0,0.0,0.0,0.0,0.0,0.0,0.0,0.0,0.0,0.0,0.0,0.0,0.0,0.0,0.0,0.0,0.0,0.0,0.0,0.0,0.0,0.0,0.0,0.0,0.0,0.0,0.0,0.0,0.0
0.0,0.0,0.0,0.0,0.0,0.0,0.0,0.0,0.0,0.0,0.0,0.0,0.0,0.0,0.0,0.0,0.0,0.0,0.0,0.0,0.0,0.0,0.0,0.0,0.0,0.0,0.0,0.0,0.0,0.0,0.0,0.0,0.0,0.0,0.0,0.0,0.0,0.0,0.0,0.0,0.0,0.0,0.0,0.0,0.0,0.0,0.0,0.0,0.0,0.0,0.0,0.0,0.0,0.0,0.0,0.0,0.0,0.0,0.0,0.0,0.0,0.0,0.0,0.0,0.0,0.0,0.0,0.0,0.0,0.0,0.0,0.0,0.0,0.0,0.0,0.0,0.0,0.0,0.0,0.0,0.0,0.0,0.0,0.0,0.0
0.0,0.0,0.0,0.0,0.0,0.0,0.0,0.0,0.0,0.0,0.0,0.0,0.0,0.0,0.0,0.0,0.0,0.0,0.0,0.0,0.0,0.0,0.0,0.0,0.0,0.0,0.0,0.0,0.0,0.0,0.0,0.0,0.0,0.0,0.0,0.0,0.0,0.0,0.0,0.0,0.0,0.0,0.0,0.0,0.0,0.0,0.0,0.0,0.0,0.0,0.0,0.0,0.0,0.0,0.0,0.0,0.0,0.0,0.0,0.0,0.0,0.0,0.0,0.0,0.0,0.0,0.0,0.0,0.0,0.0,0.0,0.0,0.0,0.0,0.0,0.0,0.0,0.0,0.0,0.0,0.0,0.0,0.0,0.0,0.0
0.0,0.0,0.0,0.0,0.0,0.0,0.0,0.0,0.0,0.0,0.0,0.0,0.0,0.0,0.0,0.0,0.0,0.0,0.0,0.0,0.0,0.0,0.0,0.0,0.0,0.0,0.0,0.0,0.0,0.0,0.0,0.0,0.0,0.0,0.0,0.0,0.0,0.0,0.0,0.0,0.0,0.0,0.0,0.0,0.0,0.0,0.0,0.0,0.0,0.0,0.0,0.0,0.0,0.0,0.0,0.0,0.0,0.0,0.0,0.0,0.0,0.0,0.0,0.0,0.0,0.0,0.0,0.0,0.0,0.0,0.0,0.0,0.0,0.0,0.0,0.0,0.0,0.0,0.0,0.0,0.0,0.0,0.0,0.0,0.0
0.0,0.0,0.0,0.0,0.0,0.0,0.0,0.0,0.0,0.0,0.0,0.0,0.0,0.0,0.0,0.0,0.0,0.0,0.0,0.0,0.0,0.0,0.0,0.0,0.0,0.0,0.0,0.0,0.0,0.0,0.0,0.0,0.0,0.0,0.0,0.0,0.0,0.0,0.0,0.0,0.0,0.0,0.0,0.0,0.0,0.0,0.0,0.0,0.0,0.0,0.0,0.0,0.0,0.0,0.0,0.0,0.0,0.0,0.0,0.0,0.0,0.0,0.0,0.0,0.0,0.0,0.0,0.0,0.0,0.0,0.0,0.0,0.0,0.0,0.0,0.0,0.0,0.0,0.0,0.0,0.0,0.0,0.0,0.0,0.0
0.0,0.0,0.0,0.0,0.0,0.0,0.0,0.0,0.0,0.0,0.0,0.0,0.0,0.0,0.0,0.0,0.0,0.0,0.0,0.0,0.0,0.0,0.0,0.0,0.0,0.0,0.0,0.0,0.0,0.0,0.0,0.0,0.0,0.0,0.0,0.0,0.0,0.0,0.0,0.0,0.0,0.0,0.0,0.0,0.0,0.0,0.0,0.0,0.0,0.0,0.0,0.0,0.0,0.0,0.0,0.0,0.0,0.0,0.0,0.0,0.0,0.0,0.0,0.0,0.0,0.0,0.0,0.0,0.0,0.0,0.0,0.0,0.0,0.0,0.0,0.0,0.0,0.0,0.0,0.0,0.0,0.0,0.0,0.0,0.0
0.0,0.0,0.0,0.0,0.0,0.0,0.0,0.0,0.0,0.0,0.0,0.0,0.0,0.0,0.0,0.0,0.0,0.0,0.0,0.0,0.0,0.0,0.0,0.0,0.0,0.0,0.0,0.0,0.0,0.0,0.0,0.0,0.0,0.0,0.0,0.0,0.0,0.0,0.0,0.0,0.0,0.0,0.0,0.0,0.0,0.0,0.0,0.0,0.0,0.0,0.0,0.0,0.0,0.0,0.0,0.0,0.0,0.0,0.0,0.0,0.0,0.0,0.0,0.0,0.0,0.0,0.0,0.0,0.0,0.0,0.0,0.0,0.0,0.0,0.0,0.0,0.0,0.0,0.0,0.0,0.0,0.0,0.0,0.0,0.0
0.0,0.0,0.0,0.0,0.0,0.0,0.0,0.0,0.0,0.0,0.0,0.0,0.0,0.0,0.0,0.0,0.0,0.0,0.0,0.0,0.0,0.0,0.0,0.0,0.0,0.0,0.0,0.0,0.0,0.0,0.0,0.0,0.0,0.0,0.0,0.0,0.0,0.0,0.0,0.0,0.0,0.0,0.0,0.0,0.0,0.0,0.0,0.0,0.0,0.0,0.0,0.0,0.0,0.0,0.0,0.0,0.0,0.0,0.0,0.0,0.0,0.0,0.0,0.0,0.0,0.0,0.0,0.0,0.0,0.0,0.0,0.0,0.0,0.0,0.0,0.0,0.0,0.0,0.0,0.0,0.0,0.0,0.0,0.0,0.0
0.0,0.0,0.0,0.0,0.0,0.0,0.0,0.0,0.0,0.0,0.0,0.0,0.0,0.0,0.0,0.0,0.0,0.0,0.0,0.0,0.0,0.0,0.0,0.0,0.0,0.0,0.0,0.0,0.0,0.0,0.0,0.0,0.0,0.0,0.0,0.0,0.0,0.0,0.0,0.0,0.0,0.0,0.0,0.0,0.0,0.0,0.0,0.0,0.0,0.0,0.0,0.0,0.0,0.0,0.0,0.0,0.0,0.0,0.0,0.0,0.0,0.0,0.0,0.0,0.0,0.0,0.0,0.0,0.0,0.0,0.0,0.0,0.0,0.0,0.0,0.0,0.0,0.0,0.0,0.0,0.0,0.0,0.0,0.0,0.0
0.0,0.0,0.0,0.0,0.0,0.0,0.0,0.0,0.0,0.0,0.0,0.0,0.0,0.0,0.0,0.0,0.0,0.0,0.0,0.0,0.0,0.0,0.0,0.0,0.0,0.0,0.0,0.0,0.0,0.0,0.0,0.0,0.0,0.0,0.0,0.0,0.0,0.0,0.0,0.0,0.0,0.0,0.0,0.0,0.0,0.0,0.0,0.0,0.0,0.0,0.0,0.0,0.0,0.0,0.0,0.0,0.0,0.0,0.0,0.0,0.0,0.0,0.0,0.0,0.0,0.0,0.0,0.0,0.0,0.0,0.0,0.0,0.0,0.0,0.0,0.0,0.0,0.0,0.0,0.0,0.0,0.0,0.0,0.0,0.0
0.0,0.0,0.0,0.0,0.0,0.0,0.0,0.0,0.0,0.0,0.0,0.0,0.0,0.0,0.0,0.0,0.0,0.0,0.0,0.0,0.0,0.0,0.0,0.0,0.0,0.0,0.0,0.0,0.0,0.0,0.0,0.0,0.0,0.0,0.0,0.0,0.0,0.0,0.0,0.0,0.0,0.0,0.0,0.0,0.0,0.0,0.0,0.0,0.0,0.0,0.0,0.0,0.0,0.0,0.0,0.0,0.0,0.0,0.0,0.0,0.0,0.0,0.0,0.0,0.0,0.0,0.0,0.0,0.0,0.0,0.0,0.0,0.0,0.0,0.0,0.0,0.0,0.0,0.0,0.0,0.0,0.0,0.0,0.0,0.0
0.0,0.0,0.0,0.0,0.0,0.0,0.0,0.0,0.0,0.0,0.0,0.0,0.0,0.0,0.0,0.0,0.0,0.0,0.0,0.0,0.0,0.0,0.0,0.0,0.0,0.0,0.0,0.0,0.0,0.0,0.0,0.0,0.0,0.0,0.0,0.0,0.0,0.0,0.0,0.0,0.0,0.0,0.0,0.0,0.0,0.0,0.0,0.0,0.0,0.0,0.0,0.0,0.0,0.0,0.0,0.0,0.0,0.0,0.0,0.0,0.0,0.0,0.0,0.0,0.0,0.0,0.0,0.0,0.0,0.0,0.0,0.0,0.0,0.0,0.0,0.0,0.0,0.0,0.0,0.0,0.0,0.0,0.0,0.0,0.0
0.0,0.0,0.0,0.0,0.0,0.0,0.0,0.0,0.0,0.0,0.0,0.0,0.0,0.0,0.0,0.0,0.0,0.0,0.0,0.0,0.0,0.0,0.0,0.0,0.0,0.0,0.0,0.0,0.0,0.0,0.0,0.0,0.0,0.0,0.0,0.0,0.0,0.0,0.0,0.0,0.0,0.0,0.0,0.0,0.0,0.0,0.0,0.0,0.0,0.0,0.0,0.0,0.0,0.0,0.0,0.0,0.0,0.0,0.0,0.0,0.0,0.0,0.0,0.0,0.0,0.0,0.0,0.0,0.0,0.0,0.0,0.0,0.0,0.0,0.0,0.0,0.0,0.0,0.0,0.0,0.0,0.0,0.0,0.0,0.0
0.0,0.0,0.0,0.0,0.0,0.0,0.0,0.0,0.0,0.0,0.0,0.0,0.0,0.0,0.0,0.0,0.0,0.0,0.0,0.0,0.0,0.0,0.0,0.0,0.0,0.0,0.0,0.0,0.0,0.0,0.0,0.0,0.0,0.0,0.0,0.0,0.0,0.0,0.0,0.0,0.0,0.0,0.0,0.0,0.0,0.0,0.0,0.0,0.0,0.0,0.0,0.0,0.0,0.0,0.0,0.0,0.0,0.0,0.0,0.0,0.0,0.0,0.0,0.0,0.0,0.0,0.0,0.0,0.0,0.0,0.0,0.0,0.0,0.0,0.0,0.0,0.0,0.0,0.0,0.0,0.0,0.0,0.0,0.0,0.0
0.0,0.0,0.0,0.0,0.0,0.0,0.0,0.0,0.0,0.0,0.0,0.0,0.0,0.0,0.0,0.0,0.0,0.0,0.0,0.0,0.0,0.0,0.0,0.0,0.0,0.0,0.0,0.0,0.0,0.0,0.0,0.0,0.0,0.0,0.0,0.0,0.0,0.0,0.0,0.0,0.0,0.0,0.0,0.0,0.0,0.0,0.0,0.0,0.0,0.0,0.0,0.0,0.0,0.0,0.0,0.0,0.0,0.0,0.0,0.0,0.0,0.0,0.0,0.0,0.0,0.0,0.0,0.0,0.0,0.0,0.0,0.0,0.0,0.0,0.0,0.0,0.0,0.0,0.0,0.0,0.0,0.0,0.0,0.0,0.0
0.0,0.0,0.0,0.0,0.0,0.0,0.0,0.0,0.0,0.0,0.0,0.0,0.0,0.0,0.0,0.0,0.0,0.0,0.0,0.0,0.0,0.0,0.0,0.0,0.0,0.0,0.0,0.0,0.0,0.0,0.0,0.0,0.0,0.0,0.0,0.0,0.0,0.0,0.0,0.0,0.0,0.0,0.0,0.0,0.0,0.0,0.0,0.0,0.0,0.0,0.0,0.0,0.0,0.0,0.0,0.0,0.0,0.0,0.0,0.0,0.0,0.0,0.0,0.0,0.0,0.0,0.0,0.0,0.0,0.0,0.0,0.0,0.0,0.0,0.0,0.0,0.0,0.0,0.0,0.0,0.0,0.0,0.0,0.0,0.0
0.0,0.0,0.0,0.0,0.0,0.0,0.0,0.0,0.0,0.0,0.0,0.0,0.0,0.0,0.0,0.0,0.0,0.0,0.0,0.0,0.0,0.0,0.0,0.0,0.0,0.0,0.0,0.0,0.0,0.0,0.0,0.0,0.0,0.0,0.0,0.0,0.0,0.0,0.0,0.0,0.0,0.0,0.0,0.0,0.0,0.0,0.0,0.0,0.0,0.0,0.0,0.0,0.0,0.0,0.0,0.0,0.0,0.0,0.0,0.0,0.0,0.0,0.0,0.0,0.0,0.0,0.0,0.0,0.0,0.0,0.0,0.0,0.0,0.0,0.0,0.0,0.0,0.0,0.0,0.0,0.0,0.0,0.0,0.0,0.0
0.0,0.0,0.0,0.0,0.0,0.0,0.0,0.0,0.0,0.0,0.0,0.0,0.0,0.0,0.0,0.0,0.0,0.0,0.0,0.0,0.0,0.0,0.0,0.0,0.0,0.0,0.0,0.0,0.0,0.0,0.0,0.0,0.0,0.0,0.0,0.0,0.0,0.0,0.0,0.0,0.0,0.0,0.0,0.0,0.0,0.0,0.0,0.0,0.0,0.0,0.0,0.0,0.0,0.0,0.0,0.0,0.0,0.0,0.0,0.0,0.0,0.0,0.0,0.0,0.0,0.0,0.0,0.0,0.0,0.0,0.0,0.0,0.0,0.0,0.0,0.0,0.0,0.0,0.0,0.0,0.0,0.0,0.0,0.0,0.0
0.0,0.0,0.0,0.0,0.0,0.0,0.0,0.0,0.0,0.0,0.0,0.0,0.0,0.0,0.0,0.0,0.0,0.0,0.0,0.0,0.0,0.0,0.0,0.0,0.0,0.0,0.0,0.0,0.0,0.0,0.0,0.0,0.0,0.0,0.0,0.0,0.0,0.0,0.0,0.0,0.0,0.0,0.0,0.0,0.0,0.0,0.0,0.0,0.0,0.0,0.0,0.0,0.0,0.0,0.0,0.0,0.0,0.0,0.0,0.0,0.0,0.0,0.0,0.0,0.0,0.0,0.0,0.0,0.0,0.0,0.0,0.0,0.0,0.0,0.0,0.0,0.0,0.0,0.0,0.0,0.0,0.0,0.0,0.0,0.0
0.0,0.0,0.0,0.0,0.0,0.0,0.0,0.0,0.0,0.0,0.0,0.0,0.0,0.0,0.0,0.0,0.0,0.0,0.0,0.0,0.0,0.0,0.0,0.0,0.0,0.0,0.0,0.0,0.0,0.0,0.0,0.0,0.0,0.0,0.0,0.0,0.0,0.0,0.0,0.0,0.0,0.0,0.0,0.0,0.0,0.0,0.0,0.0,0.0,0.0,0.0,0.0,0.0,0.0,0.0,0.0,0.0,0.0,0.0,0.0,0.0,0.0,0.0,0.0,0.0,0.0,0.0,0.0,0.0,0.0,0.0,0.0,0.0,0.0,0.0,0.0,0.0,0.0,0.0,0.0,0.0,0.0,0.0,0.0,0.0
0.0,0.0,0.0,0.0,0.0,0.0,0.0,0.0,0.0,0.0,0.0,0.0,0.0,0.0,0.0,0.0,0.0,0.0,0.0,0.0,0.0,0.0,0.0,0.0,0.0,0.0,0.0,0.0,0.0,0.0,0.0,0.0,0.0,0.0,0.0,0.0,0.0,0.0,0.0,0.0,0.0,0.0,0.0,0.0,0.0,0.0,0.0,0.0,0.0,0.0,0.0,0.0,0.0,0.0,0.0,0.0,0.0,0.0,0.0,0.0,0.0,0.0,0.0,0.0,0.0,0.0,0.0,0.0,0.0,0.0,0.0,0.0,0.0,0.0,0.0,0.0,0.0,0.0,0.0,0.0,0.0,0.0,0.0,0.0,0.0
0.0,0.0,0.0,0.0,0.0,0.0,0.0,0.0,0.0,0.0,0.0,0.0,0.0,0.0,0.0,0.0,0.0,0.0,0.0,0.0,0.0,0.0,0.0,0.0,0.0,0.0,0.0,0.0,0.0,0.0,0.0,0.0,0.0,0.0,0.0,0.0,0.0,0.0,0.0,0.0,0.0,0.0,0.0,0.0,0.0,0.0,0.0,0.0,0.0,0.0,0.0,0.0,0.0,0.0,0.0,0.0,0.0,0.0,0.0,0.0,0.0,0.0,0.0,0.0,0.0,0.0,0.0,0.0,0.0,0.0,0.0,0.0,0.0,0.0,0.0,0.0,0.0,0.0,0.0,0.0,0.0,0.0,0.0,0.0,0.0
0.0,0.0,0.0,0.0,0.0,0.0,0.0,0.0,0.0,0.0,0.0,0.0,0.0,0.0,0.0,0.0,0.0,0.0,0.0,0.0,0.0,0.0,0.0,0.0,0.0,0.0,0.0,0.0,0.0,0.0,0.0,0.0,0.0,0.0,0.0,0.0,0.0,0.0,0.0,0.0,0.0,0.0,0.0,0.0,0.0,0.0,0.0,0.0,0.0,0.0,0.0,0.0,0.0,0.0,0.0,0.0,0.0,0.0,0.0,0.0,0.0,0.0,0.0,0.0,0.0,0.0,0.0,0.0,0.0,0.0,0.0,0.0,0.0,0.0,0.0,0.0,0.0,0.0,0.0,0.0,0.0,0.0,0.0,0.0,0.0
0.0,0.0,0.0,0.0,0.0,0.0,0.0,0.0,0.0,0.0,0.0,0.0,0.0,0.0,0.0,0.0,0.0,0.0,0.0,0.0,0.0,0.0,0.0,0.0,0.0,0.0,0.0,0.0,0.0,0.0,0.0,0.0,0.0,0.0,0.0,0.0,0.0,0.0,0.0,0.0,0.0,0.0,0.0,0.0,0.0,0.0,0.0,0.0,0.0,0.0,0.0,0.0,0.0,0.0,0.0,0.0,0.0,0.0,0.0,0.0,0.0,0.0,0.0,0.0,0.0,0.0,0.0,0.0,0.0,0.0,0.0,0.0,0.0,0.0,0.0,0.0,0.0,0.0,0.0,0.0,0.0,0.0,0.0,0.0,0.0
0.0,0.0,0.0,0.0,0.0,0.0,0.0,0.0,0.0,0.0,0.0,0.0,0.0,0.0,0.0,0.0,0.0,0.0,0.0,0.0,0.0,0.0,0.0,0.0,0.0,0.0,0.0,0.0,0.0,0.0,0.0,0.0,0.0,0.0,0.0,0.0,0.0,0.0,0.0,0.0,0.0,0.0,0.0,0.0,0.0,0.0,0.0,0.0,0.0,0.0,0.0,0.0,0.0,0.0,0.0,0.0,0.0,0.0,0.0,0.0,0.0,0.0,0.0,0.0,0.0,0.0,0.0,0.0,0.0,0.0,0.0,0.0,0.0,0.0,0.0,0.0,0.0,0.0,0.0,0.0,0.0,0.0,0.0,0.0,0.0
20230823.0,2.0230823130155224e+16,0.918,0.917,0.916,0.915,0.914,1214800.0,4802900.0,1723300.0,1348300.0,1424400.0,0.833,0.927,0.919,0.917,-2050800.0,540000.0,1120000.0,400000.0,0.0,0.919,0.92,0.921,0.922,0.923,1197600.0,1680100.0,2538300.0,954800.0,490400.0,0.923,0.925,-0.006,0.0,60461084.2,65662200.0,1.018,712800.0,130000.0,-620000.0,-200000.0,0.0,1.1102230246251563e-16,66.66666666418314,2021.8000000044703,-0.001,-1338000.0,670000.0,500000.0,200000.0,0.0,0.002,0.001,0.919,0.0,0.0,0.8445610000000002,5.173808398736e+16,0.0,12.0,0.919,0.0,200.0,-0.0003666547054649,0.919,0.9185,1302.0,0.919,0.0010887316276537,0.0032661948829613,0.0,159928.0,6861200.0,10513700.0,-3652500.0,17374900.0,0.2127337132403386,0.2606579499325887,2200.0,3652500.0,0.919000000002032,0.9185035649146078,0.920688144930916,0.916288709017758
0.0,0.0,0.0,0.0,0.0,0.0,0.0,0.0,0.0,0.0,0.0,0.0,0.0,0.0,0.0,0.0,0.0,0.0,0.0,0.0,0.0,0.0,0.0,0.0,0.0,0.0,0.0,0.0,0.0,0.0,0.0,0.0,0.0,0.0,0.0,0.0,0.0,0.0,0.0,0.0,0.0,0.0,0.0,0.0,0.0,0.0,0.0,0.0,0.0,0.0,0.0,0.0,0.0,0.0,0.0,0.0,0.0,0.0,0.0,0.0,0.0,0.0,0.0,0.0,0.0,0.0,0.0,0.0,0.0,0.0,0.0,0.0,0.0,0.0,0.0,0.0,0.0,0.0,0.0,0.0,0.0,0.0,0.0,0.0,0.0
20230823.0,2.0230823130355104e+16,0.917,0.916,0.915,0.914,0.913,1257500.0,4044300.0,1348500.0,1426600.0,782300.0,0.833,0.927,0.918,0.917,-1758900.0,-7438800.0,-2710800.0,-2014700.0,-1657100.0,0.918,0.919,0.92,0.921,0.922,501400.0,3394500.0,1362300.0,588100.0,874800.0,0.923,0.925,-0.007,-0.001,62179083.0,67534800.0,1.018,501400.0,3394500.0,1362300.0,588100.0,874800.0,0.0001111111111112,387833.3333333358,1632081.799999997,-0.001,-1257500.0,-4044300.0,-1348500.0,-1426600.0,-782300.0,0.002,0.001,0.918,1.0,1.0,0.8425201111111112,3.938694260065e+16,8.0,1.0,0.918,0.0,200.0,-0.0007617391330054,0.917,0.9175,1304.0,0.918,0.0010899182561307,0.0032697547683923,-1981.169057953172,159928.0,6721100.0,8859200.0,-2138100.0,15580300.0,0.2241848184184837,0.2725253998493758,1779100.0,2138100.0,0.9173637232308454,0.9177149354710332,0.9196935620657334,0.9154027564565652
20230823.0,2.023082313045504e+16,0.917,0.916,0.915,0.914,0.913,485500.0,4557600.0,1848500.0,1630600.0,782300.0,0.833,0.927,0.918,0.917,-1405700.0,243300.0,1119500.0,203000.0,0.0,0.918,0.919,0.92,0.921,0.922,1359100.0,3314500.0,742800.0,389100.0,874800.0,0.923,0.925,-0.007,0.0,62197810.2,67555200.0,1.018,391700.0,-80000.0,-619500.0,1000.0,0.0,0.0,4150.0,18727.20000000298,-0.001,-1014000.0,163300.0,500000.0,204000.0,0.0,0.002,0.001,0.918,0.0,0.0,0.8427240000000003,7.299093777184e+16,0.0,0.0,0.918,0.0,8300.0,-0.0003756636922009,0.918,0.9175,1305.0,0.918,0.0010899182561307,0.0032697547683923,0.0,159928.0,6680300.0,9304500.0,-2624200.0,15984800.0,0.1726511413158443,0.2055900658198746,20400.0,2624200.0,0.918000000000146,0.9172632006939172,0.9194170920467644,0.9152507818797356
20230823.0,2.023082313055519e+16,0.917,0.916,0.915,0.914,0.913,572000.0,4445700.0,1839200.0,1430600.0,782300.0,0.833,0.927,0.917,0.917,612700.0,1810400.0,-2129300.0,-250000.0,0.0,0.918,0.919,0.92,0.921,0.922,832900.0,1392200.0,2862800.0,439100.0,874800.0,0.923,0.925,-0.008,-0.001,62258161.7,67621000.0,1.018,-526200.0,-1922300.0,2120000.0,50000.0,0.0,0.0001764705882351,11605.882352948189,60351.5,-0.001,86500.0,-111900.0,-9300.0,-200000.0,0.0,0.002,0.001,0.917,2.0,3.0,0.8412128235294118,7.767694757112e+16,3.0,14.0,0.918,0.0,22500.0,0.0001569172606074,0.917,0.9175,1306.0,0.918,0.0010899182561307,0.0032697547683923,-7387576.151749933,159928.0,6401800.0,9069800.0,-2668000.0,15471600.0,0.1336118692252406,0.1366929307283437,65800.0,2668000.0,0.9171960486322188,0.9174071464161152,0.919864210065919,0.915286059229531
20230823.0,2.023082313065513e+16,0.917,0.916,0.915,0.914,0.913,3913400.0,2256300.0,1335700.0,1440600.0,782300.0,0.833,0.927,0.918,0.917,1925100.0,-3562700.0,-3365300.0,-629100.0,-874700.0,0.918,0.919,0.92,0.921,0.922,351300.0,1373300.0,3362800.0,639100.0,874700.0,0.923,0.925,-0.007,0.0,62365863.1,67738300.0,1.018,351300.0,1373300.0,3362800.0,639100.0,874700.0,0.0004666666666665,5653.333333328366,34261.39999999851,-0.001,2276400.0,-2189400.0,-2500.0,10000.0,0.0,0.002,0.001,0.918,2.0,2.0,0.8437037333333336,6.87831789972e+16,8.0,7.0,0.919,0.001,10050.0,-0.0001777641197554,0.918,0.9175,1307.0,0.918,0.0010899182561307,0.0032697547683923,-17928.0903511215,159928.0,6601200.0,9728300.0,-3127100.0,16329500.0,0.1621383349541885,0.1708715892797685,37300.0,3127100.0,0.9185361930294508,0.9179176260932774,0.9200473550263588,0.9157275577439018
20230823.0,2.023082313075506e+16,0.918,0.917,0.916,0.915,0.914,1741200.0,3935100.0,1775800.0,1135700.0,1440700.0,0.833,0.927,0.918,0.917,2623400.0,5497900.0,4534900.0,2210400.0,1928900.0,0.919,0.92,0.921,0.922,0.923,882200.0,1562800.0,2759100.0,1074700.0,488200.0,0.923,0.925,-0.007,0.0,62535144.3,67922700.0,1.018,-882200.0,-1562800.0,-2759100.0,-1074700.0,-488200.0,0.0002666666666666,3786.6666666716337,169281.19999999553,-0.001,1741200.0,3935100.0,1775800.0,1135700.0,1440700.0,0.002,0.001,0.918,1.0,1.0,0.843213866666667,6.911994326368e+16,4.0,11.0,0.919,0.0005,7400.0,0.0008152150595211,0.918,0.9185,1308.0,0.918,0.0010887316276537,0.0032661948829613,-12044.599486513063,159928.0,6767000.0,10028500.0,-3261500.0,16795500.0,0.1578602588605311,0.1638556553920887,184400.0,3261500.0,0.9180108459869606,0.9186637188381488,0.9208114230826068,0.9163390736401256
20230823.0,2.023082313085249e+16,0.918,0.917,0.916,0.915,0.914,863400.0,4096300.0,1775800.0,1335700.0,1442700.0,0.833,0.927,0.918,0.917,-1119100.0,-1772000.0,2120000.0,200000.0,-4000.0,0.919,0.92,0.921,0.922,0.923,1323500.0,3496000.0,639100.0,874700.0,494200.0,0.923,0.925,-0.007,0.0,62659443.1,68058100.0,1.018,241300.0,1933200.0,-2120000.0,0.0,6000.0,1.1102230246251563e-16,58310.0,124298.80000000448,-0.001,-877800.0,161200.0,0.0,200000.0,2000.0,0.002,0.001,0.918,0.0,0.0,0.8427240000000001,4.621455230944e+16,10.0,0.0,0.918,0.0,104475.0,-0.0002415856767884,0.918,0.9185,1309.0,0.918,0.0010887316276537,0.0032661948829613,0.0,159928.0,6827500.0,9513900.0,-2686400.0,16341400.0,0.140399168803889,0.1432895185182871,135400.0,2686400.0,0.9180118168390284,0.9183948054323472,0.9203731380446722,0.9161683852048056
20230823.0,2.0230823130946084e+16,0.917,0.916,0.915,0.914,0.913,1779400.0,4100800.0,1336000.0,1443700.0,782300.0,0.833,0.927,0.918,0.917,-3055500.0,-5513400.0,-4698300.0,-2082800.0,-1657000.0,0.918,0.919,0.92,0.921,0.922,1276100.0,1412600.0,3362300.0,639100.0,874700.0,0.923,0.925,-0.007,0.0,63541457.5,69018900.0,1.018,1276100.0,1412600.0,3362300.0,639100.0,874700.0,0.0,711.1111111044884,313588.799999997,-0.001,-1779400.0,-4100800.0,-1336000.0,-1443700.0,-782300.0,0.002,0.001,0.918,0.0,0.0,0.8427240000000003,4.287159358621e+16,0.0,0.0,0.918,0.0,2100.0,-0.0006685395198571,0.918,0.9175,1310.0,0.918,0.0010899182561307,0.0032697547683923,0.0,159928.0,7564800.0,9442200.0,-1877400.0,17007000.0,0.1411406331429103,0.1562722433870627,341600.0,1877400.0,0.9179999999999912,0.9175823596792668,0.9197916270093064,0.9154926076549956
20230823.0,2.023082313104917e+16,0.917,0.916,0.915,0.914,0.913,3934800.0,1901100.0,1336000.0,1443700.0,782300.0,0.833,0.927,0.917,0.917,2915200.0,-2186500.0,0.0,0.0,0.0,0.918,0.919,0.92,0.921,0.922,550100.0,1399400.0,3362300.0,639100.0,874700.0,0.923,0.925,-0.008,0.0,64136830.7,69667500.0,1.018,-726000.0,-13200.0,0.0,0.0,0.0,0.0004545454545454,129390.90909090638,564378.6000000015,-0.001,2189200.0,-2199700.0,0.0,0.0,0.0,0.002,0.001,0.917,1.0,1.0,0.8417230909090908,5.318855389328e+16,5.0,6.0,0.918,0.001,62700.0,0.0003265194924365,0.917,0.9175,1311.0,0.917,0.0010899182561307,0.0032697547683923,-15105.784468154425,159928.0,6825600.0,9397900.0,-2572300.0,16223500.0,0.100404749267318,0.1233224119478214,614800.0,2572300.0,0.9179873129473024,0.9178773439764544,0.919983723042663,0.9157195650092044
0.0,0.0,0.0,0.0,0.0,0.0,0.0,0.0,0.0,0.0,0.0,0.0,0.0,0.0,0.0,0.0,0.0,0.0,0.0,0.0,0.0,0.0,0.0,0.0,0.0,0.0,0.0,0.0,0.0,0.0,0.0,0.0,0.0,0.0,0.0,0.0,0.0,0.0,0.0,0.0,0.0,0.0,0.0,0.0,0.0,0.0,0.0,0.0,0.0,0.0,0.0,0.0,0.0,0.0,0.0,0.0,0.0,0.0,0.0,0.0,0.0,0.0,0.0,0.0,0.0,0.0,0.0,0.0,0.0,0.0,0.0,0.0,0.0,0.0,0.0,0.0,0.0,0.0,0.0,0.0,0.0,0.0,0.0,0.0,0.0
20230823.0,2.0230823131252668e+16,0.919,0.918,0.917,0.916,0.915,660000.0,3687500.0,1383100.0,1298400.0,1144100.0,0.833,0.927,0.919,0.917,1702300.0,7116800.0,2958800.0,1792600.0,1484600.0,0.92,0.921,0.922,0.923,0.924,1042300.0,3429300.0,1575700.0,494200.0,340500.0,0.923,0.925,-0.006,0.001,65650955.2,71315600.0,1.018,-1042300.0,-3429300.0,-1575700.0,-494200.0,-340500.0,0.0001999999999999,236800.0,1163116.6000000015,-0.001,660000.0,3687500.0,1383100.0,1298400.0,1144100.0,0.002,0.001,0.919,1.0,0.0,0.8430914000000003,4.949594066304e+16,2.0,8.0,0.919,0.0,0.0,0.001410026662369,0.918,0.9195,1313.0,0.918,0.0010875475802066,0.0032626427406199,7760130.576713826,159928.0,6882000.0,8173100.0,-1291100.0,15055100.0,0.1600561551046013,0.21607542912617,1265700.0,1291100.0,0.9189512522714716,0.9193877107442872,0.9213695582679454,0.9171738508032448
20230823.0,2.023082313133448e+16,0.92,0.919,0.918,0.917,0.916,1132800.0,3680700.0,1150100.0,573200.0,1098400.0,0.833,0.927,0.921,0.917,1482700.0,5705900.0,4346500.0,1113700.0,1719600.0,0.921,0.922,0.923,0.924,0.925,349900.0,2025200.0,3196400.0,540500.0,621200.0,0.923,0.925,-0.004,0.002,66427863.8,72160100.0,1.018,-349900.0,-2025200.0,-3196400.0,-540500.0,-621200.0,0.0008181818181818,383972.7272727341,776908.599999994,-0.001,1132800.0,3680700.0,1150100.0,573200.0,1098400.0,0.002,0.001,0.921,2.0,0.0,0.8460661818181819,5.66718810251e+16,6.0,5.0,0.921,0.0015,844300.0,0.0014860272796611,0.919,0.9205,1314.0,0.919,0.0010863661053775,0.0032590983161325,15678418.507765671,159928.0,6733200.0,7635200.0,-902000.0,14368400.0,0.1851275899854539,0.2468536902769293,844500.0,902000.0,0.9199628182356352,0.9207640116004586,0.9228600813877502,0.9184160074392288
20230823.0,2.0230823131416536e+16,0.921,0.92,0.919,0.918,0.917,312200.0,1864800.0,3440900.0,976400.0,493000.0,0.833,0.927,0.922,0.917,1472600.0,5510800.0,3981400.0,1597600.0,847100.0,0.922,0.923,0.924,0.925,0.926,1160400.0,3646000.0,540500.0,621200.0,354100.0,0.923,0.925,-0.003,0.001,66951515.5,72728400.0,1.018,-1160400.0,-3646000.0,-540500.0,-621200.0,-354100.0,0.0002499999999999,137775.0,507810.5,-0.001,312200.0,1864800.0,3440900.0,976400.0,493000.0,0.002,0.001,0.922,1.0,0.0,0.84870175,2.100597352385e+16,1.0,3.0,0.922,0.0002499999999999,137775.0,0.0003830773761641,0.921,0.9215,1315.0,0.921,0.0010851871947911,0.0032555615843733,7888112.798264649,159928.0,6322200.0,7087300.0,-765100.0,13409500.0,0.1856698540200366,0.2452200130396437,551100.0,765100.0,0.921448920341136,0.9212120059758252,0.9232664895131444,0.9190743301398278
20230823.0,2.0230823131510344e+16,0.92,0.919,0.918,0.917,0.916,1768100.0,3665900.0,976400.0,411500.0,1055100.0,0.833,0.927,0.92,0.917,-517300.0,25900.0,0.0,0.0,-43300.0,0.921,0.922,0.923,0.924,0.925,453500.0,3659400.0,1406000.0,540500.0,622200.0,0.923,0.925,-0.005,0.0,67081623.8,72869700.0,1.018,418200.0,-25900.0,0.0,0.0,0.0,0.0,17800.0,33948.0,-0.001,-99100.0,0.0,0.0,0.0,-43300.0,0.002,0.001,0.92,0.0,0.0,0.8464,2.122959860518e+16,0.0,0.0,0.92,0.0,34950.0,-0.0002015201542362,0.92,0.9205,1316.0,0.92,0.0010863661053775,0.0032590983161325,0.0,159928.0,6681600.0,7877000.0,-1195400.0,14558600.0,0.1885535508370683,0.2411231528006973,36900.0,1195400.0,0.92,0.920795867842996,0.9225837074952108,0.9185941856036562
20230823.0,2.0230823131610256e+16,0.92,0.919,0.918,0.917,0.916,1059100.0,1672900.0,3054400.0,631800.0,1053400.0,0.833,0.927,0.921,0.917,-513200.0,-2000000.0,2000000.0,400000.0,-1700.0,0.921,0.922,0.923,0.924,0.925,898600.0,3860400.0,1206000.0,340500.0,567200.0,0.923,0.925,-0.004,0.0,67145232.1,72938800.0,1.018,226000.0,0.0,0.0,-200000.0,0.0,0.0,0.0,0.0,-0.001,-287200.0,-2000000.0,2000000.0,200000.0,-1700.0,0.002,0.001,0.921,0.0,0.0,0.848241,2.128027418176e+16,0.0,0.0,0.921,0.0,0.0,-0.0001367105883186,0.921,0.9205,1317.0,0.921,0.0010863661053775,0.0032590983161325,0.0,159928.0,6872700.0,7471600.0,-598900.0,14344300.0,0.1381424442197881,0.1723501475158922,0.0,598900.0,0.0,0.9205409919803852,0.9223914036695914,0.9181408667487554
20230823.0,2.0230823131755784e+16,0.921,0.92,0.919,0.918,0.917,80000.0,1639100.0,3555400.0,1054400.0,434600.0,0.833,0.927,0.921,0.917,1622400.0,5166200.0,4095900.0,1621600.0,794600.0,0.922,0.923,0.924,0.925,0.926,1542400.0,3527100.0,540500.0,567200.0,360000.0,0.923,0.925,-0.004,0.001,67390964.0,73205700.0,1.018,-1542400.0,-3527100.0,-540500.0,-567200.0,-360000.0,0.0001999999999999,50913.333333328366,211875.900000006,-0.001,80000.0,1639100.0,3555400.0,1054400.0,434600.0,0.002,0.001,0.921,1.0,0.0,0.8467682,8.002669905026e+16,3.0,12.0,0.921,0.0,30850.0,0.0005953671472246,0.92,0.9215,1318.0,0.92,0.0010851871947911,0.0032555615843733,7948284.473398486,159928.0,6537200.0,6763500.0,-226300.0,13300700.0,0.0993663941727453,0.1014427732779206,230100.0,226300.0,0.920799217731447,0.9210493096646944,0.923185476962614,0.918981592370814
20230823.0,2.023082313184612e+16,0.92,0.919,0.918,0.917,0.916,1262500.0,3675400.0,1056600.0,445600.0,1053400.0,0.833,0.927,0.921,0.917,-1652600.0,-7518800.0,-2263700.0,-986100.0,-1620600.0,0.921,0.922,0.923,0.924,0.925,390100.0,3843400.0,1207100.0,540500.0,567200.0,0.923,0.925,-0.004,0.0,67436829.8,73255500.0,1.018,390100.0,3843400.0,1207100.0,540500.0,567200.0,1.1102230246251563e-16,4642.857142850757,14183.39999999106,-0.001,-1262500.0,-3675400.0,-1056600.0,-445600.0,-1053400.0,0.002,0.001,0.921,0.0,0.0,0.8482409999999999,7.510781126699e+16,14.0,0.0,0.921,0.0,5075.0,-0.000354505487595,0.921,0.9205,1319.0,0.921,0.0010863661053775,0.0032590983161325,0.0,159928.0,6548300.0,7493500.0,-945200.0,14041800.0,0.0845848676994087,0.0757835608460422,15400.0,945200.0,0.9209999999994194,0.9207639477187464,0.9225496999221172,0.918486821912324
0.0,0.0,0.0,0.0,0.0,0.0,0.0,0.0,0.0,0.0,0.0,0.0,0.0,0.0,0.0,0.0,0.0,0.0,0.0,0.0,0.0,0.0,0.0,0.0,0.0,0.0,0.0,0.0,0.0,0.0,0.0,0.0,0.0,0.0,0.0,0.0,0.0,0.0,0.0,0.0,0.0,0.0,0.0,0.0,0.0,0.0,0.0,0.0,0.0,0.0,0.0,0.0,0.0,0.0,0.0,0.0,0.0,0.0,0.0,0.0,0.0,0.0,0.0,0.0,0.0,0.0,0.0,0.0,0.0,0.0,0.0,0.0,0.0,0.0,0.0,0.0,0.0,0.0,0.0,0.0,0.0,0.0,0.0,0.0,0.0
20230823.0,2.0230823132046164e+16,0.919,0.918,0.917,0.916,0.915,1136900.0,4358700.0,702200.0,1043400.0,1154900.0,0.833,0.927,0.919,0.917,-1332300.0,-7790500.0,-2107600.0,-1750500.0,-1495400.0,0.92,0.921,0.922,0.923,0.924,195400.0,3431800.0,1405400.0,707100.0,340500.0,0.923,0.925,-0.006,-0.002,68395870.1,74298000.0,1.018,195400.0,3431800.0,1405400.0,707100.0,340500.0,6.249999999996536e-05,195218.75,925549.199999988,-0.001,-1136900.0,-4358700.0,-702200.0,-1043400.0,-1154900.0,0.002,0.001,0.919,1.0,3.0,0.8462853124999999,8.776471616425e+16,13.0,3.0,0.921,0.0,223850.0,-0.0009439287497677,0.919,0.9195,1321.0,0.921,0.0010875475802066,0.0032626427406199,-16142997.563514233,159928.0,6080200.0,8396100.0,-2315900.0,14476300.0,0.1240578060055309,0.1143159750696701,1006100.0,2315900.0,0.919937580757368,0.9198533363356602,0.9215996019867768,0.917390574195162
20230823.0,2.023082313214011e+16,0.918,0.917,0.916,0.915,0.914,654300.0,4046400.0,1753400.0,1344900.0,1396700.0,0.833,0.927,0.919,0.917,-1670200.0,-7564400.0,-2445400.0,-2050300.0,-1903700.0,0.919,0.92,0.921,0.922,0.923,1015900.0,3518000.0,692000.0,705400.0,507000.0,0.923,0.925,-0.006,-0.001,69538490.9,75541900.0,1.018,1015900.0,3518000.0,692000.0,705400.0,507000.0,7.692307692319655e-05,541769.2307692319,1142344.800000012,-0.001,-654300.0,-4046400.0,-1753400.0,-1344900.0,-1396700.0,0.002,0.001,0.919,2.0,2.0,0.8447027692307694,7.312973480675e+16,3.0,10.0,0.92,0.0,1198400.0,-0.0013133837153357,0.918,0.9185,1322.0,0.92,0.0010887316276537,0.0032661948829613,-8222471.666196149,159928.0,6438300.0,9195700.0,-2757400.0,15634000.0,0.1425059455008841,0.1573986795761648,1243600.0,2757400.0,0.9185789642972112,0.918391749491079,0.920405060342016,0.9161323118414042
20230823.0,2.023082313225808e+16,0.918,0.917,0.916,0.915,0.914,1110900.0,4519500.0,1253500.0,1346400.0,1409000.0,0.833,0.927,0.918,0.917,-1282800.0,-1294400.0,2620100.0,201500.0,-87700.0,0.919,0.92,0.921,0.922,0.923,1332100.0,3318000.0,692000.0,705400.0,607000.0,0.923,0.925,-0.007,-0.001,69593308.5,75601600.0,1.018,816200.0,1920000.0,-2620000.0,0.0,100000.0,0.0004117647058822,11976.470588237047,54817.59999999404,-0.001,-466600.0,625600.0,100.0,201500.0,12300.0,0.002,0.001,0.918,1.0,1.0,0.8438045882352946,9.711081281702e+16,10.0,7.0,0.919,0.001,10900.0,-0.0003253098899876,0.918,0.9185,1323.0,0.918,0.0010887316276537,0.0032661948829613,-11039.682709016835,159928.0,6654500.0,9639300.0,-2984800.0,16293800.0,0.1318383605388703,0.1490394839223133,59700.0,2984800.0,0.9182177554437864,0.9184547277936964,0.9203894657750394,0.916267332690133
0.0,0.0,0.0,0.0,0.0,0.0,0.0,0.0,0.0,0.0,0.0,0.0,0.0,0.0,0.0,0.0,0.0,0.0,0.0,0.0,0.0,0.0,0.0,0.0,0.0,0.0,0.0,0.0,0.0,0.0,0.0,0.0,0.0,0.0,0.0,0.0,0.0,0.0,0.0,0.0,0.0,0.0,0.0,0.0,0.0,0.0,0.0,0.0,0.0,0.0,0.0,0.0,0.0,0.0,0.0,0.0,0.0,0.0,0.0,0.0,0.0,0.0,0.0,0.0,0.0,0.0,0.0,0.0,0.0,0.0,0.0,0.0,0.0,0.0,0.0,0.0,0.0,0.0,0.0,0.0,0.0,0.0,0.0,0.0,0.0
20230823.0,2.023082313241605e+16,0.918,0.917,0.916,0.915,0.914,1159700.0,4585700.0,1253500.0,1366400.0,1410000.0,0.833,0.927,0.918,0.917,-43600.0,45700.0,0.0,0.0,0.0,0.919,0.92,0.921,0.922,0.923,1349200.0,3318000.0,691300.0,704400.0,607000.0,0.923,0.925,-0.007,-0.001,69650775.5,75664200.0,1.018,13200.0,0.0,0.0,0.0,0.0,0.0005,15200.0,27999.09999999404,-0.001,-30400.0,45700.0,0.0,0.0,0.0,0.002,0.001,0.918,0.0,1.0,0.8436425000000001,1.144554286408e+16,1.0,1.0,0.919,0.0005,15200.0,-9.675959363741882e-06,0.918,0.9185,1325.0,0.919,0.0010887316276537,0.0032661948829613,-8242287.581699355,159928.0,6669900.0,9775300.0,-3105400.0,16445200.0,0.1316570975125834,0.1498954420060553,30500.0,3105400.0,0.9180032786883292,0.9184622344453748,0.9203855979849772,0.916278119341606
20230823.0,2.023082313253115e+16,0.917,0.916,0.915,0.914,0.913,850500.0,5199500.0,1347600.0,1612200.0,781100.0,0.833,0.927,0.917,0.917,-2194100.0,-8561100.0,-1881800.0,-1923300.0,-1405500.0,0.918,0.919,0.92,0.921,0.922,1343600.0,3361600.0,534200.0,311100.0,624400.0,0.923,0.925,-0.008,-0.002,72381533.4,78640900.0,1.018,1343600.0,3361600.0,534200.0,311100.0,624400.0,0.0004444444444443,1196600.0,2717432.400000006,-0.001,-850500.0,-5199500.0,-1347600.0,-1612200.0,-781100.0,0.002,0.001,0.917,0.0,1.0,0.8417049999999999,5.399106369105e+16,2.0,7.0,0.919,0.0,1615000.0,-0.0011771194033461,0.917,0.9175,1326.0,0.919,0.0010899182561307,0.0032697547683923,-16799541.98473284,159928.0,6174900.0,9790900.0,-3616000.0,15965800.0,0.1778733207083038,0.1884229446343774,2962200.0,3616000.0,0.9173696576868564,0.9173876304635158,0.9192730408589612,0.9153805676699792
20230823.0,2.0230823132646064e+16,0.917,0.916,0.915,0.914,0.913,369400.0,5201500.0,1349300.0,1662200.0,781100.0,0.833,0.927,0.918,0.917,-356600.0,-176600.0,6600.0,-1000.0,-20000.0,0.918,0.919,0.92,0.921,0.922,1337900.0,3340200.0,535200.0,362100.0,644400.0,0.923,0.925,-0.007,0.001,72613632.8,78894000.0,1.018,-5700.0,178600.0,0.0,1000.0,20000.0,0.0004375,13918.75,48699.39999999106,-0.001,-362300.0,2000.0,6600.0,0.0,0.0,0.002,0.001,0.918,2.0,1.0,0.8416918125000001,9.955307960491e+16,7.0,9.0,0.918,0.001,34700.0,-0.0001484932048011,0.917,0.9175,1327.0,0.917,0.0010899182561307,0.0032697547683923,8581074.998277523,159928.0,6219800.0,9363500.0,-3143700.0,15583300.0,0.1509700428058132,0.1434928765715117,53100.0,3143700.0,0.9171261770243138,0.9172163650207932,0.919298192867938,0.9152900517968708
20230823.0,2.023082313275508e+16,0.918,0.917,0.916,0.915,0.914,616500.0,1786700.0,4395000.0,1364500.0,1462200.0,0.833,0.927,0.918,0.917,1916000.0,4961900.0,5007100.0,2008900.0,2017000.0,0.919,0.92,0.921,0.922,0.923,1299500.0,3175200.0,612100.0,644400.0,554800.0,0.923,0.925,-0.007,0.0,74027579.1,80434300.0,1.018,-1299500.0,-3175200.0,-612100.0,-644400.0,-554800.0,0.0004666666666667,714246.6666666716,1413946.299999997,-0.001,616500.0,1786700.0,4395000.0,1364500.0,1462200.0,0.002,0.001,0.918,2.0,1.0,0.8418676666666668,9.5105827342e+16,8.0,7.0,0.918,0.001,1525600.0,0.0012073199310113,0.917,0.9185,1328.0,0.917,0.0010887316276537,0.0032661948829613,8748116.359351214,159928.0,6286000.0,9624900.0,-3338900.0,15910900.0,0.1911639756994374,0.1832300248244452,1540300.0,3338900.0,0.917968123092902,0.918321764091858,0.9203604517976456,0.9158681336948956
20230823.0,2.023082313285505e+16,0.918,0.917,0.916,0.915,0.914,1334900.0,3658000.0,2383800.0,1165300.0,1462200.0,0.833,0.927,0.918,0.917,994800.0,1670200.0,-2011400.0,-399200.0,0.0,0.919,0.92,0.921,0.922,0.923,1023000.0,3375200.0,612300.0,844400.0,554800.0,0.923,0.925,-0.007,-0.001,75346826.9,81869900.0,1.018,-276400.0,200000.0,200.0,200000.0,0.0,0.0004615384615386,450630.7692307681,1319155.900000006,-0.001,718400.0,1870200.0,-2011200.0,-199200.0,0.0,0.002,0.001,0.918,0.0,1.0,0.8437131538461542,8.618362794109e+16,7.0,6.0,0.919,0.001,1410600.0,0.0002660570345927,0.918,0.9185,1329.0,0.919,0.0010887316276537,0.0032661948829613,-8918289.760348592,159928.0,6409700.0,10004200.0,-3594500.0,16413900.0,0.1906732131742294,0.1769507994947466,1435500.0,3594500.0,0.9189522117729056,0.9185661393612962,0.9204590698472628,0.9162237160392636
20230823.0,2.0230823132949084e+16,0.918,0.917,0.916,0.915,0.914,1704900.0,3541100.0,1958800.0,1202300.0,1460000.0,0.833,0.927,0.919,0.917,1112200.0,2310000.0,-2825000.0,-800.0,-4400.0,0.919,0.92,0.921,0.922,0.923,280800.0,948300.0,3012300.0,845200.0,557000.0,0.923,0.925,-0.006,0.001,78456064.3,85251900.0,1.018,-742200.0,-2426900.0,2400000.0,800.0,2200.0,0.00075,774575.0,3109237.399999991,-0.001,370000.0,-116900.0,-425000.0,0.0,-2200.0,0.002,0.001,0.919,2.0,1.0,0.845021125,1.123399341779e+17,7.0,9.0,0.92,0.001,1167850.0,0.0003183254773761,0.918,0.9185,1330.0,0.918,0.0010887316276537,0.0032661948829613,8997513.530775426,159928.0,5643600.0,9867100.0,-4223500.0,15510700.0,0.2237905471184857,0.2225452078900433,3382000.0,4223500.0,0.919348728562978,0.9188585889107116,0.9210796123042032,0.9162866698422028
20230823.0,2.023082313305811e+16,0.919,0.918,0.917,0.916,0.915,1312600.0,1716200.0,3046300.0,1958800.0,1202300.0,0.833,0.927,0.919,0.917,2459900.0,5028500.0,3891500.0,2515000.0,1542800.0,0.92,0.921,0.922,0.923,0.924,1147300.0,3312300.0,845200.0,556200.0,340500.0,0.923,0.925,-0.006,0.0,78751339.0,85573200.0,1.018,-1147300.0,-3312300.0,-845200.0,-556200.0,-340500.0,1.1102230246251563e-16,47418.18181818724,95392.20000000298,-0.001,1312600.0,1716200.0,3046300.0,1958800.0,1202300.0,0.002,0.001,0.919,0.0,0.0,0.8445610000000005,8.044460528557e+16,0.0,11.0,0.919,0.0,103100.0,0.0009031003663987,0.919,0.9195,1331.0,0.919,0.0010875475802066,0.0032626427406199,0.0,159928.0,6201500.0,9236200.0,-3034700.0,15437700.0,0.2423574791303934,0.249797415509198,103800.0,3034700.0,0.9190000000000288,0.9195335989267858,0.9212953801499638,0.9169976180680368
20230823.0,2.023082313315887e+16,0.918,0.917,0.916,0.915,0.914,1163600.0,3866300.0,1957700.0,1202300.0,1460000.0,0.833,0.927,0.918,0.917,-2364400.0,-7045800.0,-2650000.0,-2047500.0,-1916800.0,0.919,0.92,0.921,0.922,0.923,1200800.0,3179500.0,692300.0,845200.0,456800.0,0.923,0.925,-0.007,-0.001,80473026.4,87446700.0,1.018,1200800.0,3179500.0,692300.0,845200.0,456800.0,0.0002352941176471,764623.529411763,1721687.400000006,-0.001,-1163600.0,-3866300.0,-1957700.0,-1202300.0,-1460000.0,0.002,0.001,0.918,2.0,4.0,0.8441288823529415,1.2765613208678e+17,12.0,5.0,0.92,0.001,1801200.0,-0.0011332439031733,0.918,0.9185,1332.0,0.92,0.0010887316276537,0.0032661948829613,-18862263.85125446,159928.0,6374600.0,9649900.0,-3275300.0,16024500.0,0.2273356435431247,0.2388267498156033,1873500.0,3275300.0,0.9189684547638144,0.9184921333107766,0.9204003859065668,0.9162146343485428
0.0,0.0,0.0,0.0,0.0,0.0,0.0,0.0,0.0,0.0,0.0,0.0,0.0,0.0,0.0,0.0,0.0,0.0,0.0,0.0,0.0,0.0,0.0,0.0,0.0,0.0,0.0,0.0,0.0,0.0,0.0,0.0,0.0,0.0,0.0,0.0,0.0,0.0,0.0,0.0,0.0,0.0,0.0,0.0,0.0,0.0,0.0,0.0,0.0,0.0,0.0,0.0,0.0,0.0,0.0,0.0,0.0,0.0,0.0,0.0,0.0,0.0,0.0,0.0,0.0,0.0,0.0,0.0,0.0,0.0,0.0,0.0,0.0,0.0,0.0,0.0,0.0,0.0,0.0,0.0,0.0,0.0,0.0,0.0,0.0
20230823.0,2.023082313330112e+16,0.918,0.917,0.916,0.915,0.914,1445000.0,3908800.0,1922700.0,1202100.0,1460300.0,0.833,0.927,0.918,0.917,0.0,200000.0,0.0,0.0,0.0,0.919,0.92,0.921,0.922,0.923,966500.0,3179500.0,692300.0,820200.0,456800.0,0.923,0.925,-0.007,0.0,80541145.4,87520900.0,1.018,0.0,-200000.0,0.0,0.0,0.0,0.0,0.0,0.0,-0.001,0.0,0.0,0.0,0.0,0.0,0.002,0.001,0.918,0.0,0.0,0.842724,7659907936810000.0,0.0,0.0,0.918,0.0,0.0,0.0,0.918,0.9185,1334.0,0.918,0.0010887316276537,0.0032661948829613,0.0,159928.0,6115300.0,9938900.0,-3823600.0,16054200.0,0.2166523421838947,0.2379437776089673,0.0,3823600.0,0.0,0.918599212108646,0.920447500531454,0.9162692551489602
20230823.0,2.023082313345813e+16,0.918,0.917,0.916,0.915,0.914,1416300.0,3911700.0,2026800.0,1211400.0,1460300.0,0.833,0.927,0.919,0.917,412600.0,2000.0,76500.0,4300.0,0.0,0.919,0.92,0.921,0.922,0.923,1073900.0,3179500.0,724200.0,820200.0,504700.0,0.923,0.925,-0.006,0.001,80616525.8,87603000.0,1.018,-92300.0,0.0,-13100.0,0.0,0.0,0.0003333333333332,3806.6666666716337,40404.29999999702,-0.001,320300.0,2000.0,63400.0,4300.0,0.0,0.002,0.001,0.919,2.0,1.0,0.843948666666667,1.1507590084765e+17,10.0,5.0,0.919,0.001,8950.0,9.173971233535085e-05,0.918,0.9185,1335.0,0.918,0.0010887316276537,0.0032661948829613,9519443.55544177,159928.0,6302500.0,10026500.0,-3724000.0,16329000.0,0.1421181490778713,0.153926128041388,44000.0,3724000.0,0.9182795454544778,0.9185687494980322,0.9204450297500992,0.9162605395701392
0.0,0.0,0.0,0.0,0.0,0.0,0.0,0.0,0.0,0.0,0.0,0.0,0.0,0.0,0.0,0.0,0.0,0.0,0.0,0.0,0.0,0.0,0.0,0.0,0.0,0.0,0.0,0.0,0.0,0.0,0.0,0.0,0.0,0.0,0.0,0.0,0.0,0.0,0.0,0.0,0.0,0.0,0.0,0.0,0.0,0.0,0.0,0.0,0.0,0.0,0.0,0.0,0.0,0.0,0.0,0.0,0.0,0.0,0.0,0.0,0.0,0.0,0.0,0.0,0.0,0.0,0.0,0.0,0.0,0.0,0.0,0.0,0.0,0.0,0.0,0.0,0.0,0.0,0.0,0.0,0.0,0.0,0.0,0.0,0.0
20230823.0,2.023082313365801e+16,0.919,0.918,0.917,0.916,0.915,1411500.0,1424500.0,3344800.0,1826800.0,1179600.0,0.833,0.927,0.92,0.917,-300100.0,-1947900.0,2016400.0,200000.0,-50000.0,0.92,0.921,0.922,0.923,0.924,969400.0,3504200.0,813800.0,504700.0,114700.0,0.923,0.925,-0.005,0.0,83889440.1,91162100.0,1.018,291500.0,-40000.0,-6400.0,-200000.0,16200.0,0.0004117647058823,11152.941176474094,37134.09999999404,-0.001,-8600.0,-1987900.0,2010000.0,0.0,-33800.0,0.002,0.001,0.92,1.0,1.0,0.8456427647058824,1.4124132262359e+17,10.0,7.0,0.92,0.001,5000.0,-9.138377237999372e-05,0.919,0.9195,1337.0,0.92,0.0010875475802066,0.0032626427406199,-10238.101433506235,159928.0,5906800.0,9187200.0,-3280400.0,15094000.0,0.2169818681986487,0.1496531546499979,40400.0,3280400.0,0.9191608910889614,0.919592843042547,0.9212028001625244,0.9170066940961338
20230823.0,2.023082313375824e+16,0.919,0.918,0.917,0.916,0.915,1178500.0,1401400.0,3344800.0,1922700.0,1178600.0,0.833,0.927,0.92,0.917,-226900.0,-24100.0,0.0,103800.0,-1000.0,0.92,0.921,0.922,0.923,0.924,963300.0,3505200.0,813800.0,496800.0,114700.0,0.923,0.925,-0.005,0.0,83923724.9,91199400.0,1.018,-6100.0,1000.0,0.0,-7900.0,0.0,0.0002499999999999,7533.333333328366,34284.80000001192,-0.001,-233000.0,-23100.0,0.0,95900.0,-1000.0,0.002,0.001,0.92,1.0,1.0,0.8459402500000001,9.978031946758e+16,9.0,3.0,0.92,0.0002499999999999,9475.0,-4.633127843028939e-05,0.919,0.9195,1338.0,0.92,0.0010875475802066,0.0032626427406199,-10579.351374369116,159928.0,5893800.0,9026000.0,-3132200.0,14919800.0,0.2186661364209126,0.1501743710437982,37300.0,3132200.0,0.9191635388743142,0.9195502381174714,0.9212016016831246,0.9169422224684246
20230823.0,2.023082313385802e+16,0.919,0.918,0.917,0.916,0.915,891500.0,1412600.0,3348700.0,1922700.0,1184600.0,0.833,0.927,0.919,0.917,-369400.0,-221500.0,3900.0,0.0,6000.0,0.92,0.921,0.922,0.923,0.924,1045700.0,3737900.0,813800.0,496800.0,114700.0,0.923,0.925,-0.006,-0.001,83985688.5,91266800.0,1.018,82400.0,232700.0,0.0,0.0,0.0,0.0002142857142857,17942.857142850757,61963.59999999404,-0.001,-287000.0,11200.0,3900.0,0.0,6000.0,0.002,0.001,0.919,2.0,2.0,0.8460059285714285,1.1650684968492e+17,11.0,3.0,0.92,0.0,42950.0,-9.791986666948804e-05,0.919,0.9195,1339.0,0.919,0.0010875475802066,0.0032626427406199,-27042.94601882994,159928.0,6208900.0,8760100.0,-2551200.0,14969000.0,0.2216355387037918,0.1512224339040719,67400.0,2551200.0,0.9193412462907128,0.919460200289077,0.9211780991802092,0.9168748530267918
20230823.0,2.0230823133958064e+16,0.919,0.918,0.917,0.916,0.915,1109600.0,1438700.0,3400700.0,2022700.0,1189600.0,0.833,0.927,0.919,0.917,213100.0,26100.0,52000.0,100000.0,5000.0,0.92,0.921,0.922,0.923,0.924,1050700.0,3737900.0,813800.0,496800.0,114700.0,0.923,0.925,-0.006,0.0,84019967.2,91304100.0,1.018,5000.0,0.0,0.0,0.0,0.0,1.1102230246251563e-16,11850.0,34278.70000000298,-0.001,218100.0,26100.0,52000.0,100000.0,5000.0,0.002,0.001,0.919,0.0,0.0,0.8445610000000005,9.998150673226e+16,0.0,12.0,0.919,0.0,33800.0,5.811075270818755e-05,0.919,0.9195,1340.0,0.919,0.0010875475802066,0.0032626427406199,0.0,159928.0,6213900.0,9161300.0,-2947400.0,15375200.0,0.2034196397889567,0.1400795896589667,37300.0,2947400.0,0.91900000000008,0.9195136323658752,0.9211771512254784,0.9169187888181808
20230823.0,2.023082313405217e+16,0.918,0.917,0.916,0.915,0.914,1470400.0,4393500.0,2028700.0,1179900.0,812000.0,0.833,0.927,0.919,0.917,-1965100.0,-5461200.0,-5146600.0,-1751700.0,-1308800.0,0.919,0.92,0.921,0.922,0.923,494700.0,1067700.0,3117900.0,571800.0,496800.0,0.923,0.925,-0.006,0.0,84390380.8,91707200.0,1.018,494700.0,1067700.0,3117900.0,571800.0,496800.0,7.692307692286349e-05,170692.30769230425,370413.5999999941,-0.001,-1470400.0,-4393500.0,-2028700.0,-1179900.0,-812000.0,0.002,0.001,0.919,1.0,1.0,0.8444196923076928,1.0892322275694e+17,12.0,1.0,0.919,0.0,366400.0,-0.0008327163048316,0.918,0.9185,1341.0,0.919,0.0010887316276537,0.0032661948829613,-10717.887445149943,159928.0,5748900.0,9884500.0,-4135600.0,15633400.0,0.1181794306280507,0.1160298573939084,403100.0,4135600.0,0.9189124286777328,0.9187482570861536,0.9209144705943746,0.9164583337548688
0.0,0.0,0.0,0.0,0.0,0.0,0.0,0.0,0.0,0.0,0.0,0.0,0.0,0.0,0.0,0.0,0.0,0.0,0.0,0.0,0.0,0.0,0.0,0.0,0.0,0.0,0.0,0.0,0.0,0.0,0.0,0.0,0.0,0.0,0.0,0.0,0.0,0.0,0.0,0.0,0.0,0.0,0.0,0.0,0.0,0.0,0.0,0.0,0.0,0.0,0.0,0.0,0.0,0.0,0.0,0.0,0.0,0.0,0.0,0.0,0.0,0.0,0.0,0.0,0.0,0.0,0.0,0.0,0.0,0.0,0.0,0.0,0.0,0.0,0.0,0.0,0.0,0.0,0.0,0.0,0.0,0.0,0.0,0.0,0.0
20230823.0,2.023082313420107e+16,0.919,0.918,0.917,0.916,0.915,1260100.0,3537800.0,1699600.0,1828700.0,1177600.0,0.833,0.927,0.92,0.917,80500.0,0.0,-5900.0,0.0,0.0,0.92,0.921,0.922,0.923,0.924,238400.0,3857900.0,819700.0,938800.0,114700.0,0.923,0.925,-0.005,0.0,86187120.5,93660900.0,1.018,-80000.0,0.0,5900.0,0.0,0.0,0.0,0.0,0.0,-0.001,500.0,0.0,0.0,0.0,0.0,0.002,0.001,0.92,0.0,0.0,0.8464,8772364188810000.0,0.0,0.0,0.92,0.0,0.0,4.64025486857228e-05,0.92,0.9195,1343.0,0.92,0.0010875475802066,0.0032626427406199,0.0,159928.0,5969500.0,9503800.0,-3534300.0,15473300.0,0.1738455955433073,0.1781984245115734,0.0,3534300.0,0.0,0.919840907574241,0.92146955356395,0.917197194806288
20230823.0,2.023082313430128e+16,0.919,0.918,0.917,0.916,0.915,1224900.0,3572400.0,1699600.0,1829000.0,1178000.0,0.833,0.927,0.919,0.917,-9600.0,0.0,0.0,0.0,0.0,0.92,0.921,0.922,0.923,0.924,456200.0,3857900.0,819700.0,938800.0,114700.0,0.923,0.925,-0.006,0.0,86230871.8,93708500.0,1.018,9600.0,0.0,0.0,0.0,0.0,0.0,0.0,0.0,-0.001,0.0,0.0,0.0,0.0,0.0,0.002,0.001,0.919,0.0,0.0,0.8445610000000001,8781282972250000.0,0.0,0.0,0.919,0.0,0.0,-4.549998409139611e-06,0.919,0.9195,1344.0,0.919,0.0010875475802066,0.0032626427406199,0.0,159928.0,6187300.0,9503900.0,-3316600.0,15691200.0,0.1707845412980162,0.1762882854800559,0.0,3316600.0,0.0,0.9197286300636488,0.9214178236064196,0.917193310114795
20230823.0,2.0230823134401104e+16,0.919,0.918,0.917,0.916,0.915,1208100.0,3564400.0,1704000.0,1829000.0,1188000.0,0.833,0.927,0.92,0.917,-20200.0,0.0,0.0,0.0,0.0,0.92,0.921,0.922,0.923,0.924,478400.0,3857900.0,819700.0,938800.0,114700.0,0.923,0.925,-0.005,0.0,86259820.7,93740000.0,1.018,20200.0,0.0,0.0,0.0,0.0,0.0,0.0,0.0,-0.001,0.0,0.0,0.0,0.0,0.0,0.002,0.001,0.92,0.0,0.0,0.8464,8787187600000000.0,0.0,0.0,0.92,0.0,0.0,-9.441886235320164e-06,0.92,0.9195,1345.0,0.92,0.0010875475802066,0.0032626427406199,0.0,159928.0,6209500.0,9493500.0,-3284000.0,15703000.0,0.1743044216872518,0.1810930981609944,0.0,3284000.0,0.0,0.9197163356062852,0.9214127546501328,0.917187033233265
20230823.0,2.0230823134501064e+16,0.919,0.918,0.917,0.916,0.915,1187100.0,1568400.0,3704500.0,1829000.0,1188400.0,0.833,0.927,0.92,0.917,0.0,-2010000.0,2000000.0,0.0,0.0,0.92,0.921,0.922,0.923,0.924,482500.0,3867900.0,819700.0,944100.0,114700.0,0.923,0.925,-0.005,0.0,86292355.4,93775400.0,1.018,0.0,10000.0,0.0,0.0,0.0,0.0,0.0,0.0,-0.001,0.0,-2000000.0,2000000.0,0.0,0.0,0.002,0.001,0.92,0.0,0.0,0.8464,8793825645160000.0,0.0,0.0,0.92,0.0,0.0,0.0,0.92,0.9195,1346.0,0.92,0.0010875475802066,0.0032626427406199,0.0,159928.0,6228900.0,9477400.0,-3248500.0,15706300.0,0.1341114832239706,0.1403940473712503,0.0,3248500.0,0.0,0.9197110086248204,0.9214125126426818,0.9169722286703104
20230823.0,2.023082313460111e+16,0.919,0.918,0.917,0.916,0.915,1156900.0,1568600.0,3704700.0,1829000.0,1188400.0,0.833,0.927,0.919,0.917,-4900.0,0.0,0.0,0.0,0.0,0.92,0.921,0.922,0.923,0.924,482500.0,3867900.0,819700.0,944100.0,114700.0,0.923,0.925,-0.006,0.0,86330218.2,93816600.0,1.018,0.0,0.0,0.0,0.0,0.0,0.0,0.0,4503.100000008941,-0.001,-4900.0,0.0,0.0,0.0,0.0,0.002,0.001,0.919,0.0,0.0,0.8445610000000001,8801554435560000.0,0.0,0.0,0.919,0.0,0.0,-9.53626546215669e-07,0.919,0.9195,1347.0,0.919,0.0010875475802066,0.0032626427406199,0.0,159928.0,6228900.0,9447600.0,-3218700.0,15676500.0,0.0133764947834599,0.0129138877902309,4900.0,3218700.0,0.9190000000018246,0.9197056850067098,0.9214125126426818,0.916965769084212
20230823.0,2.0230823134701184e+16,0.92,0.919,0.918,0.917,0.916,901600.0,1708300.0,2768200.0,1379600.0,1829000.0,0.833,0.927,0.92,0.917,200000.0,-200000.0,0.0,0.0,0.0,0.921,0.922,0.923,0.924,0.925,1227300.0,3858000.0,845800.0,356700.0,335200.0,0.923,0.925,-0.005,0.0,86736731.8,94258500.0,1.018,0.0,0.0,0.0,0.0,0.0,0.0,0.0,0.0,-0.001,200000.0,-200000.0,0.0,0.0,0.0,0.002,0.001,0.92,0.0,0.0,0.8464,8884664822250000.0,0.0,0.0,0.92,0.0,0.0,6.4944466930561e-05,0.92,0.9205,1348.0,0.92,0.0010863661053775,0.0032590983161325,0.0,159928.0,6623000.0,8586700.0,-1963700.0,15209700.0,0.081238159265696,0.0882610227917517,0.0,1963700.0,0.0,0.9204235050965288,0.9222019477578136,0.9178222716526724
20230823.0,2.0230823134807136e+16,0.92,0.919,0.918,0.917,0.916,591300.0,1422300.0,2888200.0,1379600.0,1829000.0,0.833,0.927,0.921,0.917,-2013200.0,1634000.0,40000.0,0.0,0.0,0.921,0.922,0.923,0.924,0.925,3372600.0,1740000.0,805800.0,356700.0,335200.0,0.923,0.925,-0.004,0.0,86779242.8,94304700.0,1.018,2013200.0,-2000000.0,-40000.0,0.0,0.0,1.1102230246251563e-16,0.0,0.0,-0.001,0.0,-366000.0,0.0,0.0,0.0,0.002,0.001,0.921,0.0,0.0,0.8482410000000001,2.668012932627e+16,3.0,0.0,0.921,0.0,0.0,-0.0001672965785946,0.921,0.9205,1349.0,0.921,0.0010863661053775,0.0032590983161325,0.0,159928.0,6610300.0,8110400.0,-1500100.0,14720700.0,0.0801289525840145,0.08608577881993,0.0,1500100.0,0.0,0.9201491712707182,0.9218717456091252,0.917700051785362
0.0,0.0,0.0,0.0,0.0,0.0,0.0,0.0,0.0,0.0,0.0,0.0,0.0,0.0,0.0,0.0,0.0,0.0,0.0,0.0,0.0,0.0,0.0,0.0,0.0,0.0,0.0,0.0,0.0,0.0,0.0,0.0,0.0,0.0,0.0,0.0,0.0,0.0,0.0,0.0,0.0,0.0,0.0,0.0,0.0,0.0,0.0,0.0,0.0,0.0,0.0,0.0,0.0,0.0,0.0,0.0,0.0,0.0,0.0,0.0,0.0,0.0,0.0,0.0,0.0,0.0,0.0,0.0,0.0,0.0,0.0,0.0,0.0,0.0,0.0,0.0,0.0,0.0,0.0,0.0,0.0,0.0,0.0,0.0,0.0
20230823.0,2.023082313505938e+16,0.919,0.918,0.917,0.916,0.915,1082400.0,1512200.0,3729600.0,2041600.0,1138400.0,0.833,0.927,0.919,0.917,-1973600.0,-5257200.0,-4650800.0,-2647400.0,-1261100.0,0.92,0.921,0.922,0.923,0.924,891200.0,3745000.0,921200.0,605800.0,122700.0,0.923,0.925,-0.006,-0.002,88109191.2,95750100.0,1.018,891200.0,3745000.0,921200.0,605800.0,122700.0,0.0003333333333332,10100.0,1329948.400000006,-0.001,-1082400.0,-1512200.0,-3729600.0,-2041600.0,-1138400.0,0.002,0.001,0.919,0.0,1.0,0.8457870000000001,2.749264187409e+16,2.0,1.0,0.92,0.0005,15150.0,-0.0006530767757745,0.919,0.9195,1351.0,0.92,0.0010875475802066,0.0032626427406199,-10418944.504896635,159928.0,6285900.0,9504200.0,-3218300.0,15790100.0,0.1509779842416155,0.1759455105534356,1445400.0,3218300.0,0.9201248097412522,0.9195484394000812,0.921256081070332,0.9169325140464216
20230823.0,2.0230823135111184e+16,0.919,0.918,0.917,0.916,0.915,1162400.0,3515200.0,1819600.0,2039000.0,1138400.0,0.833,0.927,0.919,0.917,80000.0,2003000.0,-1910000.0,-2600.0,0.0,0.92,0.921,0.922,0.923,0.924,891200.0,3745000.0,921200.0,605800.0,122700.0,0.923,0.925,-0.006,0.0,88109191.2,95750100.0,1.018,0.0,0.0,0.0,0.0,0.0,0.0,0.0,0.0,-0.001,80000.0,2003000.0,-1910000.0,-2600.0,0.0,0.002,0.001,0.919,0.0,0.0,0.8445610000000001,3.667232660004e+16,0.0,0.0,0.919,0.0,0.0,1.91298430550213e-05,0.919,0.9195,1352.0,0.919,0.0010875475802066,0.0032626427406199,0.0,159928.0,6285900.0,9674600.0,-3388700.0,15960500.0,0.0169004991952565,0.0149026286104212,0.0,3388700.0,0.0,0.9195660303856642,0.921256081070332,0.9171575465652329
0.0,0.0,0.0,0.0,0.0,0.0,0.0,0.0,0.0,0.0,0.0,0.0,0.0,0.0,0.0,0.0,0.0,0.0,0.0,0.0,0.0,0.0,0.0,0.0,0.0,0.0,0.0,0.0,0.0,0.0,0.0,0.0,0.0,0.0,0.0,0.0,0.0,0.0,0.0,0.0,0.0,0.0,0.0,0.0,0.0,0.0,0.0,0.0,0.0,0.0,0.0,0.0,0.0,0.0,0.0,0.0,0.0,0.0,0.0,0.0,0.0,0.0,0.0,0.0,0.0,0.0,0.0,0.0,0.0,0.0,0.0,0.0,0.0,0.0,0.0,0.0,0.0,0.0,0.0,0.0,0.0,0.0,0.0,0.0,0.0
20230823.0,2.023082313535583e+16,0.919,0.918,0.917,0.916,0.915,1487800.0,3596600.0,1532700.0,2043000.0,1278600.0,0.833,0.927,0.919,0.917,369200.0,2281400.0,-2486900.0,4000.0,140200.0,0.92,0.921,0.922,0.923,0.924,847400.0,1545000.0,3121200.0,605800.0,122700.0,0.923,0.925,-0.006,0.0,88280747.8,95936700.0,1.018,-43800.0,-2200000.0,2200000.0,0.0,0.0,0.0003125000000001,13575.0,171556.59999999404,-0.001,325400.0,81400.0,-286900.0,4000.0,140200.0,0.002,0.001,0.919,2.0,2.0,0.8451356875000002,1.4719570262512e+17,5.0,11.0,0.92,0.001,6600.0,7.730357652696584e-05,0.919,0.9195,1354.0,0.919,0.0010875475802066,0.0032626427406199,-32278.90665657445,159928.0,6242100.0,9938700.0,-3696600.0,16180800.0,0.0267682951001603,0.0273686948525494,186600.0,3696600.0,0.9193815648445556,0.9196371188763276,0.921617340318162,0.9171984162918692
20230823.0,2.023082313545861e+16,0.919,0.918,0.917,0.916,0.915,1621500.0,3676600.0,1532700.0,1843000.0,1495900.0,0.833,0.927,0.92,0.917,391500.0,0.0,80000.0,-400000.0,217300.0,0.92,0.921,0.922,0.923,0.924,589600.0,1625000.0,3041200.0,805800.0,122700.0,0.923,0.925,-0.005,0.001,88942186.6,96655700.0,1.018,-257800.0,80000.0,-80000.0,200000.0,0.0,0.0001333333333333,311106.66666667163,661438.799999997,-0.001,133700.0,80000.0,0.0,-200000.0,217300.0,0.002,0.001,0.92,2.0,1.0,0.8461548000000001,1.3921996392031e+17,13.0,2.0,0.92,0.0,643800.0,0.0001046298386593,0.919,0.9195,1355.0,0.919,0.0010875475802066,0.0032626427406199,10420786.511803957,159928.0,6184300.0,10169700.0,-3985400.0,16354000.0,0.0341718758406645,0.0266776143965999,719000.0,3985400.0,0.9199426981919292,0.9197333453936954,0.9217165402713322,0.9172050011308104
0.0,0.0,0.0,0.0,0.0,0.0,0.0,0.0,0.0,0.0,0.0,0.0,0.0,0.0,0.0,0.0,0.0,0.0,0.0,0.0,0.0,0.0,0.0,0.0,0.0,0.0,0.0,0.0,0.0,0.0,0.0,0.0,0.0,0.0,0.0,0.0,0.0,0.0,0.0,0.0,0.0,0.0,0.0,0.0,0.0,0.0,0.0,0.0,0.0,0.0,0.0,0.0,0.0,0.0,0.0,0.0,0.0,0.0,0.0,0.0,0.0,0.0,0.0,0.0,0.0,0.0,0.0,0.0,0.0,0.0,0.0,0.0,0.0,0.0,0.0,0.0,0.0,0.0,0.0,0.0,0.0,0.0,0.0,0.0,0.0
20230823.0,2.0230823135658056e+16,0.921,0.92,0.919,0.918,0.917,1014200.0,3983500.0,889200.0,306600.0,1251500.0,0.833,0.927,0.921,0.917,934000.0,2260300.0,-2547000.0,-400000.0,-1000.0,0.922,0.923,0.924,0.925,0.926,634800.0,3486400.0,569200.0,820200.0,112100.0,0.923,0.925,-0.004,-0.001,90025136.7,97831000.0,1.018,-526200.0,-50000.0,-5000.0,200000.0,0.0,0.0002777777777777,146105.55555555224,350966.10000000894,-0.001,407800.0,2210300.0,-2552000.0,-200000.0,-1000.0,0.002,0.001,0.921,1.0,2.0,0.8495720555555555,1.7176251640603e+17,13.0,5.0,0.922,0.00075,320300.0,0.0002951087717092,0.921,0.9215,1357.0,0.922,0.0010851871947911,0.0032555615843733,-10618040.044184746,159928.0,5622700.0,7445000.0,-1822300.0,13067700.0,0.1369116125226327,0.1596087352113351,380700.0,1822300.0,0.9218967691095584,0.9216150394178292,0.9233398900883916,0.9194301276024178
20230823.0,2.023082313574599e+16,0.92,0.919,0.918,0.917,0.916,989300.0,4175100.0,506600.0,1255500.0,1840000.0,0.833,0.927,0.921,0.917,-1440800.0,-7301700.0,-1253000.0,-1824700.0,-2215200.0,0.921,0.922,0.923,0.924,0.925,451500.0,3126600.0,746400.0,569200.0,375200.0,0.923,0.925,-0.004,0.0,90987142.8,98875500.0,1.018,451500.0,3126600.0,746400.0,569200.0,375200.0,0.0002727272727273,169272.72727273405,962006.099999994,-0.001,-989300.0,-4175100.0,-506600.0,-1255500.0,-1840000.0,0.002,0.001,0.921,3.0,3.0,0.8477390909090908,1.0685207210148e+17,7.0,4.0,0.922,0.001,181250.0,-0.0010078773570897,0.92,0.9205,1358.0,0.921,0.0010863661053775,0.0032590983161325,-77096.29818676785,159928.0,5268900.0,8766500.0,-3497600.0,14035400.0,0.1601885910386778,0.1820248869640334,1044500.0,3497600.0,0.9210206797510714,0.9206866324264298,0.9224856611436922,0.9181389608167456
20230823.0,2.023082313585201e+16,0.92,0.919,0.918,0.917,0.916,1501200.0,4057300.0,555100.0,1275500.0,1840000.0,0.833,0.927,0.921,0.917,807300.0,1803000.0,-2121500.0,20000.0,0.0,0.921,0.922,0.923,0.924,0.925,156100.0,1205800.0,2916400.0,569200.0,375200.0,0.923,0.925,-0.004,0.0,91040433.0,98933400.0,1.018,-295400.0,-1920800.0,2170000.0,0.0,0.0,0.0001428571428572,21650.0,53290.20000000298,-0.001,511900.0,-117800.0,48500.0,20000.0,0.0,0.002,0.001,0.921,1.0,1.0,0.847978,1.3695261369512e+17,12.0,2.0,0.921,0.0,46750.0,0.0002380312010015,0.92,0.9205,1359.0,0.921,0.0010863661053775,0.0032590983161325,-11176.03738847375,159928.0,5222700.0,9229100.0,-4006400.0,14451800.0,0.1629663952403078,0.1849372872044045,57900.0,4006400.0,0.9203834196891706,0.920905810655886,0.9229620119861376,0.9182279962293182
20230823.0,2.0230823135955004e+16,0.92,0.919,0.918,0.917,0.916,1855600.0,4047300.0,567400.0,1275000.0,1840000.0,0.833,0.927,0.921,0.917,-2540900.0,-4667300.0,-567400.0,-1517000.0,-1840000.0,0.922,0.923,0.924,0.925,0.926,1373100.0,3536400.0,569200.0,617200.0,112100.0,0.923,0.925,-0.004,0.0,91718990.0,99670200.0,1.018,685300.0,620000.0,0.0,242000.0,0.0,6.249999999996536e-05,250525.0,564997.700000003,-0.001,-1855600.0,-4047300.0,-567400.0,-1275000.0,-1840000.0,0.002,0.001,0.921,1.0,1.0,0.8481259375,1.5779210209654e+17,15.0,1.0,0.921,0.0,576700.0,-0.000223945384748,0.92,0.921,1400.0,0.921,0.002171552660152,0.004343105320304,-11654.298258038238,159928.0,6208000.0,9585300.0,-3377300.0,15793300.0,0.1576748070212693,0.1646165359925575,613500.0,3377300.0,0.9209416462917734,0.9211494409514666,0.9231235180412372,0.9182924791086352
20230823.0,2.023082314005501e+16,0.92,0.919,0.918,0.917,0.916,1321000.0,4169500.0,567400.0,1288000.0,1840000.0,0.833,0.927,0.921,0.917,-2086500.0,-7524600.0,-1864800.0,-1857200.0,-2215200.0,0.921,0.922,0.923,0.924,0.925,765500.0,3355100.0,1297400.0,569200.0,375200.0,0.923,0.925,-0.004,0.0,91752053.8,99706100.0,1.018,765500.0,3355100.0,1297400.0,569200.0,375200.0,5.555555555547542e-05,300.0,33063.79999999702,-0.001,-1321000.0,-4169500.0,-567400.0,-1288000.0,-1840000.0,0.002,0.001,0.921,1.0,0.0,0.8481387222222221,1.7892596790435994e+17,17.0,1.0,0.921,0.0,4675.0,-0.0003986496376875,0.92,0.9205,1401.0,0.92,0.0010863661053775,0.0032590983161325,10825266.015200878,159928.0,6362400.0,9185900.0,-2823500.0,15548300.0,0.1399167551298567,0.1431546295668898,35900.0,2823500.0,0.9209972144845968,0.9206331176611552,0.922439441091412,0.9182006880109732
20230823.0,2.0230823140158056e+16,0.919,0.918,0.917,0.916,0.915,241900.0,4080200.0,1992700.0,2055000.0,1496100.0,0.833,0.927,0.92,0.917,-1908000.0,-7863100.0,-2607800.0,-2552300.0,-1623300.0,0.92,0.921,0.922,0.923,0.924,1666100.0,3782900.0,615100.0,497300.0,127200.0,0.923,0.925,-0.005,0.0,92953559.1,101012200.0,1.018,1666100.0,3782900.0,615100.0,497300.0,127200.0,0.0001176470588235,265576.47058823705,1169857.299999997,-0.001,-241900.0,-4080200.0,-1992700.0,-2055000.0,-1496100.0,0.002,0.001,0.92,2.0,2.0,0.8461836470588234,1.7220959769525e+17,15.0,2.0,0.92,0.0,9100.0,-0.0016308550630726,0.919,0.9195,1402.0,0.92,0.0010875475802066,0.0032626427406199,-23654.29105360061,159928.0,6688600.0,9865900.0,-3177300.0,16554500.0,0.1769547323965594,0.2033404025205138,1271700.0,3177300.0,0.9199160965636526,0.91912678197065,0.9210486200400684,0.9169510232213992
20230823.0,2.023082314025795e+16,0.919,0.918,0.917,0.916,0.915,282100.0,4086000.0,1992700.0,2055000.0,1496100.0,0.833,0.927,0.919,0.917,2300.0,5800.0,-8500.0,8500.0,0.0,0.92,0.921,0.922,0.923,0.924,1704000.0,3782900.0,623600.0,488800.0,127200.0,0.923,0.925,-0.006,-0.001,93001267.3,101064100.0,1.018,37900.0,0.0,8500.0,-8500.0,0.0,0.0004444444444444,2977.777777776122,47708.20000000298,-0.001,40200.0,5800.0,0.0,0.0,0.0,0.002,0.001,0.919,1.0,2.0,0.8453783333333335,9.18962464117e+16,4.0,5.0,0.92,0.001,19100.0,1.6597341413210343e-05,0.919,0.9195,1403.0,0.92,0.0010875475802066,0.0032626427406199,-11009122.049013589,159928.0,6726500.0,9911900.0,-3185400.0,16638400.0,0.1543520919073855,0.1923077656644372,51900.0,3185400.0,0.9192331406551634,0.9191420371582498,0.9210414480041628,0.9169599471342528
20230823.0,2.023082314035804e+16,0.919,0.918,0.917,0.916,0.915,196400.0,4090000.0,1972700.0,2055000.0,1526100.0,0.833,0.927,0.919,0.917,-80500.0,4000.0,-20000.0,0.0,28000.0,0.92,0.921,0.922,0.923,0.924,1698800.0,3782900.0,623600.0,488800.0,129200.0,0.923,0.925,-0.006,0.0,93036010.7,101101900.0,1.018,-5200.0,0.0,0.0,0.0,2000.0,0.0001250000000001,9337.5,34743.40000000596,-0.001,-85700.0,4000.0,-20000.0,0.0,30000.0,0.002,0.001,0.919,1.0,1.0,0.8447908750000002,8.175296069563e+16,1.0,7.0,0.92,0.0,9375.0,-4.178650896755065e-05,0.919,0.9195,1404.0,0.919,0.0010875475802066,0.0032626427406199,-11990.5379192885,159928.0,6723300.0,9840200.0,-3116900.0,16563500.0,0.1404134551389435,0.1843872252822009,37800.0,3116900.0,0.9191375661377238,0.9191036302237232,0.921043133580236,0.9169365460051624
20230823.0,2.023082314045792e+16,0.919,0.918,0.917,0.916,0.915,172100.0,3715000.0,2172700.0,2055000.0,1526100.0,0.833,0.927,0.92,0.917,337500.0,-375000.0,200000.0,0.0,0.0,0.92,0.921,0.922,0.923,0.924,1337000.0,3782900.0,623600.0,488800.0,129200.0,0.923,0.925,-0.005,0.001,93232210.4,101315200.0,1.018,-361800.0,0.0,0.0,0.0,0.0,0.0004,81490.0,196199.70000000292,-0.001,-24300.0,-375000.0,200000.0,0.0,0.0,0.002,0.001,0.92,1.0,0.0,0.8456644000000001,1.0248172782091e+17,6.0,4.0,0.92,0.001,201725.0,1.1327557247559072e-05,0.919,0.9195,1405.0,0.919,0.0010875475802066,0.0032626427406199,11012413.043478273,159928.0,6361500.0,9640900.0,-3279400.0,16002400.0,0.1515660251375836,0.2001464085984656,213300.0,3279400.0,0.9198298171589452,0.919114041481678,0.921102460111609,0.9168912964557252
20230823.0,2.0230823140557944e+16,0.918,0.917,0.916,0.915,0.914,1594500.0,4847700.0,2058000.0,1526000.0,795000.0,0.833,0.927,0.918,0.917,-1604700.0,-6570500.0,-5720900.0,-2152600.0,-1283800.0,0.919,0.92,0.921,0.922,0.923,10200.0,1722800.0,3662900.0,626600.0,488800.0,0.923,0.925,-0.007,-0.002,93429572.9,101530000.0,1.018,10200.0,1722800.0,3662900.0,626600.0,488800.0,0.0008461538461539,88323.07692307234,197362.5,-0.001,-1594500.0,-4847700.0,-2058000.0,-1526000.0,-795000.0,0.002,0.001,0.918,1.0,3.0,0.8448443846153849,1.3377551093694e+17,5.0,8.0,0.92,0.001,209500.0,-0.0001310019114854,0.918,0.9185,1406.0,0.92,0.0010887316276537,0.0032661948829613,-22114851.809179746,159928.0,6511300.0,10821200.0,-4309900.0,17332500.0,0.0343893322213788,0.0353769066301153,214800.0,4309900.0,0.9188198324022346,0.9189936436717144,0.9209786524964292,0.916454727756626
20230823.0,2.023082314065799e+16,0.918,0.917,0.916,0.915,0.914,725800.0,4973700.0,2558000.0,1510000.0,795000.0,0.833,0.927,0.919,0.917,-2006600.0,-1659700.0,3119200.0,-16000.0,242000.0,0.919,0.92,0.921,0.922,0.923,1148100.0,3508500.0,1043700.0,626600.0,246800.0,0.923,0.925,-0.006,0.001,93542990.9,101653400.0,1.018,1137900.0,1785700.0,-2619200.0,0.0,-242000.0,0.0008235294117647,47935.29411764443,113418.0,-0.001,-868700.0,126000.0,500000.0,-16000.0,0.0,0.002,0.001,0.919,2.0,1.0,0.8442372941176471,1.7540734612741e+17,10.0,7.0,0.92,0.001,113900.0,-0.0006599863002064,0.918,0.9185,1407.0,0.918,0.0010887316276537,0.0032661948829613,11039653.699673563,159928.0,6573700.0,10562500.0,-3988800.0,17136200.0,0.0696341216041522,0.0836267197586204,123400.0,3988800.0,0.9191085899513776,0.918387320561396,0.9202873876203662,0.9163148213017752
20230823.0,2.023082314075199e+16,0.918,0.917,0.916,0.915,0.914,773500.0,4958900.0,2558000.0,1510000.0,795000.0,0.833,0.927,0.919,0.917,-39800.0,-24800.0,0.0,0.0,-39000.0,0.919,0.92,0.921,0.922,0.923,1235600.0,3518500.0,1043700.0,626600.0,285800.0,0.923,0.925,-0.006,0.0,93585965.8,101700200.0,1.018,87500.0,10000.0,0.0,0.0,39000.0,0.0001249999999999,19400.0,42974.89999999106,-0.001,47700.0,-14800.0,0.0,0.0,0.0,0.002,0.001,0.919,1.0,1.0,0.8443313750000003,8.27086301055e+16,7.0,1.0,0.919,0.0,37175.0,-2.5286786455164245e-06,0.918,0.9185,1408.0,0.919,0.0010887316276537,0.0032661948829613,-11945.73053499125,159928.0,6710200.0,10595400.0,-3885200.0,17305600.0,0.0665689834257769,0.0799383975578063,46800.0,3885200.0,0.918267094016903,0.9183849982579264,0.9202859378259964,0.9163214508182796
20230823.0,2.023082314085504e+16,0.918,0.917,0.916,0.915,0.914,474200.0,2759900.0,5108000.0,1710000.0,875700.0,0.833,0.927,0.918,0.917,-404700.0,-2199000.0,2550000.0,400000.0,80700.0,0.919,0.92,0.921,0.922,0.923,1335400.0,3518500.0,1043700.0,426600.0,285800.0,0.923,0.925,-0.007,-0.001,93727549.9,101854300.0,1.018,99800.0,0.0,0.0,-200000.0,0.0,0.0005,32012.5,141584.10000000894,-0.001,-304900.0,-2199000.0,2550000.0,200000.0,80700.0,0.002,0.001,0.918,0.0,1.0,0.8436425000000003,8.294224487033e+16,4.0,4.0,0.919,0.001,34100.0,-0.000135748152295,0.918,0.9185,1409.0,0.919,0.0010887316276537,0.0032661948829613,-11095239.651416132,159928.0,6610000.0,10927800.0,-4317800.0,17537800.0,0.068135148765267,0.0817360813717565,154100.0,4317800.0,0.91878066190791,0.9182620468611848,0.9202146596066566,0.9160225937517156
20230823.0,2.023082314095498e+16,0.918,0.917,0.916,0.915,0.914,428800.0,2757500.0,5108000.0,1710200.0,875700.0,0.833,0.927,0.918,0.917,56800.0,97600.0,-200000.0,200.0,0.0,0.919,0.92,0.921,0.922,0.923,1330900.0,3618500.0,1043700.0,426600.0,285800.0,0.923,0.925,-0.007,0.0,94034623.1,102188800.0,1.018,-2200.0,100000.0,0.0,0.0,0.0,0.0004285714285712,98914.2857142836,215273.19999998808,-0.001,54600.0,197600.0,-200000.0,200.0,0.0,0.002,0.001,0.918,0.0,1.0,0.843511285714286,1.4581429310147e+17,6.0,8.0,0.919,0.001,201250.0,2.66832755216051e-05,0.918,0.9185,1410.0,0.919,0.0010887316276537,0.0032661948829613,-11118899.782135086,159928.0,6705500.0,10880200.0,-4174700.0,17585700.0,0.0690756116454476,0.0819891789287491,234500.0,4174700.0,0.918009381663062,0.918243677899642,0.9202122735068228,0.9160141081965404
20230823.0,2.023082314105497e+16,0.918,0.917,0.916,0.915,0.914,609100.0,2971100.0,4909000.0,1510300.0,874700.0,0.833,0.927,0.919,0.917,418400.0,213600.0,-199000.0,-409900.0,-1000.0,0.919,0.92,0.921,0.922,0.923,1128600.0,3618500.0,1043700.0,636600.0,285800.0,0.923,0.925,-0.006,0.001,94078414.0,102236500.0,1.018,-202300.0,0.0,0.0,210000.0,0.0,0.000384615384615,2623.076923072338,10926.5,-0.001,216100.0,213600.0,-199000.0,-199900.0,-1000.0,0.002,0.001,0.919,1.0,0.0,0.8438544615384619,1.3587295289152e+17,8.0,5.0,0.919,0.001,7300.0,0.0001334539677967,0.918,0.9185,1411.0,0.918,0.0010887316276537,0.0032661948829613,11124755.168661598,159928.0,6713200.0,10874200.0,-4161000.0,17587400.0,0.0741185413526627,0.0827502536409911,11900.0,4161000.0,0.9181932773109244,0.9183505208033608,0.92030472799857,0.9160854867484506
20230823.0,2.023082314114593e+16,0.918,0.917,0.916,0.915,0.914,388900.0,4972100.0,2909000.0,1510300.0,874700.0,0.833,0.927,0.918,0.917,10700.0,2001000.0,-2000000.0,-210000.0,0.0,0.919,0.92,0.921,0.922,0.923,1128600.0,3618500.0,1043700.0,646600.0,285800.0,0.923,0.925,-0.007,0.0,94283678.8,102460100.0,1.018,-200000.0,0.0,0.0,210000.0,0.0,0.0,84685.71428571641,176898.59999999404,-0.001,-189300.0,2001000.0,-2000000.0,0.0,0.0,0.002,0.001,0.918,0.0,0.0,0.8427240000000003,7.333170742162e+16,0.0,0.0,0.918,0.0,188200.0,-5.1132317942223504e-05,0.918,0.9185,1412.0,0.918,0.0010887316276537,0.0032661948829613,0.0,159928.0,6723200.0,10655000.0,-3931800.0,17378200.0,0.0493446483524918,0.0287142235505494,192700.0,3931800.0,0.9179999999999692,0.9182562767710052,0.9203072495240364,0.9162337118723604
20230823.0,2.0230823141252576e+16,0.918,0.917,0.916,0.915,0.914,345300.0,4987100.0,2907000.0,1510300.0,874700.0,0.833,0.927,0.919,0.917,-58700.0,15000.0,-3000.0,0.0,0.0,0.919,0.92,0.921,0.922,0.923,1143700.0,3618500.0,1044700.0,646600.0,285800.0,0.923,0.925,-0.006,0.001,94329583.2,102510100.0,1.018,15100.0,0.0,1000.0,0.0,0.0,0.0004166666666667,5475.0,45904.40000000596,-0.001,-43600.0,15000.0,-2000.0,0.0,0.0,0.002,0.001,0.919,2.0,1.0,0.8437955833333336,1.2608293410549e+17,7.0,5.0,0.919,0.001,7450.0,-2.654649986241764e-05,0.918,0.9185,1413.0,0.918,0.0010887316276537,0.0032661948829613,11141842.94997168,159928.0,6739300.0,10624400.0,-3885100.0,17363700.0,0.0487801026219619,0.0280992017702018,50000.0,3885100.0,0.9180880000001193,0.9182319006044324,0.9203044233080586,0.9162275893226912
20230823.0,2.023082314135491e+16,0.918,0.917,0.916,0.915,0.914,556400.0,4912500.0,2907000.0,1520300.0,794000.0,0.833,0.927,0.919,0.917,423400.0,1825400.0,-2120000.0,10000.0,-80700.0,0.919,0.92,0.921,0.922,0.923,931400.0,1718500.0,3164700.0,646600.0,285800.0,0.923,0.925,-0.006,0.0,94373751.3,102558200.0,1.018,-212300.0,-1900000.0,2120000.0,0.0,0.0,0.0002777777777777,9938.888888895512,44168.09999999404,-0.001,211100.0,-74600.0,0.0,10000.0,-80700.0,0.002,0.001,0.919,1.0,1.0,0.8440507222222222,1.8926368176341e+17,13.0,5.0,0.919,0.00075,5000.0,0.0001547140781566,0.918,0.9185,1414.0,0.919,0.0010887316276537,0.0032661948829613,-11611.074365668,159928.0,6747000.0,10690200.0,-3943200.0,17437200.0,0.0517331164377076,0.0225017077577854,48100.0,3943200.0,0.9182557172555932,0.9183739749966394,0.9206497554468652,0.9162728667377598
20230823.0,2.023082314145197e+16,0.918,0.917,0.916,0.915,0.914,248300.0,5033800.0,2557000.0,1520300.0,796800.0,0.833,0.927,0.918,0.917,-737400.0,-1948700.0,2120000.0,0.0,2800.0,0.919,0.92,0.921,0.922,0.923,915200.0,3788500.0,1044700.0,646600.0,285800.0,0.923,0.925,-0.007,-0.001,94416071.1,102604300.0,1.018,79300.0,2070000.0,-2120000.0,0.0,0.0,7.692307692275246e-05,10676.923076927662,42319.79999999702,-0.001,-658100.0,121300.0,0.0,0.0,2800.0,0.002,0.001,0.918,0.0,1.0,0.842865307692308,1.3683087295633e+17,1.0,12.0,0.919,0.0,30900.0,-0.0003340975004725,0.918,0.9185,1415.0,0.919,0.0010887316276537,0.0032661948829613,-11173572.984749466,159928.0,6680800.0,10156200.0,-3475400.0,16837000.0,0.0610208887962627,0.0483470115004539,46100.0,3475400.0,0.9179999999999352,0.9182134078212292,0.9203412914621004,0.9162379334790572
20230823.0,2.023082314155197e+16,0.918,0.917,0.916,0.915,0.914,281500.0,5024300.0,2563000.0,1525300.0,791800.0,0.833,0.927,0.918,0.917,-163500.0,190500.0,6000.0,5000.0,-5000.0,0.919,0.92,0.921,0.922,0.923,1101900.0,3588500.0,1044700.0,646600.0,285800.0,0.923,0.925,-0.007,0.0,94470050.5,102663100.0,1.018,186700.0,-200000.0,0.0,0.0,0.0,0.000111111111111,10988.888888895512,53979.40000000596,-0.001,23200.0,-9500.0,6000.0,5000.0,-5000.0,0.002,0.001,0.918,1.0,1.0,0.8429281111111114,9.483710541438e+16,1.0,8.0,0.919,0.0,32300.0,-1.8107598189542884e-05,0.918,0.9185,1416.0,0.918,0.0010887316276537,0.0032661948829613,-15683.72603545338,159928.0,6667500.0,10185900.0,-3518400.0,16853400.0,0.0557754668357995,0.05062790118094,58800.0,3518400.0,0.9180170068028224,0.9182034841694378,0.9203139707536558,0.9162433167417704
20230823.0,2.023082314165487e+16,0.918,0.917,0.916,0.915,0.914,73700.0,5065200.0,2583100.0,1729300.0,791800.0,0.833,0.927,0.919,0.917,-420100.0,39900.0,100.0,404000.0,0.0,0.919,0.92,0.921,0.922,0.923,1314200.0,3589500.0,1044700.0,446600.0,285800.0,0.923,0.925,-0.006,0.001,94505584.0,102701800.0,1.018,212300.0,1000.0,0.0,-200000.0,0.0,0.0003571428571426,17321.42857143283,35533.5,-0.001,-207800.0,40900.0,100.0,204000.0,0.0,0.002,0.001,0.919,1.0,0.0,0.8439049285714288,1.4761585319908e+17,9.0,5.0,0.919,0.001,37475.0,-0.0001637923179522,0.918,0.9185,1417.0,0.918,0.0010887316276537,0.0032661948829613,11171186.071817202,159928.0,6680800.0,10243100.0,-3562300.0,16923900.0,0.054154815130787,0.0490723039633917,38700.0,3562300.0,0.9181782945736434,0.9180531018084878,0.920221695006586,0.9161854614325742
20230823.0,2.0230823141739908e+16,0.918,0.917,0.916,0.915,0.914,125000.0,5067300.0,2583200.0,1729400.0,791900.0,0.833,0.927,0.919,0.917,56300.0,2002100.0,-1999900.0,-100.0,100.0,0.919,0.92,0.921,0.922,0.923,1309200.0,1589500.0,3044700.0,446800.0,285800.0,0.923,0.925,-0.006,0.0,94536709.2,102735700.0,1.018,-5000.0,-2000000.0,2000000.0,200.0,0.0,9.090909090903045e-05,16318.181818187237,31125.20000000298,-0.001,51300.0,2100.0,100.0,100.0,100.0,0.002,0.001,0.919,1.0,1.0,0.8443940000000002,1.1606398827448e+17,10.0,1.0,0.919,0.0,33700.0,3.7093892304232434e-05,0.918,0.9185,1418.0,0.919,0.0010887316276537,0.0032661948829613,-12122.64206855558,159928.0,6676000.0,10296800.0,-3620800.0,16972800.0,0.0546281818691398,0.0498040193642999,33900.0,3620800.0,0.9181474926254568,0.9180871566029845,0.920522243858598,0.9161946332841272
