time,exchg,code,price,open,high,low,settle_price,upper_limit,lower_limit,total_volume,volume,total_turnover,turnover,open_interest,diff_interest,trading_date,action_date,action_time,pre_close,pre_settle,pre_interest,bid_price_0,bid_price_1,bid_price_2,bid_price_3,bid_price_4,bid_price_5,bid_price_6,bid_price_7,bid_price_8,bid_price_9,ask_price_0,ask_price_1,ask_price_2,ask_price_3,ask_price_4,ask_price_5,ask_price_6,ask_price_7,ask_price_8,ask_price_9,bid_qty_0,bid_qty_1,bid_qty_2,bid_qty_3,bid_qty_4,bid_qty_5,bid_qty_6,bid_qty_7,bid_qty_8,bid_qty_9,ask_qty_0,ask_qty_1,ask_qty_2,ask_qty_3,ask_qty_4,ask_qty_5,ask_qty_6,ask_qty_7,ask_qty_8,ask_qty_9
20230823093149776,SZSE,SZSE.ETF.159949,0.882,0.881,0.881,0.881,0.0,1.064,0.71,17093700.0,47300.0,15071835.5,41694.40000000037,0.0,0.0,20230823,20230823,93149775,0.887,0.0,0.0,0.881,0.88,0.879,0.878,0.877,0.0,0.0,0.0,0.0,0.0,0.882,0.883,0.884,0.885,0.886,0.0,0.0,0.0,0.0,0.0,2544900.0,5725600.0,4624500.0,1979100.0,1194900.0,0.0,0.0,0.0,0.0,0.0,1397400.0,6935600.0,2200700.0,1305000.0,2306600.0,0.0,0.0,0.0,0.0,0.0
20230823093151768,SZSE,SZSE.ETF.159949,0.882,0.881,0.881,0.881,0.0,1.064,0.71,17121600.0,27900.0,15096442.3,24606.800000000745,0.0,0.0,20230823,20230823,93151767,0.887,0.0,0.0,0.881,0.88,0.879,0.878,0.877,0.0,0.0,0.0,0.0,0.0,0.882,0.883,0.884,0.885,0.886,0.0,0.0,0.0,0.0,0.0,2785100.0,7738800.0,2419300.0,1989100.0,1184900.0,0.0,0.0,0.0,0.0,0.0,1671700.0,6774600.0,2118800.0,1305000.0,2526600.0,0.0,0.0,0.0,0.0,0.0
20230823093154244,SZSE,SZSE.ETF.159949,0.881,0.881,0.881,0.881,0.0,1.064,0.71,17201200.0,79600.0,15166575.6,70133.29999999888,0.0,0.0,20230823,20230823,93154243,0.887,0.0,0.0,0.881,0.88,0.879,0.878,0.877,0.0,0.0,0.0,0.0,0.0,0.882,0.883,0.884,0.885,0.886,0.0,0.0,0.0,0.0,0.0,2725200.0,7777900.0,2419300.0,2001000.0,1184900.0,0.0,0.0,0.0,0.0,0.0,1555000.0,6824600.0,2118800.0,1305000.0,2526600.0,0.0,0.0,0.0,0.0,0.0
20230823093156324,SZSE,SZSE.ETF.159949,0.882,0.881,0.881,0.881,0.0,1.064,0.71,17209400.0,8200.0,15173808.0,7232.4000000003725,0.0,0.0,20230823,20230823,93156324,0.887,0.0,0.0,0.881,0.88,0.879,0.878,0.877,0.0,0.0,0.0,0.0,0.0,0.882,0.883,0.884,0.885,0.886,0.0,0.0,0.0,0.0,0.0,2961400.0,7577900.0,2419300.0,2001000.0,1184900.0,0.0,0.0,0.0,0.0,0.0,1627600.0,6534800.0,2318800.0,1305000.0,2526600.0,0.0,0.0,0.0,0.0,0.0
20230823093159940,SZSE,SZSE.ETF.159949,0.882,0.881,0.881,0.881,0.0,1.064,0.71,18853900.0,1644500.0,16624257.0,1450449.0,0.0,0.0,20230823,20230823,93159939,0.887,0.0,0.0,0.882,0.881,0.88,0.879,0.878,0.0,0.0,0.0,0.0,0.0,0.883,0.884,0.885,0.886,0.887,0.0,0.0,0.0,0.0,0.0,1085000.0,4282100.0,6418200.0,1420300.0,2001000.0,0.0,0.0,0.0,0.0,0.0,4994800.0,4092700.0,1304700.0,2526600.0,1847600.0,0.0,0.0,0.0,0.0,0.0
20230823093202736,SZSE,SZSE.ETF.159949,0.882,0.881,0.881,0.881,0.0,1.064,0.71,19169700.0,315800.0,16902792.6,278535.6000000015,0.0,0.0,20230823,20230823,93202736,0.887,0.0,0.0,0.882,0.881,0.88,0.879,0.878,0.0,0.0,0.0,0.0,0.0,0.883,0.884,0.885,0.886,0.887,0.0,0.0,0.0,0.0,0.0,90600.0,5991200.0,6245300.0,1420300.0,2031000.0,0.0,0.0,0.0,0.0,0.0,4794800.0,4626000.0,1304700.0,2556600.0,1847600.0,0.0,0.0,0.0,0.0,0.0
20230823093205584,SZSE,SZSE.ETF.159949,0.882,0.881,0.881,0.881,0.0,1.064,0.71,19179700.0,10000.0,16911612.6,8820.0,0.0,0.0,20230823,20230823,93205586,0.887,0.0,0.0,0.882,0.881,0.88,0.879,0.878,0.0,0.0,0.0,0.0,0.0,0.883,0.884,0.885,0.886,0.887,0.0,0.0,0.0,0.0,0.0,115600.0,5013200.0,6025300.0,1420300.0,2031000.0,0.0,0.0,0.0,0.0,0.0,4574800.0,2626300.0,4303700.0,2556600.0,1847600.0,0.0,0.0,0.0,0.0,0.0
20230823093208144,SZSE,SZSE.ETF.159949,0.882,0.881,0.881,0.881,0.0,1.064,0.71,19323500.0,143800.0,17038444.2,126831.59999999776,0.0,0.0,20230823,20230823,93208144,0.887,0.0,0.0,0.881,0.88,0.879,0.878,0.877,0.0,0.0,0.0,0.0,0.0,0.882,0.883,0.884,0.885,0.886,0.0,0.0,0.0,0.0,0.0,5527300.0,6245300.0,1419300.0,2021000.0,1214900.0,0.0,0.0,0.0,0.0,0.0,1311200.0,4844800.0,2626300.0,4303700.0,2556600.0,0.0,0.0,0.0,0.0,0.0
20230823093320220,SZSE,SZSE.ETF.159949,0.881,0.881,0.883,0.88,0.0,1.064,0.71,25769100.0,957600.0,22717630.3,842735.0,0.0,0.0,20230823,20230823,93320221,0.887,0.0,0.0,0.88,0.879,0.878,0.877,0.876,0.0,0.0,0.0,0.0,0.0,0.881,0.882,0.883,0.884,0.885,0.0,0.0,0.0,0.0,0.0,5151300.0,4424500.0,3003100.0,1250900.0,620900.0,0.0,0.0,0.0,0.0,0.0,3844900.0,5567900.0,5488100.0,1437700.0,1075500.0,0.0,0.0,0.0,0.0,0.0
20230823093322184,SZSE,SZSE.ETF.159949,0.88,0.881,0.883,0.88,0.0,1.064,0.71,25812600.0,43500.0,22755924.0,38293.699999999255,0.0,0.0,20230823,20230823,93322182,0.887,0.0,0.0,0.88,0.879,0.878,0.877,0.876,0.0,0.0,0.0,0.0,0.0,0.881,0.882,0.883,0.884,0.885,0.0,0.0,0.0,0.0,0.0,5153000.0,5133500.0,3003100.0,1250900.0,620900.0,0.0,0.0,0.0,0.0,0.0,3891200.0,5567900.0,5198200.0,1437700.0,1075500.0,0.0,0.0,0.0,0.0,0.0
20230823093326616,SZSE,SZSE.ETF.159949,0.88,0.881,0.883,0.88,0.0,1.064,0.71,26331600.0,519000.0,23212649.0,456725.0,0.0,0.0,20230823,20230823,93326617,0.887,0.0,0.0,0.88,0.879,0.878,0.877,0.876,0.0,0.0,0.0,0.0,0.0,0.881,0.882,0.883,0.884,0.885,0.0,0.0,0.0,0.0,0.0,4947800.0,2531300.0,5004900.0,1251400.0,620900.0,0.0,0.0,0.0,0.0,0.0,4004800.0,5818900.0,5198200.0,1437700.0,1075500.0,0.0,0.0,0.0,0.0,0.0
20230823093329792,SZSE,SZSE.ETF.159949,0.88,0.881,0.883,0.88,0.0,1.064,0.71,26446500.0,114900.0,23313764.0,101115.0,0.0,0.0,20230823,20230823,93329792,0.887,0.0,0.0,0.88,0.879,0.878,0.877,0.876,0.0,0.0,0.0,0.0,0.0,0.881,0.882,0.883,0.884,0.885,0.0,0.0,0.0,0.0,0.0,4838200.0,2531300.0,5042000.0,1251400.0,620900.0,0.0,0.0,0.0,0.0,0.0,4010300.0,5904800.0,5198200.0,1437700.0,1075500.0,0.0,0.0,0.0,0.0,0.0
20230823093330932,SZSE,SZSE.ETF.159949,0.881,0.881,0.883,0.88,0.0,1.064,0.71,30321400.0,3874900.0,26727482.3,3413718.3000000007,0.0,0.0,20230823,20230823,93330933,0.887,0.0,0.0,0.881,0.88,0.879,0.878,0.877,0.0,0.0,0.0,0.0,0.0,0.882,0.883,0.884,0.885,0.886,0.0,0.0,0.0,0.0,0.0,237300.0,4798000.0,5623500.0,2828800.0,1251400.0,0.0,0.0,0.0,0.0,0.0,3076700.0,7148200.0,1437700.0,1075500.0,2324900.0,0.0,0.0,0.0,0.0,0.0
20230823093334508,SZSE,SZSE.ETF.159949,0.881,0.881,0.883,0.88,0.0,1.064,0.71,31381700.0,1060300.0,27661447.4,933965.0999999978,0.0,0.0,20230823,20230823,93334509,0.887,0.0,0.0,0.881,0.88,0.879,0.878,0.877,0.0,0.0,0.0,0.0,0.0,0.882,0.883,0.884,0.885,0.886,0.0,0.0,0.0,0.0,0.0,20000.0,4858900.0,3145500.0,2828800.0,1251400.0,0.0,0.0,0.0,0.0,0.0,1816700.0,7158200.0,1437700.0,1295500.0,2324900.0,0.0,0.0,0.0,0.0,0.0
20230823093337700,SZSE,SZSE.ETF.159949,0.881,0.881,0.883,0.88,0.0,1.064,0.71,31434000.0,52300.0,27707523.7,46076.300000000745,0.0,0.0,20230823,20230823,93337700,0.887,0.0,0.0,0.881,0.88,0.879,0.878,0.877,0.0,0.0,0.0,0.0,0.0,0.882,0.883,0.884,0.885,0.886,0.0,0.0,0.0,0.0,0.0,669700.0,6643600.0,3435500.0,1829800.0,1251400.0,0.0,0.0,0.0,0.0,0.0,1316700.0,5239500.0,4436700.0,1310500.0,2332900.0,0.0,0.0,0.0,0.0,0.0
20230823093339992,SZSE,SZSE.ETF.159949,0.881,0.881,0.883,0.88,0.0,1.064,0.71,31613100.0,179100.0,27865311.3,157787.6000000015,0.0,0.0,20230823,20230823,93339990,0.887,0.0,0.0,0.881,0.88,0.879,0.878,0.877,0.0,0.0,0.0,0.0,0.0,0.882,0.883,0.884,0.885,0.886,0.0,0.0,0.0,0.0,0.0,644200.0,8207300.0,3235500.0,1921800.0,1251400.0,0.0,0.0,0.0,0.0,0.0,1116200.0,6438500.0,4436700.0,1330500.0,2332900.0,0.0,0.0,0.0,0.0,0.0
20230823093343648,SZSE,SZSE.ETF.159949,0.881,0.881,0.883,0.88,0.0,1.064,0.71,31620100.0,7000.0,27871479.0,6167.699999999255,0.0,0.0,20230823,20230823,93343648,0.887,0.0,0.0,0.881,0.88,0.879,0.878,0.877,0.0,0.0,0.0,0.0,0.0,0.882,0.883,0.884,0.885,0.886,0.0,0.0,0.0,0.0,0.0,1304000.0,7443100.0,3228400.0,1931800.0,1251400.0,0.0,0.0,0.0,0.0,0.0,2803100.0,7938500.0,1437700.0,1330500.0,2332900.0,0.0,0.0,0.0,0.0,0.0
20230823093346428,SZSE,SZSE.ETF.159949,0.881,0.881,0.883,0.88,0.0,1.064,0.71,31830600.0,210500.0,28056929.5,185450.5,0.0,0.0,20230823,20230823,93346429,0.887,0.0,0.0,0.881,0.88,0.879,0.878,0.877,0.0,0.0,0.0,0.0,0.0,0.882,0.883,0.884,0.885,0.886,0.0,0.0,0.0,0.0,0.0,997000.0,5437800.0,4222600.0,2941800.0,1240400.0,0.0,0.0,0.0,0.0,0.0,2809100.0,7938500.0,1437700.0,1330500.0,2332900.0,0.0,0.0,0.0,0.0,0.0
20230823093349584,SZSE,SZSE.ETF.159949,0.88,0.881,0.883,0.88,0.0,1.064,0.71,33696500.0,1865900.0,29700571.9,1643642.3999999985,0.0,0.0,20230823,20230823,93349585,0.887,0.0,0.0,0.88,0.879,0.878,0.877,0.876,0.0,0.0,0.0,0.0,0.0,0.881,0.882,0.883,0.884,0.885,0.0,0.0,0.0,0.0,0.0,5440600.0,4871600.0,2941800.0,1240400.0,742600.0,0.0,0.0,0.0,0.0,0.0,29500.0,4930200.0,5358500.0,1437700.0,1352200.0,0.0,0.0,0.0,0.0,0.0
20230823093352112,SZSE,SZSE.ETF.159949,0.881,0.881,0.883,0.88,0.0,1.064,0.71,33718500.0,22000.0,29719953.9,19382.0,0.0,0.0,20230823,20230823,93352111,0.887,0.0,0.0,0.88,0.879,0.878,0.877,0.876,0.0,0.0,0.0,0.0,0.0,0.881,0.882,0.883,0.884,0.885,0.0,0.0,0.0,0.0,0.0,5544600.0,5369600.0,2941800.0,1241400.0,742600.0,0.0,0.0,0.0,0.0,0.0,26600.0,3131200.0,7728500.0,1437700.0,1352200.0,0.0,0.0,0.0,0.0,0.0
20230823093354632,SZSE,SZSE.ETF.159949,0.881,0.881,0.883,0.88,0.0,1.064,0.71,33722800.0,4300.0,29723742.2,3788.300000000745,0.0,0.0,20230823,20230823,93354632,0.887,0.0,0.0,0.88,0.879,0.878,0.877,0.876,0.0,0.0,0.0,0.0,0.0,0.881,0.882,0.883,0.884,0.885,0.0,0.0,0.0,0.0,0.0,5744600.0,4171400.0,2942400.0,1256900.0,742600.0,0.0,0.0,0.0,0.0,0.0,33300.0,2931200.0,7928500.0,1437700.0,1352200.0,0.0,0.0,0.0,0.0,0.0
20230823093357328,SZSE,SZSE.ETF.159949,0.881,0.881,0.883,0.88,0.0,1.064,0.71,33757300.0,34500.0,29754136.7,30394.5,0.0,0.0,20230823,20230823,93357327,0.887,0.0,0.0,0.88,0.879,0.878,0.877,0.876,0.0,0.0,0.0,0.0,0.0,0.882,0.883,0.884,0.885,0.886,0.0,0.0,0.0,0.0,0.0,5545700.0,4471400.0,2948000.0,1256900.0,742600.0,0.0,0.0,0.0,0.0,0.0,3131200.0,7728500.0,1437700.0,1352500.0,2352900.0,0.0,0.0,0.0,0.0,0.0
20230823093400432,SZSE,SZSE.ETF.159949,0.881,0.881,0.883,0.88,0.0,1.064,0.71,33951400.0,194100.0,29925002.6,170865.90000000224,0.0,0.0,20230823,20230823,93400433,0.887,0.0,0.0,0.88,0.879,0.878,0.877,0.876,0.0,0.0,0.0,0.0,0.0,0.881,0.882,0.883,0.884,0.885,0.0,0.0,0.0,0.0,0.0,5602500.0,3981400.0,2950000.0,1256900.0,742600.0,0.0,0.0,0.0,0.0,0.0,58800.0,4924000.0,5638500.0,1437700.0,2012500.0,0.0,0.0,0.0,0.0,0.0
20230823093402900,SZSE,SZSE.ETF.159949,0.881,0.881,0.883,0.88,0.0,1.064,0.71,33965400.0,14000.0,29937336.6,12334.0,0.0,0.0,20230823,20230823,93402900,0.887,0.0,0.0,0.88,0.879,0.878,0.877,0.876,0.0,0.0,0.0,0.0,0.0,0.881,0.882,0.883,0.884,0.885,0.0,0.0,0.0,0.0,0.0,4919600.0,2867400.0,5173200.0,1256900.0,745300.0,0.0,0.0,0.0,0.0,0.0,1384900.0,5423600.0,4139500.0,1437700.0,1792500.0,0.0,0.0,0.0,0.0,0.0
20230823093405484,SZSE,SZSE.ETF.159949,0.881,0.881,0.883,0.88,0.0,1.064,0.71,33973000.0,7600.0,29944027.2,6690.599999997765,0.0,0.0,20230823,20230823,93405484,0.887,0.0,0.0,0.88,0.879,0.878,0.877,0.876,0.0,0.0,0.0,0.0,0.0,0.881,0.882,0.883,0.884,0.885,0.0,0.0,0.0,0.0,0.0,4658400.0,2867400.0,5173200.0,1256900.0,775500.0,0.0,0.0,0.0,0.0,0.0,890600.0,5060700.0,4139500.0,1437700.0,1792500.0,0.0,0.0,0.0,0.0,0.0
20230823093408144,SZSE,SZSE.ETF.159949,0.881,0.881,0.883,0.88,0.0,1.064,0.71,34003500.0,30500.0,29970897.7,26870.5,0.0,0.0,20230823,20230823,93408146,0.887,0.0,0.0,0.88,0.879,0.878,0.877,0.876,0.0,0.0,0.0,0.0,0.0,0.881,0.882,0.883,0.884,0.885,0.0,0.0,0.0,0.0,0.0,4367400.0,3377400.0,5173300.0,1256900.0,775500.0,0.0,0.0,0.0,0.0,0.0,1205100.0,5057700.0,4154200.0,1437700.0,1792500.0,0.0,0.0,0.0,0.0,0.0
20230823093417744,SZSE,SZSE.ETF.159949,0.88,0.881,0.883,0.88,0.0,1.064,0.71,38227100.0,4151900.0,33687812.0,3653773.3999999985,0.0,0.0,20230823,20230823,93417745,0.887,0.0,0.0,0.879,0.878,0.877,0.876,0.875,0.0,0.0,0.0,0.0,0.0,0.88,0.881,0.882,0.883,0.884,0.0,0.0,0.0,0.0,0.0,3400100.0,2181200.0,4249800.0,825700.0,1728200.0,0.0,0.0,0.0,0.0,0.0,31300.0,3208000.0,3111700.0,4154200.0,1437700.0,0.0,0.0,0.0,0.0,0.0
20230823093420648,SZSE,SZSE.ETF.159949,0.88,0.881,0.883,0.88,0.0,1.064,0.71,38282400.0,55300.0,33736476.8,48664.79999999702,0.0,0.0,20230823,20230823,93420646,0.887,0.0,0.0,0.879,0.878,0.877,0.876,0.875,0.0,0.0,0.0,0.0,0.0,0.88,0.881,0.882,0.883,0.884,0.0,0.0,0.0,0.0,0.0,3200100.0,2383300.0,4252500.0,844700.0,1728200.0,0.0,0.0,0.0,0.0,0.0,1188300.0,3407200.0,2912800.0,4156900.0,1455600.0,0.0,0.0,0.0,0.0,0.0
20230823093423384,SZSE,SZSE.ETF.159949,0.88,0.881,0.883,0.88,0.0,1.064,0.71,38286400.0,4000.0,33739996.8,3520.0,0.0,0.0,20230823,20230823,93423382,0.887,0.0,0.0,0.879,0.878,0.877,0.876,0.875,0.0,0.0,0.0,0.0,0.0,0.88,0.881,0.882,0.883,0.884,0.0,0.0,0.0,0.0,0.0,2350100.0,2391100.0,4253500.0,844700.0,1729600.0,0.0,0.0,0.0,0.0,0.0,736200.0,3517200.0,1928800.0,4163900.0,1235600.0,0.0,0.0,0.0,0.0,0.0
20230823093426440,SZSE,SZSE.ETF.159949,0.88,0.881,0.883,0.879,0.0,1.064,0.71,38588000.0,301600.0,34005145.9,265149.1000000015,0.0,0.0,20230823,20230823,93426442,0.887,0.0,0.0,0.879,0.878,0.877,0.876,0.875,0.0,0.0,0.0,0.0,0.0,0.88,0.881,0.882,0.883,0.884,0.0,0.0,0.0,0.0,0.0,1663200.0,2859600.0,4474500.0,1843700.0,1729600.0,0.0,0.0,0.0,0.0,0.0,1484000.0,3518100.0,1928800.0,3893900.0,1235600.0,0.0,0.0,0.0,0.0,0.0
20230823093429292,SZSE,SZSE.ETF.159949,0.88,0.881,0.883,0.879,0.0,1.064,0.71,39433000.0,845000.0,34748144.0,742998.1000000015,0.0,0.0,20230823,20230823,93429292,0.887,0.0,0.0,0.879,0.878,0.877,0.876,0.875,0.0,0.0,0.0,0.0,0.0,0.88,0.881,0.882,0.883,0.884,0.0,0.0,0.0,0.0,0.0,1068300.0,3184600.0,4475500.0,1849300.0,1730700.0,0.0,0.0,0.0,0.0,0.0,1767700.0,2807400.0,1824000.0,3875600.0,1238400.0,0.0,0.0,0.0,0.0,0.0
20230823093432192,SZSE,SZSE.ETF.159949,0.88,0.881,0.883,0.879,0.0,1.064,0.71,39770900.0,337900.0,35045183.3,297039.299999997,0.0,0.0,20230823,20230823,93432194,0.887,0.0,0.0,0.879,0.878,0.877,0.876,0.875,0.0,0.0,0.0,0.0,0.0,0.88,0.881,0.882,0.883,0.884,0.0,0.0,0.0,0.0,0.0,406100.0,3703000.0,4475500.0,1849500.0,1763100.0,0.0,0.0,0.0,0.0,0.0,1429400.0,2807400.0,1824000.0,3875600.0,1238400.0,0.0,0.0,0.0,0.0,0.0
20230823093435520,SZSE,SZSE.ETF.159949,0.879,0.881,0.883,0.879,0.0,1.064,0.71,40047100.0,276200.0,35287973.1,242789.80000000447,0.0,0.0,20230823,20230823,93435520,0.887,0.0,0.0,0.878,0.877,0.876,0.875,0.874,0.0,0.0,0.0,0.0,0.0,0.879,0.88,0.881,0.882,0.883,0.0,0.0,0.0,0.0,0.0,3691100.0,3496500.0,1849500.0,1765100.0,495200.0,0.0,0.0,0.0,0.0,0.0,1100.0,3601600.0,2807400.0,1674000.0,3875600.0,0.0,0.0,0.0,0.0,0.0
20230823093438300,SZSE,SZSE.ETF.159949,0.879,0.881,0.883,0.879,0.0,1.064,0.71,40184600.0,137500.0,35408836.7,120863.60000000149,0.0,0.0,20230823,20230823,93438301,0.887,0.0,0.0,0.878,0.877,0.876,0.875,0.874,0.0,0.0,0.0,0.0,0.0,0.88,0.881,0.882,0.883,0.884,0.0,0.0,0.0,0.0,0.0,3111100.0,3502500.0,1849500.0,1770100.0,495200.0,0.0,0.0,0.0,0.0,0.0,4811500.0,2502500.0,1384000.0,3885600.0,1223400.0,0.0,0.0,0.0,0.0,0.0
20230823093441432,SZSE,SZSE.ETF.159949,0.878,0.881,0.883,0.878,0.0,1.064,0.71,40271500.0,86900.0,35485177.8,76341.09999999404,0.0,0.0,20230823,20230823,93441432,0.887,0.0,0.0,0.878,0.877,0.876,0.875,0.874,0.0,0.0,0.0,0.0,0.0,0.879,0.88,0.881,0.882,0.883,0.0,0.0,0.0,0.0,0.0,2868700.0,5281500.0,1849500.0,1770100.0,495200.0,0.0,0.0,0.0,0.0,0.0,647800.0,5284800.0,2592500.0,1384000.0,3895600.0,0.0,0.0,0.0,0.0,0.0
20230823093444244,SZSE,SZSE.ETF.159949,0.879,0.881,0.883,0.878,0.0,1.064,0.71,41022600.0,751100.0,36144672.0,659494.200000003,0.0,0.0,20230823,20230823,93444243,0.887,0.0,0.0,0.878,0.877,0.876,0.875,0.874,0.0,0.0,0.0,0.0,0.0,0.879,0.88,0.881,0.882,0.883,0.0,0.0,0.0,0.0,0.0,2119600.0,5289600.0,1864500.0,1771100.0,511800.0,0.0,0.0,0.0,0.0,0.0,779400.0,4298500.0,2592500.0,1370700.0,3895600.0,0.0,0.0,0.0,0.0,0.0
20230823093447896,SZSE,SZSE.ETF.159949,0.88,0.881,0.883,0.878,0.0,1.064,0.71,41812700.0,790100.0,36839160.1,694488.1000000015,0.0,0.0,20230823,20230823,93447895,0.887,0.0,0.0,0.878,0.877,0.876,0.875,0.874,0.0,0.0,0.0,0.0,0.0,0.88,0.881,0.882,0.883,0.884,0.0,0.0,0.0,0.0,0.0,4157600.0,3296400.0,865500.0,1772600.0,511900.0,0.0,0.0,0.0,0.0,0.0,4298100.0,2586400.0,1370700.0,3895600.0,1225300.0,0.0,0.0,0.0,0.0,0.0
20230823093450828,SZSE,SZSE.ETF.159949,0.879,0.881,0.883,0.878,0.0,1.064,0.71,41817700.0,5000.0,36843555.1,4395.0,0.0,0.0,20230823,20230823,93450828,0.887,0.0,0.0,0.879,0.878,0.877,0.876,0.875,0.0,0.0,0.0,0.0,0.0,0.88,0.881,0.882,0.883,0.884,0.0,0.0,0.0,0.0,0.0,167900.0,5315900.0,2728800.0,862600.0,1772600.0,0.0,0.0,0.0,0.0,0.0,3354900.0,2317400.0,3469400.0,3865600.0,1225300.0,0.0,0.0,0.0,0.0,0.0
20230823093453484,SZSE,SZSE.ETF.159949,0.879,0.881,0.883,0.878,0.0,1.064,0.71,41961500.0,143800.0,36970026.5,126471.39999999851,0.0,0.0,20230823,20230823,93453483,0.887,0.0,0.0,0.879,0.878,0.877,0.876,0.875,0.0,0.0,0.0,0.0,0.0,0.88,0.881,0.882,0.883,0.884,0.0,0.0,0.0,0.0,0.0,365300.0,3573100.0,2918800.0,866600.0,1772600.0,0.0,0.0,0.0,0.0,0.0,3466900.0,2098400.0,4468400.0,3865600.0,1445300.0,0.0,0.0,0.0,0.0,0.0
20230823093456504,SZSE,SZSE.ETF.159949,0.879,0.881,0.883,0.878,0.0,1.064,0.71,42116800.0,155300.0,37106635.2,136608.70000000298,0.0,0.0,20230823,20230823,93456505,0.887,0.0,0.0,0.879,0.878,0.877,0.876,0.875,0.0,0.0,0.0,0.0,0.0,0.88,0.881,0.882,0.883,0.884,0.0,0.0,0.0,0.0,0.0,1332300.0,3116200.0,2918800.0,869200.0,1775700.0,0.0,0.0,0.0,0.0,0.0,2286400.0,2598400.0,4468400.0,3885600.0,1445300.0,0.0,0.0,0.0,0.0,0.0
20230823093459976,SZSE,SZSE.ETF.159949,0.88,0.881,0.883,0.878,0.0,1.064,0.71,42256100.0,139300.0,37229140.3,122505.09999999404,0.0,0.0,20230823,20230823,93459976,0.887,0.0,0.0,0.879,0.878,0.877,0.876,0.875,0.0,0.0,0.0,0.0,0.0,0.88,0.881,0.882,0.883,0.884,0.0,0.0,0.0,0.0,0.0,3264800.0,3134200.0,2918800.0,869300.0,1775700.0,0.0,0.0,0.0,0.0,0.0,2870100.0,2598500.0,4468400.0,3905600.0,1445300.0,0.0,0.0,0.0,0.0,0.0
20230823093503760,SZSE,SZSE.ETF.159949,0.879,0.881,0.883,0.878,0.0,1.064,0.71,43234700.0,978600.0,38089344.7,860204.400000006,0.0,0.0,20230823,20230823,93503759,0.887,0.0,0.0,0.879,0.878,0.877,0.876,0.875,0.0,0.0,0.0,0.0,0.0,0.88,0.881,0.882,0.883,0.884,0.0,0.0,0.0,0.0,0.0,4268900.0,3137400.0,1339800.0,869300.0,1776000.0,0.0,0.0,0.0,0.0,0.0,2923100.0,2018500.0,2372200.0,5805600.0,1445000.0,0.0,0.0,0.0,0.0,0.0
20230823093507204,SZSE,SZSE.ETF.159949,0.88,0.881,0.883,0.878,0.0,1.064,0.71,46737900.0,3503200.0,41172080.6,3082735.8999999985,0.0,0.0,20230823,20230823,93507204,0.887,0.0,0.0,0.88,0.879,0.878,0.877,0.876,0.0,0.0,0.0,0.0,0.0,0.881,0.882,0.883,0.884,0.885,0.0,0.0,0.0,0.0,0.0,1000000.0,5401000.0,3538600.0,1347800.0,883500.0,0.0,0.0,0.0,0.0,0.0,2108500.0,2872200.0,3805600.0,1425000.0,1597800.0,0.0,0.0,0.0,0.0,0.0
20230823093534636,SZSE,SZSE.ETF.159949,0.881,0.881,0.883,0.878,0.0,1.064,0.71,48135700.0,764700.0,42403164.7,673700.700000003,0.0,0.0,20230823,20230823,93534635,0.887,0.0,0.0,0.881,0.88,0.879,0.878,0.877,0.0,0.0,0.0,0.0,0.0,0.882,0.883,0.884,0.885,0.886,0.0,0.0,0.0,0.0,0.0,300400.0,3982400.0,2633400.0,1780700.0,1419500.0,0.0,0.0,0.0,0.0,0.0,1395200.0,7498400.0,1425000.0,1832600.0,2345000.0,0.0,0.0,0.0,0.0,0.0
20230823093537480,SZSE,SZSE.ETF.159949,0.881,0.881,0.883,0.878,0.0,1.064,0.71,48156300.0,20600.0,42421313.3,18148.59999999404,0.0,0.0,20230823,20230823,93537480,0.887,0.0,0.0,0.881,0.88,0.879,0.878,0.877,0.0,0.0,0.0,0.0,0.0,0.882,0.883,0.884,0.885,0.886,0.0,0.0,0.0,0.0,0.0,3566400.0,5300700.0,2953600.0,1785700.0,1419500.0,0.0,0.0,0.0,0.0,0.0,2185200.0,6998400.0,1815000.0,1832600.0,2345000.0,0.0,0.0,0.0,0.0,0.0
20230823093541072,SZSE,SZSE.ETF.159949,0.882,0.881,0.883,0.878,0.0,1.064,0.71,48188300.0,32000.0,42449507.3,28194.0,0.0,0.0,20230823,20230823,93541071,0.887,0.0,0.0,0.881,0.88,0.879,0.878,0.877,0.0,0.0,0.0,0.0,0.0,0.882,0.883,0.884,0.885,0.886,0.0,0.0,0.0,0.0,0.0,4201600.0,4837300.0,2971100.0,1786100.0,1418800.0,0.0,0.0,0.0,0.0,0.0,1703200.0,7498400.0,1815000.0,1832600.0,2345000.0,0.0,0.0,0.0,0.0,0.0
20230823093544732,SZSE,SZSE.ETF.159949,0.882,0.881,0.883,0.878,0.0,1.064,0.71,48188300.0,0.0,42449507.3,0.0,0.0,0.0,20230823,20230823,93544732,0.887,0.0,0.0,0.881,0.88,0.879,0.878,0.877,0.0,0.0,0.0,0.0,0.0,0.882,0.883,0.884,0.885,0.886,0.0,0.0,0.0,0.0,0.0,4123400.0,4090700.0,2971100.0,1790500.0,1429800.0,0.0,0.0,0.0,0.0,0.0,3274900.0,6998400.0,1815000.0,1972600.0,2345000.0,0.0,0.0,0.0,0.0,0.0
20230823093547792,SZSE,SZSE.ETF.159949,0.881,0.881,0.883,0.878,0.0,1.064,0.71,48229300.0,41000.0,42485669.0,36161.70000000298,0.0,0.0,20230823,20230823,93547794,0.887,0.0,0.0,0.881,0.88,0.879,0.878,0.877,0.0,0.0,0.0,0.0,0.0,0.882,0.883,0.884,0.885,0.886,0.0,0.0,0.0,0.0,0.0,4123100.0,2131300.0,4967300.0,1792700.0,1449900.0,0.0,0.0,0.0,0.0,0.0,3241500.0,6998400.0,1815000.0,1972600.0,2345000.0,0.0,0.0,0.0,0.0,0.0
20230823093550276,SZSE,SZSE.ETF.159949,0.882,0.881,0.883,0.878,0.0,1.064,0.71,48231100.0,1800.0,42487256.6,1587.6000000014901,0.0,0.0,20230823,20230823,93550277,0.887,0.0,0.0,0.881,0.88,0.879,0.878,0.877,0.0,0.0,0.0,0.0,0.0,0.882,0.883,0.884,0.885,0.886,0.0,0.0,0.0,0.0,0.0,2124700.0,1918600.0,4687500.0,1801000.0,1449600.0,0.0,0.0,0.0,0.0,0.0,4940700.0,4981400.0,1182300.0,1972600.0,2345000.0,0.0,0.0,0.0,0.0,0.0
20230823093553032,SZSE,SZSE.ETF.159949,0.882,0.881,0.883,0.878,0.0,1.064,0.71,48272800.0,41700.0,42524028.4,36771.79999999702,0.0,0.0,20230823,20230823,93553030,0.887,0.0,0.0,0.881,0.88,0.879,0.878,0.877,0.0,0.0,0.0,0.0,0.0,0.882,0.883,0.884,0.885,0.886,0.0,0.0,0.0,0.0,0.0,1669100.0,2408200.0,4693500.0,1802100.0,1449600.0,0.0,0.0,0.0,0.0,0.0,2849500.0,6981400.0,1182300.0,1983900.0,2345000.0,0.0,0.0,0.0,0.0,0.0
20230823093555612,SZSE,SZSE.ETF.159949,0.882,0.881,0.883,0.878,0.0,1.064,0.71,48283300.0,10500.0,42533289.4,9261.0,0.0,0.0,20230823,20230823,93555612,0.887,0.0,0.0,0.881,0.88,0.879,0.878,0.877,0.0,0.0,0.0,0.0,0.0,0.882,0.883,0.884,0.885,0.886,0.0,0.0,0.0,0.0,0.0,2204100.0,2497200.0,4713500.0,1829100.0,1399600.0,0.0,0.0,0.0,0.0,0.0,1840000.0,7281400.0,1472300.0,1983900.0,2345000.0,0.0,0.0,0.0,0.0,0.0
20230823093559568,SZSE,SZSE.ETF.159949,0.882,0.881,0.883,0.878,0.0,1.064,0.71,48505200.0,221900.0,42728992.2,195702.80000000447,0.0,0.0,20230823,20230823,93559568,0.887,0.0,0.0,0.881,0.88,0.879,0.878,0.877,0.0,0.0,0.0,0.0,0.0,0.882,0.883,0.884,0.885,0.886,0.0,0.0,0.0,0.0,0.0,1999700.0,5503200.0,2720300.0,1830100.0,1399600.0,0.0,0.0,0.0,0.0,0.0,1632300.0,7281400.0,1472300.0,1983900.0,2345000.0,0.0,0.0,0.0,0.0,0.0
20230823093603540,SZSE,SZSE.ETF.159949,0.882,0.881,0.883,0.878,0.0,1.064,0.71,48506100.0,900.0,42729786.0,793.7999999970198,0.0,0.0,20230823,20230823,93603540,0.887,0.0,0.0,0.881,0.88,0.879,0.878,0.877,0.0,0.0,0.0,0.0,0.0,0.882,0.883,0.884,0.885,0.886,0.0,0.0,0.0,0.0,0.0,1954700.0,4514200.0,2720300.0,1830100.0,1410600.0,0.0,0.0,0.0,0.0,0.0,2888600.0,7281400.0,1472300.0,1983900.0,2345000.0,0.0,0.0,0.0,0.0,0.0
20230823093605656,SZSE,SZSE.ETF.159949,0.882,0.881,0.883,0.878,0.0,1.064,0.71,48630400.0,124300.0,42839398.2,109612.20000000298,0.0,0.0,20230823,20230823,93605655,0.887,0.0,0.0,0.881,0.88,0.879,0.878,0.877,0.0,0.0,0.0,0.0,0.0,0.882,0.883,0.884,0.885,0.886,0.0,0.0,0.0,0.0,0.0,1974000.0,4446100.0,2720300.0,2821100.0,1410600.0,0.0,0.0,0.0,0.0,0.0,1826300.0,7281400.0,1472300.0,1983900.0,2345000.0,0.0,0.0,0.0,0.0,0.0
20230823093607664,SZSE,SZSE.ETF.159949,0.881,0.881,0.883,0.878,0.0,1.064,0.71,51048900.0,2418500.0,44969659.9,2130261.6999999955,0.0,0.0,20230823,20230823,93607666,0.887,0.0,0.0,0.88,0.879,0.878,0.877,0.876,0.0,0.0,0.0,0.0,0.0,0.881,0.882,0.883,0.884,0.885,0.0,0.0,0.0,0.0,0.0,1916100.0,3554800.0,3820100.0,1409600.0,971600.0,0.0,0.0,0.0,0.0,0.0,1251300.0,4345300.0,4991400.0,1182300.0,1983900.0,0.0,0.0,0.0,0.0,0.0
20230823093611544,SZSE,SZSE.ETF.159949,0.88,0.881,0.883,0.878,0.0,1.064,0.71,53623100.0,2574200.0,47234961.3,2265301.3999999985,0.0,0.0,20230823,20230823,93611546,0.887,0.0,0.0,0.879,0.878,0.877,0.876,0.875,0.0,0.0,0.0,0.0,0.0,0.881,0.882,0.883,0.884,0.885,0.0,0.0,0.0,0.0,0.0,2541600.0,6034200.0,1410600.0,971600.0,1863400.0,0.0,0.0,0.0,0.0,0.0,4283800.0,2870900.0,3792400.0,1182300.0,1763900.0,0.0,0.0,0.0,0.0,0.0
20230823093613992,SZSE,SZSE.ETF.159949,0.88,0.881,0.883,0.878,0.0,1.064,0.71,53666100.0,43000.0,47272801.3,37840.0,0.0,0.0,20230823,20230823,93613994,0.887,0.0,0.0,0.879,0.878,0.877,0.876,0.875,0.0,0.0,0.0,0.0,0.0,0.88,0.881,0.882,0.883,0.884,0.0,0.0,0.0,0.0,0.0,2341600.0,6234200.0,1420600.0,971600.0,1863400.0,0.0,0.0,0.0,0.0,0.0,497000.0,3983800.0,3000900.0,3842400.0,1182300.0,0.0,0.0,0.0,0.0,0.0
20230823093617780,SZSE,SZSE.ETF.159949,0.88,0.881,0.883,0.878,0.0,1.064,0.71,53743300.0,77200.0,47340737.3,67936.0,0.0,0.0,20230823,20230823,93617781,0.887,0.0,0.0,0.879,0.878,0.877,0.876,0.875,0.0,0.0,0.0,0.0,0.0,0.88,0.881,0.882,0.883,0.884,0.0,0.0,0.0,0.0,0.0,2342300.0,4241000.0,4412800.0,1001600.0,1865400.0,0.0,0.0,0.0,0.0,0.0,480000.0,5283300.0,3002000.0,3842400.0,1182300.0,0.0,0.0,0.0,0.0,0.0
20230823093619688,SZSE,SZSE.ETF.159949,0.88,0.881,0.883,0.878,0.0,1.064,0.71,53905600.0,162300.0,47483561.3,142824.0,0.0,0.0,20230823,20230823,93619686,0.887,0.0,0.0,0.879,0.878,0.877,0.876,0.875,0.0,0.0,0.0,0.0,0.0,0.88,0.881,0.882,0.883,0.884,0.0,0.0,0.0,0.0,0.0,1649100.0,5741000.0,4632800.0,1001600.0,1865400.0,0.0,0.0,0.0,0.0,0.0,3313700.0,3404200.0,3003000.0,3042400.0,1295600.0,0.0,0.0,0.0,0.0,0.0
20230823093622936,SZSE,SZSE.ETF.159949,0.88,0.881,0.883,0.878,0.0,1.064,0.71,54937000.0,1031400.0,48390193.3,906632.0,0.0,0.0,20230823,20230823,93622938,0.887,0.0,0.0,0.879,0.878,0.877,0.876,0.875,0.0,0.0,0.0,0.0,0.0,0.88,0.881,0.882,0.883,0.884,0.0,0.0,0.0,0.0,0.0,402500.0,4542200.0,4832800.0,1001600.0,1865400.0,0.0,0.0,0.0,0.0,0.0,3813500.0,2884200.0,2713000.0,3042400.0,1295600.0,0.0,0.0,0.0,0.0,0.0
20230823093625168,SZSE,SZSE.ETF.159949,0.88,0.881,0.883,0.878,0.0,1.064,0.71,54996600.0,59600.0,48442611.8,52418.5,0.0,0.0,20230823,20230823,93625168,0.887,0.0,0.0,0.879,0.878,0.877,0.876,0.875,0.0,0.0,0.0,0.0,0.0,0.88,0.881,0.882,0.883,0.884,0.0,0.0,0.0,0.0,0.0,429900.0,4837200.0,4832800.0,1001600.0,1870400.0,0.0,0.0,0.0,0.0,0.0,3783400.0,3193500.0,2713000.0,2782400.0,1295600.0,0.0,0.0,0.0,0.0,0.0
20230823093626776,SZSE,SZSE.ETF.159949,0.879,0.881,0.883,0.878,0.0,1.064,0.71,55596300.0,599700.0,48969872.8,527261.0,0.0,0.0,20230823,20230823,93626774,0.887,0.0,0.0,0.879,0.878,0.877,0.876,0.875,0.0,0.0,0.0,0.0,0.0,0.88,0.881,0.882,0.883,0.884,0.0,0.0,0.0,0.0,0.0,58800.0,5856200.0,4832800.0,1001600.0,1870400.0,0.0,0.0,0.0,0.0,0.0,1671700.0,5196500.0,2806800.0,2782400.0,1296600.0,0.0,0.0,0.0,0.0,0.0
20230823093629600,SZSE,SZSE.ETF.159949,0.879,0.881,0.883,0.878,0.0,1.064,0.71,55831400.0,235100.0,49176525.7,206652.90000000596,0.0,0.0,20230823,20230823,93629600,0.887,0.0,0.0,0.879,0.878,0.877,0.876,0.875,0.0,0.0,0.0,0.0,0.0,0.88,0.881,0.882,0.883,0.884,0.0,0.0,0.0,0.0,0.0,241000.0,7839400.0,2619600.0,1013500.0,1870400.0,0.0,0.0,0.0,0.0,0.0,1451700.0,5196500.0,2806800.0,2782400.0,1516600.0,0.0,0.0,0.0,0.0,0.0
20230823093632124,SZSE,SZSE.ETF.159949,0.879,0.881,0.883,0.878,0.0,1.064,0.71,55847100.0,15700.0,49190326.0,13800.29999999702,0.0,0.0,20230823,20230823,93632123,0.887,0.0,0.0,0.879,0.878,0.877,0.876,0.875,0.0,0.0,0.0,0.0,0.0,0.88,0.881,0.882,0.883,0.884,0.0,0.0,0.0,0.0,0.0,254600.0,8842400.0,2619600.0,1013900.0,1870400.0,0.0,0.0,0.0,0.0,0.0,1624400.0,5196500.0,2866800.0,2782400.0,1516600.0,0.0,0.0,0.0,0.0,0.0
20230823093635240,SZSE,SZSE.ETF.159949,0.879,0.881,0.883,0.878,0.0,1.064,0.71,55938100.0,91000.0,49270315.0,79989.0,0.0,0.0,20230823,20230823,93635241,0.887,0.0,0.0,0.879,0.878,0.877,0.876,0.875,0.0,0.0,0.0,0.0,0.0,0.88,0.881,0.882,0.883,0.884,0.0,0.0,0.0,0.0,0.0,150600.0,9586900.0,2619600.0,1013900.0,1870400.0,0.0,0.0,0.0,0.0,0.0,1624400.0,2958500.0,4866800.0,2782400.0,1296600.0,0.0,0.0,0.0,0.0,0.0
20230823093638104,SZSE,SZSE.ETF.159949,0.879,0.881,0.883,0.878,0.0,1.064,0.71,55940300.0,2200.0,49272248.8,1933.7999999970198,0.0,0.0,20230823,20230823,93638103,0.887,0.0,0.0,0.879,0.878,0.877,0.876,0.875,0.0,0.0,0.0,0.0,0.0,0.88,0.881,0.882,0.883,0.884,0.0,0.0,0.0,0.0,0.0,346000.0,9901300.0,2839600.0,1013900.0,1878300.0,0.0,0.0,0.0,0.0,0.0,1849400.0,3268500.0,4868600.0,2782400.0,1296600.0,0.0,0.0,0.0,0.0,0.0
20230823093641136,SZSE,SZSE.ETF.159949,0.879,0.881,0.883,0.878,0.0,1.064,0.71,55951400.0,11100.0,49282015.8,9767.0,0.0,0.0,20230823,20230823,93641134,0.887,0.0,0.0,0.879,0.878,0.877,0.876,0.875,0.0,0.0,0.0,0.0,0.0,0.88,0.881,0.882,0.883,0.884,0.0,0.0,0.0,0.0,0.0,368000.0,10156400.0,2649600.0,1026700.0,1878300.0,0.0,0.0,0.0,0.0,0.0,1954400.0,3468500.0,4896900.0,2782400.0,1296600.0,0.0,0.0,0.0,0.0,0.0
20230823093644092,SZSE,SZSE.ETF.159949,0.879,0.881,0.883,0.878,0.0,1.064,0.71,55981300.0,29900.0,49308303.2,26287.40000000596,0.0,0.0,20230823,20230823,93644092,0.887,0.0,0.0,0.879,0.878,0.877,0.876,0.875,0.0,0.0,0.0,0.0,0.0,0.88,0.881,0.882,0.883,0.884,0.0,0.0,0.0,0.0,0.0,414500.0,8980400.0,2879600.0,1026700.0,1961500.0,0.0,0.0,0.0,0.0,0.0,2288900.0,5268500.0,2896900.0,1907800.0,1192100.0,0.0,0.0,0.0,0.0,0.0
20230823093647128,SZSE,SZSE.ETF.159949,0.879,0.881,0.883,0.878,0.0,1.064,0.71,56031700.0,50400.0,49352605.8,44302.59999999404,0.0,0.0,20230823,20230823,93647127,0.887,0.0,0.0,0.879,0.878,0.877,0.876,0.875,0.0,0.0,0.0,0.0,0.0,0.88,0.881,0.882,0.883,0.884,0.0,0.0,0.0,0.0,0.0,449300.0,9979500.0,2879600.0,1026700.0,1961500.0,0.0,0.0,0.0,0.0,0.0,2239900.0,5268500.0,2926900.0,1908100.0,1192100.0,0.0,0.0,0.0,0.0,0.0
20230823093650068,SZSE,SZSE.ETF.159949,0.879,0.881,0.883,0.878,0.0,1.064,0.71,56058600.0,26900.0,49376251.3,23645.5,0.0,0.0,20230823,20230823,93650068,0.887,0.0,0.0,0.879,0.878,0.877,0.876,0.875,0.0,0.0,0.0,0.0,0.0,0.88,0.881,0.882,0.883,0.884,0.0,0.0,0.0,0.0,0.0,659000.0,9981600.0,2879600.0,1076700.0,1961500.0,0.0,0.0,0.0,0.0,0.0,2311100.0,5268500.0,2926900.0,1908100.0,1192100.0,0.0,0.0,0.0,0.0,0.0
20230823093653068,SZSE,SZSE.ETF.159949,0.88,0.881,0.883,0.878,0.0,1.064,0.71,56165100.0,106500.0,49469866.8,93615.5,0.0,0.0,20230823,20230823,93653068,0.887,0.0,0.0,0.879,0.878,0.877,0.876,0.875,0.0,0.0,0.0,0.0,0.0,0.88,0.881,0.882,0.883,0.884,0.0,0.0,0.0,0.0,0.0,604800.0,10186600.0,2879600.0,1077200.0,1961500.0,0.0,0.0,0.0,0.0,0.0,2360300.0,4469500.0,2926900.0,1909800.0,1192100.0,0.0,0.0,0.0,0.0,0.0
20230823093659068,SZSE,SZSE.ETF.159949,0.879,0.881,0.883,0.878,0.0,1.064,0.71,56503800.0,35200.0,49767584.1,30940.80000000447,0.0,0.0,20230823,20230823,93659068,0.887,0.0,0.0,0.879,0.878,0.877,0.876,0.875,0.0,0.0,0.0,0.0,0.0,0.88,0.881,0.882,0.883,0.884,0.0,0.0,0.0,0.0,0.0,522800.0,10197600.0,1670700.0,1082200.0,1961500.0,0.0,0.0,0.0,0.0,0.0,2248100.0,2469500.0,4915100.0,1909800.0,1192400.0,0.0,0.0,0.0,0.0,0.0
20230823093702104,SZSE,SZSE.ETF.159949,0.879,0.881,0.883,0.878,0.0,1.064,0.71,57330100.0,826300.0,50493912.8,726328.6999999955,0.0,0.0,20230823,20230823,93702103,0.887,0.0,0.0,0.879,0.878,0.877,0.876,0.875,0.0,0.0,0.0,0.0,0.0,0.88,0.881,0.882,0.883,0.884,0.0,0.0,0.0,0.0,0.0,41100.0,10197600.0,1670700.0,1083200.0,1973200.0,0.0,0.0,0.0,0.0,0.0,2237100.0,3468500.0,2915100.0,1909800.0,1193600.0,0.0,0.0,0.0,0.0,0.0
20230823093705164,SZSE,SZSE.ETF.159949,0.879,0.881,0.883,0.878,0.0,1.064,0.71,57390400.0,60300.0,50546917.7,53004.90000000596,0.0,0.0,20230823,20230823,93705164,0.887,0.0,0.0,0.879,0.878,0.877,0.876,0.875,0.0,0.0,0.0,0.0,0.0,0.88,0.881,0.882,0.883,0.884,0.0,0.0,0.0,0.0,0.0,2135800.0,10398900.0,1690700.0,1083200.0,1973200.0,0.0,0.0,0.0,0.0,0.0,2255900.0,2626800.0,4915100.0,1909800.0,1193600.0,0.0,0.0,0.0,0.0,0.0
20230823093708264,SZSE,SZSE.ETF.159949,0.879,0.881,0.883,0.878,0.0,1.064,0.71,57555800.0,165400.0,50692307.9,145390.19999999553,0.0,0.0,20230823,20230823,93708263,0.887,0.0,0.0,0.879,0.878,0.877,0.876,0.875,0.0,0.0,0.0,0.0,0.0,0.88,0.881,0.882,0.883,0.884,0.0,0.0,0.0,0.0,0.0,2476000.0,5722000.0,1690700.0,1083200.0,2021500.0,0.0,0.0,0.0,0.0,0.0,2423500.0,3334800.0,4895100.0,1909800.0,1193600.0,0.0,0.0,0.0,0.0,0.0
20230823093711076,SZSE,SZSE.ETF.159949,0.879,0.881,0.883,0.878,0.0,1.064,0.71,57565800.0,10000.0,50701097.9,8790.0,0.0,0.0,20230823,20230823,93711076,0.887,0.0,0.0,0.879,0.878,0.877,0.876,0.875,0.0,0.0,0.0,0.0,0.0,0.88,0.881,0.882,0.883,0.884,0.0,0.0,0.0,0.0,0.0,3477700.0,8007700.0,1690700.0,1083200.0,2021500.0,0.0,0.0,0.0,0.0,0.0,2462300.0,3630800.0,4895100.0,1909800.0,1193600.0,0.0,0.0,0.0,0.0,0.0
20230823093714188,SZSE,SZSE.ETF.159949,0.88,0.881,0.883,0.878,0.0,1.064,0.71,57603000.0,37200.0,50733796.9,32699.0,0.0,0.0,20230823,20230823,93714189,0.887,0.0,0.0,0.879,0.878,0.877,0.876,0.875,0.0,0.0,0.0,0.0,0.0,0.88,0.881,0.882,0.883,0.884,0.0,0.0,0.0,0.0,0.0,3483000.0,8063300.0,1690700.0,1083200.0,2022500.0,0.0,0.0,0.0,0.0,0.0,2462100.0,5630800.0,2895100.0,1909800.0,1193600.0,0.0,0.0,0.0,0.0,0.0
20230823093717076,SZSE,SZSE.ETF.159949,0.88,0.881,0.883,0.878,0.0,1.064,0.71,57603500.0,500.0,50734236.9,440.0,0.0,0.0,20230823,20230823,93717077,0.887,0.0,0.0,0.879,0.878,0.877,0.876,0.875,0.0,0.0,0.0,0.0,0.0,0.88,0.881,0.882,0.883,0.884,0.0,0.0,0.0,0.0,0.0,1983000.0,7294000.0,2689700.0,1083200.0,2069500.0,0.0,0.0,0.0,0.0,0.0,2465300.0,5630800.0,1896100.0,1909800.0,1193600.0,0.0,0.0,0.0,0.0,0.0
20230823093945672,SZSE,SZSE.ETF.159949,0.879,0.881,0.883,0.878,0.0,1.064,0.71,62991700.0,5000.0,55470782.0,4395.0,0.0,0.0,20230823,20230823,93945671,0.887,0.0,0.0,0.878,0.877,0.876,0.875,0.874,0.0,0.0,0.0,0.0,0.0,0.879,0.88,0.881,0.882,0.883,0.0,0.0,0.0,0.0,0.0,6060400.0,9623800.0,1914100.0,2258900.0,1037500.0,0.0,0.0,0.0,0.0,0.0,892400.0,6066600.0,3085800.0,1784400.0,1963100.0,0.0,0.0,0.0,0.0,0.0
20230823093947460,SZSE,SZSE.ETF.159949,0.879,0.881,0.883,0.878,0.0,1.064,0.71,63037400.0,45700.0,55510945.2,40163.20000000298,0.0,0.0,20230823,20230823,93947461,0.887,0.0,0.0,0.878,0.877,0.876,0.875,0.874,0.0,0.0,0.0,0.0,0.0,0.879,0.88,0.881,0.882,0.883,0.0,0.0,0.0,0.0,0.0,5498800.0,10033800.0,1959300.0,2258900.0,1037600.0,0.0,0.0,0.0,0.0,0.0,1096400.0,6477000.0,3085800.0,1780400.0,1743100.0,0.0,0.0,0.0,0.0,0.0
20230823093951208,SZSE,SZSE.ETF.159949,0.879,0.881,0.883,0.878,0.0,1.064,0.71,63082500.0,45100.0,55550588.1,39642.89999999851,0.0,0.0,20230823,20230823,93951206,0.887,0.0,0.0,0.878,0.877,0.876,0.875,0.874,0.0,0.0,0.0,0.0,0.0,0.879,0.88,0.881,0.882,0.883,0.0,0.0,0.0,0.0,0.0,5510200.0,9883800.0,1959300.0,2258900.0,1037600.0,0.0,0.0,0.0,0.0,0.0,1371300.0,6357000.0,3085800.0,1780400.0,1743100.0,0.0,0.0,0.0,0.0,0.0
20230823093954552,SZSE,SZSE.ETF.159949,0.879,0.881,0.883,0.878,0.0,1.064,0.71,63296600.0,214100.0,55738579.0,187990.8999999985,0.0,0.0,20230823,20230823,93954551,0.887,0.0,0.0,0.878,0.877,0.876,0.875,0.874,0.0,0.0,0.0,0.0,0.0,0.879,0.88,0.881,0.882,0.883,0.0,0.0,0.0,0.0,0.0,5355100.0,10010400.0,2179300.0,2260500.0,1037600.0,0.0,0.0,0.0,0.0,0.0,1994600.0,6477000.0,3087400.0,1780400.0,1743100.0,0.0,0.0,0.0,0.0,0.0
20230823093958296,SZSE,SZSE.ETF.159949,0.879,0.881,0.883,0.878,0.0,1.064,0.71,64038500.0,741900.0,56390108.5,651529.5,0.0,0.0,20230823,20230823,93958296,0.887,0.0,0.0,0.878,0.877,0.876,0.875,0.874,0.0,0.0,0.0,0.0,0.0,0.879,0.88,0.881,0.882,0.883,0.0,0.0,0.0,0.0,0.0,4735700.0,9890400.0,2194800.0,2260900.0,1037600.0,0.0,0.0,0.0,0.0,0.0,1297700.0,6558100.0,3087800.0,1779300.0,1743100.0,0.0,0.0,0.0,0.0,0.0
20230823094000288,SZSE,SZSE.ETF.159949,0.878,0.881,0.883,0.878,0.0,1.064,0.71,64049800.0,11300.0,56400038.2,9929.70000000298,0.0,0.0,20230823,20230823,94000287,0.887,0.0,0.0,0.878,0.877,0.876,0.875,0.874,0.0,0.0,0.0,0.0,0.0,0.879,0.88,0.881,0.882,0.883,0.0,0.0,0.0,0.0,0.0,4763200.0,9920400.0,2013700.0,2260900.0,1077600.0,0.0,0.0,0.0,0.0,0.0,1289400.0,6388100.0,3087800.0,1804300.0,1743100.0,0.0,0.0,0.0,0.0,0.0
20230823094003264,SZSE,SZSE.ETF.159949,0.879,0.881,0.883,0.878,0.0,1.064,0.71,64093000.0,43200.0,56437994.6,37956.39999999851,0.0,0.0,20230823,20230823,94003264,0.887,0.0,0.0,0.878,0.877,0.876,0.875,0.874,0.0,0.0,0.0,0.0,0.0,0.879,0.88,0.881,0.882,0.883,0.0,0.0,0.0,0.0,0.0,4747000.0,10112400.0,1793700.0,2289700.0,1077600.0,0.0,0.0,0.0,0.0,0.0,1114900.0,6558100.0,3087800.0,1804300.0,1743100.0,0.0,0.0,0.0,0.0,0.0
20230823094005688,SZSE,SZSE.ETF.159949,0.879,0.881,0.883,0.878,0.0,1.064,0.71,64679800.0,586800.0,56953627.1,515632.5,0.0,0.0,20230823,20230823,94005689,0.887,0.0,0.0,0.878,0.877,0.876,0.875,0.874,0.0,0.0,0.0,0.0,0.0,0.879,0.88,0.881,0.882,0.883,0.0,0.0,0.0,0.0,0.0,4582500.0,10232400.0,2013700.0,2309700.0,1077600.0,0.0,0.0,0.0,0.0,0.0,501800.0,4678100.0,5087800.0,1804300.0,1743100.0,0.0,0.0,0.0,0.0,0.0
20230823094008516,SZSE,SZSE.ETF.159949,0.878,0.881,0.883,0.878,0.0,1.064,0.71,64746800.0,67000.0,57012463.1,58836.0,0.0,0.0,20230823,20230823,94008515,0.887,0.0,0.0,0.878,0.877,0.876,0.875,0.874,0.0,0.0,0.0,0.0,0.0,0.879,0.88,0.881,0.882,0.883,0.0,0.0,0.0,0.0,0.0,4532700.0,10112400.0,2792700.0,2309800.0,1077600.0,0.0,0.0,0.0,0.0,0.0,271800.0,4558100.0,5087800.0,1804300.0,1743100.0,0.0,0.0,0.0,0.0,0.0
20230823094014332,SZSE,SZSE.ETF.159949,0.879,0.881,0.883,0.878,0.0,1.064,0.71,64876100.0,106700.0,57126095.2,93789.30000000447,0.0,0.0,20230823,20230823,94014331,0.887,0.0,0.0,0.878,0.877,0.876,0.875,0.874,0.0,0.0,0.0,0.0,0.0,0.879,0.88,0.881,0.882,0.883,0.0,0.0,0.0,0.0,0.0,4967600.0,9113400.0,2822200.0,2309800.0,1077600.0,0.0,0.0,0.0,0.0,0.0,1179500.0,6308100.0,2088800.0,1804300.0,1963100.0,0.0,0.0,0.0,0.0,0.0
20230823094017572,SZSE,SZSE.ETF.159949,0.879,0.881,0.883,0.878,0.0,1.064,0.71,64898000.0,21900.0,57145328.0,19232.79999999702,0.0,0.0,20230823,20230823,94017572,0.887,0.0,0.0,0.878,0.877,0.876,0.875,0.874,0.0,0.0,0.0,0.0,0.0,0.879,0.88,0.881,0.882,0.883,0.0,0.0,0.0,0.0,0.0,4774300.0,9233400.0,2821200.0,2309800.0,1077600.0,0.0,0.0,0.0,0.0,0.0,1174900.0,6428100.0,2088800.0,1804300.0,1743100.0,0.0,0.0,0.0,0.0,0.0
20230823094020556,SZSE,SZSE.ETF.159949,0.879,0.881,0.883,0.878,0.0,1.064,0.71,64905100.0,7100.0,57151568.9,6240.89999999851,0.0,0.0,20230823,20230823,94020555,0.887,0.0,0.0,0.878,0.877,0.876,0.875,0.874,0.0,0.0,0.0,0.0,0.0,0.879,0.88,0.881,0.882,0.883,0.0,0.0,0.0,0.0,0.0,4781100.0,7120500.0,5035000.0,2409800.0,1107600.0,0.0,0.0,0.0,0.0,0.0,404800.0,6308100.0,2089800.0,1804300.0,1743100.0,0.0,0.0,0.0,0.0,0.0
20230823094023348,SZSE,SZSE.ETF.159949,0.878,0.881,0.883,0.878,0.0,1.064,0.71,64979800.0,74700.0,57217190.2,65621.30000000447,0.0,0.0,20230823,20230823,94023349,0.887,0.0,0.0,0.878,0.877,0.876,0.875,0.874,0.0,0.0,0.0,0.0,0.0,0.879,0.88,0.881,0.882,0.883,0.0,0.0,0.0,0.0,0.0,3770100.0,7240500.0,5035100.0,2408800.0,1107600.0,0.0,0.0,0.0,0.0,0.0,1369100.0,6428100.0,2089900.0,1920100.0,1743100.0,0.0,0.0,0.0,0.0,0.0
20230823094026152,SZSE,SZSE.ETF.159949,0.879,0.881,0.883,0.878,0.0,1.064,0.71,64993300.0,13500.0,57229056.7,11866.5,0.0,0.0,20230823,20230823,94026150,0.887,0.0,0.0,0.878,0.877,0.876,0.875,0.874,0.0,0.0,0.0,0.0,0.0,0.879,0.88,0.881,0.882,0.883,0.0,0.0,0.0,0.0,0.0,3770200.0,6831000.0,5037100.0,2410400.0,1107600.0,0.0,0.0,0.0,0.0,0.0,1685600.0,6018100.0,2089900.0,1920100.0,1743100.0,0.0,0.0,0.0,0.0,0.0
20230823094029080,SZSE,SZSE.ETF.159949,0.879,0.881,0.883,0.878,0.0,1.064,0.71,64994700.0,1400.0,57230287.3,1230.5999999940395,0.0,0.0,20230823,20230823,94029078,0.887,0.0,0.0,0.878,0.877,0.876,0.875,0.874,0.0,0.0,0.0,0.0,0.0,0.879,0.88,0.881,0.882,0.883,0.0,0.0,0.0,0.0,0.0,3373500.0,8945500.0,3043900.0,2434900.0,1107700.0,0.0,0.0,0.0,0.0,0.0,2188600.0,5597200.0,2090000.0,1920100.0,1743100.0,0.0,0.0,0.0,0.0,0.0
20230823094032216,SZSE,SZSE.ETF.159949,0.879,0.881,0.883,0.878,0.0,1.064,0.71,65317900.0,323200.0,57514099.0,283811.700000003,0.0,0.0,20230823,20230823,94032214,0.887,0.0,0.0,0.878,0.877,0.876,0.875,0.874,0.0,0.0,0.0,0.0,0.0,0.879,0.88,0.881,0.882,0.883,0.0,0.0,0.0,0.0,0.0,3093600.0,9143800.0,3043900.0,2434900.0,1107700.0,0.0,0.0,0.0,0.0,0.0,2256500.0,5777200.0,2090000.0,1920100.0,1743100.0,0.0,0.0,0.0,0.0,0.0
20230823094035432,SZSE,SZSE.ETF.159949,0.878,0.881,0.883,0.878,0.0,1.064,0.71,65357900.0,40000.0,57549219.0,35120.0,0.0,0.0,20230823,20230823,94035434,0.887,0.0,0.0,0.878,0.877,0.876,0.875,0.874,0.0,0.0,0.0,0.0,0.0,0.879,0.88,0.881,0.882,0.883,0.0,0.0,0.0,0.0,0.0,3089600.0,7150600.0,5037100.0,2434900.0,1107700.0,0.0,0.0,0.0,0.0,0.0,2407600.0,5777200.0,2090000.0,1920100.0,1743100.0,0.0,0.0,0.0,0.0,0.0
20230823094038752,SZSE,SZSE.ETF.159949,0.879,0.881,0.883,0.878,0.0,1.064,0.71,65423300.0,65400.0,57606650.2,57431.20000000298,0.0,0.0,20230823,20230823,94038751,0.887,0.0,0.0,0.878,0.877,0.876,0.875,0.874,0.0,0.0,0.0,0.0,0.0,0.879,0.88,0.881,0.882,0.883,0.0,0.0,0.0,0.0,0.0,3104000.0,6150600.0,5037100.0,2437900.0,1157700.0,0.0,0.0,0.0,0.0,0.0,2397600.0,5726000.0,2090000.0,1926800.0,1114800.0,0.0,0.0,0.0,0.0,0.0
20230823094041952,SZSE,SZSE.ETF.159949,0.879,0.881,0.883,0.878,0.0,1.064,0.71,65423700.0,400.0,57607001.8,351.59999999403954,0.0,0.0,20230823,20230823,94041951,0.887,0.0,0.0,0.878,0.877,0.876,0.875,0.874,0.0,0.0,0.0,0.0,0.0,0.879,0.88,0.881,0.882,0.883,0.0,0.0,0.0,0.0,0.0,3124000.0,6152600.0,5037100.0,2435900.0,1157700.0,0.0,0.0,0.0,0.0,0.0,2397200.0,5726500.0,2090000.0,1926800.0,1114800.0,0.0,0.0,0.0,0.0,0.0
20230823094044704,SZSE,SZSE.ETF.159949,0.879,0.881,0.883,0.878,0.0,1.064,0.71,65424600.0,900.0,57607792.9,791.1000000014901,0.0,0.0,20230823,20230823,94044703,0.887,0.0,0.0,0.878,0.877,0.876,0.875,0.874,0.0,0.0,0.0,0.0,0.0,0.879,0.88,0.881,0.882,0.883,0.0,0.0,0.0,0.0,0.0,3157100.0,6272600.0,5037400.0,2435900.0,1157700.0,0.0,0.0,0.0,0.0,0.0,2396300.0,5846500.0,2090000.0,2026800.0,1114800.0,0.0,0.0,0.0,0.0,0.0
20230823094047660,SZSE,SZSE.ETF.159949,0.879,0.881,0.883,0.878,0.0,1.064,0.71,65445600.0,21000.0,57626231.9,18439.0,0.0,0.0,20230823,20230823,94047661,0.887,0.0,0.0,0.878,0.877,0.876,0.875,0.874,0.0,0.0,0.0,0.0,0.0,0.879,0.88,0.881,0.882,0.883,0.0,0.0,0.0,0.0,0.0,3378600.0,6152600.0,5037400.0,2447500.0,1158800.0,0.0,0.0,0.0,0.0,0.0,2451100.0,5754800.0,2090000.0,2026800.0,1114800.0,0.0,0.0,0.0,0.0,0.0
20230823094050528,SZSE,SZSE.ETF.159949,0.879,0.881,0.883,0.878,0.0,1.064,0.71,65445600.0,0.0,57626231.9,0.0,0.0,0.0,20230823,20230823,94050530,0.887,0.0,0.0,0.878,0.877,0.876,0.875,0.874,0.0,0.0,0.0,0.0,0.0,0.879,0.88,0.881,0.882,0.883,0.0,0.0,0.0,0.0,0.0,3398600.0,5130400.0,5237400.0,2453100.0,1158800.0,0.0,0.0,0.0,0.0,0.0,2651100.0,5674800.0,2141000.0,2026800.0,1114800.0,0.0,0.0,0.0,0.0,0.0
20230823094053380,SZSE,SZSE.ETF.159949,0.878,0.881,0.883,0.878,0.0,1.064,0.71,65492600.0,47000.0,57667504.9,41273.0,0.0,0.0,20230823,20230823,94053381,0.887,0.0,0.0,0.878,0.877,0.876,0.875,0.874,0.0,0.0,0.0,0.0,0.0,0.879,0.88,0.881,0.882,0.883,0.0,0.0,0.0,0.0,0.0,2858600.0,5480400.0,6292400.0,2453100.0,1158800.0,0.0,0.0,0.0,0.0,0.0,2744100.0,5554800.0,2141500.0,2026800.0,1114800.0,0.0,0.0,0.0,0.0,0.0
20230823094056336,SZSE,SZSE.ETF.159949,0.879,0.881,0.883,0.878,0.0,1.064,0.71,65509900.0,17300.0,57682711.6,15206.70000000298,0.0,0.0,20230823,20230823,94056338,0.887,0.0,0.0,0.878,0.877,0.876,0.875,0.874,0.0,0.0,0.0,0.0,0.0,0.879,0.88,0.881,0.882,0.883,0.0,0.0,0.0,0.0,0.0,2819600.0,4400400.0,6492400.0,2453100.0,1158800.0,0.0,0.0,0.0,0.0,0.0,2926800.0,5474800.0,2141500.0,2026800.0,1235900.0,0.0,0.0,0.0,0.0,0.0
20230823094059056,SZSE,SZSE.ETF.159949,0.878,0.881,0.883,0.878,0.0,1.064,0.71,65729900.0,220000.0,57875871.6,193160.0,0.0,0.0,20230823,20230823,94059057,0.887,0.0,0.0,0.878,0.877,0.876,0.875,0.874,0.0,0.0,0.0,0.0,0.0,0.879,0.88,0.881,0.882,0.883,0.0,0.0,0.0,0.0,0.0,2247800.0,4060400.0,6497900.0,2673100.0,1158800.0,0.0,0.0,0.0,0.0,0.0,2926800.0,5354800.0,2141500.0,1806800.0,1235900.0,0.0,0.0,0.0,0.0,0.0
20230823094102048,SZSE,SZSE.ETF.159949,0.878,0.881,0.883,0.878,0.0,1.064,0.71,66864300.0,1134400.0,58871876.2,996004.6000000015,0.0,0.0,20230823,20230823,94102047,0.887,0.0,0.0,0.878,0.877,0.876,0.875,0.874,0.0,0.0,0.0,0.0,0.0,0.879,0.88,0.881,0.882,0.883,0.0,0.0,0.0,0.0,0.0,1198200.0,4720400.0,5498900.0,3452100.0,1158800.0,0.0,0.0,0.0,0.0,0.0,4925400.0,3474800.0,2141500.0,2026800.0,1296500.0,0.0,0.0,0.0,0.0,0.0
20230823094105296,SZSE,SZSE.ETF.159949,0.879,0.881,0.883,0.878,0.0,1.064,0.71,67556300.0,692000.0,59479455.2,607579.0,0.0,0.0,20230823,20230823,94105294,0.887,0.0,0.0,0.878,0.877,0.876,0.875,0.874,0.0,0.0,0.0,0.0,0.0,0.879,0.88,0.881,0.882,0.883,0.0,0.0,0.0,0.0,0.0,614300.0,4600400.0,6498000.0,3451900.0,1158800.0,0.0,0.0,0.0,0.0,0.0,4922400.0,3354800.0,2141500.0,2026800.0,1296500.0,0.0,0.0,0.0,0.0,0.0
20230823094108048,SZSE,SZSE.ETF.159949,0.878,0.881,0.883,0.878,0.0,1.064,0.71,68405600.0,849300.0,60225140.6,745685.3999999985,0.0,0.0,20230823,20230823,94108048,0.887,0.0,0.0,0.877,0.876,0.875,0.874,0.873,0.0,0.0,0.0,0.0,0.0,0.879,0.88,0.881,0.882,0.883,0.0,0.0,0.0,0.0,0.0,3955700.0,6498600.0,3455700.0,1158800.0,1463700.0,0.0,0.0,0.0,0.0,0.0,4922400.0,3474800.0,1841600.0,2026800.0,1296500.0,0.0,0.0,0.0,0.0,0.0
20230823094111064,SZSE,SZSE.ETF.159949,0.878,0.881,0.883,0.878,0.0,1.064,0.71,68425700.0,20100.0,60242788.4,17647.79999999702,0.0,0.0,20230823,20230823,94111062,0.887,0.0,0.0,0.877,0.876,0.875,0.874,0.873,0.0,0.0,0.0,0.0,0.0,0.878,0.879,0.88,0.881,0.882,0.0,0.0,0.0,0.0,0.0,3835700.0,6518600.0,3455700.0,1158800.0,1463700.0,0.0,0.0,0.0,0.0,0.0,800900.0,4980000.0,3354800.0,1841600.0,2026800.0,0.0,0.0,0.0,0.0,0.0
20230823094114244,SZSE,SZSE.ETF.159949,0.878,0.881,0.883,0.878,0.0,1.064,0.71,68457500.0,31800.0,60270708.8,27920.39999999851,0.0,0.0,20230823,20230823,94114244,0.887,0.0,0.0,0.877,0.876,0.875,0.874,0.873,0.0,0.0,0.0,0.0,0.0,0.878,0.879,0.88,0.881,0.882,0.0,0.0,0.0,0.0,0.0,3506500.0,6640600.0,3455700.0,1160800.0,1463700.0,0.0,0.0,0.0,0.0,0.0,769100.0,5100000.0,3234800.0,1841600.0,1806800.0,0.0,0.0,0.0,0.0,0.0
20230823094117020,SZSE,SZSE.ETF.159949,0.878,0.881,0.883,0.877,0.0,1.064,0.71,68503800.0,46300.0,60311348.5,40639.70000000298,0.0,0.0,20230823,20230823,94117021,0.887,0.0,0.0,0.877,0.876,0.875,0.874,0.873,0.0,0.0,0.0,0.0,0.0,0.878,0.879,0.88,0.881,0.882,0.0,0.0,0.0,0.0,0.0,3709200.0,6640600.0,3675700.0,1160800.0,1463700.0,0.0,0.0,0.0,0.0,0.0,980400.0,5100000.0,3183100.0,1841600.0,1806800.0,0.0,0.0,0.0,0.0,0.0
20230823094120260,SZSE,SZSE.ETF.159949,0.878,0.881,0.883,0.877,0.0,1.064,0.71,68721600.0,217800.0,60502576.9,191228.3999999985,0.0,0.0,20230823,20230823,94120261,0.887,0.0,0.0,0.877,0.876,0.875,0.874,0.873,0.0,0.0,0.0,0.0,0.0,0.878,0.879,0.88,0.881,0.882,0.0,0.0,0.0,0.0,0.0,3815800.0,6760600.0,3676700.0,1160800.0,1463700.0,0.0,0.0,0.0,0.0,0.0,813800.0,5220000.0,2893100.0,1841600.0,1806800.0,0.0,0.0,0.0,0.0,0.0
20230823094123512,SZSE,SZSE.ETF.159949,0.878,0.881,0.883,0.877,0.0,1.064,0.71,69341800.0,620200.0,61047112.5,544535.6000000015,0.0,0.0,20230823,20230823,94123510,0.887,0.0,0.0,0.877,0.876,0.875,0.874,0.873,0.0,0.0,0.0,0.0,0.0,0.879,0.88,0.881,0.882,0.883,0.0,0.0,0.0,0.0,0.0,5036800.0,6930600.0,2520200.0,1165800.0,1463700.0,0.0,0.0,0.0,0.0,0.0,2390000.0,4893100.0,1841600.0,2026800.0,1296500.0,0.0,0.0,0.0,0.0,0.0
20230823094126956,SZSE,SZSE.ETF.159949,0.878,0.881,0.883,0.877,0.0,1.064,0.71,69603500.0,261700.0,61276735.1,229622.6000000015,0.0,0.0,20230823,20230823,94126957,0.887,0.0,0.0,0.878,0.877,0.876,0.875,0.874,0.0,0.0,0.0,0.0,0.0,0.879,0.88,0.881,0.882,0.883,0.0,0.0,0.0,0.0,0.0,401100.0,6575300.0,4572500.0,2531200.0,1166800.0,0.0,0.0,0.0,0.0,0.0,1550000.0,3513100.0,3841600.0,2026800.0,1296500.0,0.0,0.0,0.0,0.0,0.0
20230823094129484,SZSE,SZSE.ETF.159949,0.879,0.881,0.883,0.877,0.0,1.064,0.71,69603600.0,100.0,61276823.0,87.89999999850988,0.0,0.0,20230823,20230823,94129485,0.887,0.0,0.0,0.878,0.877,0.876,0.875,0.874,0.0,0.0,0.0,0.0,0.0,0.879,0.88,0.881,0.882,0.883,0.0,0.0,0.0,0.0,0.0,378500.0,7143900.0,4792500.0,2487600.0,1166800.0,0.0,0.0,0.0,0.0,0.0,1925000.0,2891200.0,3841600.0,2026800.0,1296500.0,0.0,0.0,0.0,0.0,0.0
20230823094132616,SZSE,SZSE.ETF.159949,0.878,0.881,0.883,0.877,0.0,1.064,0.71,69670100.0,66500.0,61335210.0,58387.0,0.0,0.0,20230823,20230823,94132614,0.887,0.0,0.0,0.878,0.877,0.876,0.875,0.874,0.0,0.0,0.0,0.0,0.0,0.879,0.88,0.881,0.882,0.883,0.0,0.0,0.0,0.0,0.0,600700.0,7333900.0,4301500.0,2488100.0,1166800.0,0.0,0.0,0.0,0.0,0.0,1435000.0,3091200.0,3841600.0,2026800.0,1296600.0,0.0,0.0,0.0,0.0,0.0
20230823094135316,SZSE,SZSE.ETF.159949,0.878,0.881,0.883,0.877,0.0,1.064,0.71,69700800.0,30700.0,61362164.6,26954.60000000149,0.0,0.0,20230823,20230823,94135317,0.887,0.0,0.0,0.878,0.877,0.876,0.875,0.874,0.0,0.0,0.0,0.0,0.0,0.879,0.88,0.881,0.882,0.883,0.0,0.0,0.0,0.0,0.0,1350600.0,7323900.0,3885100.0,2499700.0,1166800.0,0.0,0.0,0.0,0.0,0.0,1017500.0,3581200.0,3841600.0,2026800.0,1516600.0,0.0,0.0,0.0,0.0,0.0
20230823094138072,SZSE,SZSE.ETF.159949,0.878,0.881,0.883,0.877,0.0,1.064,0.71,69827000.0,126200.0,61472980.2,110815.60000000149,0.0,0.0,20230823,20230823,94138072,0.887,0.0,0.0,0.878,0.877,0.876,0.875,0.874,0.0,0.0,0.0,0.0,0.0,0.879,0.88,0.881,0.882,0.883,0.0,0.0,0.0,0.0,0.0,1031400.0,7281200.0,4105100.0,2499700.0,1166800.0,0.0,0.0,0.0,0.0,0.0,1375500.0,5571200.0,1841600.0,2026800.0,1296600.0,0.0,0.0,0.0,0.0,0.0
20230823094141028,SZSE,SZSE.ETF.159949,0.879,0.881,0.883,0.877,0.0,1.064,0.71,70176700.0,349700.0,61780023.1,307042.8999999985,0.0,0.0,20230823,20230823,94141028,0.887,0.0,0.0,0.878,0.877,0.876,0.875,0.874,0.0,0.0,0.0,0.0,0.0,0.879,0.88,0.881,0.882,0.883,0.0,0.0,0.0,0.0,0.0,708000.0,6205300.0,4305100.0,2499700.0,1166800.0,0.0,0.0,0.0,0.0,0.0,1512600.0,5491200.0,1841600.0,2026800.0,1296600.0,0.0,0.0,0.0,0.0,0.0
20230823094144076,SZSE,SZSE.ETF.159949,0.878,0.881,0.883,0.877,0.0,1.064,0.71,70396700.0,220000.0,61973183.1,193160.0,0.0,0.0,20230823,20230823,94144077,0.887,0.0,0.0,0.878,0.877,0.876,0.875,0.874,0.0,0.0,0.0,0.0,0.0,0.879,0.88,0.881,0.882,0.883,0.0,0.0,0.0,0.0,0.0,582100.0,5787000.0,4305100.0,2499700.0,1166800.0,0.0,0.0,0.0,0.0,0.0,1513100.0,3081200.0,3841600.0,2026800.0,1296600.0,0.0,0.0,0.0,0.0,0.0
20230823094147016,SZSE,SZSE.ETF.159949,0.878,0.881,0.883,0.877,0.0,1.064,0.71,70404700.0,8000.0,61980207.1,7024.0,0.0,0.0,20230823,20230823,94147016,0.887,0.0,0.0,0.878,0.877,0.876,0.875,0.874,0.0,0.0,0.0,0.0,0.0,0.879,0.88,0.881,0.882,0.883,0.0,0.0,0.0,0.0,0.0,198600.0,6747000.0,4309100.0,2494800.0,1166800.0,0.0,0.0,0.0,0.0,0.0,2512100.0,5490800.0,1841600.0,2026800.0,1296600.0,0.0,0.0,0.0,0.0,0.0
20230823094150188,SZSE,SZSE.ETF.159949,0.878,0.881,0.883,0.877,0.0,1.064,0.71,70411800.0,7100.0,61986443.0,6235.89999999851,0.0,0.0,20230823,20230823,94150188,0.887,0.0,0.0,0.878,0.877,0.876,0.875,0.874,0.0,0.0,0.0,0.0,0.0,0.879,0.88,0.881,0.882,0.883,0.0,0.0,0.0,0.0,0.0,195900.0,4637900.0,6302300.0,2494800.0,1167100.0,0.0,0.0,0.0,0.0,0.0,2479100.0,5370800.0,1841600.0,2026800.0,1306600.0,0.0,0.0,0.0,0.0,0.0
20230823094153088,SZSE,SZSE.ETF.159949,0.878,0.881,0.883,0.877,0.0,1.064,0.71,70511800.0,100000.0,62074243.0,87800.0,0.0,0.0,20230823,20230823,94153086,0.887,0.0,0.0,0.878,0.877,0.876,0.875,0.874,0.0,0.0,0.0,0.0,0.0,0.879,0.88,0.881,0.882,0.883,0.0,0.0,0.0,0.0,0.0,244700.0,6527700.0,4509100.0,2494800.0,1167100.0,0.0,0.0,0.0,0.0,0.0,2679100.0,5291800.0,1841600.0,2017400.0,1306600.0,0.0,0.0,0.0,0.0,0.0
20230823094156008,SZSE,SZSE.ETF.159949,0.878,0.881,0.883,0.877,0.0,1.064,0.71,70513200.0,1400.0,62075473.2,1230.2000000029802,0.0,0.0,20230823,20230823,94156006,0.887,0.0,0.0,0.878,0.877,0.876,0.875,0.874,0.0,0.0,0.0,0.0,0.0,0.879,0.88,0.881,0.882,0.883,0.0,0.0,0.0,0.0,0.0,1282300.0,6169700.0,4509100.0,2495800.0,1167100.0,0.0,0.0,0.0,0.0,0.0,1679100.0,4881800.0,1841600.0,2017400.0,1306600.0,0.0,0.0,0.0,0.0,0.0
20230823094159348,SZSE,SZSE.ETF.159949,0.878,0.881,0.883,0.877,0.0,1.064,0.71,70517200.0,4000.0,62078987.2,3514.0,0.0,0.0,20230823,20230823,94159349,0.887,0.0,0.0,0.878,0.877,0.876,0.875,0.874,0.0,0.0,0.0,0.0,0.0,0.879,0.88,0.881,0.882,0.883,0.0,0.0,0.0,0.0,0.0,1532700.0,6474500.0,4510200.0,2495500.0,1167100.0,0.0,0.0,0.0,0.0,0.0,2676100.0,5171800.0,1841600.0,2017400.0,1306600.0,0.0,0.0,0.0,0.0,0.0
20230823094202136,SZSE,SZSE.ETF.159949,0.878,0.881,0.883,0.877,0.0,1.064,0.71,70517200.0,0.0,62078987.2,0.0,0.0,0.0,20230823,20230823,94202136,0.887,0.0,0.0,0.878,0.877,0.876,0.875,0.874,0.0,0.0,0.0,0.0,0.0,0.879,0.88,0.881,0.882,0.883,0.0,0.0,0.0,0.0,0.0,1671800.0,4612300.0,6503400.0,2495500.0,1173100.0,0.0,0.0,0.0,0.0,0.0,1879000.0,5291800.0,1841600.0,1949500.0,1306600.0,0.0,0.0,0.0,0.0,0.0
20230823094205164,SZSE,SZSE.ETF.159949,0.878,0.881,0.883,0.877,0.0,1.064,0.71,70786100.0,268900.0,62315081.4,236094.19999999553,0.0,0.0,20230823,20230823,94205164,0.887,0.0,0.0,0.878,0.877,0.876,0.875,0.874,0.0,0.0,0.0,0.0,0.0,0.879,0.88,0.881,0.882,0.883,0.0,0.0,0.0,0.0,0.0,1442400.0,7484700.0,4510200.0,2497300.0,1173100.0,0.0,0.0,0.0,0.0,0.0,1893900.0,5171800.0,1841600.0,1949500.0,1306600.0,0.0,0.0,0.0,0.0,0.0
20230823094208188,SZSE,SZSE.ETF.159949,0.879,0.881,0.883,0.877,0.0,1.064,0.71,70790100.0,4000.0,62318595.4,3514.0,0.0,0.0,20230823,20230823,94208189,0.887,0.0,0.0,0.878,0.877,0.876,0.875,0.874,0.0,0.0,0.0,0.0,0.0,0.879,0.88,0.881,0.882,0.883,0.0,0.0,0.0,0.0,0.0,1554000.0,4322500.0,4510400.0,2497300.0,1173100.0,0.0,0.0,0.0,0.0,0.0,2890900.0,5001800.0,1841600.0,1949500.0,1306600.0,0.0,0.0,0.0,0.0,0.0
20230823094211052,SZSE,SZSE.ETF.159949,0.878,0.881,0.883,0.877,0.0,1.064,0.71,71627700.0,837600.0,63054008.7,735413.3000000045,0.0,0.0,20230823,20230823,94211053,0.887,0.0,0.0,0.878,0.877,0.876,0.875,0.874,0.0,0.0,0.0,0.0,0.0,0.879,0.88,0.881,0.882,0.883,0.0,0.0,0.0,0.0,0.0,850100.0,4512700.0,6503600.0,3502300.0,1174200.0,0.0,0.0,0.0,0.0,0.0,2890400.0,5171800.0,1841600.0,1949500.0,1312700.0,0.0,0.0,0.0,0.0,0.0
20230823094214032,SZSE,SZSE.ETF.159949,0.879,0.881,0.883,0.877,0.0,1.064,0.71,71629800.0,2100.0,63055854.6,1845.8999999985099,0.0,0.0,20230823,20230823,94214030,0.887,0.0,0.0,0.878,0.877,0.876,0.875,0.874,0.0,0.0,0.0,0.0,0.0,0.879,0.88,0.881,0.882,0.883,0.0,0.0,0.0,0.0,0.0,971600.0,4635200.0,6503600.0,3502300.0,1174200.0,0.0,0.0,0.0,0.0,0.0,2908300.0,5291800.0,1928200.0,1949500.0,1312700.0,0.0,0.0,0.0,0.0,0.0
20230823094217152,SZSE,SZSE.ETF.159949,0.879,0.881,0.883,0.877,0.0,1.064,0.71,71664400.0,34600.0,63086235.0,30380.39999999851,0.0,0.0,20230823,20230823,94217152,0.887,0.0,0.0,0.878,0.877,0.876,0.875,0.874,0.0,0.0,0.0,0.0,0.0,0.879,0.88,0.881,0.882,0.883,0.0,0.0,0.0,0.0,0.0,1119000.0,4515200.0,6503600.0,3505300.0,1177200.0,0.0,0.0,0.0,0.0,0.0,2906700.0,5171800.0,1928200.0,1949500.0,1312700.0,0.0,0.0,0.0,0.0,0.0
20230823094220000,SZSE,SZSE.ETF.159949,0.879,0.881,0.883,0.877,0.0,1.064,0.71,71671800.0,7400.0,63092733.5,6498.5,0.0,0.0,20230823,20230823,94220001,0.887,0.0,0.0,0.878,0.877,0.876,0.875,0.874,0.0,0.0,0.0,0.0,0.0,0.879,0.88,0.881,0.882,0.883,0.0,0.0,0.0,0.0,0.0,1411200.0,4635300.0,6503600.0,3505300.0,1177200.0,0.0,0.0,0.0,0.0,0.0,2994000.0,5291800.0,1853800.0,1949500.0,1312700.0,0.0,0.0,0.0,0.0,0.0
20230823094223080,SZSE,SZSE.ETF.159949,0.878,0.881,0.883,0.877,0.0,1.064,0.71,72516100.0,844300.0,63834036.2,741302.700000003,0.0,0.0,20230823,20230823,94223081,0.887,0.0,0.0,0.878,0.877,0.876,0.875,0.874,0.0,0.0,0.0,0.0,0.0,0.879,0.88,0.881,0.882,0.883,0.0,0.0,0.0,0.0,0.0,521400.0,4225300.0,5504600.0,4466000.0,1177200.0,0.0,0.0,0.0,0.0,0.0,5046700.0,1912800.0,1853800.0,1949500.0,1312700.0,0.0,0.0,0.0,0.0,0.0
20230823094226068,SZSE,SZSE.ETF.159949,0.878,0.881,0.883,0.877,0.0,1.064,0.71,73144400.0,628300.0,64385683.6,551647.3999999985,0.0,0.0,20230823,20230823,94226069,0.887,0.0,0.0,0.877,0.876,0.875,0.874,0.873,0.0,0.0,0.0,0.0,0.0,0.878,0.879,0.88,0.881,0.882,0.0,0.0,0.0,0.0,0.0,4135400.0,6006600.0,4467200.0,1177200.0,1669700.0,0.0,0.0,0.0,0.0,0.0,873800.0,5046700.0,2322800.0,1853800.0,1949500.0,0.0,0.0,0.0,0.0,0.0
20230823094229044,SZSE,SZSE.ETF.159949,0.878,0.881,0.883,0.877,0.0,1.064,0.71,73216600.0,72200.0,64449075.2,63391.60000000149,0.0,0.0,20230823,20230823,94229044,0.887,0.0,0.0,0.877,0.876,0.875,0.874,0.873,0.0,0.0,0.0,0.0,0.0,0.878,0.879,0.88,0.881,0.882,0.0,0.0,0.0,0.0,0.0,4175400.0,5612200.0,4467600.0,1177300.0,1669700.0,0.0,0.0,0.0,0.0,0.0,1939000.0,5166700.0,2082800.0,1853800.0,1729500.0,0.0,0.0,0.0,0.0,0.0
20230823094232372,SZSE,SZSE.ETF.159949,0.878,0.881,0.883,0.877,0.0,1.064,0.71,73329300.0,112700.0,64548025.8,98950.59999999404,0.0,0.0,20230823,20230823,94232371,0.887,0.0,0.0,0.877,0.876,0.875,0.874,0.873,0.0,0.0,0.0,0.0,0.0,0.878,0.879,0.88,0.881,0.882,0.0,0.0,0.0,0.0,0.0,4203300.0,3624000.0,6680800.0,1177300.0,1669700.0,0.0,0.0,0.0,0.0,0.0,1912500.0,4666700.0,2062800.0,1853800.0,1729500.0,0.0,0.0,0.0,0.0,0.0
20230823094235160,SZSE,SZSE.ETF.159949,0.878,0.881,0.883,0.877,0.0,1.064,0.71,73377000.0,47700.0,64589906.4,41880.60000000149,0.0,0.0,20230823,20230823,94235158,0.887,0.0,0.0,0.877,0.876,0.875,0.874,0.873,0.0,0.0,0.0,0.0,0.0,0.878,0.879,0.88,0.881,0.882,0.0,0.0,0.0,0.0,0.0,4207300.0,3744000.0,6680800.0,1179600.0,1669700.0,0.0,0.0,0.0,0.0,0.0,3902100.0,2786700.0,2062800.0,1853800.0,1729500.0,0.0,0.0,0.0,0.0,0.0
20230823094238064,SZSE,SZSE.ETF.159949,0.878,0.881,0.883,0.877,0.0,1.064,0.71,73381000.0,4000.0,64593418.4,3512.0,0.0,0.0,20230823,20230823,94238062,0.887,0.0,0.0,0.877,0.876,0.875,0.874,0.873,0.0,0.0,0.0,0.0,0.0,0.878,0.879,0.88,0.881,0.882,0.0,0.0,0.0,0.0,0.0,3217800.0,2719000.0,6890800.0,2179600.0,1669700.0,0.0,0.0,0.0,0.0,0.0,5097100.0,2729200.0,1772800.0,1853800.0,1729500.0,0.0,0.0,0.0,0.0,0.0
20230823094241040,SZSE,SZSE.ETF.159949,0.878,0.881,0.883,0.877,0.0,1.064,0.71,73616400.0,235400.0,64799867.5,206449.1000000015,0.0,0.0,20230823,20230823,94241042,0.887,0.0,0.0,0.877,0.876,0.875,0.874,0.873,0.0,0.0,0.0,0.0,0.0,0.878,0.879,0.88,0.881,0.882,0.0,0.0,0.0,0.0,0.0,2495100.0,3327000.0,6934600.0,2204600.0,1669700.0,0.0,0.0,0.0,0.0,0.0,5153800.0,2849200.0,1772800.0,1853800.0,1729500.0,0.0,0.0,0.0,0.0,0.0
20230823094244024,SZSE,SZSE.ETF.159949,0.877,0.881,0.883,0.877,0.0,1.064,0.71,73632500.0,16100.0,64813993.3,14125.79999999702,0.0,0.0,20230823,20230823,94244026,0.887,0.0,0.0,0.877,0.876,0.875,0.874,0.873,0.0,0.0,0.0,0.0,0.0,0.878,0.879,0.88,0.881,0.882,0.0,0.0,0.0,0.0,0.0,2488100.0,3207000.0,6935600.0,2204600.0,1670800.0,0.0,0.0,0.0,0.0,0.0,3268800.0,4729200.0,1772800.0,1853800.0,1729500.0,0.0,0.0,0.0,0.0,0.0
20230823094247004,SZSE,SZSE.ETF.159949,0.878,0.881,0.883,0.877,0.0,1.064,0.71,74484200.0,851700.0,65561010.6,747017.3000000045,0.0,0.0,20230823,20230823,94247005,0.887,0.0,0.0,0.877,0.876,0.875,0.874,0.873,0.0,0.0,0.0,0.0,0.0,0.878,0.879,0.88,0.881,0.882,0.0,0.0,0.0,0.0,0.0,1785100.0,3338000.0,6937600.0,2207300.0,1673600.0,0.0,0.0,0.0,0.0,0.0,3192400.0,4850200.0,1775500.0,1854600.0,1730000.0,0.0,0.0,0.0,0.0,0.0
20230823094250036,SZSE,SZSE.ETF.159949,0.877,0.881,0.883,0.877,0.0,1.064,0.71,74501400.0,17200.0,65576097.2,15086.60000000149,0.0,0.0,20230823,20230823,94250035,0.887,0.0,0.0,0.877,0.876,0.875,0.874,0.873,0.0,0.0,0.0,0.0,0.0,0.878,0.879,0.88,0.881,0.882,0.0,0.0,0.0,0.0,0.0,1382100.0,2948000.0,6942600.0,2207300.0,1688100.0,0.0,0.0,0.0,0.0,0.0,5190200.0,2440200.0,1776500.0,1854600.0,1730000.0,0.0,0.0,0.0,0.0,0.0
20230823094253068,SZSE,SZSE.ETF.159949,0.877,0.881,0.883,0.877,0.0,1.064,0.71,74512500.0,11100.0,65585833.0,9735.79999999702,0.0,0.0,20230823,20230823,94253067,0.887,0.0,0.0,0.877,0.876,0.875,0.874,0.873,0.0,0.0,0.0,0.0,0.0,0.878,0.879,0.88,0.881,0.882,0.0,0.0,0.0,0.0,0.0,1425500.0,3383100.0,5943700.0,3206300.0,1688100.0,0.0,0.0,0.0,0.0,0.0,5163900.0,2792600.0,1776500.0,1854600.0,1730000.0,0.0,0.0,0.0,0.0,0.0
20230823094256016,SZSE,SZSE.ETF.159949,0.877,0.881,0.883,0.877,0.0,1.064,0.71,75969900.0,1457400.0,66863974.8,1278141.799999997,0.0,0.0,20230823,20230823,94256014,0.887,0.0,0.0,0.876,0.875,0.874,0.873,0.872,0.0,0.0,0.0,0.0,0.0,0.877,0.878,0.879,0.88,0.881,0.0,0.0,0.0,0.0,0.0,2834400.0,6155700.0,3446300.0,1688100.0,2376200.0,0.0,0.0,0.0,0.0,0.0,563100.0,5361900.0,1473600.0,1776500.0,1634600.0,0.0,0.0,0.0,0.0,0.0
20230823094259352,SZSE,SZSE.ETF.159949,0.877,0.881,0.883,0.877,0.0,1.064,0.71,75971200.0,1300.0,66865114.9,1140.1000000014901,0.0,0.0,20230823,20230823,94259352,0.887,0.0,0.0,0.876,0.875,0.874,0.873,0.872,0.0,0.0,0.0,0.0,0.0,0.877,0.878,0.879,0.88,0.881,0.0,0.0,0.0,0.0,0.0,2934800.0,6275700.0,4226300.0,1688200.0,2376200.0,0.0,0.0,0.0,0.0,0.0,1586800.0,5481900.0,1373600.0,1776500.0,1854600.0,0.0,0.0,0.0,0.0,0.0
20230823094302104,SZSE,SZSE.ETF.159949,0.877,0.881,0.883,0.877,0.0,1.064,0.71,75998600.0,27400.0,66889144.7,24029.80000000447,0.0,0.0,20230823,20230823,94302104,0.887,0.0,0.0,0.876,0.875,0.874,0.873,0.872,0.0,0.0,0.0,0.0,0.0,0.877,0.878,0.879,0.88,0.881,0.0,0.0,0.0,0.0,0.0,2934800.0,4286800.0,6219500.0,1688200.0,2376200.0,0.0,0.0,0.0,0.0,0.0,2445900.0,5481900.0,1373600.0,1776500.0,1854600.0,0.0,0.0,0.0,0.0,0.0
20230823094305032,SZSE,SZSE.ETF.159949,0.877,0.881,0.883,0.876,0.0,1.064,0.71,76443600.0,445000.0,67279406.9,390262.200000003,0.0,0.0,20230823,20230823,94305031,0.887,0.0,0.0,0.876,0.875,0.874,0.873,0.872,0.0,0.0,0.0,0.0,0.0,0.877,0.878,0.879,0.88,0.881,0.0,0.0,0.0,0.0,0.0,2880100.0,4356800.0,6219500.0,1688200.0,2376200.0,0.0,0.0,0.0,0.0,0.0,2503700.0,5004600.0,1083600.0,1748200.0,1634600.0,0.0,0.0,0.0,0.0,0.0
20230823094308344,SZSE,SZSE.ETF.159949,0.876,0.881,0.883,0.876,0.0,1.064,0.71,76480900.0,37300.0,67312081.7,32674.79999999702,0.0,0.0,20230823,20230823,94308346,0.887,0.0,0.0,0.876,0.875,0.874,0.873,0.872,0.0,0.0,0.0,0.0,0.0,0.877,0.878,0.879,0.88,0.881,0.0,0.0,0.0,0.0,0.0,3356000.0,7326900.0,4646300.0,1709200.0,2376200.0,0.0,0.0,0.0,0.0,0.0,1982300.0,4974600.0,1052600.0,1748200.0,1634600.0,0.0,0.0,0.0,0.0,0.0
20230823094311032,SZSE,SZSE.ETF.159949,0.877,0.881,0.883,0.876,0.0,1.064,0.71,76524300.0,43400.0,67350143.5,38061.79999999702,0.0,0.0,20230823,20230823,94311034,0.887,0.0,0.0,0.876,0.875,0.874,0.873,0.872,0.0,0.0,0.0,0.0,0.0,0.877,0.878,0.879,0.88,0.881,0.0,0.0,0.0,0.0,0.0,3482300.0,7580900.0,4426300.0,1709200.0,2376300.0,0.0,0.0,0.0,0.0,0.0,882900.0,5594600.0,1052600.0,1748200.0,1634600.0,0.0,0.0,0.0,0.0,0.0
20230823094314116,SZSE,SZSE.ETF.159949,0.877,0.881,0.883,0.876,0.0,1.064,0.71,77128700.0,604400.0,67880143.5,530000.0,0.0,0.0,20230823,20230823,94314116,0.887,0.0,0.0,0.876,0.875,0.874,0.873,0.872,0.0,0.0,0.0,0.0,0.0,0.877,0.878,0.879,0.88,0.881,0.0,0.0,0.0,0.0,0.0,3645100.0,7159200.0,4426300.0,1739200.0,2377500.0,0.0,0.0,0.0,0.0,0.0,312100.0,3225300.0,3052600.0,1748200.0,1854600.0,0.0,0.0,0.0,0.0,0.0
20230823094317096,SZSE,SZSE.ETF.159949,0.876,0.881,0.883,0.876,0.0,1.064,0.71,77234800.0,106100.0,67973097.1,92953.59999999404,0.0,0.0,20230823,20230823,94317094,0.887,0.0,0.0,0.876,0.875,0.874,0.873,0.872,0.0,0.0,0.0,0.0,0.0,0.877,0.878,0.879,0.88,0.881,0.0,0.0,0.0,0.0,0.0,3590000.0,7589600.0,4436300.0,1744200.0,2389000.0,0.0,0.0,0.0,0.0,0.0,507900.0,3635300.0,3052600.0,1748200.0,1854600.0,0.0,0.0,0.0,0.0,0.0
20230823094319988,SZSE,SZSE.ETF.159949,0.876,0.881,0.883,0.876,0.0,1.064,0.71,77382900.0,148100.0,68102908.5,129811.40000000596,0.0,0.0,20230823,20230823,94319988,0.887,0.0,0.0,0.876,0.875,0.874,0.873,0.872,0.0,0.0,0.0,0.0,0.0,0.877,0.878,0.879,0.88,0.881,0.0,0.0,0.0,0.0,0.0,4132200.0,7456000.0,4436300.0,1769200.0,2404000.0,0.0,0.0,0.0,0.0,0.0,432100.0,5515300.0,1052700.0,1748200.0,1854600.0,0.0,0.0,0.0,0.0,0.0
20230823094323020,SZSE,SZSE.ETF.159949,0.877,0.881,0.883,0.876,0.0,1.064,0.71,77429100.0,46200.0,68143400.7,40492.20000000298,0.0,0.0,20230823,20230823,94323020,0.887,0.0,0.0,0.876,0.875,0.874,0.873,0.872,0.0,0.0,0.0,0.0,0.0,0.877,0.878,0.879,0.88,0.881,0.0,0.0,0.0,0.0,0.0,3801000.0,7572000.0,4456500.0,1769200.0,2404000.0,0.0,0.0,0.0,0.0,0.0,1411100.0,3635300.0,1052700.0,1758200.0,1634600.0,0.0,0.0,0.0,0.0,0.0
20230823094325968,SZSE,SZSE.ETF.159949,0.876,0.881,0.883,0.876,0.0,1.064,0.71,77664800.0,235700.0,68349874.0,206473.29999999702,0.0,0.0,20230823,20230823,94325966,0.887,0.0,0.0,0.876,0.875,0.874,0.873,0.872,0.0,0.0,0.0,0.0,0.0,0.877,0.878,0.879,0.88,0.881,0.0,0.0,0.0,0.0,0.0,3578800.0,7162200.0,4456500.0,1779200.0,2404000.0,0.0,0.0,0.0,0.0,0.0,1411000.0,5225300.0,1091700.0,1758200.0,1634600.0,0.0,0.0,0.0,0.0,0.0
20230823094328968,SZSE,SZSE.ETF.159949,0.876,0.881,0.883,0.876,0.0,1.064,0.71,77684300.0,19500.0,68366966.0,17092.0,0.0,0.0,20230823,20230823,94328968,0.887,0.0,0.0,0.876,0.875,0.874,0.873,0.872,0.0,0.0,0.0,0.0,0.0,0.877,0.878,0.879,0.88,0.881,0.0,0.0,0.0,0.0,0.0,3842900.0,6565900.0,4478500.0,1790800.0,2405500.0,0.0,0.0,0.0,0.0,0.0,1401000.0,5635800.0,1081800.0,1758200.0,1854600.0,0.0,0.0,0.0,0.0,0.0
20230823094332032,SZSE,SZSE.ETF.159949,0.877,0.881,0.883,0.876,0.0,1.064,0.71,77707300.0,23000.0,68387116.5,20150.5,0.0,0.0,20230823,20230823,94332030,0.887,0.0,0.0,0.876,0.875,0.874,0.873,0.872,0.0,0.0,0.0,0.0,0.0,0.877,0.878,0.879,0.88,0.881,0.0,0.0,0.0,0.0,0.0,3859500.0,5452200.0,6483300.0,1790800.0,2405500.0,0.0,0.0,0.0,0.0,0.0,1457300.0,5515800.0,1081800.0,1763300.0,1862600.0,0.0,0.0,0.0,0.0,0.0
20230823094335044,SZSE,SZSE.ETF.159949,0.876,0.881,0.883,0.876,0.0,1.064,0.71,77856700.0,149400.0,68518041.9,130925.40000000596,0.0,0.0,20230823,20230823,94335045,0.887,0.0,0.0,0.876,0.875,0.874,0.873,0.872,0.0,0.0,0.0,0.0,0.0,0.877,0.878,0.879,0.88,0.881,0.0,0.0,0.0,0.0,0.0,3827000.0,5657200.0,4290100.0,1810100.0,2405500.0,0.0,0.0,0.0,0.0,0.0,1313400.0,5715800.0,1081800.0,1763300.0,1868100.0,0.0,0.0,0.0,0.0,0.0
20230823094338316,SZSE,SZSE.ETF.159949,0.877,0.881,0.883,0.876,0.0,1.064,0.71,79187000.0,1330300.0,69684715.0,1166673.099999994,0.0,0.0,20230823,20230823,94338315,0.887,0.0,0.0,0.877,0.876,0.875,0.874,0.873,0.0,0.0,0.0,0.0,0.0,0.878,0.879,0.88,0.881,0.882,0.0,0.0,0.0,0.0,0.0,151200.0,3797300.0,7363500.0,4290100.0,1860100.0,0.0,0.0,0.0,0.0,0.0,3425800.0,3081800.0,1763300.0,1868100.0,1848200.0,0.0,0.0,0.0,0.0,0.0
20230823094340988,SZSE,SZSE.ETF.159949,0.877,0.881,0.883,0.876,0.0,1.064,0.71,79728600.0,541600.0,70159698.2,474983.200000003,0.0,0.0,20230823,20230823,94340987,0.887,0.0,0.0,0.877,0.876,0.875,0.874,0.873,0.0,0.0,0.0,0.0,0.0,0.878,0.879,0.88,0.881,0.882,0.0,0.0,0.0,0.0,0.0,621200.0,3753900.0,7116500.0,4278500.0,1860100.0,0.0,0.0,0.0,0.0,0.0,3175800.0,3520600.0,1782600.0,1868100.0,1856200.0,0.0,0.0,0.0,0.0,0.0
20230823094343968,SZSE,SZSE.ETF.159949,0.877,0.881,0.883,0.876,0.0,1.064,0.71,79747100.0,18500.0,70175922.8,16224.59999999404,0.0,0.0,20230823,20230823,94343967,0.887,0.0,0.0,0.877,0.876,0.875,0.874,0.873,0.0,0.0,0.0,0.0,0.0,0.878,0.879,0.88,0.881,0.882,0.0,0.0,0.0,0.0,0.0,515800.0,3785100.0,7450800.0,4290500.0,1863600.0,0.0,0.0,0.0,0.0,0.0,3398200.0,3520600.0,1782600.0,1868100.0,1856200.0,0.0,0.0,0.0,0.0,0.0
20230823094346976,SZSE,SZSE.ETF.159949,0.878,0.881,0.883,0.876,0.0,1.064,0.71,79747700.0,600.0,70176449.6,526.7999999970198,0.0,0.0,20230823,20230823,94346976,0.887,0.0,0.0,0.877,0.876,0.875,0.874,0.873,0.0,0.0,0.0,0.0,0.0,0.878,0.879,0.88,0.881,0.882,0.0,0.0,0.0,0.0,0.0,1658000.0,3927700.0,7461700.0,4292500.0,1850000.0,0.0,0.0,0.0,0.0,0.0,3497600.0,3640600.0,1782600.0,1868100.0,1856200.0,0.0,0.0,0.0,0.0,0.0
20230823094349968,SZSE,SZSE.ETF.159949,0.878,0.881,0.883,0.876,0.0,1.064,0.71,79775700.0,28000.0,70201030.9,24581.30000001192,0.0,0.0,20230823,20230823,94349970,0.887,0.0,0.0,0.877,0.876,0.875,0.874,0.873,0.0,0.0,0.0,0.0,0.0,0.878,0.879,0.88,0.881,0.882,0.0,0.0,0.0,0.0,0.0,1303900.0,3811200.0,7184100.0,4292500.0,1850200.0,0.0,0.0,0.0,0.0,0.0,3292300.0,3520600.0,1782600.0,1868100.0,1856200.0,0.0,0.0,0.0,0.0,0.0
20230823094353048,SZSE,SZSE.ETF.159949,0.878,0.881,0.883,0.876,0.0,1.064,0.71,79797900.0,22200.0,70220522.5,19491.59999999404,0.0,0.0,20230823,20230823,94353047,0.887,0.0,0.0,0.877,0.876,0.875,0.874,0.873,0.0,0.0,0.0,0.0,0.0,0.878,0.879,0.88,0.881,0.882,0.0,0.0,0.0,0.0,0.0,1865600.0,3726200.0,7219100.0,4292600.0,1905800.0,0.0,0.0,0.0,0.0,0.0,3270100.0,3930600.0,1782600.0,1868100.0,1856200.0,0.0,0.0,0.0,0.0,0.0
20230823094355960,SZSE,SZSE.ETF.159949,0.878,0.881,0.883,0.876,0.0,1.064,0.71,79840000.0,42100.0,70257444.3,36921.79999999702,0.0,0.0,20230823,20230823,94355959,0.887,0.0,0.0,0.877,0.876,0.875,0.874,0.873,0.0,0.0,0.0,0.0,0.0,0.878,0.879,0.88,0.881,0.882,0.0,0.0,0.0,0.0,0.0,1744600.0,4140500.0,7219400.0,4292600.0,1915800.0,0.0,0.0,0.0,0.0,0.0,3270000.0,3723300.0,1782600.0,1868400.0,1856200.0,0.0,0.0,0.0,0.0,0.0
20230823094615092,SZSE,SZSE.ETF.159949,0.877,0.881,0.883,0.876,0.0,1.064,0.71,87716500.0,1232500.0,77161641.9,1079870.600000009,0.0,0.0,20230823,20230823,94615091,0.887,0.0,0.0,0.876,0.875,0.874,0.873,0.872,0.0,0.0,0.0,0.0,0.0,0.877,0.878,0.879,0.88,0.881,0.0,0.0,0.0,0.0,0.0,2725600.0,5266000.0,7783600.0,4652700.0,3600500.0,0.0,0.0,0.0,0.0,0.0,6198900.0,2840900.0,1661300.0,1537500.0,2019800.0,0.0,0.0,0.0,0.0,0.0
20230823094617324,SZSE,SZSE.ETF.159949,0.877,0.881,0.883,0.876,0.0,1.064,0.71,87746200.0,29700.0,77187659.3,26017.39999999106,0.0,0.0,20230823,20230823,94617323,0.887,0.0,0.0,0.876,0.875,0.874,0.873,0.872,0.0,0.0,0.0,0.0,0.0,0.877,0.878,0.879,0.88,0.881,0.0,0.0,0.0,0.0,0.0,2712500.0,5672200.0,4791400.0,6651900.0,3600500.0,0.0,0.0,0.0,0.0,0.0,6198700.0,3174600.0,1586900.0,1537500.0,2019800.0,0.0,0.0,0.0,0.0,0.0
20230823094624284,SZSE,SZSE.ETF.159949,0.877,0.881,0.883,0.876,0.0,1.064,0.71,87867600.0,121400.0,77294006.0,106346.70000000298,0.0,0.0,20230823,20230823,94624285,0.887,0.0,0.0,0.876,0.875,0.874,0.873,0.872,0.0,0.0,0.0,0.0,0.0,0.877,0.878,0.879,0.88,0.881,0.0,0.0,0.0,0.0,0.0,2592100.0,5544200.0,5790500.0,6651900.0,3615500.0,0.0,0.0,0.0,0.0,0.0,6082900.0,3754600.0,1586900.0,1537500.0,2019800.0,0.0,0.0,0.0,0.0,0.0
20230823094624484,SZSE,SZSE.ETF.159949,0.877,0.881,0.883,0.876,0.0,1.064,0.71,87867600.0,0.0,77294006.0,0.0,0.0,0.0,20230823,20230823,94624485,0.887,0.0,0.0,0.876,0.875,0.874,0.873,0.872,0.0,0.0,0.0,0.0,0.0,0.877,0.878,0.879,0.88,0.881,0.0,0.0,0.0,0.0,0.0,2603200.0,5583200.0,3819400.0,6741900.0,3615500.0,0.0,0.0,0.0,0.0,0.0,6082900.0,3874600.0,1586900.0,1317500.0,2019800.0,0.0,0.0,0.0,0.0,0.0
20230823094627832,SZSE,SZSE.ETF.159949,0.876,0.881,0.883,0.876,0.0,1.064,0.71,88908700.0,1041100.0,78206009.6,912003.599999994,0.0,0.0,20230823,20230823,94627831,0.887,0.0,0.0,0.876,0.875,0.874,0.873,0.872,0.0,0.0,0.0,0.0,0.0,0.877,0.878,0.879,0.88,0.881,0.0,0.0,0.0,0.0,0.0,1589100.0,5791000.0,4818400.0,6961900.0,3615500.0,0.0,0.0,0.0,0.0,0.0,6064200.0,3754600.0,1586900.0,1317500.0,2019800.0,0.0,0.0,0.0,0.0,0.0
20230823094630648,SZSE,SZSE.ETF.159949,0.876,0.881,0.883,0.875,0.0,1.064,0.71,90647300.0,1738600.0,79728931.2,1522921.600000009,0.0,0.0,20230823,20230823,94630648,0.887,0.0,0.0,0.875,0.874,0.873,0.872,0.871,0.0,0.0,0.0,0.0,0.0,0.876,0.877,0.878,0.879,0.88,0.0,0.0,0.0,0.0,0.0,5749500.0,5818400.0,6741900.0,3616400.0,2748800.0,0.0,0.0,0.0,0.0,0.0,588900.0,4527000.0,3167800.0,1436900.0,1537500.0,0.0,0.0,0.0,0.0,0.0
20230823094641040,SZSE,SZSE.ETF.159949,0.876,0.881,0.883,0.875,0.0,1.064,0.71,90783400.0,2100.0,79848154.8,1839.5999999940395,0.0,0.0,20230823,20230823,94641039,0.887,0.0,0.0,0.875,0.874,0.873,0.872,0.871,0.0,0.0,0.0,0.0,0.0,0.876,0.877,0.878,0.879,0.88,0.0,0.0,0.0,0.0,0.0,5921100.0,7931600.0,4753700.0,3807900.0,2758800.0,0.0,0.0,0.0,0.0,0.0,573900.0,4685700.0,3197800.0,1436900.0,1557500.0,0.0,0.0,0.0,0.0,0.0
20230823094644020,SZSE,SZSE.ETF.159949,0.876,0.881,0.883,0.875,0.0,1.064,0.71,90876300.0,92900.0,79929533.0,81378.20000000298,0.0,0.0,20230823,20230823,94644020,0.887,0.0,0.0,0.875,0.874,0.873,0.872,0.871,0.0,0.0,0.0,0.0,0.0,0.876,0.877,0.878,0.879,0.88,0.0,0.0,0.0,0.0,0.0,5661000.0,8341600.0,4753700.0,3807900.0,2758800.0,0.0,0.0,0.0,0.0,0.0,635500.0,5095700.0,2907800.0,1436900.0,1557500.0,0.0,0.0,0.0,0.0,0.0
20230823094650068,SZSE,SZSE.ETF.159949,0.875,0.881,0.883,0.875,0.0,1.064,0.71,90935400.0,22600.0,79981275.8,19795.29999999702,0.0,0.0,20230823,20230823,94650067,0.887,0.0,0.0,0.875,0.874,0.873,0.872,0.871,0.0,0.0,0.0,0.0,0.0,0.876,0.877,0.878,0.879,0.88,0.0,0.0,0.0,0.0,0.0,5688400.0,8346900.0,4753700.0,3810000.0,2789300.0,0.0,0.0,0.0,0.0,0.0,608200.0,5154200.0,2917800.0,1594900.0,1557500.0,0.0,0.0,0.0,0.0,0.0
20230823094653120,SZSE,SZSE.ETF.159949,0.876,0.881,0.883,0.875,0.0,1.064,0.71,90951200.0,15800.0,79995116.6,13840.79999999702,0.0,0.0,20230823,20230823,94653119,0.887,0.0,0.0,0.875,0.874,0.873,0.872,0.871,0.0,0.0,0.0,0.0,0.0,0.876,0.877,0.878,0.879,0.88,0.0,0.0,0.0,0.0,0.0,5717100.0,8214900.0,4803700.0,3810000.0,2789300.0,0.0,0.0,0.0,0.0,0.0,649400.0,5022200.0,2917800.0,1594900.0,1557500.0,0.0,0.0,0.0,0.0,0.0
20230823094655976,SZSE,SZSE.ETF.159949,0.876,0.881,0.883,0.875,0.0,1.064,0.71,90976800.0,25600.0,80017542.2,22425.60000000894,0.0,0.0,20230823,20230823,94655978,0.887,0.0,0.0,0.875,0.874,0.873,0.872,0.871,0.0,0.0,0.0,0.0,0.0,0.876,0.877,0.878,0.879,0.88,0.0,0.0,0.0,0.0,0.0,5765500.0,7924900.0,4803700.0,3817600.0,2819300.0,0.0,0.0,0.0,0.0,0.0,669200.0,4732200.0,2917800.0,1594900.0,1557500.0,0.0,0.0,0.0,0.0,0.0
20230823094658992,SZSE,SZSE.ETF.159949,0.875,0.881,0.883,0.875,0.0,1.064,0.71,91049300.0,72500.0,80080980.2,63438.0,0.0,0.0,20230823,20230823,94658990,0.887,0.0,0.0,0.875,0.874,0.873,0.872,0.871,0.0,0.0,0.0,0.0,0.0,0.876,0.877,0.878,0.879,0.88,0.0,0.0,0.0,0.0,0.0,5707000.0,6021800.0,6996900.0,3817600.0,2820300.0,0.0,0.0,0.0,0.0,0.0,2098700.0,3822200.0,2877100.0,1594900.0,1557500.0,0.0,0.0,0.0,0.0,0.0
20230823094702008,SZSE,SZSE.ETF.159949,0.876,0.881,0.883,0.875,0.0,1.064,0.71,91058600.0,9300.0,80089127.0,8146.79999999702,0.0,0.0,20230823,20230823,94702007,0.887,0.0,0.0,0.875,0.874,0.873,0.872,0.871,0.0,0.0,0.0,0.0,0.0,0.876,0.877,0.878,0.879,0.88,0.0,0.0,0.0,0.0,0.0,5740700.0,5227800.0,6796900.0,3817600.0,2823200.0,0.0,0.0,0.0,0.0,0.0,2890300.0,4875600.0,2877100.0,1726900.0,1557800.0,0.0,0.0,0.0,0.0,0.0
20230823094705036,SZSE,SZSE.ETF.159949,0.876,0.881,0.883,0.875,0.0,1.064,0.71,91089900.0,31300.0,80116523.8,27396.79999999702,0.0,0.0,20230823,20230823,94705037,0.887,0.0,0.0,0.875,0.874,0.873,0.872,0.871,0.0,0.0,0.0,0.0,0.0,0.876,0.877,0.878,0.879,0.88,0.0,0.0,0.0,0.0,0.0,5738100.0,5147800.0,7006900.0,3817600.0,2823200.0,0.0,0.0,0.0,0.0,0.0,4080000.0,4541300.0,2877100.0,1726900.0,1557800.0,0.0,0.0,0.0,0.0,0.0
20230823094708092,SZSE,SZSE.ETF.159949,0.875,0.881,0.883,0.875,0.0,1.064,0.71,91189900.0,100000.0,80204023.8,87500.0,0.0,0.0,20230823,20230823,94708092,0.887,0.0,0.0,0.875,0.874,0.873,0.872,0.871,0.0,0.0,0.0,0.0,0.0,0.876,0.877,0.878,0.879,0.88,0.0,0.0,0.0,0.0,0.0,5701400.0,6032300.0,7006900.0,3827500.0,2833200.0,0.0,0.0,0.0,0.0,0.0,4580000.0,2921300.0,2877100.0,1726900.0,1557800.0,0.0,0.0,0.0,0.0,0.0
20230823094710992,SZSE,SZSE.ETF.159949,0.875,0.881,0.883,0.875,0.0,1.064,0.71,91196900.0,7000.0,80210150.8,6127.0,0.0,0.0,20230823,20230823,94710994,0.887,0.0,0.0,0.875,0.874,0.873,0.872,0.871,0.0,0.0,0.0,0.0,0.0,0.876,0.877,0.878,0.879,0.88,0.0,0.0,0.0,0.0,0.0,5699600.0,4863300.0,7011900.0,3827500.0,2838200.0,0.0,0.0,0.0,0.0,0.0,5893000.0,2751300.0,2877100.0,1726900.0,1562800.0,0.0,0.0,0.0,0.0,0.0
20230823094714016,SZSE,SZSE.ETF.159949,0.876,0.881,0.883,0.875,0.0,1.064,0.71,91197900.0,1000.0,80211026.8,876.0,0.0,0.0,20230823,20230823,94714018,0.887,0.0,0.0,0.875,0.874,0.873,0.872,0.871,0.0,0.0,0.0,0.0,0.0,0.876,0.877,0.878,0.879,0.88,0.0,0.0,0.0,0.0,0.0,5741700.0,5088200.0,7011900.0,3827500.0,2858200.0,0.0,0.0,0.0,0.0,0.0,5892000.0,2921300.0,2877100.0,1726900.0,1551200.0,0.0,0.0,0.0,0.0,0.0
20230823094716992,SZSE,SZSE.ETF.159949,0.875,0.881,0.883,0.875,0.0,1.064,0.71,91264500.0,66600.0,80269302.8,58276.0,0.0,0.0,20230823,20230823,94716991,0.887,0.0,0.0,0.875,0.874,0.873,0.872,0.871,0.0,0.0,0.0,0.0,0.0,0.876,0.877,0.878,0.879,0.88,0.0,0.0,0.0,0.0,0.0,5700800.0,5218200.0,7014400.0,3827500.0,2968200.0,0.0,0.0,0.0,0.0,0.0,5894000.0,3041300.0,2877100.0,1726900.0,1551200.0,0.0,0.0,0.0,0.0,0.0
20230823094720156,SZSE,SZSE.ETF.159949,0.875,0.881,0.883,0.875,0.0,1.064,0.71,91392100.0,127600.0,80380952.8,111650.0,0.0,0.0,20230823,20230823,94720155,0.887,0.0,0.0,0.875,0.874,0.873,0.872,0.871,0.0,0.0,0.0,0.0,0.0,0.876,0.877,0.878,0.879,0.88,0.0,0.0,0.0,0.0,0.0,5551800.0,5098900.0,7014400.0,3847500.0,3008200.0,0.0,0.0,0.0,0.0,0.0,5107000.0,2921300.0,2927100.0,1726900.0,1551200.0,0.0,0.0,0.0,0.0,0.0
20230823094723536,SZSE,SZSE.ETF.159949,0.876,0.881,0.883,0.875,0.0,1.064,0.71,91424400.0,32300.0,80409247.6,28294.79999999702,0.0,0.0,20230823,20230823,94723538,0.887,0.0,0.0,0.875,0.874,0.873,0.872,0.871,0.0,0.0,0.0,0.0,0.0,0.876,0.877,0.878,0.879,0.88,0.0,0.0,0.0,0.0,0.0,5003700.0,4618900.0,7254400.0,3847500.0,3013200.0,0.0,0.0,0.0,0.0,0.0,5504700.0,3022600.0,2727100.0,1726900.0,1331200.0,0.0,0.0,0.0,0.0,0.0
20230823094726304,SZSE,SZSE.ETF.159949,0.876,0.881,0.883,0.875,0.0,1.064,0.71,91441500.0,17100.0,80424227.2,14979.60000000894,0.0,0.0,20230823,20230823,94726303,0.887,0.0,0.0,0.875,0.874,0.873,0.872,0.871,0.0,0.0,0.0,0.0,0.0,0.876,0.877,0.878,0.879,0.88,0.0,0.0,0.0,0.0,0.0,5072400.0,4508900.0,7263700.0,3850000.0,3019200.0,0.0,0.0,0.0,0.0,0.0,5487600.0,3892600.0,2727100.0,1727000.0,1331200.0,0.0,0.0,0.0,0.0,0.0
20230823094729172,SZSE,SZSE.ETF.159949,0.876,0.881,0.883,0.875,0.0,1.064,0.71,91579000.0,137500.0,80544551.3,120324.09999999404,0.0,0.0,20230823,20230823,94729171,0.887,0.0,0.0,0.875,0.874,0.873,0.872,0.871,0.0,0.0,0.0,0.0,0.0,0.876,0.877,0.878,0.879,0.88,0.0,0.0,0.0,0.0,0.0,4966600.0,5128900.0,7283500.0,3950000.0,3042100.0,0.0,0.0,0.0,0.0,0.0,5476000.0,4012600.0,2727100.0,1727000.0,1331200.0,0.0,0.0,0.0,0.0,0.0
20230823094732036,SZSE,SZSE.ETF.159949,0.875,0.881,0.883,0.875,0.0,1.064,0.71,91604000.0,25000.0,80566426.3,21875.0,0.0,0.0,20230823,20230823,94732037,0.887,0.0,0.0,0.875,0.874,0.873,0.872,0.871,0.0,0.0,0.0,0.0,0.0,0.876,0.877,0.878,0.879,0.88,0.0,0.0,0.0,0.0,0.0,5464300.0,4538900.0,7333500.0,3950000.0,3044600.0,0.0,0.0,0.0,0.0,0.0,5476000.0,3818200.0,2727100.0,1727000.0,1331200.0,0.0,0.0,0.0,0.0,0.0
20230823094735000,SZSE,SZSE.ETF.159949,0.875,0.881,0.883,0.875,0.0,1.064,0.71,91654900.0,50900.0,80610964.7,44538.40000000596,0.0,0.0,20230823,20230823,94735002,0.887,0.0,0.0,0.875,0.874,0.873,0.872,0.871,0.0,0.0,0.0,0.0,0.0,0.876,0.877,0.878,0.879,0.88,0.0,0.0,0.0,0.0,0.0,5457500.0,4652900.0,7333500.0,3950100.0,3044600.0,0.0,0.0,0.0,0.0,0.0,5475100.0,3956900.0,2727100.0,1727000.0,1331200.0,0.0,0.0,0.0,0.0,0.0
20230823094737992,SZSE,SZSE.ETF.159949,0.876,0.881,0.883,0.875,0.0,1.064,0.71,91662900.0,8000.0,80617967.7,7003.0,0.0,0.0,20230823,20230823,94737994,0.887,0.0,0.0,0.875,0.874,0.873,0.872,0.871,0.0,0.0,0.0,0.0,0.0,0.876,0.877,0.878,0.879,0.88,0.0,0.0,0.0,0.0,0.0,4966400.0,4942900.0,7333500.0,3910100.0,3024600.0,0.0,0.0,0.0,0.0,0.0,5480500.0,3546900.0,2727100.0,1727000.0,1331200.0,0.0,0.0,0.0,0.0,0.0
20230823094740996,SZSE,SZSE.ETF.159949,0.876,0.881,0.883,0.875,0.0,1.064,0.71,91681400.0,18500.0,80634156.8,16189.09999999404,0.0,0.0,20230823,20230823,94740996,0.887,0.0,0.0,0.875,0.874,0.873,0.872,0.871,0.0,0.0,0.0,0.0,0.0,0.876,0.877,0.878,0.879,0.88,0.0,0.0,0.0,0.0,0.0,5459200.0,4863900.0,7333500.0,3910100.0,3029600.0,0.0,0.0,0.0,0.0,0.0,6468900.0,3912400.0,2727100.0,1595000.0,1331200.0,0.0,0.0,0.0,0.0,0.0
20230823094743984,SZSE,SZSE.ETF.159949,0.876,0.881,0.883,0.875,0.0,1.064,0.71,91682400.0,1000.0,80635032.8,876.0,0.0,0.0,20230823,20230823,94743983,0.887,0.0,0.0,0.875,0.874,0.873,0.872,0.871,0.0,0.0,0.0,0.0,0.0,0.876,0.877,0.878,0.879,0.88,0.0,0.0,0.0,0.0,0.0,5510600.0,4743900.0,7383500.0,3910100.0,3029600.0,0.0,0.0,0.0,0.0,0.0,6473500.0,3792400.0,2717100.0,1595000.0,1336200.0,0.0,0.0,0.0,0.0,0.0
20230823094747004,SZSE,SZSE.ETF.159949,0.876,0.881,0.883,0.875,0.0,1.064,0.71,91682400.0,0.0,80635032.8,0.0,0.0,0.0,20230823,20230823,94747004,0.887,0.0,0.0,0.875,0.874,0.873,0.872,0.871,0.0,0.0,0.0,0.0,0.0,0.876,0.877,0.878,0.879,0.88,0.0,0.0,0.0,0.0,0.0,5564900.0,4894000.0,7383500.0,3910100.0,3051600.0,0.0,0.0,0.0,0.0,0.0,6573500.0,3912400.0,2717100.0,1595000.0,1336200.0,0.0,0.0,0.0,0.0,0.0
20230823094750024,SZSE,SZSE.ETF.159949,0.876,0.881,0.883,0.875,0.0,1.064,0.71,91718000.0,35600.0,80666184.8,31152.0,0.0,0.0,20230823,20230823,94750023,0.887,0.0,0.0,0.875,0.874,0.873,0.872,0.871,0.0,0.0,0.0,0.0,0.0,0.876,0.877,0.878,0.879,0.88,0.0,0.0,0.0,0.0,0.0,5512900.0,4800400.0,7163500.0,3910100.0,3052800.0,0.0,0.0,0.0,0.0,0.0,6351500.0,3792400.0,2717100.0,1727000.0,1336200.0,0.0,0.0,0.0,0.0,0.0
20230823094753048,SZSE,SZSE.ETF.159949,0.875,0.881,0.883,0.875,0.0,1.064,0.71,91759900.0,41900.0,80702850.3,36665.5,0.0,0.0,20230823,20230823,94753048,0.887,0.0,0.0,0.875,0.874,0.873,0.872,0.871,0.0,0.0,0.0,0.0,0.0,0.876,0.877,0.878,0.879,0.88,0.0,0.0,0.0,0.0,0.0,5680900.0,4425400.0,7363500.0,3910100.0,3052700.0,0.0,0.0,0.0,0.0,0.0,5388500.0,3822400.0,2717100.0,1727000.0,1336200.0,0.0,0.0,0.0,0.0,0.0
20230823094756048,SZSE,SZSE.ETF.159949,0.876,0.881,0.883,0.875,0.0,1.064,0.71,91780400.0,20500.0,80720808.3,17958.0,0.0,0.0,20230823,20230823,94756050,0.887,0.0,0.0,0.875,0.874,0.873,0.872,0.871,0.0,0.0,0.0,0.0,0.0,0.876,0.877,0.878,0.879,0.88,0.0,0.0,0.0,0.0,0.0,5919400.0,4605400.0,7143500.0,3910100.0,3072700.0,0.0,0.0,0.0,0.0,0.0,5269100.0,3002400.0,2747100.0,1727000.0,1556700.0,0.0,0.0,0.0,0.0,0.0
20230823094759136,SZSE,SZSE.ETF.159949,0.876,0.881,0.883,0.875,0.0,1.064,0.71,91782600.0,2200.0,80722735.5,1927.2000000029802,0.0,0.0,20230823,20230823,94759137,0.887,0.0,0.0,0.875,0.874,0.873,0.872,0.871,0.0,0.0,0.0,0.0,0.0,0.876,0.877,0.878,0.879,0.88,0.0,0.0,0.0,0.0,0.0,5967300.0,5725400.0,7143500.0,3910100.0,3122700.0,0.0,0.0,0.0,0.0,0.0,5866900.0,3122400.0,2747100.0,1727000.0,1556700.0,0.0,0.0,0.0,0.0,0.0
20230823094802124,SZSE,SZSE.ETF.159949,0.876,0.881,0.883,0.875,0.0,1.064,0.71,91786600.0,4000.0,80726239.5,3504.0,0.0,0.0,20230823,20230823,94802125,0.887,0.0,0.0,0.875,0.874,0.873,0.872,0.871,0.0,0.0,0.0,0.0,0.0,0.876,0.877,0.878,0.879,0.88,0.0,0.0,0.0,0.0,0.0,5967800.0,5616000.0,7140600.0,3920100.0,3152900.0,0.0,0.0,0.0,0.0,0.0,5959900.0,2985500.0,2747100.0,1727000.0,1561700.0,0.0,0.0,0.0,0.0,0.0
20230823094805080,SZSE,SZSE.ETF.159949,0.876,0.881,0.883,0.875,0.0,1.064,0.71,91876600.0,90000.0,80805078.3,78838.79999999702,0.0,0.0,20230823,20230823,94805082,0.887,0.0,0.0,0.875,0.874,0.873,0.872,0.871,0.0,0.0,0.0,0.0,0.0,0.876,0.877,0.878,0.879,0.88,0.0,0.0,0.0,0.0,0.0,6083700.0,8608200.0,5152400.0,3920100.0,3162900.0,0.0,0.0,0.0,0.0,0.0,2866700.0,4886400.0,3747100.0,1727000.0,1561700.0,0.0,0.0,0.0,0.0,0.0
20230823094808160,SZSE,SZSE.ETF.159949,0.875,0.881,0.883,0.875,0.0,1.064,0.71,91906600.0,30000.0,80831328.3,26250.0,0.0,0.0,20230823,20230823,94808162,0.887,0.0,0.0,0.875,0.874,0.873,0.872,0.871,0.0,0.0,0.0,0.0,0.0,0.876,0.877,0.878,0.879,0.88,0.0,0.0,0.0,0.0,0.0,6113700.0,8608300.0,5152400.0,3920100.0,3162900.0,0.0,0.0,0.0,0.0,0.0,1612400.0,4485500.0,4148000.0,1727000.0,1561700.0,0.0,0.0,0.0,0.0,0.0
20230823094811040,SZSE,SZSE.ETF.159949,0.876,0.881,0.883,0.875,0.0,1.064,0.71,91945300.0,38700.0,80865228.9,33900.60000000894,0.0,0.0,20230823,20230823,94811040,0.887,0.0,0.0,0.875,0.874,0.873,0.872,0.871,0.0,0.0,0.0,0.0,0.0,0.876,0.877,0.878,0.879,0.88,0.0,0.0,0.0,0.0,0.0,6150800.0,8808300.0,4958600.0,3920100.0,3193500.0,0.0,0.0,0.0,0.0,0.0,1374300.0,6086400.0,2047100.0,1727000.0,1561700.0,0.0,0.0,0.0,0.0,0.0
20230823094814096,SZSE,SZSE.ETF.159949,0.876,0.881,0.883,0.875,0.0,1.064,0.71,92005300.0,60000.0,80917788.9,52560.0,0.0,0.0,20230823,20230823,94814094,0.887,0.0,0.0,0.875,0.874,0.873,0.872,0.871,0.0,0.0,0.0,0.0,0.0,0.876,0.877,0.878,0.879,0.88,0.0,0.0,0.0,0.0,0.0,6174700.0,8638300.0,4955900.0,3920100.0,3219600.0,0.0,0.0,0.0,0.0,0.0,1314300.0,5916400.0,2047100.0,1727000.0,1561700.0,0.0,0.0,0.0,0.0,0.0
20230823094817008,SZSE,SZSE.ETF.159949,0.876,0.881,0.883,0.875,0.0,1.064,0.71,93005300.0,1000000.0,81793788.9,876000.0,0.0,0.0,20230823,20230823,94817008,0.887,0.0,0.0,0.875,0.874,0.873,0.872,0.871,0.0,0.0,0.0,0.0,0.0,0.876,0.877,0.878,0.879,0.88,0.0,0.0,0.0,0.0,0.0,6176400.0,5816100.0,6949100.0,3964900.0,3219600.0,0.0,0.0,0.0,0.0,0.0,1313300.0,6086400.0,2047100.0,1727000.0,1561700.0,0.0,0.0,0.0,0.0,0.0
20230823094820036,SZSE,SZSE.ETF.159949,0.876,0.881,0.883,0.875,0.0,1.064,0.71,93679600.0,674300.0,82384058.7,590269.799999997,0.0,0.0,20230823,20230823,94820035,0.887,0.0,0.0,0.875,0.874,0.873,0.872,0.871,0.0,0.0,0.0,0.0,0.0,0.876,0.877,0.878,0.879,0.88,0.0,0.0,0.0,0.0,0.0,5698000.0,5930100.0,6970700.0,3965900.0,3219600.0,0.0,0.0,0.0,0.0,0.0,3456900.0,3805500.0,2047100.0,1727000.0,1562200.0,0.0,0.0,0.0,0.0,0.0
20230823094822988,SZSE,SZSE.ETF.159949,0.876,0.881,0.883,0.875,0.0,1.064,0.71,93737500.0,57900.0,82434779.1,50720.39999999106,0.0,0.0,20230823,20230823,94822989,0.887,0.0,0.0,0.875,0.874,0.873,0.872,0.871,0.0,0.0,0.0,0.0,0.0,0.876,0.877,0.878,0.879,0.88,0.0,0.0,0.0,0.0,0.0,5816000.0,5660100.0,7173100.0,3965900.0,3225600.0,0.0,0.0,0.0,0.0,0.0,7783800.0,3666800.0,2047100.0,1727000.0,1563100.0,0.0,0.0,0.0,0.0,0.0
20230823094826000,SZSE,SZSE.ETF.159949,0.875,0.881,0.883,0.875,0.0,1.064,0.71,94561700.0,824200.0,83155978.3,721199.200000003,0.0,0.0,20230823,20230823,94825999,0.887,0.0,0.0,0.875,0.874,0.873,0.872,0.871,0.0,0.0,0.0,0.0,0.0,0.876,0.877,0.878,0.879,0.88,0.0,0.0,0.0,0.0,0.0,5016000.0,5493300.0,7173100.0,3970100.0,3228100.0,0.0,0.0,0.0,0.0,0.0,9459600.0,2796800.0,2049400.0,1729500.0,1563100.0,0.0,0.0,0.0,0.0,0.0
20230823094829024,SZSE,SZSE.ETF.159949,0.876,0.881,0.883,0.875,0.0,1.064,0.71,94562700.0,1000.0,83156854.3,876.0,0.0,0.0,20230823,20230823,94829023,0.887,0.0,0.0,0.875,0.874,0.873,0.872,0.871,0.0,0.0,0.0,0.0,0.0,0.876,0.877,0.878,0.879,0.88,0.0,0.0,0.0,0.0,0.0,5027400.0,5668800.0,7173100.0,3970100.0,3225100.0,0.0,0.0,0.0,0.0,0.0,9609600.0,2966800.0,2049400.0,1729500.0,1563100.0,0.0,0.0,0.0,0.0,0.0
20230823094832012,SZSE,SZSE.ETF.159949,0.876,0.881,0.883,0.875,0.0,1.064,0.71,94562700.0,0.0,83156854.3,0.0,0.0,0.0,20230823,20230823,94832011,0.887,0.0,0.0,0.875,0.874,0.873,0.872,0.871,0.0,0.0,0.0,0.0,0.0,0.876,0.877,0.878,0.879,0.88,0.0,0.0,0.0,0.0,0.0,5029400.0,5498800.0,7173100.0,4013100.0,3226100.0,0.0,0.0,0.0,0.0,0.0,9258600.0,2776800.0,2049400.0,1597500.0,1563100.0,0.0,0.0,0.0,0.0,0.0
20230823094835048,SZSE,SZSE.ETF.159949,0.875,0.881,0.883,0.875,0.0,1.064,0.71,94604400.0,41700.0,83193341.8,36487.5,0.0,0.0,20230823,20230823,94835048,0.887,0.0,0.0,0.875,0.874,0.873,0.872,0.871,0.0,0.0,0.0,0.0,0.0,0.876,0.877,0.878,0.879,0.88,0.0,0.0,0.0,0.0,0.0,4993800.0,5675500.0,7196700.0,4013100.0,3246100.0,0.0,0.0,0.0,0.0,0.0,9258600.0,2946800.0,2049400.0,1597500.0,1563100.0,0.0,0.0,0.0,0.0,0.0
20230823094838000,SZSE,SZSE.ETF.159949,0.876,0.881,0.883,0.875,0.0,1.064,0.71,94609800.0,5400.0,83198072.2,4730.4000000059605,0.0,0.0,20230823,20230823,94837998,0.887,0.0,0.0,0.875,0.874,0.873,0.872,0.871,0.0,0.0,0.0,0.0,0.0,0.876,0.877,0.878,0.879,0.88,0.0,0.0,0.0,0.0,0.0,4958100.0,5807000.0,7202500.0,4013100.0,3246100.0,0.0,0.0,0.0,0.0,0.0,9273200.0,3166800.0,2049400.0,1597500.0,1564300.0,0.0,0.0,0.0,0.0,0.0
20230823094841020,SZSE,SZSE.ETF.159949,0.875,0.881,0.883,0.875,0.0,1.064,0.71,94656800.0,47000.0,83239239.2,41167.0,0.0,0.0,20230823,20230823,94841021,0.887,0.0,0.0,0.875,0.874,0.873,0.872,0.871,0.0,0.0,0.0,0.0,0.0,0.876,0.877,0.878,0.879,0.88,0.0,0.0,0.0,0.0,0.0,4945300.0,5687000.0,7202500.0,4013100.0,3246100.0,0.0,0.0,0.0,0.0,0.0,9305600.0,3046800.0,2181400.0,1597500.0,1564300.0,0.0,0.0,0.0,0.0,0.0
20230823094936072,SZSE,SZSE.ETF.159949,0.875,0.881,0.883,0.875,0.0,1.064,0.71,97815800.0,168100.0,86004799.8,147253.59999999404,0.0,0.0,20230823,20230823,94936071,0.887,0.0,0.0,0.875,0.874,0.873,0.872,0.871,0.0,0.0,0.0,0.0,0.0,0.876,0.877,0.878,0.879,0.88,0.0,0.0,0.0,0.0,0.0,7022100.0,10670900.0,5375200.0,4531800.0,3571200.0,0.0,0.0,0.0,0.0,0.0,3436000.0,6868700.0,2461400.0,1602500.0,2012300.0,0.0,0.0,0.0,0.0,0.0
20230823094938240,SZSE,SZSE.ETF.159949,0.876,0.881,0.883,0.875,0.0,1.064,0.71,97875800.0,60000.0,86057359.8,52560.0,0.0,0.0,20230823,20230823,94938242,0.887,0.0,0.0,0.875,0.874,0.873,0.872,0.871,0.0,0.0,0.0,0.0,0.0,0.876,0.877,0.878,0.879,0.88,0.0,0.0,0.0,0.0,0.0,7119900.0,9830200.0,5375200.0,4531800.0,3571200.0,0.0,0.0,0.0,0.0,0.0,4976000.0,5748700.0,2872400.0,1602500.0,2012300.0,0.0,0.0,0.0,0.0,0.0
20230823094942964,SZSE,SZSE.ETF.159949,0.876,0.881,0.883,0.875,0.0,1.064,0.71,97912000.0,36200.0,86089070.0,31710.20000000298,0.0,0.0,20230823,20230823,94942965,0.887,0.0,0.0,0.875,0.874,0.873,0.872,0.871,0.0,0.0,0.0,0.0,0.0,0.876,0.877,0.878,0.879,0.88,0.0,0.0,0.0,0.0,0.0,6991300.0,7173000.0,7368400.0,4557800.0,3579200.0,0.0,0.0,0.0,0.0,0.0,7411100.0,3545300.0,2672400.0,1602500.0,2012300.0,0.0,0.0,0.0,0.0,0.0
20230823094945352,SZSE,SZSE.ETF.159949,0.876,0.881,0.883,0.875,0.0,1.064,0.71,98053900.0,141900.0,86213245.8,124175.79999999702,0.0,0.0,20230823,20230823,94945353,0.887,0.0,0.0,0.875,0.874,0.873,0.872,0.871,0.0,0.0,0.0,0.0,0.0,0.876,0.877,0.878,0.879,0.88,0.0,0.0,0.0,0.0,0.0,6868700.0,7053000.0,7368400.0,4567800.0,3619200.0,0.0,0.0,0.0,0.0,0.0,6416900.0,5468700.0,2672400.0,1602500.0,2012300.0,0.0,0.0,0.0,0.0,0.0
20230823094948716,SZSE,SZSE.ETF.159949,0.876,0.881,0.883,0.875,0.0,1.064,0.71,98092100.0,38200.0,86246709.0,33463.20000000298,0.0,0.0,20230823,20230823,94948717,0.887,0.0,0.0,0.875,0.874,0.873,0.872,0.871,0.0,0.0,0.0,0.0,0.0,0.876,0.877,0.878,0.879,0.88,0.0,0.0,0.0,0.0,0.0,6984600.0,6888000.0,7368400.0,4567800.0,3617700.0,0.0,0.0,0.0,0.0,0.0,9759400.0,3255300.0,2672400.0,1602500.0,2012300.0,0.0,0.0,0.0,0.0,0.0
20230823094951108,SZSE,SZSE.ETF.159949,0.875,0.881,0.883,0.875,0.0,1.064,0.71,98205000.0,112900.0,86345601.6,98892.59999999404,0.0,0.0,20230823,20230823,94951108,0.887,0.0,0.0,0.875,0.874,0.873,0.872,0.871,0.0,0.0,0.0,0.0,0.0,0.876,0.877,0.878,0.879,0.88,0.0,0.0,0.0,0.0,0.0,7233900.0,9039500.0,7388400.0,4559300.0,3667700.0,0.0,0.0,0.0,0.0,0.0,8253400.0,4826200.0,2692400.0,1602500.0,2072900.0,0.0,0.0,0.0,0.0,0.0
20230823094953104,SZSE,SZSE.ETF.159949,0.876,0.881,0.883,0.875,0.0,1.064,0.71,98240800.0,35800.0,86376952.4,31350.80000001192,0.0,0.0,20230823,20230823,94953103,0.887,0.0,0.0,0.875,0.874,0.873,0.872,0.871,0.0,0.0,0.0,0.0,0.0,0.876,0.877,0.878,0.879,0.88,0.0,0.0,0.0,0.0,0.0,7377100.0,8210500.0,5400200.0,4540100.0,3767700.0,0.0,0.0,0.0,0.0,0.0,8179600.0,4946200.0,2692400.0,1602500.0,2072900.0,0.0,0.0,0.0,0.0,0.0
20230823094955984,SZSE,SZSE.ETF.159949,0.875,0.881,0.883,0.875,0.0,1.064,0.71,98252000.0,11200.0,86386760.1,9807.699999988079,0.0,0.0,20230823,20230823,94955983,0.887,0.0,0.0,0.875,0.874,0.873,0.872,0.871,0.0,0.0,0.0,0.0,0.0,0.876,0.877,0.878,0.879,0.88,0.0,0.0,0.0,0.0,0.0,7390100.0,10802700.0,5400200.0,4540100.0,3767700.0,0.0,0.0,0.0,0.0,0.0,6191000.0,5178700.0,2692400.0,1602500.0,2072900.0,0.0,0.0,0.0,0.0,0.0
20230823095014040,SZSE,SZSE.ETF.159949,0.876,0.881,0.883,0.875,0.0,1.064,0.71,101337500.0,930000.0,89089620.2,814686.400000006,0.0,0.0,20230823,20230823,95014039,0.887,0.0,0.0,0.875,0.874,0.873,0.872,0.871,0.0,0.0,0.0,0.0,0.0,0.876,0.877,0.878,0.879,0.88,0.0,0.0,0.0,0.0,0.0,8674800.0,9645000.0,5407400.0,4672900.0,3847100.0,0.0,0.0,0.0,0.0,0.0,221200.0,6891000.0,2928200.0,1602500.0,2072900.0,0.0,0.0,0.0,0.0,0.0
20230823095017064,SZSE,SZSE.ETF.159949,0.876,0.881,0.883,0.875,0.0,1.064,0.71,101416200.0,78700.0,89158561.4,68941.20000000298,0.0,0.0,20230823,20230823,95017064,0.887,0.0,0.0,0.875,0.874,0.873,0.872,0.871,0.0,0.0,0.0,0.0,0.0,0.876,0.877,0.878,0.879,0.88,0.0,0.0,0.0,0.0,0.0,8552300.0,7701800.0,7400600.0,4673000.0,3838600.0,0.0,0.0,0.0,0.0,0.0,493500.0,7301200.0,2808200.0,1602500.0,2072900.0,0.0,0.0,0.0,0.0,0.0
20230823095020056,SZSE,SZSE.ETF.159949,0.876,0.881,0.883,0.875,0.0,1.064,0.71,101959200.0,543000.0,89634229.4,475668.0,0.0,0.0,20230823,20230823,95020057,0.887,0.0,0.0,0.875,0.874,0.873,0.872,0.871,0.0,0.0,0.0,0.0,0.0,0.876,0.877,0.878,0.879,0.88,0.0,0.0,0.0,0.0,0.0,8826100.0,7992400.0,7400600.0,4673000.0,3838600.0,0.0,0.0,0.0,0.0,0.0,399500.0,7591200.0,3140200.0,1602500.0,2072900.0,0.0,0.0,0.0,0.0,0.0
20230823095023072,SZSE,SZSE.ETF.159949,0.876,0.881,0.883,0.875,0.0,1.064,0.71,102005100.0,45900.0,89674437.5,40208.09999999404,0.0,0.0,20230823,20230823,95023070,0.887,0.0,0.0,0.875,0.874,0.873,0.872,0.871,0.0,0.0,0.0,0.0,0.0,0.876,0.877,0.878,0.879,0.88,0.0,0.0,0.0,0.0,0.0,8750800.0,8312400.0,7450600.0,4673000.0,4154200.0,0.0,0.0,0.0,0.0,0.0,2353900.0,7911200.0,2950000.0,1602500.0,2072900.0,0.0,0.0,0.0,0.0,0.0
20230823095026064,SZSE,SZSE.ETF.159949,0.876,0.881,0.883,0.875,0.0,1.064,0.71,102203800.0,198700.0,89848487.7,174050.20000000298,0.0,0.0,20230823,20230823,95026064,0.887,0.0,0.0,0.875,0.874,0.873,0.872,0.871,0.0,0.0,0.0,0.0,0.0,0.876,0.877,0.878,0.879,0.88,0.0,0.0,0.0,0.0,0.0,8958400.0,7992400.0,7450600.0,4696500.0,4154200.0,0.0,0.0,0.0,0.0,0.0,2606200.0,7760300.0,2950000.0,1622500.0,2072900.0,0.0,0.0,0.0,0.0,0.0
20230823095029048,SZSE,SZSE.ETF.159949,0.876,0.881,0.883,0.875,0.0,1.064,0.71,102226200.0,22400.0,89868110.1,19622.39999999106,0.0,0.0,20230823,20230823,95029049,0.887,0.0,0.0,0.875,0.874,0.873,0.872,0.871,0.0,0.0,0.0,0.0,0.0,0.876,0.877,0.878,0.879,0.88,0.0,0.0,0.0,0.0,0.0,8997200.0,7112900.0,7452600.0,4693800.0,4154200.0,0.0,0.0,0.0,0.0,0.0,3982400.0,7880300.0,2950000.0,1622500.0,2072900.0,0.0,0.0,0.0,0.0,0.0
20230823095032028,SZSE,SZSE.ETF.159949,0.876,0.881,0.883,0.875,0.0,1.064,0.71,102264000.0,37800.0,89901222.9,33112.80000001192,0.0,0.0,20230823,20230823,95032029,0.887,0.0,0.0,0.875,0.874,0.873,0.872,0.871,0.0,0.0,0.0,0.0,0.0,0.876,0.877,0.878,0.879,0.88,0.0,0.0,0.0,0.0,0.0,8807500.0,7192900.0,7455600.0,4691800.0,4154200.0,0.0,0.0,0.0,0.0,0.0,4925500.0,7417800.0,2750000.0,1622500.0,2152900.0,0.0,0.0,0.0,0.0,0.0
20230823095035052,SZSE,SZSE.ETF.159949,0.876,0.881,0.883,0.875,0.0,1.064,0.71,102346800.0,82800.0,89973751.7,72528.79999999702,0.0,0.0,20230823,20230823,95035051,0.887,0.0,0.0,0.875,0.874,0.873,0.872,0.871,0.0,0.0,0.0,0.0,0.0,0.876,0.877,0.878,0.879,0.88,0.0,0.0,0.0,0.0,0.0,8914900.0,7293000.0,7455600.0,4691800.0,4174200.0,0.0,0.0,0.0,0.0,0.0,5479300.0,6808800.0,2950000.0,1622500.0,2173100.0,0.0,0.0,0.0,0.0,0.0
20230823095108896,SZSE,SZSE.ETF.159949,0.876,0.881,0.883,0.875,0.0,1.064,0.71,102811100.0,24900.0,90380366.4,21812.40000000596,0.0,0.0,20230823,20230823,95108894,0.887,0.0,0.0,0.875,0.874,0.873,0.872,0.871,0.0,0.0,0.0,0.0,0.0,0.876,0.877,0.878,0.879,0.88,0.0,0.0,0.0,0.0,0.0,8889500.0,10180600.0,5461100.0,5056200.0,4179300.0,0.0,0.0,0.0,0.0,0.0,2612100.0,6431400.0,4218900.0,1632500.0,2203100.0,0.0,0.0,0.0,0.0,0.0
20230823095111040,SZSE,SZSE.ETF.159949,0.876,0.881,0.883,0.875,0.0,1.064,0.71,104697300.0,1886200.0,92032677.6,1652311.199999988,0.0,0.0,20230823,20230823,95111039,0.887,0.0,0.0,0.875,0.874,0.873,0.872,0.871,0.0,0.0,0.0,0.0,0.0,0.876,0.877,0.878,0.879,0.88,0.0,0.0,0.0,0.0,0.0,9942300.0,10060600.0,4462100.0,5056500.0,4179300.0,0.0,0.0,0.0,0.0,0.0,785900.0,5668900.0,5331800.0,1632500.0,2203100.0,0.0,0.0,0.0,0.0,0.0
20230823095115892,SZSE,SZSE.ETF.159949,0.876,0.881,0.883,0.875,0.0,1.064,0.71,105613200.0,915900.0,92835006.0,802328.400000006,0.0,0.0,20230823,20230823,95115893,0.887,0.0,0.0,0.876,0.875,0.874,0.873,0.872,0.0,0.0,0.0,0.0,0.0,0.877,0.878,0.879,0.88,0.881,0.0,0.0,0.0,0.0,0.0,1884100.0,12735500.0,7397400.0,4462100.0,5061500.0,0.0,0.0,0.0,0.0,0.0,5788900.0,3930900.0,1632500.0,2203100.0,2242000.0,0.0,0.0,0.0,0.0,0.0
20230823095118956,SZSE,SZSE.ETF.159949,0.876,0.881,0.883,0.875,0.0,1.064,0.71,105613500.0,300.0,92835268.8,262.79999999701977,0.0,0.0,20230823,20230823,95118956,0.887,0.0,0.0,0.876,0.875,0.874,0.873,0.872,0.0,0.0,0.0,0.0,0.0,0.877,0.878,0.879,0.88,0.881,0.0,0.0,0.0,0.0,0.0,2245400.0,13086200.0,6943400.0,4474100.0,5061500.0,0.0,0.0,0.0,0.0,0.0,5548900.0,5451800.0,1632500.0,2203100.0,2242000.0,0.0,0.0,0.0,0.0,0.0
20230823095120572,SZSE,SZSE.ETF.159949,0.876,0.881,0.883,0.875,0.0,1.064,0.71,105813500.0,200000.0,93010468.8,175200.0,0.0,0.0,20230823,20230823,95120571,0.887,0.0,0.0,0.876,0.875,0.874,0.873,0.872,0.0,0.0,0.0,0.0,0.0,0.877,0.878,0.879,0.88,0.881,0.0,0.0,0.0,0.0,0.0,2400600.0,13097700.0,6943400.0,4469100.0,4763300.0,0.0,0.0,0.0,0.0,0.0,5648900.0,5451800.0,1632500.0,2203100.0,2242000.0,0.0,0.0,0.0,0.0,0.0
20230823095123512,SZSE,SZSE.ETF.159949,0.876,0.881,0.883,0.875,0.0,1.064,0.71,105823500.0,10000.0,93019228.8,8760.0,0.0,0.0,20230823,20230823,95123512,0.887,0.0,0.0,0.876,0.875,0.874,0.873,0.872,0.0,0.0,0.0,0.0,0.0,0.877,0.878,0.879,0.88,0.881,0.0,0.0,0.0,0.0,0.0,2423100.0,12208500.0,6943400.0,4469100.0,4763300.0,0.0,0.0,0.0,0.0,0.0,6291400.0,4590900.0,1632500.0,2203100.0,2242000.0,0.0,0.0,0.0,0.0,0.0
20230823095126208,SZSE,SZSE.ETF.159949,0.876,0.881,0.883,0.875,0.0,1.064,0.71,106043500.0,220000.0,93211948.8,192720.0,0.0,0.0,20230823,20230823,95126207,0.887,0.0,0.0,0.876,0.875,0.874,0.873,0.872,0.0,0.0,0.0,0.0,0.0,0.877,0.878,0.879,0.88,0.881,0.0,0.0,0.0,0.0,0.0,3117000.0,9350300.0,8636600.0,4470100.0,4763300.0,0.0,0.0,0.0,0.0,0.0,6001400.0,4760900.0,1632500.0,2203100.0,2242000.0,0.0,0.0,0.0,0.0,0.0
20230823095129024,SZSE,SZSE.ETF.159949,0.876,0.881,0.883,0.875,0.0,1.064,0.71,106294500.0,251000.0,93431875.8,219927.0,0.0,0.0,20230823,20230823,95129023,0.887,0.0,0.0,0.876,0.875,0.874,0.873,0.872,0.0,0.0,0.0,0.0,0.0,0.877,0.878,0.879,0.88,0.881,0.0,0.0,0.0,0.0,0.0,3010200.0,8751900.0,8636600.0,4470100.0,4753100.0,0.0,0.0,0.0,0.0,0.0,7351300.0,3480000.0,1632500.0,2203100.0,2242000.0,0.0,0.0,0.0,0.0,0.0
20230823095132344,SZSE,SZSE.ETF.159949,0.876,0.881,0.883,0.875,0.0,1.064,0.71,106294500.0,0.0,93431875.8,0.0,0.0,0.0,20230823,20230823,95132345,0.887,0.0,0.0,0.876,0.875,0.874,0.873,0.872,0.0,0.0,0.0,0.0,0.0,0.877,0.878,0.879,0.88,0.881,0.0,0.0,0.0,0.0,0.0,2947800.0,8674600.0,8646600.0,4470100.0,4753100.0,0.0,0.0,0.0,0.0,0.0,6851300.0,3360000.0,1632500.0,2203100.0,2242000.0,0.0,0.0,0.0,0.0,0.0
20230823095135388,SZSE,SZSE.ETF.159949,0.876,0.881,0.883,0.875,0.0,1.064,0.71,106294500.0,0.0,93431875.8,0.0,0.0,0.0,20230823,20230823,95135387,0.887,0.0,0.0,0.876,0.875,0.874,0.873,0.872,0.0,0.0,0.0,0.0,0.0,0.877,0.878,0.879,0.88,0.881,0.0,0.0,0.0,0.0,0.0,2976700.0,8793900.0,8617600.0,4470100.0,4753100.0,0.0,0.0,0.0,0.0,0.0,7371300.0,3480000.0,1636500.0,2203100.0,2242000.0,0.0,0.0,0.0,0.0,0.0
20230823095138140,SZSE,SZSE.ETF.159949,0.877,0.881,0.883,0.875,0.0,1.064,0.71,106319300.0,24800.0,93453624.4,21748.60000000894,0.0,0.0,20230823,20230823,95138139,0.887,0.0,0.0,0.876,0.875,0.874,0.873,0.872,0.0,0.0,0.0,0.0,0.0,0.877,0.878,0.879,0.88,0.881,0.0,0.0,0.0,0.0,0.0,3020800.0,8395600.0,8637600.0,4470100.0,4752100.0,0.0,0.0,0.0,0.0,0.0,6847500.0,3070000.0,1636500.0,2203100.0,2242000.0,0.0,0.0,0.0,0.0,0.0
20230823095141036,SZSE,SZSE.ETF.159949,0.876,0.881,0.883,0.875,0.0,1.064,0.71,106333500.0,14200.0,93466077.7,12453.29999999702,0.0,0.0,20230823,20230823,95141036,0.887,0.0,0.0,0.876,0.875,0.874,0.873,0.872,0.0,0.0,0.0,0.0,0.0,0.877,0.878,0.879,0.88,0.881,0.0,0.0,0.0,0.0,0.0,2472700.0,9454100.0,8637600.0,4470100.0,4752100.0,0.0,0.0,0.0,0.0,0.0,7333400.0,3360000.0,1636500.0,2203100.0,2242000.0,0.0,0.0,0.0,0.0,0.0
20230823095144020,SZSE,SZSE.ETF.159949,0.877,0.881,0.883,0.875,0.0,1.064,0.71,106338500.0,5000.0,93470462.7,4385.0,0.0,0.0,20230823,20230823,95144019,0.887,0.0,0.0,0.876,0.875,0.874,0.873,0.872,0.0,0.0,0.0,0.0,0.0,0.877,0.878,0.879,0.88,0.881,0.0,0.0,0.0,0.0,0.0,2474700.0,8570600.0,9137600.0,4490100.0,4752100.0,0.0,0.0,0.0,0.0,0.0,6828400.0,3360000.0,1636500.0,2203100.0,2242000.0,0.0,0.0,0.0,0.0,0.0
20230823095146960,SZSE,SZSE.ETF.159949,0.876,0.881,0.883,0.875,0.0,1.064,0.71,109907700.0,3569200.0,96597094.6,3126631.899999991,0.0,0.0,20230823,20230823,95146962,0.887,0.0,0.0,0.875,0.874,0.873,0.872,0.871,0.0,0.0,0.0,0.0,0.0,0.876,0.877,0.878,0.879,0.88,0.0,0.0,0.0,0.0,0.0,8853600.0,9637600.0,4490100.0,4772200.0,4187800.0,0.0,0.0,0.0,0.0,0.0,870100.0,7215700.0,3360000.0,1636500.0,2203100.0,0.0,0.0,0.0,0.0,0.0
20230823095150008,SZSE,SZSE.ETF.159949,0.876,0.881,0.883,0.875,0.0,1.064,0.71,109908700.0,1000.0,96597970.6,876.0,0.0,0.0,20230823,20230823,95150007,0.887,0.0,0.0,0.875,0.874,0.873,0.872,0.871,0.0,0.0,0.0,0.0,0.0,0.876,0.877,0.878,0.879,0.88,0.0,0.0,0.0,0.0,0.0,8535800.0,9757600.0,4490100.0,4772200.0,4201800.0,0.0,0.0,0.0,0.0,0.0,869100.0,7335200.0,2818000.0,1636500.0,2203100.0,0.0,0.0,0.0,0.0,0.0
20230823095152932,SZSE,SZSE.ETF.159949,0.876,0.881,0.883,0.875,0.0,1.064,0.71,109947900.0,39200.0,96632309.8,34339.20000000298,0.0,0.0,20230823,20230823,95152931,0.887,0.0,0.0,0.875,0.874,0.873,0.872,0.871,0.0,0.0,0.0,0.0,0.0,0.876,0.877,0.878,0.879,0.88,0.0,0.0,0.0,0.0,0.0,8342300.0,10047600.0,4490100.0,4772200.0,4201800.0,0.0,0.0,0.0,0.0,0.0,1220900.0,7625200.0,2818000.0,1636500.0,2203100.0,0.0,0.0,0.0,0.0,0.0
20230823095155956,SZSE,SZSE.ETF.159949,0.876,0.881,0.883,0.875,0.0,1.064,0.71,109958600.0,10700.0,96641683.0,9373.20000000298,0.0,0.0,20230823,20230823,95155957,0.887,0.0,0.0,0.875,0.874,0.873,0.872,0.871,0.0,0.0,0.0,0.0,0.0,0.876,0.877,0.878,0.879,0.88,0.0,0.0,0.0,0.0,0.0,8343900.0,10165600.0,4490100.0,4820600.0,4211800.0,0.0,0.0,0.0,0.0,0.0,2210200.0,7745200.0,2818000.0,1636500.0,2203100.0,0.0,0.0,0.0,0.0,0.0
20230823095159324,SZSE,SZSE.ETF.159949,0.876,0.881,0.883,0.875,0.0,1.064,0.71,110020400.0,61800.0,96695815.7,54132.70000000298,0.0,0.0,20230823,20230823,95159324,0.887,0.0,0.0,0.875,0.874,0.873,0.872,0.871,0.0,0.0,0.0,0.0,0.0,0.876,0.877,0.878,0.879,0.88,0.0,0.0,0.0,0.0,0.0,8457600.0,9040400.0,5496100.0,4820600.0,4211800.0,0.0,0.0,0.0,0.0,0.0,3133400.0,6982700.0,2818000.0,1636500.0,2203100.0,0.0,0.0,0.0,0.0,0.0
