time,exchg,code,price,open,high,low,settle_price,upper_limit,lower_limit,total_volume,volume,total_turnover,turnover,open_interest,diff_interest,trading_date,action_date,action_time,pre_close,pre_settle,pre_interest,bid_price_0,bid_price_1,bid_price_2,bid_price_3,bid_price_4,bid_price_5,bid_price_6,bid_price_7,bid_price_8,bid_price_9,ask_price_0,ask_price_1,ask_price_2,ask_price_3,ask_price_4,ask_price_5,ask_price_6,ask_price_7,ask_price_8,ask_price_9,bid_qty_0,bid_qty_1,bid_qty_2,bid_qty_3,bid_qty_4,bid_qty_5,bid_qty_6,bid_qty_7,bid_qty_8,bid_qty_9,ask_qty_0,ask_qty_1,ask_qty_2,ask_qty_3,ask_qty_4,ask_qty_5,ask_qty_6,ask_qty_7,ask_qty_8,ask_qty_9
20230823093149776,SZSE,SZSE.ETF.159845,2.438,2.44,2.447,2.436,0.0,2.703,2.211,14848300.0,950500.0,36253442.1,2315464.3999999985,0.0,0.0,20230823,20230823,93149775,2.457,0.0,0.0,2.436,2.435,2.434,2.433,2.432,0.0,0.0,0.0,0.0,0.0,2.438,2.439,2.44,2.441,2.442,0.0,0.0,0.0,0.0,0.0,854800.0,165100.0,451300.0,555400.0,682900.0,0.0,0.0,0.0,0.0,0.0,1087200.0,808600.0,250000.0,258800.0,50500.0,0.0,0.0,0.0,0.0,0.0
20230823093151768,SZSE,SZSE.ETF.159845,2.438,2.44,2.447,2.436,0.0,2.703,2.211,15452200.0,603900.0,37724550.3,1471108.1999999955,0.0,0.0,20230823,20230823,93151767,2.457,0.0,0.0,2.437,2.436,2.435,2.434,2.433,0.0,0.0,0.0,0.0,0.0,2.438,2.439,2.44,2.441,2.442,0.0,0.0,0.0,0.0,0.0,1000000.0,363000.0,465100.0,451300.0,105400.0,0.0,0.0,0.0,0.0,0.0,1373000.0,1658600.0,250000.0,408800.0,50500.0,0.0,0.0,0.0,0.0,0.0
20230823093154244,SZSE,SZSE.ETF.159845,2.437,2.44,2.447,2.436,0.0,2.703,2.211,15553700.0,101500.0,37971907.3,247357.0,0.0,0.0,20230823,20230823,93154243,2.457,0.0,0.0,2.437,2.436,2.435,2.434,2.433,0.0,0.0,0.0,0.0,0.0,2.438,2.439,2.44,2.441,2.442,0.0,0.0,0.0,0.0,0.0,1000000.0,663000.0,465100.0,251300.0,105400.0,0.0,0.0,0.0,0.0,0.0,871800.0,1558600.0,250000.0,458800.0,600200.0,0.0,0.0,0.0,0.0,0.0
20230823093156324,SZSE,SZSE.ETF.159845,2.438,2.44,2.447,2.436,0.0,2.703,2.211,15559000.0,5300.0,37984828.7,12921.40000000596,0.0,0.0,20230823,20230823,93156324,2.457,0.0,0.0,2.437,2.436,2.435,2.434,2.433,0.0,0.0,0.0,0.0,0.0,2.438,2.439,2.44,2.441,2.442,0.0,0.0,0.0,0.0,0.0,1001000.0,663000.0,465100.0,157300.0,105400.0,0.0,0.0,0.0,0.0,0.0,866200.0,1000000.0,808600.0,458800.0,500.0,0.0,0.0,0.0,0.0,0.0
20230823093159752,SZSE,SZSE.ETF.159845,2.439,2.44,2.447,2.436,0.0,2.703,2.211,18425800.0,2866800.0,44971587.4,6986758.6999999955,0.0,0.0,20230823,20230823,93159750,2.457,0.0,0.0,2.437,2.436,2.435,2.434,2.433,0.0,0.0,0.0,0.0,0.0,2.439,2.44,2.441,2.442,2.443,0.0,0.0,0.0,0.0,0.0,1369000.0,1009900.0,465100.0,109300.0,655400.0,0.0,0.0,0.0,0.0,0.0,999700.0,400000.0,967400.0,650200.0,500.0,0.0,0.0,0.0,0.0,0.0
20230823093202736,SZSE,SZSE.ETF.159845,2.439,2.44,2.447,2.436,0.0,2.703,2.211,18425800.0,0.0,44971587.4,0.0,0.0,0.0,20230823,20230823,93202736,2.457,0.0,0.0,2.437,2.436,2.435,2.434,2.433,0.0,0.0,0.0,0.0,0.0,2.438,2.439,2.44,2.441,2.442,0.0,0.0,0.0,0.0,0.0,6000.0,1663000.0,465100.0,159300.0,603400.0,0.0,0.0,0.0,0.0,0.0,1308000.0,1001100.0,250000.0,408800.0,559100.0,0.0,0.0,0.0,0.0,0.0
20230823093205584,SZSE,SZSE.ETF.159845,2.438,2.44,2.447,2.436,0.0,2.703,2.211,18440300.0,14500.0,45006938.4,35351.0,0.0,0.0,20230823,20230823,93205586,2.457,0.0,0.0,2.438,2.437,2.436,2.435,2.434,0.0,0.0,0.0,0.0,0.0,2.439,2.44,2.441,2.442,2.443,0.0,0.0,0.0,0.0,0.0,65800.0,1390000.0,489900.0,661100.0,1605300.0,0.0,0.0,0.0,0.0,0.0,1001100.0,1295700.0,408800.0,250500.0,500.0,0.0,0.0,0.0,0.0,0.0
20230823093208144,SZSE,SZSE.ETF.159845,2.439,2.44,2.447,2.436,0.0,2.703,2.211,18455600.0,15300.0,45044240.1,37301.70000000298,0.0,0.0,20230823,20230823,93208144,2.457,0.0,0.0,2.438,2.437,2.436,2.435,2.434,0.0,0.0,0.0,0.0,0.0,2.439,2.44,2.441,2.442,2.443,0.0,0.0,0.0,0.0,0.0,550800.0,1690000.0,489900.0,761100.0,2105300.0,0.0,0.0,0.0,0.0,0.0,800.0,2295700.0,458800.0,250500.0,100500.0,0.0,0.0,0.0,0.0,0.0
20230823093321224,SZSE,SZSE.ETF.159845,2.437,0.0,0.0,0.0,0.0,0.0,0.0,23878600.0,1200.0,58258546.7,2924.4000000059605,0.0,0.0,20230823,20230823,93321222,0.0,0.0,0.0,2.436,2.435,2.434,2.433,2.432,0.0,0.0,0.0,0.0,0.0,2.437,2.438,2.439,2.44,2.441,0.0,0.0,0.0,0.0,0.0,3927500.0,2687100.0,995200.0,1098500.0,1726100.0,0.0,0.0,0.0,0.0,0.0,11900.0,2087000.0,2389700.0,2591600.0,254000.0,0.0,0.0,0.0,0.0,0.0
20230823093329792,SZSE,SZSE.ETF.159845,2.437,2.44,2.447,2.435,0.0,2.703,2.211,24011400.0,132800.0,58582180.3,323633.59999999404,0.0,0.0,20230823,20230823,93329792,2.457,0.0,0.0,2.436,2.435,2.434,2.433,2.432,0.0,0.0,0.0,0.0,0.0,2.438,2.439,2.44,2.441,2.442,0.0,0.0,0.0,0.0,0.0,2929500.0,1939900.0,1036700.0,1052100.0,1580900.0,0.0,0.0,0.0,0.0,0.0,2593100.0,1640000.0,250000.0,300300.0,604300.0,0.0,0.0,0.0,0.0,0.0
20230823093330932,SZSE,SZSE.ETF.159845,2.438,2.44,2.447,2.435,0.0,2.703,2.211,24012100.0,700.0,58583886.9,1706.6000000014901,0.0,0.0,20230823,20230823,93330933,2.457,0.0,0.0,2.437,2.436,2.435,2.434,2.433,0.0,0.0,0.0,0.0,0.0,2.438,2.439,2.44,2.441,2.442,0.0,0.0,0.0,0.0,0.0,1173100.0,2762000.0,1039900.0,936700.0,1056900.0,0.0,0.0,0.0,0.0,0.0,2790300.0,1885700.0,250000.0,450300.0,604300.0,0.0,0.0,0.0,0.0,0.0
20230823093334508,SZSE,SZSE.ETF.159845,2.438,2.44,2.447,2.435,0.0,2.703,2.211,24012400.0,300.0,58584618.3,731.3999999985099,0.0,0.0,20230823,20230823,93334509,2.457,0.0,0.0,2.437,2.436,2.435,2.434,2.433,0.0,0.0,0.0,0.0,0.0,2.438,2.439,2.44,2.441,2.442,0.0,0.0,0.0,0.0,0.0,2109900.0,1395600.0,1449900.0,646800.0,2052100.0,0.0,0.0,0.0,0.0,0.0,712000.0,3295700.0,600000.0,450300.0,604300.0,0.0,0.0,0.0,0.0,0.0
20230823093337700,SZSE,SZSE.ETF.159845,2.438,2.44,2.447,2.435,0.0,2.703,2.211,24144700.0,132300.0,58907145.9,322527.6000000015,0.0,0.0,20230823,20230823,93337700,2.457,0.0,0.0,2.438,2.437,2.436,2.435,2.434,0.0,0.0,0.0,0.0,0.0,2.439,2.44,2.441,2.442,2.443,0.0,0.0,0.0,0.0,0.0,511500.0,3943200.0,2066900.0,935900.0,1096800.0,0.0,0.0,0.0,0.0,0.0,1290000.0,3785700.0,2150300.0,195700.0,559100.0,0.0,0.0,0.0,0.0,0.0
20230823093339808,SZSE,SZSE.ETF.159845,2.439,2.44,2.447,2.435,0.0,2.703,2.211,24145300.0,600.0,58908609.3,1463.3999999985099,0.0,0.0,20230823,20230823,93339807,2.457,0.0,0.0,2.438,2.437,2.436,2.435,2.434,0.0,0.0,0.0,0.0,0.0,2.439,2.44,2.441,2.442,2.443,0.0,0.0,0.0,0.0,0.0,3272100.0,2003200.0,2666900.0,1427500.0,1050500.0,0.0,0.0,0.0,0.0,0.0,2489400.0,2885700.0,1458800.0,242000.0,604300.0,0.0,0.0,0.0,0.0,0.0
20230823093343648,SZSE,SZSE.ETF.159845,2.438,2.44,2.447,2.435,0.0,2.703,2.211,24776100.0,630800.0,60446508.2,1537898.900000006,0.0,0.0,20230823,20230823,93343648,2.457,0.0,0.0,2.438,2.437,2.436,2.435,2.434,0.0,0.0,0.0,0.0,0.0,2.439,2.44,2.441,2.442,2.443,0.0,0.0,0.0,0.0,0.0,101700.0,2102100.0,3280000.0,2577500.0,1550500.0,0.0,0.0,0.0,0.0,0.0,2992600.0,3686000.0,508800.0,92000.0,604300.0,0.0,0.0,0.0,0.0,0.0
20230823093346428,SZSE,SZSE.ETF.159845,2.438,2.44,2.447,2.435,0.0,2.703,2.211,24886000.0,109900.0,60714444.4,267936.19999999553,0.0,0.0,20230823,20230823,93346429,2.457,0.0,0.0,2.437,2.436,2.435,2.434,2.433,0.0,0.0,0.0,0.0,0.0,2.438,2.439,2.44,2.441,2.442,0.0,0.0,0.0,0.0,0.0,392200.0,3030000.0,1581500.0,1900500.0,2606900.0,0.0,0.0,0.0,0.0,0.0,1191800.0,3938700.0,1740000.0,508800.0,92000.0,0.0,0.0,0.0,0.0,0.0
20230823093349584,SZSE,SZSE.ETF.159845,2.438,2.44,2.447,2.435,0.0,2.703,2.211,24886000.0,0.0,60714444.4,0.0,0.0,0.0,20230823,20230823,93349584,2.457,0.0,0.0,2.437,2.436,2.435,2.434,2.433,0.0,0.0,0.0,0.0,0.0,2.438,2.439,2.44,2.441,2.442,0.0,0.0,0.0,0.0,0.0,2035000.0,1576900.0,2500000.0,1246800.0,2052100.0,0.0,0.0,0.0,0.0,0.0,1291800.0,3249000.0,1949700.0,500300.0,45700.0,0.0,0.0,0.0,0.0,0.0
20230823093351892,SZSE,SZSE.ETF.159845,2.439,2.44,2.447,2.435,0.0,2.703,2.211,25361500.0,475500.0,61873713.7,1159269.3000000045,0.0,0.0,20230823,20230823,93351892,2.457,0.0,0.0,2.437,2.436,2.435,2.434,2.433,0.0,0.0,0.0,0.0,0.0,2.439,2.44,2.441,2.442,2.443,0.0,0.0,0.0,0.0,0.0,3821900.0,2366900.0,1986000.0,1146800.0,1552100.0,0.0,0.0,0.0,0.0,0.0,1342700.0,4835700.0,1200300.0,195700.0,559100.0,0.0,0.0,0.0,0.0,0.0
20230823093354432,SZSE,SZSE.ETF.159845,2.439,2.44,2.447,2.435,0.0,2.703,2.211,25361500.0,0.0,61873713.7,0.0,0.0,0.0,20230823,20230823,93354434,2.457,0.0,0.0,2.438,2.437,2.436,2.435,2.434,0.0,0.0,0.0,0.0,0.0,2.439,2.44,2.441,2.442,2.443,0.0,0.0,0.0,0.0,0.0,3460100.0,2861900.0,2562900.0,977500.0,1105300.0,0.0,0.0,0.0,0.0,0.0,252100.0,3686000.0,3208500.0,242000.0,604300.0,0.0,0.0,0.0,0.0,0.0
20230823093357328,SZSE,SZSE.ETF.159845,2.439,2.44,2.447,2.435,0.0,2.703,2.211,25873800.0,512300.0,63123213.4,1249499.6999999955,0.0,0.0,20230823,20230823,93357327,2.457,0.0,0.0,2.438,2.437,2.436,2.435,2.434,0.0,0.0,0.0,0.0,0.0,2.439,2.44,2.441,2.442,2.443,0.0,0.0,0.0,0.0,0.0,1050100.0,3601900.0,1326900.0,2077500.0,550500.0,0.0,0.0,0.0,0.0,0.0,2162000.0,2775700.0,1708800.0,842000.0,604300.0,0.0,0.0,0.0,0.0,0.0
20230823093400428,SZSE,SZSE.ETF.159845,2.439,2.44,2.447,2.435,0.0,2.703,2.211,25879400.0,5600.0,63136871.8,13658.39999999851,0.0,0.0,20230823,20230823,93400427,2.457,0.0,0.0,2.438,2.437,2.436,2.435,2.434,0.0,0.0,0.0,0.0,0.0,2.439,2.44,2.441,2.442,2.443,0.0,0.0,0.0,0.0,0.0,1855100.0,1356600.0,2526900.0,2427500.0,550500.0,0.0,0.0,0.0,0.0,0.0,2357000.0,4375700.0,508800.0,242000.0,604300.0,0.0,0.0,0.0,0.0,0.0
20230823093402692,SZSE,SZSE.ETF.159845,2.438,2.44,2.447,2.435,0.0,2.703,2.211,26044000.0,164600.0,63538167.2,401295.40000000596,0.0,0.0,20230823,20230823,93402693,2.457,0.0,0.0,2.438,2.437,2.436,2.435,2.434,0.0,0.0,0.0,0.0,0.0,2.439,2.44,2.441,2.442,2.443,0.0,0.0,0.0,0.0,0.0,43100.0,2294700.0,3566900.0,1391500.0,550500.0,0.0,0.0,0.0,0.0,0.0,4341300.0,2353100.0,698800.0,92000.0,604300.0,0.0,0.0,0.0,0.0,0.0
20230823093405484,SZSE,SZSE.ETF.159845,2.438,2.44,2.447,2.435,0.0,2.703,2.211,26115500.0,71500.0,63712484.2,174317.0,0.0,0.0,20230823,20230823,93405484,2.457,0.0,0.0,2.437,2.436,2.435,2.434,2.433,0.0,0.0,0.0,0.0,0.0,2.438,2.439,2.44,2.441,2.442,0.0,0.0,0.0,0.0,0.0,594700.0,3367900.0,1391500.0,2900500.0,1606900.0,0.0,0.0,0.0,0.0,0.0,2708000.0,2245300.0,1741100.0,548800.0,92000.0,0.0,0.0,0.0,0.0,0.0
20230823093408144,SZSE,SZSE.ETF.159845,2.437,2.44,2.447,2.435,0.0,2.703,2.211,26121000.0,5500.0,63725888.5,13404.29999999702,0.0,0.0,20230823,20230823,93408146,2.457,0.0,0.0,2.436,2.435,2.434,2.433,2.432,0.0,0.0,0.0,0.0,0.0,2.437,2.438,2.439,2.44,2.441,0.0,0.0,0.0,0.0,0.0,2178000.0,1100000.0,3601800.0,2152100.0,1180900.0,0.0,0.0,0.0,0.0,0.0,1758200.0,4245000.0,895600.0,151100.0,490300.0,0.0,0.0,0.0,0.0,0.0
20230823093417744,SZSE,SZSE.ETF.159845,2.436,2.44,2.447,2.435,0.0,2.703,2.211,26290700.0,134000.0,64139315.2,326426.1000000015,0.0,0.0,20230823,20230823,93417745,2.457,0.0,0.0,2.435,2.434,2.433,2.432,2.431,0.0,0.0,0.0,0.0,0.0,2.436,2.437,2.438,2.439,2.44,0.0,0.0,0.0,0.0,0.0,190700.0,2000300.0,1502500.0,3680100.0,601000.0,0.0,0.0,0.0,0.0,0.0,2100000.0,3642700.0,1177100.0,341200.0,242700.0,0.0,0.0,0.0,0.0,0.0
20230823093420648,SZSE,SZSE.ETF.159845,2.436,2.44,2.447,2.435,0.0,2.703,2.211,26291000.0,300.0,64140046.0,730.7999999970198,0.0,0.0,20230823,20230823,93420646,2.457,0.0,0.0,2.435,2.434,2.433,2.432,2.431,0.0,0.0,0.0,0.0,0.0,2.436,2.437,2.438,2.439,2.44,0.0,0.0,0.0,0.0,0.0,190700.0,2309300.0,2110900.0,2776500.0,2246200.0,0.0,0.0,0.0,0.0,0.0,4895400.0,1447000.0,677100.0,482800.0,604900.0,0.0,0.0,0.0,0.0,0.0
20230823093423380,SZSE,SZSE.ETF.159845,2.436,2.44,2.447,2.435,0.0,2.703,2.211,26405600.0,114600.0,64419201.6,279155.6000000015,0.0,0.0,20230823,20230823,93423381,2.457,0.0,0.0,2.435,2.434,2.433,2.432,2.431,0.0,0.0,0.0,0.0,0.0,2.436,2.437,2.438,2.439,2.44,0.0,0.0,0.0,0.0,0.0,180700.0,2159300.0,2160900.0,2776500.0,2246200.0,0.0,0.0,0.0,0.0,0.0,4793000.0,2047000.0,677100.0,482800.0,604900.0,0.0,0.0,0.0,0.0,0.0
20230823093426244,SZSE,SZSE.ETF.159845,2.435,2.44,2.447,2.435,0.0,2.703,2.211,26405900.0,300.0,64419932.1,730.5,0.0,0.0,20230823,20230823,93426243,2.457,0.0,0.0,2.434,2.433,2.432,2.431,2.43,0.0,0.0,0.0,0.0,0.0,2.435,2.436,2.437,2.438,2.439,0.0,0.0,0.0,0.0,0.0,599300.0,3160900.0,2776500.0,1396200.0,2150600.0,0.0,0.0,0.0,0.0,0.0,1048800.0,3502300.0,2287000.0,487100.0,292800.0,0.0,0.0,0.0,0.0,0.0
20230823093429240,SZSE,SZSE.ETF.159845,2.435,2.44,2.447,2.435,0.0,2.703,2.211,26409100.0,3200.0,64427724.1,7792.0,0.0,0.0,20230823,20230823,93429240,2.457,0.0,0.0,2.434,2.433,2.432,2.431,2.43,0.0,0.0,0.0,0.0,0.0,2.435,2.436,2.437,2.438,2.439,0.0,0.0,0.0,0.0,0.0,1171300.0,4450900.0,1984900.0,942600.0,2295800.0,0.0,0.0,0.0,0.0,0.0,146100.0,4652300.0,2337000.0,568700.0,96400.0,0.0,0.0,0.0,0.0,0.0
20230823093432192,SZSE,SZSE.ETF.159845,2.435,2.44,2.447,2.435,0.0,2.703,2.211,26535500.0,126400.0,64735508.1,307784.0,0.0,0.0,20230823,20230823,93432194,2.457,0.0,0.0,2.434,2.433,2.432,2.431,2.43,0.0,0.0,0.0,0.0,0.0,2.435,2.436,2.437,2.438,2.439,0.0,0.0,0.0,0.0,0.0,3521200.0,2850900.0,1434900.0,742600.0,2195800.0,0.0,0.0,0.0,0.0,0.0,99700.0,3302300.0,1787000.0,1918700.0,696400.0,0.0,0.0,0.0,0.0,0.0
20230823093435296,SZSE,SZSE.ETF.159845,2.435,2.44,2.447,2.435,0.0,2.703,2.211,26535600.0,100.0,64735751.6,243.5,0.0,0.0,20230823,20230823,93435296,2.457,0.0,0.0,2.434,2.433,2.432,2.431,2.43,0.0,0.0,0.0,0.0,0.0,2.435,2.436,2.437,2.438,2.439,0.0,0.0,0.0,0.0,0.0,911300.0,4060900.0,1684900.0,2396600.0,744800.0,0.0,0.0,0.0,0.0,0.0,3419400.0,1456600.0,1987000.0,568700.0,145400.0,0.0,0.0,0.0,0.0,0.0
20230823093438300,SZSE,SZSE.ETF.159845,2.434,2.44,2.447,2.434,0.0,2.703,2.211,26544900.0,9300.0,64758387.8,22636.19999999553,0.0,0.0,20230823,20230823,93438301,2.457,0.0,0.0,2.433,2.432,2.431,2.43,2.429,0.0,0.0,0.0,0.0,0.0,2.435,2.436,2.437,2.438,2.439,0.0,0.0,0.0,0.0,0.0,2022900.0,3084900.0,3096600.0,744800.0,1117000.0,0.0,0.0,0.0,0.0,0.0,4631400.0,1934600.0,547000.0,378700.0,145400.0,0.0,0.0,0.0,0.0,0.0
20230823093441056,SZSE,SZSE.ETF.159845,2.434,2.44,2.447,2.434,0.0,2.703,2.211,26559000.0,14100.0,64792707.2,34319.40000000596,0.0,0.0,20230823,20230823,93441054,2.457,0.0,0.0,2.433,2.432,2.431,2.43,2.429,0.0,0.0,0.0,0.0,0.0,2.434,2.435,2.436,2.437,2.438,0.0,0.0,0.0,0.0,0.0,1462900.0,3574900.0,2205000.0,1941200.0,1262200.0,0.0,0.0,0.0,0.0,0.0,110000.0,4311400.0,2284600.0,678600.0,337100.0,0.0,0.0,0.0,0.0,0.0
20230823093444184,SZSE,SZSE.ETF.159845,2.434,2.44,2.447,2.434,0.0,2.703,2.211,26643800.0,84800.0,64999110.4,206403.19999999553,0.0,0.0,20230823,20230823,93444182,2.457,0.0,0.0,2.433,2.432,2.431,2.43,2.429,0.0,0.0,0.0,0.0,0.0,2.435,2.436,2.437,2.438,2.439,0.0,0.0,0.0,0.0,0.0,4022900.0,2424900.0,1851000.0,2441200.0,762300.0,0.0,0.0,0.0,0.0,0.0,2115700.0,2630300.0,2078600.0,932400.0,100200.0,0.0,0.0,0.0,0.0,0.0
20230823093447696,SZSE,SZSE.ETF.159845,2.435,2.44,2.447,2.434,0.0,2.703,2.211,26742100.0,98300.0,65238461.9,239351.5,0.0,0.0,20230823,20230823,93447695,2.457,0.0,0.0,2.435,2.434,2.433,2.432,2.431,0.0,0.0,0.0,0.0,0.0,2.436,2.437,2.438,2.439,2.44,0.0,0.0,0.0,0.0,0.0,175900.0,4101000.0,2051000.0,1021000.0,1342700.0,0.0,0.0,0.0,0.0,0.0,1601500.0,3782700.0,2228700.0,295500.0,560500.0,0.0,0.0,0.0,0.0,0.0
20230823093450828,SZSE,SZSE.ETF.159845,2.435,2.44,2.447,2.434,0.0,2.703,2.211,27056300.0,314200.0,66003538.9,765077.0,0.0,0.0,20230823,20230823,93450828,2.457,0.0,0.0,2.435,2.434,2.433,2.432,2.431,0.0,0.0,0.0,0.0,0.0,2.436,2.437,2.438,2.439,2.44,0.0,0.0,0.0,0.0,0.0,1610800.0,1550900.0,2107200.0,2362900.0,1846500.0,0.0,0.0,0.0,0.0,0.0,1311500.0,4082700.0,1836100.0,443100.0,605900.0,0.0,0.0,0.0,0.0,0.0
20230823093453484,SZSE,SZSE.ETF.159845,2.435,2.44,2.447,2.434,0.0,2.703,2.211,27056300.0,0.0,66003538.9,0.0,0.0,0.0,20230823,20230823,93453483,2.457,0.0,0.0,2.435,2.434,2.433,2.432,2.431,0.0,0.0,0.0,0.0,0.0,2.436,2.437,2.438,2.439,2.44,0.0,0.0,0.0,0.0,0.0,2720700.0,3440900.0,1371200.0,825900.0,2146500.0,0.0,0.0,0.0,0.0,0.0,611500.0,4682700.0,1886100.0,543100.0,605900.0,0.0,0.0,0.0,0.0,0.0
20230823093456504,SZSE,SZSE.ETF.159845,2.435,2.44,2.447,2.434,0.0,2.703,2.211,27056300.0,0.0,66003538.9,0.0,0.0,0.0,20230823,20230823,93456505,2.457,0.0,0.0,2.435,2.434,2.433,2.432,2.431,0.0,0.0,0.0,0.0,0.0,2.436,2.437,2.438,2.439,2.44,0.0,0.0,0.0,0.0,0.0,4820700.0,1790900.0,1007200.0,825900.0,2146500.0,0.0,0.0,0.0,0.0,0.0,12500.0,1487000.0,3518800.0,2743100.0,47300.0,0.0,0.0,0.0,0.0,0.0
20230823093459976,SZSE,SZSE.ETF.159845,2.436,2.44,2.447,2.434,0.0,2.703,2.211,27112700.0,56400.0,66140901.3,137362.3999999985,0.0,0.0,20230823,20230823,93459976,2.457,0.0,0.0,2.436,2.435,2.434,2.433,2.432,0.0,0.0,0.0,0.0,0.0,2.437,2.438,2.439,2.44,2.441,0.0,0.0,0.0,0.0,0.0,1008100.0,1732800.0,2640900.0,907200.0,2325900.0,0.0,0.0,0.0,0.0,0.0,387000.0,4119800.0,2792100.0,197400.0,767700.0,0.0,0.0,0.0,0.0,0.0
20230823093503576,SZSE,SZSE.ETF.159845,2.436,2.44,2.447,2.434,0.0,2.703,2.211,27191900.0,79200.0,66333832.5,192931.20000000298,0.0,0.0,20230823,20230823,93503574,2.457,0.0,0.0,2.436,2.435,2.434,2.433,2.432,0.0,0.0,0.0,0.0,0.0,2.437,2.438,2.439,2.44,2.441,0.0,0.0,0.0,0.0,0.0,100.0,3792800.0,2440900.0,1602800.0,1829500.0,0.0,0.0,0.0,0.0,0.0,3500300.0,3074100.0,1100500.0,243800.0,254400.0,0.0,0.0,0.0,0.0,0.0
20230823093507204,SZSE,SZSE.ETF.159845,2.436,2.44,2.447,2.434,0.0,2.703,2.211,28093200.0,901300.0,68529398.8,2195566.299999997,0.0,0.0,20230823,20230823,93507204,2.457,0.0,0.0,2.435,2.434,2.433,2.432,2.431,0.0,0.0,0.0,0.0,0.0,2.436,2.437,2.438,2.439,2.44,0.0,0.0,0.0,0.0,0.0,1299600.0,2150900.0,2702800.0,2179500.0,1701300.0,0.0,0.0,0.0,0.0,0.0,1200000.0,3910300.0,1924100.0,350500.0,243800.0,0.0,0.0,0.0,0.0,0.0
20230823093534636,SZSE,SZSE.ETF.159845,2.438,2.44,2.447,2.434,0.0,2.703,2.211,29898300.0,121300.0,72930345.3,295739.39999999106,0.0,0.0,20230823,20230823,93534635,2.457,0.0,0.0,2.438,2.437,2.436,2.435,2.434,0.0,0.0,0.0,0.0,0.0,2.439,2.44,2.441,2.442,2.443,0.0,0.0,0.0,0.0,0.0,4193100.0,3507300.0,2018900.0,932700.0,1242900.0,0.0,0.0,0.0,0.0,0.0,102000.0,3775700.0,1658200.0,1591800.0,645500.0,0.0,0.0,0.0,0.0,0.0
20230823093537480,SZSE,SZSE.ETF.159845,2.438,2.44,2.447,2.434,0.0,2.703,2.211,29898300.0,0.0,72930345.3,0.0,0.0,0.0,20230823,20230823,93537480,2.457,0.0,0.0,2.438,2.437,2.436,2.435,2.434,0.0,0.0,0.0,0.0,0.0,2.439,2.44,2.441,2.442,2.443,0.0,0.0,0.0,0.0,0.0,3093100.0,3557300.0,3018900.0,892700.0,1242900.0,0.0,0.0,0.0,0.0,0.0,102000.0,3585700.0,2159200.0,1640800.0,45500.0,0.0,0.0,0.0,0.0,0.0
20230823093540696,SZSE,SZSE.ETF.159845,2.438,2.44,2.447,2.434,0.0,2.703,2.211,29898300.0,0.0,72930345.3,0.0,0.0,0.0,20230823,20230823,93540694,2.457,0.0,0.0,2.438,2.437,2.436,2.435,2.434,0.0,0.0,0.0,0.0,0.0,2.439,2.44,2.441,2.442,2.443,0.0,0.0,0.0,0.0,0.0,1253300.0,4867300.0,2208900.0,904700.0,1242900.0,0.0,0.0,0.0,0.0,0.0,102000.0,3435700.0,1799200.0,1490800.0,45500.0,0.0,0.0,0.0,0.0,0.0
20230823093544548,SZSE,SZSE.ETF.159845,2.438,2.44,2.447,2.434,0.0,2.703,2.211,30583600.0,685300.0,74601126.7,1670781.400000006,0.0,0.0,20230823,20230823,93544549,2.457,0.0,0.0,2.437,2.436,2.435,2.434,2.433,0.0,0.0,0.0,0.0,0.0,2.438,2.439,2.44,2.441,2.442,0.0,0.0,0.0,0.0,0.0,3367400.0,2658900.0,2409700.0,1792900.0,666200.0,0.0,0.0,0.0,0.0,0.0,1375100.0,2082000.0,752000.0,1899200.0,890800.0,0.0,0.0,0.0,0.0,0.0
20230823093547592,SZSE,SZSE.ETF.159845,2.438,2.44,2.447,2.434,0.0,2.703,2.211,30744900.0,161300.0,74994376.1,393249.39999999106,0.0,0.0,20230823,20230823,93547592,2.457,0.0,0.0,2.437,2.436,2.435,2.434,2.433,0.0,0.0,0.0,0.0,0.0,2.438,2.439,2.44,2.441,2.442,0.0,0.0,0.0,0.0,0.0,907400.0,5158900.0,1318200.0,1393200.0,811400.0,0.0,0.0,0.0,0.0,0.0,1464200.0,3045700.0,3040000.0,790700.0,94500.0,0.0,0.0,0.0,0.0,0.0
20230823093550276,SZSE,SZSE.ETF.159845,2.437,2.44,2.447,2.434,0.0,2.703,2.211,31052500.0,307600.0,75743997.5,749621.400000006,0.0,0.0,20230823,20230823,93550277,2.457,0.0,0.0,2.436,2.435,2.434,2.433,2.432,0.0,0.0,0.0,0.0,0.0,2.437,2.438,2.439,2.44,2.441,0.0,0.0,0.0,0.0,0.0,1314000.0,4318200.0,3093200.0,811400.0,1204300.0,0.0,0.0,0.0,0.0,0.0,243200.0,4511600.0,1837200.0,400000.0,640700.0,0.0,0.0,0.0,0.0,0.0
20230823093552608,SZSE,SZSE.ETF.159845,2.438,2.44,2.447,2.434,0.0,2.703,2.211,31315700.0,263200.0,76385435.9,641438.400000006,0.0,0.0,20230823,20230823,93552606,2.457,0.0,0.0,2.436,2.435,2.434,2.433,2.432,0.0,0.0,0.0,0.0,0.0,2.437,2.438,2.439,2.44,2.441,0.0,0.0,0.0,0.0,0.0,4886000.0,2868200.0,1491700.0,1311800.0,849600.0,0.0,0.0,0.0,0.0,0.0,100000.0,3436700.0,1767200.0,1591600.0,854400.0,0.0,0.0,0.0,0.0,0.0
20230823093555612,SZSE,SZSE.ETF.159845,2.437,2.44,2.447,2.434,0.0,2.703,2.211,31571800.0,256100.0,77009551.6,624115.6999999881,0.0,0.0,20230823,20230823,93555612,2.457,0.0,0.0,2.436,2.435,2.434,2.433,2.432,0.0,0.0,0.0,0.0,0.0,2.437,2.438,2.439,2.44,2.441,0.0,0.0,0.0,0.0,0.0,5021000.0,2880200.0,1491700.0,1807800.0,1349600.0,0.0,0.0,0.0,0.0,0.0,67900.0,3424700.0,1767200.0,1591600.0,854400.0,0.0,0.0,0.0,0.0,0.0
20230823093559568,SZSE,SZSE.ETF.159845,2.437,2.44,2.447,2.434,0.0,2.703,2.211,31572300.0,500.0,77010770.1,1218.5,0.0,0.0,20230823,20230823,93559568,2.457,0.0,0.0,2.436,2.435,2.434,2.433,2.432,0.0,0.0,0.0,0.0,0.0,2.437,2.438,2.439,2.44,2.441,0.0,0.0,0.0,0.0,0.0,3011100.0,3500200.0,1791700.0,2947800.0,1349600.0,0.0,0.0,0.0,0.0,0.0,1607500.0,3078700.0,767200.0,1441600.0,854400.0,0.0,0.0,0.0,0.0,0.0
20230823093603504,SZSE,SZSE.ETF.159845,2.437,2.44,2.447,2.434,0.0,2.703,2.211,31574000.0,1700.0,77014913.0,4142.9000000059605,0.0,0.0,20230823,20230823,93603503,2.457,0.0,0.0,2.436,2.435,2.434,2.433,2.432,0.0,0.0,0.0,0.0,0.0,2.437,2.438,2.439,2.44,2.441,0.0,0.0,0.0,0.0,0.0,1811100.0,2990200.0,2291700.0,2451800.0,849600.0,0.0,0.0,0.0,0.0,0.0,2965100.0,2320000.0,1917200.0,241600.0,254400.0,0.0,0.0,0.0,0.0,0.0
20230823093605656,SZSE,SZSE.ETF.159845,2.436,2.44,2.447,2.434,0.0,2.703,2.211,33215100.0,1641100.0,81012632.6,3997719.599999994,0.0,0.0,20230823,20230823,93605654,2.457,0.0,0.0,2.435,2.434,2.433,2.432,2.431,0.0,0.0,0.0,0.0,0.0,2.436,2.437,2.438,2.439,2.44,0.0,0.0,0.0,0.0,0.0,4128100.0,3301700.0,1551800.0,849600.0,1011300.0,0.0,0.0,0.0,0.0,0.0,470600.0,2554200.0,3111100.0,1337200.0,241600.0,0.0,0.0,0.0,0.0,0.0
20230823093607664,SZSE,SZSE.ETF.159845,2.436,2.44,2.447,2.434,0.0,2.703,2.211,33325400.0,110300.0,81281323.4,268690.8000000119,0.0,0.0,20230823,20230823,93607666,2.457,0.0,0.0,2.435,2.434,2.433,2.432,2.431,0.0,0.0,0.0,0.0,0.0,2.436,2.437,2.438,2.439,2.44,0.0,0.0,0.0,0.0,0.0,2718200.0,3451700.0,2611200.0,1145000.0,756500.0,0.0,0.0,0.0,0.0,0.0,1119000.0,2760200.0,1761100.0,1636800.0,645200.0,0.0,0.0,0.0,0.0,0.0
20230823093611544,SZSE,SZSE.ETF.159845,2.435,2.44,2.447,2.434,0.0,2.703,2.211,33694100.0,368700.0,82179107.9,897784.5,0.0,0.0,20230823,20230823,93611546,2.457,0.0,0.0,2.434,2.433,2.432,2.431,2.43,0.0,0.0,0.0,0.0,0.0,2.435,2.436,2.437,2.438,2.439,0.0,0.0,0.0,0.0,0.0,4031700.0,2711200.0,1949000.0,906500.0,1063500.0,0.0,0.0,0.0,0.0,0.0,20000.0,2516800.0,2654200.0,2021100.0,636800.0,0.0,0.0,0.0,0.0,0.0
20230823093613992,SZSE,SZSE.ETF.159845,2.435,2.44,2.447,2.434,0.0,2.703,2.211,33695100.0,1000.0,82181542.9,2435.0,0.0,0.0,20230823,20230823,93613993,2.457,0.0,0.0,2.434,2.433,2.432,2.431,2.43,0.0,0.0,0.0,0.0,0.0,2.435,2.436,2.437,2.438,2.439,0.0,0.0,0.0,0.0,0.0,393700.0,3611200.0,2808400.0,855900.0,708700.0,0.0,0.0,0.0,0.0,0.0,2524300.0,1362100.0,2754200.0,1232700.0,240400.0,0.0,0.0,0.0,0.0,0.0
20230823093617780,SZSE,SZSE.ETF.159845,2.434,2.44,2.447,2.434,0.0,2.703,2.211,34088800.0,393700.0,83139808.7,958265.799999997,0.0,0.0,20230823,20230823,93617781,2.457,0.0,0.0,2.433,2.432,2.431,2.43,2.429,0.0,0.0,0.0,0.0,0.0,2.434,2.435,2.436,2.437,2.438,0.0,0.0,0.0,0.0,0.0,311200.0,2748400.0,2005900.0,1562700.0,2368000.0,0.0,0.0,0.0,0.0,0.0,4236300.0,2279500.0,1350100.0,455800.0,332700.0,0.0,0.0,0.0,0.0,0.0
20230823093619688,SZSE,SZSE.ETF.159845,2.433,2.44,2.447,2.433,0.0,2.703,2.211,34152400.0,63600.0,83294548.9,154740.20000000298,0.0,0.0,20230823,20230823,93619686,2.457,0.0,0.0,2.432,2.431,2.43,2.429,2.428,0.0,0.0,0.0,0.0,0.0,2.433,2.434,2.435,2.436,2.437,0.0,0.0,0.0,0.0,0.0,1698400.0,3115300.0,1958100.0,1413300.0,2004700.0,0.0,0.0,0.0,0.0,0.0,1433800.0,2530200.0,2279500.0,1250100.0,547400.0,0.0,0.0,0.0,0.0,0.0
20230823093622936,SZSE,SZSE.ETF.159845,2.432,2.44,2.447,2.432,0.0,2.703,2.211,34157700.0,5300.0,83307440.4,12891.5,0.0,0.0,20230823,20230823,93622938,2.457,0.0,0.0,2.432,2.431,2.43,2.429,2.428,0.0,0.0,0.0,0.0,0.0,2.433,2.434,2.435,2.436,2.437,0.0,0.0,0.0,0.0,0.0,307600.0,4325500.0,2516700.0,1159600.0,1650000.0,0.0,0.0,0.0,0.0,0.0,3660200.0,1310100.0,1779500.0,241700.0,1009700.0,0.0,0.0,0.0,0.0,0.0
20230823093625168,SZSE,SZSE.ETF.159845,2.432,2.44,2.447,2.432,0.0,2.703,2.211,34473600.0,315900.0,84075716.2,768275.799999997,0.0,0.0,20230823,20230823,93625166,2.457,0.0,0.0,2.431,2.43,2.429,2.428,2.427,0.0,0.0,0.0,0.0,0.0,2.432,2.433,2.434,2.435,2.436,0.0,0.0,0.0,0.0,0.0,415500.0,3266700.0,2863600.0,1904000.0,602400.0,0.0,0.0,0.0,0.0,0.0,2572100.0,3192300.0,1949500.0,579500.0,241700.0,0.0,0.0,0.0,0.0,0.0
20230823093626776,SZSE,SZSE.ETF.159845,2.432,2.44,2.447,2.432,0.0,2.703,2.211,34489300.0,15700.0,84113898.6,38182.39999999106,0.0,0.0,20230823,20230823,93626774,2.457,0.0,0.0,2.431,2.43,2.429,2.428,2.427,0.0,0.0,0.0,0.0,0.0,2.432,2.433,2.434,2.435,2.436,0.0,0.0,0.0,0.0,0.0,27500.0,2726600.0,2022000.0,2150300.0,547700.0,0.0,0.0,0.0,0.0,0.0,3213400.0,1703200.0,799500.0,571100.0,145400.0,0.0,0.0,0.0,0.0,0.0
20230823093629600,SZSE,SZSE.ETF.159845,2.431,2.44,2.447,2.431,0.0,2.703,2.211,35002400.0,513100.0,85361244.7,1247346.100000009,0.0,0.0,20230823,20230823,93629600,2.457,0.0,0.0,2.431,2.43,2.429,2.428,2.427,0.0,0.0,0.0,0.0,0.0,2.432,2.433,2.434,2.435,2.436,0.0,0.0,0.0,0.0,0.0,1412000.0,1166600.0,1772000.0,1446300.0,647700.0,0.0,0.0,0.0,0.0,0.0,716300.0,3099200.0,999500.0,671100.0,345400.0,0.0,0.0,0.0,0.0,0.0
20230823093632096,SZSE,SZSE.ETF.159845,2.432,2.44,2.447,2.431,0.0,2.703,2.211,35029100.0,26700.0,85426179.1,64934.39999999106,0.0,0.0,20230823,20230823,93632098,2.457,0.0,0.0,2.431,2.43,2.429,2.428,2.427,0.0,0.0,0.0,0.0,0.0,2.432,2.433,2.434,2.435,2.436,0.0,0.0,0.0,0.0,0.0,3067600.0,5326600.0,872000.0,996300.0,1247700.0,0.0,0.0,0.0,0.0,0.0,1685600.0,1003200.0,2649500.0,2271100.0,345400.0,0.0,0.0,0.0,0.0,0.0
20230823093635068,SZSE,SZSE.ETF.159845,2.432,2.44,2.447,2.431,0.0,2.703,2.211,35040100.0,11000.0,85452931.1,26752.0,0.0,0.0,20230823,20230823,93635068,2.457,0.0,0.0,2.431,2.43,2.429,2.428,2.427,0.0,0.0,0.0,0.0,0.0,2.432,2.433,2.434,2.435,2.436,0.0,0.0,0.0,0.0,0.0,3155700.0,5289700.0,822000.0,995300.0,1247700.0,0.0,0.0,0.0,0.0,0.0,1190600.0,841000.0,2649500.0,2271100.0,345400.0,0.0,0.0,0.0,0.0,0.0
20230823093638072,SZSE,SZSE.ETF.159845,2.432,2.44,2.447,2.431,0.0,2.703,2.211,35630700.0,590600.0,86889270.3,1436339.200000003,0.0,0.0,20230823,20230823,93638071,2.457,0.0,0.0,2.432,2.431,2.43,2.429,2.428,0.0,0.0,0.0,0.0,0.0,2.433,2.434,2.435,2.436,2.437,0.0,0.0,0.0,0.0,0.0,275500.0,3255800.0,5027700.0,522000.0,1145300.0,0.0,0.0,0.0,0.0,0.0,2487000.0,2599500.0,2371100.0,395400.0,64800.0,0.0,0.0,0.0,0.0,0.0
20230823093641060,SZSE,SZSE.ETF.159845,2.432,2.44,2.447,2.431,0.0,2.703,2.211,36147400.0,516700.0,88145884.7,1256614.400000006,0.0,0.0,20230823,20230823,93641059,2.457,0.0,0.0,2.431,2.43,2.429,2.428,2.427,0.0,0.0,0.0,0.0,0.0,2.432,2.433,2.434,2.435,2.436,0.0,0.0,0.0,0.0,0.0,4013700.0,3267700.0,2013600.0,949000.0,1102400.0,0.0,0.0,0.0,0.0,0.0,254800.0,1953000.0,2974000.0,1629500.0,391700.0,0.0,0.0,0.0,0.0,0.0
20230823093644072,SZSE,SZSE.ETF.159845,2.431,2.44,2.447,2.431,0.0,2.703,2.211,36414800.0,267400.0,88796152.0,650267.299999997,0.0,0.0,20230823,20230823,93644071,2.457,0.0,0.0,2.431,2.43,2.429,2.428,2.427,0.0,0.0,0.0,0.0,0.0,2.432,2.433,2.434,2.435,2.436,0.0,0.0,0.0,0.0,0.0,2364200.0,4765700.0,1822000.0,549500.0,251700.0,0.0,0.0,0.0,0.0,0.0,1100000.0,1927500.0,1399500.0,1921100.0,795400.0,0.0,0.0,0.0,0.0,0.0
20230823093647096,SZSE,SZSE.ETF.159845,2.432,2.44,2.447,2.431,0.0,2.703,2.211,36415000.0,200.0,88796638.4,486.40000000596046,0.0,0.0,20230823,20230823,93647097,2.457,0.0,0.0,2.431,2.43,2.429,2.428,2.427,0.0,0.0,0.0,0.0,0.0,2.432,2.433,2.434,2.435,2.436,0.0,0.0,0.0,0.0,0.0,2864200.0,4265700.0,1922000.0,649500.0,151700.0,0.0,0.0,0.0,0.0,0.0,1099800.0,1927500.0,2599500.0,1321100.0,195400.0,0.0,0.0,0.0,0.0,0.0
20230823093650040,SZSE,SZSE.ETF.159845,2.431,2.44,2.447,2.431,0.0,2.703,2.211,36932300.0,517300.0,90054194.7,1257556.299999997,0.0,0.0,20230823,20230823,93650042,2.457,0.0,0.0,2.431,2.43,2.429,2.428,2.427,0.0,0.0,0.0,0.0,0.0,2.432,2.433,2.434,2.435,2.436,0.0,0.0,0.0,0.0,0.0,1959900.0,3765700.0,2922000.0,649500.0,151700.0,0.0,0.0,0.0,0.0,0.0,1101500.0,1927500.0,2649500.0,1321100.0,395400.0,0.0,0.0,0.0,0.0,0.0
20230823093653048,SZSE,SZSE.ETF.159845,2.431,2.44,2.447,2.431,0.0,2.703,2.211,36932300.0,0.0,90054194.7,0.0,0.0,0.0,20230823,20230823,93653048,2.457,0.0,0.0,2.431,2.43,2.429,2.428,2.427,0.0,0.0,0.0,0.0,0.0,2.432,2.433,2.434,2.435,2.436,0.0,0.0,0.0,0.0,0.0,1947900.0,3726700.0,2972000.0,649500.0,151700.0,0.0,0.0,0.0,0.0,0.0,1113500.0,1915500.0,2649500.0,1321100.0,395400.0,0.0,0.0,0.0,0.0,0.0
20230823093659048,SZSE,SZSE.ETF.159845,2.431,2.44,2.447,2.431,0.0,2.703,2.211,38247200.0,170500.0,93250756.7,414485.5,0.0,0.0,20230823,20230823,93659047,2.457,0.0,0.0,2.43,2.429,2.428,2.427,2.426,0.0,0.0,0.0,0.0,0.0,2.431,2.432,2.433,2.434,2.435,0.0,0.0,0.0,0.0,0.0,2376800.0,4222000.0,1957900.0,498100.0,145300.0,0.0,0.0,0.0,0.0,0.0,2189600.0,1988200.0,1591000.0,1591200.0,1224800.0,0.0,0.0,0.0,0.0,0.0
20230823093702080,SZSE,SZSE.ETF.159845,2.43,2.44,2.447,2.43,0.0,2.703,2.211,39424000.0,1176800.0,96110380.7,2859624.0,0.0,0.0,20230823,20230823,93702078,2.457,0.0,0.0,2.429,2.428,2.427,2.426,2.425,0.0,0.0,0.0,0.0,0.0,2.43,2.431,2.432,2.433,2.434,0.0,0.0,0.0,0.0,0.0,4584000.0,1908900.0,647100.0,295300.0,550100.0,0.0,0.0,0.0,0.0,0.0,796400.0,2587600.0,2502800.0,1441000.0,341200.0,0.0,0.0,0.0,0.0,0.0
20230823093705064,SZSE,SZSE.ETF.159845,2.43,2.44,2.447,2.43,0.0,2.703,2.211,40829000.0,1405000.0,99524739.3,3414358.599999994,0.0,0.0,20230823,20230823,93705066,2.457,0.0,0.0,2.43,2.429,2.428,2.427,2.426,0.0,0.0,0.0,0.0,0.0,2.431,2.432,2.433,2.434,2.435,0.0,0.0,0.0,0.0,0.0,100.0,5243900.0,3858900.0,555400.0,341700.0,0.0,0.0,0.0,0.0,0.0,1464500.0,2377300.0,2832700.0,344800.0,529500.0,0.0,0.0,0.0,0.0,0.0
20230823093708064,SZSE,SZSE.ETF.159845,2.43,2.44,2.447,2.43,0.0,2.703,2.211,41089800.0,260800.0,100158688.2,633948.900000006,0.0,0.0,20230823,20230823,93708063,2.457,0.0,0.0,2.429,2.428,2.427,2.426,2.425,0.0,0.0,0.0,0.0,0.0,2.431,2.432,2.433,2.434,2.435,0.0,0.0,0.0,0.0,0.0,4494100.0,1659000.0,1847200.0,1495300.0,550100.0,0.0,0.0,0.0,0.0,0.0,2315800.0,2577300.0,1591000.0,541200.0,624900.0,0.0,0.0,0.0,0.0,0.0
20230823093711064,SZSE,SZSE.ETF.159845,2.43,2.44,2.447,2.43,0.0,2.703,2.211,41289800.0,200000.0,100644688.2,486000.0,0.0,0.0,20230823,20230823,93711065,2.457,0.0,0.0,2.43,2.429,2.428,2.427,2.426,0.0,0.0,0.0,0.0,0.0,2.431,2.432,2.433,2.434,2.435,0.0,0.0,0.0,0.0,0.0,100000.0,3784000.0,3314100.0,1697200.0,696000.0,0.0,0.0,0.0,0.0,0.0,2036300.0,2752800.0,2391000.0,491200.0,624900.0,0.0,0.0,0.0,0.0,0.0
20230823093714048,SZSE,SZSE.ETF.159845,2.43,2.44,2.447,2.43,0.0,2.703,2.211,41297800.0,8000.0,100664128.2,19440.0,0.0,0.0,20230823,20230823,93714046,2.457,0.0,0.0,2.429,2.428,2.427,2.426,2.425,0.0,0.0,0.0,0.0,0.0,2.43,2.431,2.432,2.433,2.434,0.0,0.0,0.0,0.0,0.0,1994300.0,4064300.0,4447400.0,2091300.0,546100.0,0.0,0.0,0.0,0.0,0.0,2080100.0,3521800.0,2152800.0,491000.0,541200.0,0.0,0.0,0.0,0.0,0.0
20230823093717052,SZSE,SZSE.ETF.159845,2.43,2.44,2.447,2.43,0.0,2.703,2.211,41311900.0,14100.0,100698391.2,34263.0,0.0,0.0,20230823,20230823,93717051,2.457,0.0,0.0,2.429,2.428,2.427,2.426,2.425,0.0,0.0,0.0,0.0,0.0,2.43,2.431,2.432,2.433,2.434,0.0,0.0,0.0,0.0,0.0,1734300.0,4459100.0,3010800.0,591700.0,791400.0,0.0,0.0,0.0,0.0,0.0,2815500.0,2961800.0,1402800.0,532700.0,344800.0,0.0,0.0,0.0,0.0,0.0
20230823093947436,SZSE,SZSE.ETF.159845,2.43,2.44,2.447,2.429,0.0,2.703,2.211,46163100.0,100.0,112485891.5,243.0,0.0,0.0,20230823,20230823,93947437,2.457,0.0,0.0,2.429,2.428,2.427,2.426,2.425,0.0,0.0,0.0,0.0,0.0,2.43,2.431,2.432,2.433,2.434,0.0,0.0,0.0,0.0,0.0,5775600.0,6222000.0,2743400.0,1351000.0,696900.0,0.0,0.0,0.0,0.0,0.0,99900.0,1412000.0,2056200.0,2741000.0,891300.0,0.0,0.0,0.0,0.0,0.0
20230823093947460,SZSE,SZSE.ETF.159845,2.43,2.44,2.447,2.429,0.0,2.703,2.211,46263000.0,99900.0,112728648.5,242757.0,0.0,0.0,20230823,20230823,93947461,2.457,0.0,0.0,2.43,2.429,2.428,2.427,2.426,0.0,0.0,0.0,0.0,0.0,2.431,2.432,2.433,2.434,2.435,0.0,0.0,0.0,0.0,0.0,400.0,5775600.0,6222000.0,2501700.0,1492700.0,0.0,0.0,0.0,0.0,0.0,1412000.0,2156200.0,3032700.0,944900.0,578900.0,0.0,0.0,0.0,0.0,0.0
20230823093951204,SZSE,SZSE.ETF.159845,2.43,2.44,2.447,2.429,0.0,2.703,2.211,46342900.0,79900.0,112922805.5,194157.0,0.0,0.0,20230823,20230823,93951205,2.457,0.0,0.0,2.429,2.428,2.427,2.426,2.425,0.0,0.0,0.0,0.0,0.0,2.431,2.432,2.433,2.434,2.435,0.0,0.0,0.0,0.0,0.0,4015600.0,5622000.0,3993400.0,1896300.0,51600.0,0.0,0.0,0.0,0.0,0.0,3172000.0,2656200.0,1591000.0,541300.0,674200.0,0.0,0.0,0.0,0.0,0.0
20230823093953912,SZSE,SZSE.ETF.159845,2.43,2.44,2.447,2.429,0.0,2.703,2.211,46355900.0,13000.0,112954395.5,31590.0,0.0,0.0,20230823,20230823,93953913,2.457,0.0,0.0,2.429,2.428,2.427,2.426,2.425,0.0,0.0,0.0,0.0,0.0,2.43,2.431,2.432,2.433,2.434,0.0,0.0,0.0,0.0,0.0,3811600.0,7318000.0,4439400.0,1351000.0,696900.0,0.0,0.0,0.0,0.0,0.0,1087000.0,3608000.0,2352200.0,987000.0,541300.0,0.0,0.0,0.0,0.0,0.0
20230823093958296,SZSE,SZSE.ETF.159845,2.43,2.44,2.447,2.429,0.0,2.703,2.211,46478000.0,122100.0,113251098.5,296703.0,0.0,0.0,20230823,20230823,93958296,2.457,0.0,0.0,2.429,2.428,2.427,2.426,2.425,0.0,0.0,0.0,0.0,0.0,2.431,2.432,2.433,2.434,2.435,0.0,0.0,0.0,0.0,0.0,6271600.0,6718000.0,3097700.0,1492700.0,696900.0,0.0,0.0,0.0,0.0,0.0,1412000.0,3902200.0,2878700.0,840900.0,578900.0,0.0,0.0,0.0,0.0,0.0
20230823094000288,SZSE,SZSE.ETF.159845,2.43,2.44,2.447,2.429,0.0,2.703,2.211,46600000.0,122000.0,113547558.5,296460.0,0.0,0.0,20230823,20230823,94000287,2.457,0.0,0.0,2.429,2.428,2.427,2.426,2.425,0.0,0.0,0.0,0.0,0.0,2.431,2.432,2.433,2.434,2.435,0.0,0.0,0.0,0.0,0.0,5071600.0,6268000.0,3139400.0,1351000.0,696900.0,0.0,0.0,0.0,0.0,0.0,2013100.0,3152200.0,3237000.0,491300.0,674200.0,0.0,0.0,0.0,0.0,0.0
20230823094003264,SZSE,SZSE.ETF.159845,2.43,2.44,2.447,2.429,0.0,2.703,2.211,46924300.0,324300.0,114335583.5,788025.0,0.0,0.0,20230823,20230823,94003264,2.457,0.0,0.0,2.429,2.428,2.427,2.426,2.425,0.0,0.0,0.0,0.0,0.0,2.43,2.431,2.432,2.433,2.434,0.0,0.0,0.0,0.0,0.0,6247600.0,5118000.0,4039400.0,1351000.0,696900.0,0.0,0.0,0.0,0.0,0.0,300000.0,2554200.0,3452200.0,2037000.0,491300.0,0.0,0.0,0.0,0.0,0.0
20230823094005504,SZSE,SZSE.ETF.159845,2.431,2.44,2.447,2.429,0.0,2.703,2.211,47145400.0,221100.0,114872856.9,537273.400000006,0.0,0.0,20230823,20230823,94005503,2.457,0.0,0.0,2.43,2.429,2.428,2.427,2.426,0.0,0.0,0.0,0.0,0.0,2.431,2.432,2.433,2.434,2.435,0.0,0.0,0.0,0.0,0.0,991100.0,4297500.0,5418000.0,3151700.0,1692700.0,0.0,0.0,0.0,0.0,0.0,1412700.0,2702200.0,3478700.0,1575900.0,578900.0,0.0,0.0,0.0,0.0,0.0
20230823094008108,SZSE,SZSE.ETF.159845,2.43,2.44,2.447,2.429,0.0,2.703,2.211,47529400.0,384000.0,115805976.9,933120.0,0.0,0.0,20230823,20230823,94008109,2.457,0.0,0.0,2.43,2.429,2.428,2.427,2.426,0.0,0.0,0.0,0.0,0.0,2.431,2.432,2.433,2.434,2.435,0.0,0.0,0.0,0.0,0.0,616200.0,1611600.0,7708100.0,5074400.0,1843300.0,0.0,0.0,0.0,0.0,0.0,5348700.0,2652200.0,1087000.0,590300.0,625200.0,0.0,0.0,0.0,0.0,0.0
20230823094014332,SZSE,SZSE.ETF.159845,2.429,2.44,2.447,2.429,0.0,2.703,2.211,48951400.0,765800.0,119260672.1,1860129.199999988,0.0,0.0,20230823,20230823,94014331,2.457,0.0,0.0,2.428,2.427,2.426,2.425,2.424,0.0,0.0,0.0,0.0,0.0,2.429,2.43,2.431,2.432,2.433,0.0,0.0,0.0,0.0,0.0,3467100.0,5523000.0,4074700.0,1597900.0,740200.0,0.0,0.0,0.0,0.0,0.0,1340600.0,3403600.0,1701800.0,256200.0,732700.0,0.0,0.0,0.0,0.0,0.0
20230823094017160,SZSE,SZSE.ETF.159845,2.428,2.44,2.447,2.428,0.0,2.703,2.211,50560600.0,1609200.0,123167809.7,3907137.600000009,0.0,0.0,20230823,20230823,94017161,2.457,0.0,0.0,2.427,2.426,2.425,2.424,2.423,0.0,0.0,0.0,0.0,0.0,2.428,2.429,2.43,2.431,2.432,0.0,0.0,0.0,0.0,0.0,5323000.0,3383000.0,3374300.0,185500.0,105400.0,0.0,0.0,0.0,0.0,0.0,200.0,3241700.0,2999100.0,1401800.0,497900.0,0.0,0.0,0.0,0.0,0.0
20230823094020468,SZSE,SZSE.ETF.159845,2.428,2.44,2.447,2.428,0.0,2.703,2.211,50572700.0,12100.0,123197188.5,29378.79999999702,0.0,0.0,20230823,20230823,94020467,2.457,0.0,0.0,2.427,2.426,2.425,2.424,2.423,0.0,0.0,0.0,0.0,0.0,2.428,2.429,2.43,2.431,2.432,0.0,0.0,0.0,0.0,0.0,3104800.0,5233000.0,1433600.0,1630900.0,250800.0,0.0,0.0,0.0,0.0,0.0,1117900.0,1011900.0,3599100.0,2388800.0,301600.0,0.0,0.0,0.0,0.0,0.0
20230823094023144,SZSE,SZSE.ETF.159845,2.428,2.44,2.447,2.428,0.0,2.703,2.211,50618500.0,45800.0,123308390.9,111202.40000000596,0.0,0.0,20230823,20230823,94023142,2.457,0.0,0.0,2.427,2.426,2.425,2.424,2.423,0.0,0.0,0.0,0.0,0.0,2.429,2.43,2.431,2.432,2.433,0.0,0.0,0.0,0.0,0.0,2603200.0,5283000.0,1838600.0,630900.0,1750800.0,0.0,0.0,0.0,0.0,0.0,3230700.0,3299100.0,2123800.0,101600.0,848700.0,0.0,0.0,0.0,0.0,0.0
20230823094026152,SZSE,SZSE.ETF.159845,2.428,2.44,2.447,2.428,0.0,2.703,2.211,50618500.0,0.0,123308390.9,0.0,0.0,0.0,20230823,20230823,94026150,2.457,0.0,0.0,2.427,2.426,2.425,2.424,2.423,0.0,0.0,0.0,0.0,0.0,2.428,2.429,2.43,2.431,2.432,0.0,0.0,0.0,0.0,0.0,3875200.0,5283000.0,2538600.0,530900.0,1250800.0,0.0,0.0,0.0,0.0,0.0,1300000.0,2642700.0,2649100.0,2023800.0,206200.0,0.0,0.0,0.0,0.0,0.0
20230823094029056,SZSE,SZSE.ETF.159845,2.428,2.44,2.447,2.428,0.0,2.703,2.211,50673000.0,54500.0,123440716.9,132326.0,0.0,0.0,20230823,20230823,94029054,2.457,0.0,0.0,2.427,2.426,2.425,2.424,2.423,0.0,0.0,0.0,0.0,0.0,2.428,2.429,2.43,2.431,2.432,0.0,0.0,0.0,0.0,0.0,3935200.0,5233000.0,3488600.0,580900.0,1750800.0,0.0,0.0,0.0,0.0,0.0,109400.0,3272800.0,3299100.0,2123800.0,101600.0,0.0,0.0,0.0,0.0,0.0
20230823094032216,SZSE,SZSE.ETF.159845,2.427,2.44,2.447,2.427,0.0,2.703,2.211,51738600.0,1065600.0,126026930.5,2586213.599999994,0.0,0.0,20230823,20230823,94032214,2.457,0.0,0.0,2.427,2.426,2.425,2.424,2.423,0.0,0.0,0.0,0.0,0.0,2.428,2.429,2.43,2.431,2.432,0.0,0.0,0.0,0.0,0.0,100000.0,6295000.0,4438600.0,1630900.0,250800.0,0.0,0.0,0.0,0.0,0.0,1619000.0,2060800.0,3449100.0,1588800.0,101600.0,0.0,0.0,0.0,0.0,0.0
20230823094035432,SZSE,SZSE.ETF.159845,2.428,2.44,2.447,2.427,0.0,2.703,2.211,51739400.0,800.0,126028872.9,1942.4000000059605,0.0,0.0,20230823,20230823,94035434,2.457,0.0,0.0,2.427,2.426,2.425,2.424,2.423,0.0,0.0,0.0,0.0,0.0,2.428,2.429,2.43,2.431,2.432,0.0,0.0,0.0,0.0,0.0,112000.0,5458200.0,4688800.0,3462100.0,850800.0,0.0,0.0,0.0,0.0,0.0,3452200.0,2643000.0,2249100.0,492800.0,101800.0,0.0,0.0,0.0,0.0,0.0
20230823094038752,SZSE,SZSE.ETF.159845,2.428,2.44,2.447,2.427,0.0,2.703,2.211,51739400.0,0.0,126028872.9,0.0,0.0,0.0,20230823,20230823,94038751,2.457,0.0,0.0,2.426,2.425,2.424,2.423,2.422,0.0,0.0,0.0,0.0,0.0,2.428,2.429,2.43,2.431,2.432,0.0,0.0,0.0,0.0,0.0,5515100.0,5540000.0,3513200.0,899800.0,704700.0,0.0,0.0,0.0,0.0,0.0,4324200.0,2631000.0,1794000.0,492800.0,150900.0,0.0,0.0,0.0,0.0,0.0
20230823094041952,SZSE,SZSE.ETF.159845,2.428,2.44,2.447,2.427,0.0,2.703,2.211,51739400.0,0.0,126028872.9,0.0,0.0,0.0,20230823,20230823,94041951,2.457,0.0,0.0,2.426,2.425,2.424,2.423,2.422,0.0,0.0,0.0,0.0,0.0,2.427,2.428,2.429,2.43,2.431,0.0,0.0,0.0,0.0,0.0,7615300.0,6140200.0,2163400.0,354400.0,850100.0,0.0,0.0,0.0,0.0,0.0,103900.0,3764200.0,2681000.0,1744000.0,442800.0,0.0,0.0,0.0,0.0,0.0
20230823094044704,SZSE,SZSE.ETF.159845,2.427,2.44,2.447,2.427,0.0,2.703,2.211,51785800.0,46400.0,126141485.7,112612.79999999702,0.0,0.0,20230823,20230823,94044703,2.457,0.0,0.0,2.427,2.426,2.425,2.424,2.423,0.0,0.0,0.0,0.0,0.0,2.428,2.429,2.43,2.431,2.432,0.0,0.0,0.0,0.0,0.0,1496000.0,6615300.0,4340200.0,1390700.0,996100.0,0.0,0.0,0.0,0.0,0.0,1418200.0,1681000.0,3320700.0,2392500.0,55700.0,0.0,0.0,0.0,0.0,0.0
20230823094047660,SZSE,SZSE.ETF.159845,2.427,2.44,2.447,2.427,0.0,2.703,2.211,51835800.0,50000.0,126262835.7,121350.0,0.0,0.0,20230823,20230823,94047661,2.457,0.0,0.0,2.427,2.426,2.425,2.424,2.423,0.0,0.0,0.0,0.0,0.0,2.428,2.429,2.43,2.431,2.432,0.0,0.0,0.0,0.0,0.0,702000.0,7175300.0,5057200.0,1739400.0,349800.0,0.0,0.0,0.0,0.0,0.0,1723300.0,2631000.0,2279000.0,955800.0,223100.0,0.0,0.0,0.0,0.0,0.0
20230823094050528,SZSE,SZSE.ETF.159845,2.427,2.44,2.447,2.427,0.0,2.703,2.211,51835800.0,0.0,126262835.7,0.0,0.0,0.0,20230823,20230823,94050529,2.457,0.0,0.0,2.427,2.426,2.425,2.424,2.423,0.0,0.0,0.0,0.0,0.0,2.428,2.429,2.43,2.431,2.432,0.0,0.0,0.0,0.0,0.0,1598000.0,6575300.0,6307200.0,889400.0,799800.0,0.0,0.0,0.0,0.0,0.0,1763300.0,2731000.0,2279000.0,1805800.0,423100.0,0.0,0.0,0.0,0.0,0.0
20230823094053380,SZSE,SZSE.ETF.159845,2.427,2.44,2.447,2.427,0.0,2.703,2.211,51839600.0,3800.0,126272058.3,9222.59999999404,0.0,0.0,20230823,20230823,94053381,2.457,0.0,0.0,2.427,2.426,2.425,2.424,2.423,0.0,0.0,0.0,0.0,0.0,2.428,2.429,2.43,2.431,2.432,0.0,0.0,0.0,0.0,0.0,4066200.0,5603500.0,4807200.0,889400.0,799800.0,0.0,0.0,0.0,0.0,0.0,751300.0,3743000.0,2279000.0,1805800.0,423100.0,0.0,0.0,0.0,0.0,0.0
20230823094056336,SZSE,SZSE.ETF.159845,2.428,2.44,2.447,2.427,0.0,2.703,2.211,52455800.0,616200.0,127768181.9,1496123.600000009,0.0,0.0,20230823,20230823,94056338,2.457,0.0,0.0,2.427,2.426,2.425,2.424,2.423,0.0,0.0,0.0,0.0,0.0,2.429,2.43,2.431,2.432,2.433,0.0,0.0,0.0,0.0,0.0,5701000.0,6003600.0,4758200.0,754400.0,799800.0,0.0,0.0,0.0,0.0,0.0,2588000.0,2229000.0,3240800.0,1023100.0,241600.0,0.0,0.0,0.0,0.0,0.0
20230823094059032,SZSE,SZSE.ETF.159845,2.428,2.44,2.447,2.427,0.0,2.703,2.211,52525800.0,70000.0,127938141.9,169960.0,0.0,0.0,20230823,20230823,94059034,2.457,0.0,0.0,2.428,2.427,2.426,2.425,2.424,0.0,0.0,0.0,0.0,0.0,2.429,2.43,2.431,2.432,2.433,0.0,0.0,0.0,0.0,0.0,100000.0,6761000.0,7053600.0,2799900.0,612700.0,0.0,0.0,0.0,0.0,0.0,217100.0,4879000.0,2799100.0,1065400.0,337000.0,0.0,0.0,0.0,0.0,0.0
20230823094102036,SZSE,SZSE.ETF.159845,2.428,2.44,2.447,2.427,0.0,2.703,2.211,52694500.0,168700.0,128347745.5,409603.59999999404,0.0,0.0,20230823,20230823,94102036,2.457,0.0,0.0,2.427,2.426,2.425,2.424,2.423,0.0,0.0,0.0,0.0,0.0,2.428,2.429,2.43,2.431,2.432,0.0,0.0,0.0,0.0,0.0,4464400.0,7720600.0,3904900.0,286000.0,654400.0,0.0,0.0,0.0,0.0,0.0,14900.0,4274200.0,2729000.0,1747100.0,564400.0,0.0,0.0,0.0,0.0,0.0
20230823094105064,SZSE,SZSE.ETF.159845,2.428,2.44,2.447,2.427,0.0,2.703,2.211,52694500.0,0.0,128347745.5,0.0,0.0,0.0,20230823,20230823,94105065,2.457,0.0,0.0,2.427,2.426,2.425,2.424,2.423,0.0,0.0,0.0,0.0,0.0,2.428,2.429,2.43,2.431,2.432,0.0,0.0,0.0,0.0,0.0,4739400.0,7003600.0,3108200.0,504400.0,699800.0,0.0,0.0,0.0,0.0,0.0,114900.0,2514200.0,2229000.0,2955800.0,473100.0,0.0,0.0,0.0,0.0,0.0
20230823094108036,SZSE,SZSE.ETF.159845,2.428,2.44,2.447,2.427,0.0,2.703,2.211,52694500.0,0.0,128347745.5,0.0,0.0,0.0,20230823,20230823,94108037,2.457,0.0,0.0,2.427,2.426,2.425,2.424,2.423,0.0,0.0,0.0,0.0,0.0,2.428,2.429,2.43,2.431,2.432,0.0,0.0,0.0,0.0,0.0,622200.0,9213600.0,4358200.0,1285400.0,199800.0,0.0,0.0,0.0,0.0,0.0,2230900.0,2014200.0,2879000.0,1509800.0,423100.0,0.0,0.0,0.0,0.0,0.0
20230823094111024,SZSE,SZSE.ETF.159845,2.428,2.44,2.447,2.427,0.0,2.703,2.211,52700300.0,5800.0,128361827.9,14082.40000000596,0.0,0.0,20230823,20230823,94111025,2.457,0.0,0.0,2.427,2.426,2.425,2.424,2.423,0.0,0.0,0.0,0.0,0.0,2.428,2.429,2.43,2.431,2.432,0.0,0.0,0.0,0.0,0.0,922200.0,6439800.0,6108200.0,2887400.0,199800.0,0.0,0.0,0.0,0.0,0.0,5535100.0,2614200.0,844000.0,309800.0,423100.0,0.0,0.0,0.0,0.0,0.0
20230823094114244,SZSE,SZSE.ETF.159845,2.427,2.44,2.447,2.427,0.0,2.703,2.211,52727200.0,26900.0,128427114.2,65286.29999999702,0.0,0.0,20230823,20230823,94114244,2.457,0.0,0.0,2.427,2.426,2.425,2.424,2.423,0.0,0.0,0.0,0.0,0.0,2.428,2.429,2.43,2.431,2.432,0.0,0.0,0.0,0.0,0.0,895300.0,6481600.0,5658200.0,2687400.0,799800.0,0.0,0.0,0.0,0.0,0.0,4547100.0,2602200.0,1929000.0,309800.0,423100.0,0.0,0.0,0.0,0.0,0.0
20230823094117020,SZSE,SZSE.ETF.159845,2.427,2.44,2.447,2.427,0.0,2.703,2.211,52727200.0,0.0,128427114.2,0.0,0.0,0.0,20230823,20230823,94117021,2.457,0.0,0.0,2.427,2.426,2.425,2.424,2.423,0.0,0.0,0.0,0.0,0.0,2.428,2.429,2.43,2.431,2.432,0.0,0.0,0.0,0.0,0.0,895300.0,5281600.0,5308200.0,2687400.0,799800.0,0.0,0.0,0.0,0.0,0.0,4262200.0,2652200.0,1979000.0,309800.0,423100.0,0.0,0.0,0.0,0.0,0.0
20230823094120260,SZSE,SZSE.ETF.159845,2.427,2.44,2.447,2.427,0.0,2.703,2.211,52727200.0,0.0,128427114.2,0.0,0.0,0.0,20230823,20230823,94120261,2.457,0.0,0.0,2.426,2.425,2.424,2.423,2.422,0.0,0.0,0.0,0.0,0.0,2.428,2.429,2.43,2.431,2.432,0.0,0.0,0.0,0.0,0.0,5581600.0,5708200.0,2687400.0,799800.0,616700.0,0.0,0.0,0.0,0.0,0.0,4562200.0,2652200.0,1979000.0,309800.0,423100.0,0.0,0.0,0.0,0.0,0.0
20230823094123512,SZSE,SZSE.ETF.159845,2.428,2.44,2.447,2.427,0.0,2.703,2.211,53047200.0,320000.0,129204074.2,776960.0,0.0,0.0,20230823,20230823,94123510,2.457,0.0,0.0,2.427,2.426,2.425,2.424,2.423,0.0,0.0,0.0,0.0,0.0,2.428,2.429,2.43,2.431,2.432,0.0,0.0,0.0,0.0,0.0,1643800.0,6821600.0,5391200.0,451400.0,826400.0,0.0,0.0,0.0,0.0,0.0,136200.0,3311000.0,2946000.0,1810800.0,351100.0,0.0,0.0,0.0,0.0,0.0
20230823094126956,SZSE,SZSE.ETF.159845,2.428,2.44,2.447,2.427,0.0,2.703,2.211,53239500.0,192300.0,129670978.6,466904.39999999106,0.0,0.0,20230823,20230823,94126956,2.457,0.0,0.0,2.428,2.427,2.426,2.425,2.424,0.0,0.0,0.0,0.0,0.0,2.429,2.43,2.431,2.432,2.433,0.0,0.0,0.0,0.0,0.0,3057200.0,4207800.0,4313600.0,3377200.0,956400.0,0.0,0.0,0.0,0.0,0.0,301100.0,2144100.0,2144800.0,2858100.0,241600.0,0.0,0.0,0.0,0.0,0.0
20230823094129484,SZSE,SZSE.ETF.159845,2.428,2.44,2.447,2.427,0.0,2.703,2.211,54208700.0,969200.0,132024196.2,2353217.600000009,0.0,0.0,20230823,20230823,94129485,2.457,0.0,0.0,2.428,2.427,2.426,2.425,2.424,0.0,0.0,0.0,0.0,0.0,2.429,2.43,2.431,2.432,2.433,0.0,0.0,0.0,0.0,0.0,2712000.0,6777600.0,2580600.0,2808900.0,688000.0,0.0,0.0,0.0,0.0,0.0,675900.0,2104100.0,1336100.0,2564400.0,608900.0,0.0,0.0,0.0,0.0,0.0
20230823094132616,SZSE,SZSE.ETF.159845,2.429,2.44,2.447,2.427,0.0,2.703,2.211,54229800.0,21100.0,132075428.1,51231.89999999106,0.0,0.0,20230823,20230823,94132614,2.457,0.0,0.0,2.428,2.427,2.426,2.425,2.424,0.0,0.0,0.0,0.0,0.0,2.43,2.431,2.432,2.433,2.434,0.0,0.0,0.0,0.0,0.0,6122500.0,5617300.0,2382800.0,2673900.0,688000.0,0.0,0.0,0.0,0.0,0.0,2104100.0,1686100.0,2849400.0,1208900.0,50800.0,0.0,0.0,0.0,0.0,0.0
20230823094135316,SZSE,SZSE.ETF.159845,2.429,2.44,2.447,2.427,0.0,2.703,2.211,54332400.0,102600.0,132324643.5,249215.40000000596,0.0,0.0,20230823,20230823,94135317,2.457,0.0,0.0,2.428,2.427,2.426,2.425,2.424,0.0,0.0,0.0,0.0,0.0,2.429,2.43,2.431,2.432,2.433,0.0,0.0,0.0,0.0,0.0,5292000.0,5017300.0,2774500.0,2582200.0,688000.0,0.0,0.0,0.0,0.0,0.0,636500.0,2148800.0,2486100.0,1872700.0,755300.0,0.0,0.0,0.0,0.0,0.0
20230823094138072,SZSE,SZSE.ETF.159845,2.429,2.44,2.447,2.427,0.0,2.703,2.211,54349300.0,16900.0,132365693.6,41050.09999999404,0.0,0.0,20230823,20230823,94138072,2.457,0.0,0.0,2.428,2.427,2.426,2.425,2.424,0.0,0.0,0.0,0.0,0.0,2.429,2.43,2.431,2.432,2.433,0.0,0.0,0.0,0.0,0.0,4692000.0,6707700.0,2682800.0,2673900.0,737000.0,0.0,0.0,0.0,0.0,0.0,943100.0,2149100.0,1986100.0,2700400.0,657900.0,0.0,0.0,0.0,0.0,0.0
20230823094141008,SZSE,SZSE.ETF.159845,2.429,2.44,2.447,2.427,0.0,2.703,2.211,54349500.0,200.0,132366179.4,485.80000001192093,0.0,0.0,20230823,20230823,94141009,2.457,0.0,0.0,2.429,2.428,2.427,2.426,2.425,0.0,0.0,0.0,0.0,0.0,2.43,2.431,2.432,2.433,2.434,0.0,0.0,0.0,0.0,0.0,44400.0,5673000.0,4047800.0,2478000.0,2673900.0,0.0,0.0,0.0,0.0,0.0,499000.0,2236100.0,2800400.0,1392900.0,50800.0,0.0,0.0,0.0,0.0,0.0
20230823094144076,SZSE,SZSE.ETF.159845,2.43,2.44,2.447,2.427,0.0,2.703,2.211,54393500.0,44000.0,132473099.2,106919.79999999702,0.0,0.0,20230823,20230823,94144077,2.457,0.0,0.0,2.429,2.428,2.427,2.426,2.425,0.0,0.0,0.0,0.0,0.0,2.43,2.431,2.432,2.433,2.434,0.0,0.0,0.0,0.0,0.0,3109400.0,3413100.0,4124600.0,3824700.0,1305500.0,0.0,0.0,0.0,0.0,0.0,67300.0,2224800.0,2291700.0,2034300.0,218100.0,0.0,0.0,0.0,0.0,0.0
20230823094146996,SZSE,SZSE.ETF.159845,2.43,2.44,2.447,2.427,0.0,2.703,2.211,54409700.0,16200.0,132512465.2,39366.0,0.0,0.0,20230823,20230823,94146997,2.457,0.0,0.0,2.429,2.428,2.427,2.426,2.425,0.0,0.0,0.0,0.0,0.0,2.43,2.431,2.432,2.433,2.434,0.0,0.0,0.0,0.0,0.0,3239800.0,5689000.0,3220700.0,2724700.0,1805500.0,0.0,0.0,0.0,0.0,0.0,51600.0,1597600.0,2787700.0,3495300.0,218100.0,0.0,0.0,0.0,0.0,0.0
20230823094150188,SZSE,SZSE.ETF.159845,2.43,2.44,2.447,2.427,0.0,2.703,2.211,54409700.0,0.0,132512465.2,0.0,0.0,0.0,20230823,20230823,94150188,2.457,0.0,0.0,2.429,2.428,2.427,2.426,2.425,0.0,0.0,0.0,0.0,0.0,2.43,2.431,2.432,2.433,2.434,0.0,0.0,0.0,0.0,0.0,3957400.0,4167100.0,3220600.0,2524700.0,1705500.0,0.0,0.0,0.0,0.0,0.0,39100.0,1565200.0,2387700.0,3480300.0,818100.0,0.0,0.0,0.0,0.0,0.0
20230823094153088,SZSE,SZSE.ETF.159845,2.43,2.44,2.447,2.427,0.0,2.703,2.211,56456500.0,2046800.0,137486189.2,4973723.999999985,0.0,0.0,20230823,20230823,94153086,2.457,0.0,0.0,2.429,2.428,2.427,2.426,2.425,0.0,0.0,0.0,0.0,0.0,2.431,2.432,2.433,2.434,2.435,0.0,0.0,0.0,0.0,0.0,2557400.0,5567000.0,3785600.0,2524700.0,759500.0,0.0,0.0,0.0,0.0,0.0,2363100.0,3487700.0,2531300.0,898100.0,829600.0,0.0,0.0,0.0,0.0,0.0
20230823094155972,SZSE,SZSE.ETF.159845,2.43,2.44,2.447,2.427,0.0,2.703,2.211,56658900.0,202400.0,137978021.2,491832.0,0.0,0.0,20230823,20230823,94155971,2.457,0.0,0.0,2.43,2.429,2.428,2.427,2.426,0.0,0.0,0.0,0.0,0.0,2.431,2.432,2.433,2.434,2.435,0.0,0.0,0.0,0.0,0.0,100000.0,5744200.0,5717000.0,2262300.0,2883000.0,0.0,0.0,0.0,0.0,0.0,2436800.0,3387700.0,2139600.0,909500.0,524900.0,0.0,0.0,0.0,0.0,0.0
20230823094159348,SZSE,SZSE.ETF.159845,2.43,2.44,2.447,2.427,0.0,2.703,2.211,56658900.0,0.0,137978021.2,0.0,0.0,0.0,20230823,20230823,94159349,2.457,0.0,0.0,2.43,2.429,2.428,2.427,2.426,0.0,0.0,0.0,0.0,0.0,2.431,2.432,2.433,2.434,2.435,0.0,0.0,0.0,0.0,0.0,2582500.0,4833600.0,5134000.0,2836300.0,2756300.0,0.0,0.0,0.0,0.0,0.0,1163100.0,2837700.0,2072600.0,904500.0,596900.0,0.0,0.0,0.0,0.0,0.0
20230823094202048,SZSE,SZSE.ETF.159845,2.43,2.44,2.447,2.427,0.0,2.703,2.211,57661200.0,1002300.0,140413611.4,2435590.200000018,0.0,0.0,20230823,20230823,94202050,2.457,0.0,0.0,2.43,2.429,2.428,2.427,2.426,0.0,0.0,0.0,0.0,0.0,2.431,2.432,2.433,2.434,2.435,0.0,0.0,0.0,0.0,0.0,1417200.0,4422200.0,6384000.0,3067300.0,1156300.0,0.0,0.0,0.0,0.0,0.0,3084700.0,3999700.0,1722600.0,904500.0,596900.0,0.0,0.0,0.0,0.0,0.0
20230823094205164,SZSE,SZSE.ETF.159845,2.43,2.44,2.447,2.427,0.0,2.703,2.211,58661200.0,1000000.0,142843611.4,2430000.0,0.0,0.0,20230823,20230823,94205164,2.457,0.0,0.0,2.43,2.429,2.428,2.427,2.426,0.0,0.0,0.0,0.0,0.0,2.431,2.432,2.433,2.434,2.435,0.0,0.0,0.0,0.0,0.0,138200.0,7151600.0,4884000.0,1336300.0,1656300.0,0.0,0.0,0.0,0.0,0.0,2084700.0,3799700.0,2872600.0,904500.0,596900.0,0.0,0.0,0.0,0.0,0.0
20230823094208188,SZSE,SZSE.ETF.159845,2.43,2.44,2.447,2.427,0.0,2.703,2.211,59673200.0,1012000.0,145302771.4,2459160.0,0.0,0.0,20230823,20230823,94208189,2.457,0.0,0.0,2.43,2.429,2.428,2.427,2.426,0.0,0.0,0.0,0.0,0.0,2.431,2.432,2.433,2.434,2.435,0.0,0.0,0.0,0.0,0.0,64300.0,4821600.0,5734000.0,3036300.0,1156300.0,0.0,0.0,0.0,0.0,0.0,2065300.0,3787700.0,1272600.0,904500.0,596900.0,0.0,0.0,0.0,0.0,0.0
20230823094211028,SZSE,SZSE.ETF.159845,2.43,2.44,2.447,2.427,0.0,2.703,2.211,59673700.0,500.0,145303986.4,1215.0,0.0,0.0,20230823,20230823,94211028,2.457,0.0,0.0,2.43,2.429,2.428,2.427,2.426,0.0,0.0,0.0,0.0,0.0,2.431,2.432,2.433,2.434,2.435,0.0,0.0,0.0,0.0,0.0,12000.0,5805900.0,5534000.0,2667300.0,1656300.0,0.0,0.0,0.0,0.0,0.0,1556100.0,3849700.0,2872600.0,855500.0,596900.0,0.0,0.0,0.0,0.0,0.0
20230823094214032,SZSE,SZSE.ETF.159845,2.43,2.44,2.447,2.427,0.0,2.703,2.211,59673700.0,0.0,145303986.4,0.0,0.0,0.0,20230823,20230823,94214030,2.457,0.0,0.0,2.43,2.429,2.428,2.427,2.426,0.0,0.0,0.0,0.0,0.0,2.431,2.432,2.433,2.434,2.435,0.0,0.0,0.0,0.0,0.0,500000.0,5711800.0,4484000.0,4267300.0,1205300.0,0.0,0.0,0.0,0.0,0.0,3068100.0,3787700.0,1272600.0,855500.0,645900.0,0.0,0.0,0.0,0.0,0.0
20230823094217152,SZSE,SZSE.ETF.159845,2.43,2.44,2.447,2.427,0.0,2.703,2.211,60187400.0,513700.0,146552291.1,1248304.699999988,0.0,0.0,20230823,20230823,94217152,2.457,0.0,0.0,2.429,2.428,2.427,2.426,2.425,0.0,0.0,0.0,0.0,0.0,2.43,2.431,2.432,2.433,2.434,0.0,0.0,0.0,0.0,0.0,6717900.0,5224000.0,2067300.0,1705300.0,65200.0,0.0,0.0,0.0,0.0,0.0,500000.0,754400.0,3487700.0,3062600.0,359500.0,0.0,0.0,0.0,0.0,0.0
20230823094219976,SZSE,SZSE.ETF.159845,2.43,2.44,2.447,2.427,0.0,2.703,2.211,60387400.0,200000.0,147038291.1,486000.0,0.0,0.0,20230823,20230823,94219976,2.457,0.0,0.0,2.43,2.429,2.428,2.427,2.426,0.0,0.0,0.0,0.0,0.0,2.431,2.432,2.433,2.434,2.435,0.0,0.0,0.0,0.0,0.0,1744000.0,5751800.0,6817000.0,3120600.0,1473700.0,0.0,0.0,0.0,0.0,0.0,4050400.0,2187700.0,2171300.0,1418100.0,478600.0,0.0,0.0,0.0,0.0,0.0
20230823094223080,SZSE,SZSE.ETF.159845,2.43,2.44,2.447,2.427,0.0,2.703,2.211,62134500.0,1747100.0,151283744.1,4245453.0,0.0,0.0,20230823,20230823,94223081,2.457,0.0,0.0,2.429,2.428,2.427,2.426,2.425,0.0,0.0,0.0,0.0,0.0,2.43,2.431,2.432,2.433,2.434,0.0,0.0,0.0,0.0,0.0,2327000.0,7924000.0,3767300.0,2701300.0,565200.0,0.0,0.0,0.0,0.0,0.0,2938500.0,3750400.0,1387700.0,831600.0,359500.0,0.0,0.0,0.0,0.0,0.0
20230823094226068,SZSE,SZSE.ETF.159845,2.43,2.44,2.447,2.427,0.0,2.703,2.211,63308700.0,1174200.0,154137050.1,2853306.0,0.0,0.0,20230823,20230823,94226069,2.457,0.0,0.0,2.429,2.428,2.427,2.426,2.425,0.0,0.0,0.0,0.0,0.0,2.43,2.431,2.432,2.433,2.434,0.0,0.0,0.0,0.0,0.0,3012000.0,6957000.0,3620600.0,3104700.0,210500.0,0.0,0.0,0.0,0.0,0.0,3037200.0,3355200.0,1437700.0,940300.0,218100.0,0.0,0.0,0.0,0.0,0.0
20230823094229040,SZSE,SZSE.ETF.159845,2.429,2.44,2.447,2.427,0.0,2.703,2.211,63608700.0,300000.0,154865750.1,728700.0,0.0,0.0,20230823,20230823,94229041,2.457,0.0,0.0,2.429,2.428,2.427,2.426,2.425,0.0,0.0,0.0,0.0,0.0,2.43,2.431,2.432,2.433,2.434,0.0,0.0,0.0,0.0,0.0,3112500.0,6834000.0,3620600.0,3204700.0,706500.0,0.0,0.0,0.0,0.0,0.0,3187200.0,3200400.0,1437700.0,550300.0,218100.0,0.0,0.0,0.0,0.0,0.0
20230823094232204,SZSE,SZSE.ETF.159845,2.428,2.44,2.447,2.427,0.0,2.703,2.211,67257900.0,3649200.0,163728656.9,8862906.800000012,0.0,0.0,20230823,20230823,94232204,2.457,0.0,0.0,2.428,2.427,2.426,2.425,2.424,0.0,0.0,0.0,0.0,0.0,2.429,2.43,2.431,2.432,2.433,0.0,0.0,0.0,0.0,0.0,2489400.0,4880400.0,6155700.0,890500.0,42700.0,0.0,0.0,0.0,0.0,0.0,3076900.0,2487200.0,1788400.0,296700.0,550300.0,0.0,0.0,0.0,0.0,0.0
20230823094235148,SZSE,SZSE.ETF.159845,2.428,2.44,2.447,2.427,0.0,2.703,2.211,69059100.0,1801200.0,168101971.7,4373314.799999982,0.0,0.0,20230823,20230823,94235149,2.457,0.0,0.0,2.428,2.427,2.426,2.425,2.424,0.0,0.0,0.0,0.0,0.0,2.429,2.43,2.431,2.432,2.433,0.0,0.0,0.0,0.0,0.0,516000.0,5238500.0,5909000.0,1858900.0,188000.0,0.0,0.0,0.0,0.0,0.0,4321400.0,1437200.0,1838400.0,505400.0,408900.0,0.0,0.0,0.0,0.0,0.0
20230823094238040,SZSE,SZSE.ETF.159845,2.428,2.44,2.447,2.427,0.0,2.703,2.211,69720100.0,661000.0,169706879.7,1604908.0,0.0,0.0,20230823,20230823,94238039,2.457,0.0,0.0,2.427,2.426,2.425,2.424,2.423,0.0,0.0,0.0,0.0,0.0,2.428,2.429,2.43,2.431,2.432,0.0,0.0,0.0,0.0,0.0,5648500.0,3409000.0,3423900.0,188000.0,525400.0,0.0,0.0,0.0,0.0,0.0,240100.0,2375200.0,2887200.0,2138400.0,505400.0,0.0,0.0,0.0,0.0,0.0
20230823094241008,SZSE,SZSE.ETF.159845,2.428,2.44,2.447,2.427,0.0,2.703,2.211,69956100.0,236000.0,170279887.7,573008.0,0.0,0.0,20230823,20230823,94241007,2.457,0.0,0.0,2.427,2.426,2.425,2.424,2.423,0.0,0.0,0.0,0.0,0.0,2.428,2.429,2.43,2.431,2.432,0.0,0.0,0.0,0.0,0.0,6635300.0,5391900.0,2212200.0,456400.0,670800.0,0.0,0.0,0.0,0.0,0.0,104100.0,3311800.0,1937200.0,2547100.0,1614100.0,0.0,0.0,0.0,0.0,0.0
20230823094244000,SZSE,SZSE.ETF.159845,2.428,2.44,2.447,2.427,0.0,2.703,2.211,72370700.0,2414600.0,176142537.5,5862649.800000012,0.0,0.0,20230823,20230823,94244001,2.457,0.0,0.0,2.427,2.426,2.425,2.424,2.423,0.0,0.0,0.0,0.0,0.0,2.429,2.43,2.431,2.432,2.433,0.0,0.0,0.0,0.0,0.0,6285300.0,5091900.0,1967200.0,456400.0,670800.0,0.0,0.0,0.0,0.0,0.0,1980600.0,2127200.0,2947100.0,1424100.0,241600.0,0.0,0.0,0.0,0.0,0.0
20230823094246972,SZSE,SZSE.ETF.159845,2.428,2.44,2.447,2.427,0.0,2.703,2.211,72370700.0,0.0,176142537.5,0.0,0.0,0.0,20230823,20230823,94246972,2.457,0.0,0.0,2.427,2.426,2.425,2.424,2.423,0.0,0.0,0.0,0.0,0.0,2.428,2.429,2.43,2.431,2.432,0.0,0.0,0.0,0.0,0.0,4685300.0,5241900.0,3745000.0,945700.0,670800.0,0.0,0.0,0.0,0.0,0.0,1474700.0,3139800.0,3077200.0,1300300.0,320400.0,0.0,0.0,0.0,0.0,0.0
20230823094250036,SZSE,SZSE.ETF.159845,2.428,2.44,2.447,2.427,0.0,2.703,2.211,72371200.0,500.0,176143751.5,1214.0,0.0,0.0,20230823,20230823,94250035,2.457,0.0,0.0,2.427,2.426,2.425,2.424,2.423,0.0,0.0,0.0,0.0,0.0,2.428,2.429,2.43,2.431,2.432,0.0,0.0,0.0,0.0,0.0,3523300.0,7063900.0,3603300.0,1087400.0,670800.0,0.0,0.0,0.0,0.0,0.0,2541700.0,2567800.0,3177200.0,946000.0,224100.0,0.0,0.0,0.0,0.0,0.0
20230823094253032,SZSE,SZSE.ETF.159845,2.428,2.44,2.447,2.427,0.0,2.703,2.211,72371300.0,100.0,176143994.3,242.80000001192093,0.0,0.0,20230823,20230823,94253033,2.457,0.0,0.0,2.427,2.426,2.425,2.424,2.423,0.0,0.0,0.0,0.0,0.0,2.428,2.429,2.43,2.431,2.432,0.0,0.0,0.0,0.0,0.0,3535300.0,7082500.0,3503300.0,1187400.0,670800.0,0.0,0.0,0.0,0.0,0.0,2279600.0,4279800.0,2577200.0,346000.0,224100.0,0.0,0.0,0.0,0.0,0.0
20230823094255992,SZSE,SZSE.ETF.159845,2.428,2.44,2.447,2.427,0.0,2.703,2.211,72371300.0,0.0,176143994.3,0.0,0.0,0.0,20230823,20230823,94255992,2.457,0.0,0.0,2.427,2.426,2.425,2.424,2.423,0.0,0.0,0.0,0.0,0.0,2.428,2.429,2.43,2.431,2.432,0.0,0.0,0.0,0.0,0.0,3535300.0,7252600.0,3264300.0,1236400.0,670800.0,0.0,0.0,0.0,0.0,0.0,1979600.0,2629800.0,2987200.0,946000.0,224100.0,0.0,0.0,0.0,0.0,0.0
20230823094259352,SZSE,SZSE.ETF.159845,2.427,2.44,2.447,2.427,0.0,2.703,2.211,72373200.0,1900.0,176148605.6,4611.299999982119,0.0,0.0,20230823,20230823,94259352,2.457,0.0,0.0,2.427,2.426,2.425,2.424,2.423,0.0,0.0,0.0,0.0,0.0,2.428,2.429,2.43,2.431,2.432,0.0,0.0,0.0,0.0,0.0,3533400.0,6993100.0,3454300.0,1187400.0,219800.0,0.0,0.0,0.0,0.0,0.0,2528400.0,2581000.0,3227200.0,946000.0,273100.0,0.0,0.0,0.0,0.0,0.0
20230823094302104,SZSE,SZSE.ETF.159845,2.427,2.44,2.447,2.427,0.0,2.703,2.211,73687400.0,1314200.0,179338169.0,3189563.400000006,0.0,0.0,20230823,20230823,94302104,2.457,0.0,0.0,2.427,2.426,2.425,2.424,2.423,0.0,0.0,0.0,0.0,0.0,2.428,2.429,2.43,2.431,2.432,0.0,0.0,0.0,0.0,0.0,1957300.0,4627700.0,3154300.0,1236400.0,666800.0,0.0,0.0,0.0,0.0,0.0,2982000.0,2570100.0,1362200.0,346000.0,224100.0,0.0,0.0,0.0,0.0,0.0
20230823094305032,SZSE,SZSE.ETF.159845,2.427,2.44,2.447,2.427,0.0,2.703,2.211,73687400.0,0.0,179338169.0,0.0,0.0,0.0,20230823,20230823,94305031,2.457,0.0,0.0,2.427,2.426,2.425,2.424,2.423,0.0,0.0,0.0,0.0,0.0,2.428,2.429,2.43,2.431,2.432,0.0,0.0,0.0,0.0,0.0,737300.0,6643700.0,3254300.0,1236400.0,670800.0,0.0,0.0,0.0,0.0,0.0,2453000.0,3194900.0,1362200.0,346000.0,224100.0,0.0,0.0,0.0,0.0,0.0
20230823094308344,SZSE,SZSE.ETF.159845,2.428,2.44,2.447,2.427,0.0,2.703,2.211,73850400.0,163000.0,179733933.0,395764.0,0.0,0.0,20230823,20230823,94308346,2.457,0.0,0.0,2.428,2.427,2.426,2.425,2.424,0.0,0.0,0.0,0.0,0.0,2.429,2.43,2.431,2.432,2.433,0.0,0.0,0.0,0.0,0.0,1506100.0,6917900.0,4771700.0,2304300.0,2005400.0,0.0,0.0,0.0,0.0,0.0,1619000.0,2835900.0,1827000.0,820100.0,290600.0,0.0,0.0,0.0,0.0,0.0
20230823094311008,SZSE,SZSE.ETF.159845,2.429,2.44,2.447,2.427,0.0,2.703,2.211,74350400.0,500000.0,180948433.0,1214500.0,0.0,0.0,20230823,20230823,94311010,2.457,0.0,0.0,2.429,2.428,2.427,2.426,2.425,0.0,0.0,0.0,0.0,0.0,2.43,2.431,2.432,2.433,2.434,0.0,0.0,0.0,0.0,0.0,49400.0,6811500.0,7947900.0,4138800.0,580100.0,0.0,0.0,0.0,0.0,0.0,3135100.0,3057100.0,1146400.0,953900.0,250800.0,0.0,0.0,0.0,0.0,0.0
20230823094313968,SZSE,SZSE.ETF.159845,2.429,2.44,2.447,2.427,0.0,2.703,2.211,74350400.0,0.0,180948433.0,0.0,0.0,0.0,20230823,20230823,94313967,2.457,0.0,0.0,2.429,2.428,2.427,2.426,2.425,0.0,0.0,0.0,0.0,0.0,2.43,2.431,2.432,2.433,2.434,0.0,0.0,0.0,0.0,0.0,149400.0,5871500.0,6717900.0,3975500.0,911700.0,0.0,0.0,0.0,0.0,0.0,3343100.0,3197100.0,987700.0,599300.0,218100.0,0.0,0.0,0.0,0.0,0.0
20230823094316944,SZSE,SZSE.ETF.159845,2.43,2.44,2.447,2.427,0.0,2.703,2.211,74399900.0,49500.0,181068718.0,120285.0,0.0,0.0,20230823,20230823,94316944,2.457,0.0,0.0,2.429,2.428,2.427,2.426,2.425,0.0,0.0,0.0,0.0,0.0,2.43,2.431,2.432,2.433,2.434,0.0,0.0,0.0,0.0,0.0,1649400.0,3606300.0,6167900.0,3470700.0,911700.0,0.0,0.0,0.0,0.0,0.0,3141900.0,1798300.0,987700.0,599300.0,218100.0,0.0,0.0,0.0,0.0,0.0
20230823094319988,SZSE,SZSE.ETF.159845,2.429,2.44,2.447,2.427,0.0,2.703,2.211,75384200.0,984300.0,183459582.7,2390864.699999988,0.0,0.0,20230823,20230823,94319988,2.457,0.0,0.0,2.428,2.427,2.426,2.425,2.424,0.0,0.0,0.0,0.0,0.0,2.429,2.43,2.431,2.432,2.433,0.0,0.0,0.0,0.0,0.0,5405400.0,6793100.0,3105700.0,211700.0,591700.0,0.0,0.0,0.0,0.0,0.0,836700.0,3189900.0,2448300.0,952700.0,599300.0,0.0,0.0,0.0,0.0,0.0
20230823094323020,SZSE,SZSE.ETF.159845,2.429,2.44,2.447,2.427,0.0,2.703,2.211,75484700.0,100500.0,183703697.2,244114.5,0.0,0.0,20230823,20230823,94323020,2.457,0.0,0.0,2.428,2.427,2.426,2.425,2.424,0.0,0.0,0.0,0.0,0.0,2.429,2.43,2.431,2.432,2.433,0.0,0.0,0.0,0.0,0.0,4706600.0,6832100.0,2262000.0,976100.0,737000.0,0.0,0.0,0.0,0.0,0.0,111800.0,3489900.0,1998300.0,2346400.0,1057900.0,0.0,0.0,0.0,0.0,0.0
20230823094325944,SZSE,SZSE.ETF.159845,2.429,2.44,2.447,2.427,0.0,2.703,2.211,75495700.0,11000.0,183730416.2,26719.0,0.0,0.0,20230823,20230823,94325942,2.457,0.0,0.0,2.428,2.427,2.426,2.425,2.424,0.0,0.0,0.0,0.0,0.0,2.429,2.43,2.431,2.432,2.433,0.0,0.0,0.0,0.0,0.0,5121400.0,6592100.0,2752000.0,976100.0,737000.0,0.0,0.0,0.0,0.0,0.0,590800.0,3489900.0,1708300.0,2146400.0,1057900.0,0.0,0.0,0.0,0.0,0.0
20230823094328944,SZSE,SZSE.ETF.159845,2.429,2.44,2.447,2.427,0.0,2.703,2.211,75495700.0,0.0,183730416.2,0.0,0.0,0.0,20230823,20230823,94328945,2.457,0.0,0.0,2.428,2.427,2.426,2.425,2.424,0.0,0.0,0.0,0.0,0.0,2.429,2.43,2.431,2.432,2.433,0.0,0.0,0.0,0.0,0.0,2066700.0,7711900.0,3552000.0,1211100.0,237000.0,0.0,0.0,0.0,0.0,0.0,1935900.0,2589900.0,1958300.0,1515400.0,457900.0,0.0,0.0,0.0,0.0,0.0
20230823094331956,SZSE,SZSE.ETF.159845,2.429,2.44,2.447,2.427,0.0,2.703,2.211,75515700.0,20000.0,183778996.2,48580.0,0.0,0.0,20230823,20230823,94331956,2.457,0.0,0.0,2.428,2.427,2.426,2.425,2.424,0.0,0.0,0.0,0.0,0.0,2.429,2.43,2.431,2.432,2.433,0.0,0.0,0.0,0.0,0.0,2006700.0,6521900.0,4952000.0,1311100.0,237000.0,0.0,0.0,0.0,0.0,0.0,2970700.0,3303100.0,1408300.0,315400.0,457900.0,0.0,0.0,0.0,0.0,0.0
20230823094335044,SZSE,SZSE.ETF.159845,2.429,2.44,2.447,2.427,0.0,2.703,2.211,75620400.0,104700.0,184033312.5,254316.30000001192,0.0,0.0,20230823,20230823,94335045,2.457,0.0,0.0,2.428,2.427,2.426,2.425,2.424,0.0,0.0,0.0,0.0,0.0,2.429,2.43,2.431,2.432,2.433,0.0,0.0,0.0,0.0,0.0,4092700.0,6379000.0,4562000.0,580100.0,737000.0,0.0,0.0,0.0,0.0,0.0,988100.0,3944700.0,2448300.0,811400.0,457900.0,0.0,0.0,0.0,0.0,0.0
20230823094337988,SZSE,SZSE.ETF.159845,2.429,2.44,2.447,2.427,0.0,2.703,2.211,75644800.0,24400.0,184092580.1,59267.59999999404,0.0,0.0,20230823,20230823,94337987,2.457,0.0,0.0,2.428,2.427,2.426,2.425,2.424,0.0,0.0,0.0,0.0,0.0,2.43,2.431,2.432,2.433,2.434,0.0,0.0,0.0,0.0,0.0,4942700.0,5557000.0,2972000.0,640100.0,737000.0,0.0,0.0,0.0,0.0,0.0,3489900.0,1758300.0,2446400.0,1057900.0,50800.0,0.0,0.0,0.0,0.0,0.0
20230823094340968,SZSE,SZSE.ETF.159845,2.429,2.44,2.447,2.427,0.0,2.703,2.211,75644800.0,0.0,184092580.1,0.0,0.0,0.0,20230823,20230823,94340966,2.457,0.0,0.0,2.429,2.428,2.427,2.426,2.425,0.0,0.0,0.0,0.0,0.0,2.43,2.431,2.432,2.433,2.434,0.0,0.0,0.0,0.0,0.0,2600000.0,5454700.0,6307000.0,2203700.0,498400.0,0.0,0.0,0.0,0.0,0.0,3601900.0,3598300.0,1254700.0,604300.0,146100.0,0.0,0.0,0.0,0.0,0.0
20230823094343944,SZSE,SZSE.ETF.159845,2.429,2.44,2.447,2.427,0.0,2.703,2.211,75644800.0,0.0,184092580.1,0.0,0.0,0.0,20230823,20230823,94343946,2.457,0.0,0.0,2.429,2.428,2.427,2.426,2.425,0.0,0.0,0.0,0.0,0.0,2.43,2.431,2.432,2.433,2.434,0.0,0.0,0.0,0.0,0.0,1100000.0,5565400.0,6124000.0,2308700.0,371700.0,0.0,0.0,0.0,0.0,0.0,4101900.0,1898300.0,1187700.0,599300.0,218100.0,0.0,0.0,0.0,0.0,0.0
20230823094346940,SZSE,SZSE.ETF.159845,2.429,2.44,2.447,2.427,0.0,2.703,2.211,76745000.0,1100200.0,186764965.9,2672385.800000012,0.0,0.0,20230823,20230823,94346941,2.457,0.0,0.0,2.428,2.427,2.426,2.425,2.424,0.0,0.0,0.0,0.0,0.0,2.43,2.431,2.432,2.433,2.434,0.0,0.0,0.0,0.0,0.0,4355400.0,7424000.0,2408700.0,371700.0,591700.0,0.0,0.0,0.0,0.0,0.0,4701900.0,2448300.0,1187700.0,599300.0,218100.0,0.0,0.0,0.0,0.0,0.0
20230823094349944,SZSE,SZSE.ETF.159845,2.429,2.44,2.447,2.427,0.0,2.703,2.211,76745000.0,0.0,186764965.9,0.0,0.0,0.0,20230823,20230823,94349945,2.457,0.0,0.0,2.428,2.427,2.426,2.425,2.424,0.0,0.0,0.0,0.0,0.0,2.429,2.43,2.431,2.432,2.433,0.0,0.0,0.0,0.0,0.0,4455400.0,6607000.0,2363000.0,540100.0,737000.0,0.0,0.0,0.0,0.0,0.0,100000.0,3501900.0,2558300.0,1096400.0,562600.0,0.0,0.0,0.0,0.0,0.0
20230823094353048,SZSE,SZSE.ETF.159845,2.429,2.44,2.447,2.427,0.0,2.703,2.211,76941700.0,196700.0,187242750.2,477784.2999999821,0.0,0.0,20230823,20230823,94353047,2.457,0.0,0.0,2.429,2.428,2.427,2.426,2.425,0.0,0.0,0.0,0.0,0.0,2.43,2.431,2.432,2.433,2.434,0.0,0.0,0.0,0.0,0.0,900000.0,4960900.0,6807800.0,1973000.0,640100.0,0.0,0.0,0.0,0.0,0.0,3501900.0,1868300.0,2546400.0,1057900.0,50800.0,0.0,0.0,0.0,0.0,0.0
20230823094355960,SZSE,SZSE.ETF.159845,2.429,2.44,2.447,2.427,0.0,2.703,2.211,76941700.0,0.0,187242750.2,0.0,0.0,0.0,20230823,20230823,94355959,2.457,0.0,0.0,2.429,2.428,2.427,2.426,2.425,0.0,0.0,0.0,0.0,0.0,2.43,2.431,2.432,2.433,2.434,0.0,0.0,0.0,0.0,0.0,1000000.0,4866900.0,7224800.0,2309700.0,420700.0,0.0,0.0,0.0,0.0,0.0,4101900.0,3108300.0,1187700.0,550300.0,267100.0,0.0,0.0,0.0,0.0,0.0
20230823094616976,SZSE,SZSE.ETF.159845,2.423,2.44,2.447,2.422,0.0,2.703,2.211,95352100.0,731600.0,231903744.5,1772608.0,0.0,0.0,20230823,20230823,94616976,2.457,0.0,0.0,2.422,2.421,2.42,2.419,2.418,0.0,0.0,0.0,0.0,0.0,2.423,2.424,2.425,2.426,2.427,0.0,0.0,0.0,0.0,0.0,5604200.0,5074300.0,1715100.0,1164700.0,417700.0,0.0,0.0,0.0,0.0,0.0,1749300.0,3074100.0,1942000.0,2002700.0,968600.0,0.0,0.0,0.0,0.0,0.0
20230823094617288,SZSE,SZSE.ETF.159845,2.423,2.44,2.447,2.422,0.0,2.703,2.211,95352100.0,0.0,231903744.5,0.0,0.0,0.0,20230823,20230823,94617287,2.457,0.0,0.0,2.422,2.421,2.42,2.419,2.418,0.0,0.0,0.0,0.0,0.0,2.423,2.424,2.425,2.426,2.427,0.0,0.0,0.0,0.0,0.0,4662200.0,6536300.0,3205100.0,1264700.0,417700.0,0.0,0.0,0.0,0.0,0.0,2261300.0,2862100.0,2302000.0,802700.0,368600.0,0.0,0.0,0.0,0.0,0.0
20230823094624284,SZSE,SZSE.ETF.159845,2.422,2.44,2.447,2.422,0.0,2.703,2.211,95532100.0,180000.0,232339704.5,435960.0,0.0,0.0,20230823,20230823,94624285,2.457,0.0,0.0,2.422,2.421,2.42,2.419,2.418,0.0,0.0,0.0,0.0,0.0,2.423,2.424,2.425,2.426,2.427,0.0,0.0,0.0,0.0,0.0,4474300.0,5766300.0,3715100.0,1264700.0,417700.0,0.0,0.0,0.0,0.0,0.0,1638100.0,3652100.0,3142000.0,697800.0,368600.0,0.0,0.0,0.0,0.0,0.0
20230823094624484,SZSE,SZSE.ETF.159845,2.423,2.44,2.447,2.422,0.0,2.703,2.211,95699900.0,167800.0,232746283.9,406579.40000000596,0.0,0.0,20230823,20230823,94624485,2.457,0.0,0.0,2.422,2.421,2.42,2.419,2.418,0.0,0.0,0.0,0.0,0.0,2.423,2.424,2.425,2.426,2.427,0.0,0.0,0.0,0.0,0.0,4484600.0,5971300.0,3715000.0,1264700.0,417700.0,0.0,0.0,0.0,0.0,0.0,296400.0,4512000.0,3142000.0,1328800.0,368600.0,0.0,0.0,0.0,0.0,0.0
20230823094627596,SZSE,SZSE.ETF.159845,2.423,2.44,2.447,2.422,0.0,2.703,2.211,95700900.0,1000.0,232748706.9,2423.0,0.0,0.0,20230823,20230823,94627595,2.457,0.0,0.0,2.422,2.421,2.42,2.419,2.418,0.0,0.0,0.0,0.0,0.0,2.423,2.424,2.425,2.426,2.427,0.0,0.0,0.0,0.0,0.0,3909600.0,6476200.0,4505000.0,1215700.0,466700.0,0.0,0.0,0.0,0.0,0.0,1401400.0,3792000.0,2792000.0,1242800.0,417600.0,0.0,0.0,0.0,0.0,0.0
20230823094630648,SZSE,SZSE.ETF.159845,2.423,2.44,2.447,2.422,0.0,2.703,2.211,95700900.0,0.0,232748706.9,0.0,0.0,0.0,20230823,20230823,94630648,2.457,0.0,0.0,2.422,2.421,2.42,2.419,2.418,0.0,0.0,0.0,0.0,0.0,2.423,2.424,2.425,2.426,2.427,0.0,0.0,0.0,0.0,0.0,5484600.0,6971300.0,4715000.0,1275700.0,463000.0,0.0,0.0,0.0,0.0,0.0,495400.0,4512000.0,3332000.0,642800.0,417600.0,0.0,0.0,0.0,0.0,0.0
20230823094641004,SZSE,SZSE.ETF.159845,2.423,2.44,2.447,2.422,0.0,2.703,2.211,98636300.0,2700400.0,239861181.1,6543069.199999988,0.0,0.0,20230823,20230823,94641004,2.457,0.0,0.0,2.423,2.422,2.421,2.42,2.419,0.0,0.0,0.0,0.0,0.0,2.424,2.425,2.426,2.427,2.428,0.0,0.0,0.0,0.0,0.0,100000.0,7209700.0,8160400.0,3537300.0,411300.0,0.0,0.0,0.0,0.0,0.0,4364000.0,2892000.0,1620000.0,558900.0,478800.0,0.0,0.0,0.0,0.0,0.0
20230823094644008,SZSE,SZSE.ETF.159845,2.423,2.44,2.447,2.422,0.0,2.703,2.211,98857400.0,221100.0,240396906.4,535725.3000000119,0.0,0.0,20230823,20230823,94644009,2.457,0.0,0.0,2.423,2.422,2.421,2.42,2.419,0.0,0.0,0.0,0.0,0.0,2.424,2.425,2.426,2.427,2.428,0.0,0.0,0.0,0.0,0.0,79300.0,5959700.0,6360400.0,4872300.0,1011300.0,0.0,0.0,0.0,0.0,0.0,4864000.0,2442000.0,1620000.0,558900.0,478800.0,0.0,0.0,0.0,0.0,0.0
20230823094650068,SZSE,SZSE.ETF.159845,2.423,2.44,2.447,2.422,0.0,2.703,2.211,98857400.0,0.0,240396906.4,0.0,0.0,0.0,20230823,20230823,94650067,2.457,0.0,0.0,2.423,2.422,2.421,2.42,2.419,0.0,0.0,0.0,0.0,0.0,2.424,2.425,2.426,2.427,2.428,0.0,0.0,0.0,0.0,0.0,100000.0,5511800.0,6303900.0,4332500.0,537900.0,0.0,0.0,0.0,0.0,0.0,4414700.0,2892000.0,1447400.0,563900.0,406800.0,0.0,0.0,0.0,0.0,0.0
20230823094653120,SZSE,SZSE.ETF.159845,2.424,2.44,2.447,2.422,0.0,2.703,2.211,98906400.0,49000.0,240515653.1,118746.69999998808,0.0,0.0,20230823,20230823,94653119,2.457,0.0,0.0,2.422,2.421,2.42,2.419,2.418,0.0,0.0,0.0,0.0,0.0,2.423,2.424,2.425,2.426,2.427,0.0,0.0,0.0,0.0,0.0,4911800.0,5420400.0,6027400.0,1011300.0,817500.0,0.0,0.0,0.0,0.0,0.0,200000.0,4385000.0,3002000.0,1520000.0,558900.0,0.0,0.0,0.0,0.0,0.0
20230823094655964,SZSE,SZSE.ETF.159845,2.424,2.44,2.447,2.422,0.0,2.703,2.211,99010300.0,103900.0,240767406.7,251753.59999999404,0.0,0.0,20230823,20230823,94655965,2.457,0.0,0.0,2.423,2.422,2.421,2.42,2.419,0.0,0.0,0.0,0.0,0.0,2.424,2.425,2.426,2.427,2.428,0.0,0.0,0.0,0.0,0.0,121500.0,4841700.0,6853400.0,4480700.0,679700.0,0.0,0.0,0.0,0.0,0.0,3310400.0,2822000.0,2679100.0,417600.0,511400.0,0.0,0.0,0.0,0.0,0.0
20230823094658976,SZSE,SZSE.ETF.159845,2.423,2.44,2.447,2.422,0.0,2.703,2.211,99110300.0,100000.0,241009706.7,242300.0,0.0,0.0,20230823,20230823,94658977,2.457,0.0,0.0,2.423,2.422,2.421,2.42,2.419,0.0,0.0,0.0,0.0,0.0,2.424,2.425,2.426,2.427,2.428,0.0,0.0,0.0,0.0,0.0,2492900.0,3401700.0,4870400.0,6927500.0,1011300.0,0.0,0.0,0.0,0.0,0.0,4330400.0,2952000.0,1570300.0,558900.0,678800.0,0.0,0.0,0.0,0.0,0.0
20230823094701988,SZSE,SZSE.ETF.159845,2.423,2.44,2.447,2.422,0.0,2.703,2.211,99260100.0,149800.0,241372692.1,362985.40000000596,0.0,0.0,20230823,20230823,94701987,2.457,0.0,0.0,2.423,2.422,2.421,2.42,2.419,0.0,0.0,0.0,0.0,0.0,2.424,2.425,2.426,2.427,2.428,0.0,0.0,0.0,0.0,0.0,505400.0,4841700.0,5170400.0,6827500.0,511300.0,0.0,0.0,0.0,0.0,0.0,3846600.0,3003100.0,1570300.0,558900.0,878800.0,0.0,0.0,0.0,0.0,0.0
20230823094705000,SZSE,SZSE.ETF.159845,2.423,2.44,2.447,2.422,0.0,2.703,2.211,99350900.0,90800.0,241592700.5,220008.40000000596,0.0,0.0,20230823,20230823,94705002,2.457,0.0,0.0,2.423,2.422,2.421,2.42,2.419,0.0,0.0,0.0,0.0,0.0,2.424,2.425,2.426,2.427,2.428,0.0,0.0,0.0,0.0,0.0,323500.0,4961700.0,5170400.0,6337500.0,1711300.0,0.0,0.0,0.0,0.0,0.0,4466600.0,3003100.0,1380300.0,753900.0,678800.0,0.0,0.0,0.0,0.0,0.0
20230823094708092,SZSE,SZSE.ETF.159845,2.423,2.44,2.447,2.422,0.0,2.703,2.211,99350900.0,0.0,241592700.5,0.0,0.0,0.0,20230823,20230823,94708092,2.457,0.0,0.0,2.423,2.422,2.421,2.42,2.419,0.0,0.0,0.0,0.0,0.0,2.424,2.425,2.426,2.427,2.428,0.0,0.0,0.0,0.0,0.0,324600.0,4961700.0,5410400.0,6142500.0,1711300.0,0.0,0.0,0.0,0.0,0.0,4511500.0,3003100.0,1570300.0,618900.0,878800.0,0.0,0.0,0.0,0.0,0.0
20230823094710960,SZSE,SZSE.ETF.159845,2.423,2.44,2.447,2.422,0.0,2.703,2.211,99391300.0,40400.0,241690589.7,97889.19999998808,0.0,0.0,20230823,20230823,94710960,2.457,0.0,0.0,2.423,2.422,2.421,2.42,2.419,0.0,0.0,0.0,0.0,0.0,2.424,2.425,2.426,2.427,2.428,0.0,0.0,0.0,0.0,0.0,284700.0,4961700.0,5410400.0,6477500.0,1711300.0,0.0,0.0,0.0,0.0,0.0,5011500.0,2503100.0,1570300.0,618900.0,678800.0,0.0,0.0,0.0,0.0,0.0
20230823094713992,SZSE,SZSE.ETF.159845,2.423,2.44,2.447,2.422,0.0,2.703,2.211,99688000.0,296700.0,242409493.8,718904.1000000238,0.0,0.0,20230823,20230823,94713992,2.457,0.0,0.0,2.422,2.421,2.42,2.419,2.418,0.0,0.0,0.0,0.0,0.0,2.423,2.424,2.425,2.426,2.427,0.0,0.0,0.0,0.0,0.0,3752900.0,5766300.0,5777400.0,2207300.0,917500.0,0.0,0.0,0.0,0.0,0.0,2896000.0,3471300.0,1853100.0,1024000.0,618900.0,0.0,0.0,0.0,0.0,0.0
20230823094716984,SZSE,SZSE.ETF.159845,2.423,2.44,2.447,2.422,0.0,2.703,2.211,99691000.0,3000.0,242416762.8,7269.0,0.0,0.0,20230823,20230823,94716986,2.457,0.0,0.0,2.422,2.421,2.42,2.419,2.418,0.0,0.0,0.0,0.0,0.0,2.423,2.424,2.425,2.426,2.427,0.0,0.0,0.0,0.0,0.0,3452900.0,6649300.0,6230600.0,1275700.0,463000.0,0.0,0.0,0.0,0.0,0.0,2509000.0,3471300.0,1653100.0,1328800.0,477600.0,0.0,0.0,0.0,0.0,0.0
20230823094720156,SZSE,SZSE.ETF.159845,2.423,2.44,2.447,2.422,0.0,2.703,2.211,99691000.0,0.0,242416762.8,0.0,0.0,0.0,20230823,20230823,94720155,2.457,0.0,0.0,2.422,2.421,2.42,2.419,2.418,0.0,0.0,0.0,0.0,0.0,2.423,2.424,2.425,2.426,2.427,0.0,0.0,0.0,0.0,0.0,3692900.0,6559300.0,6420600.0,1175700.0,563000.0,0.0,0.0,0.0,0.0,0.0,1509000.0,4881300.0,2143100.0,642800.0,477600.0,0.0,0.0,0.0,0.0,0.0
20230823094723536,SZSE,SZSE.ETF.159845,2.423,2.44,2.447,2.422,0.0,2.703,2.211,99803200.0,112200.0,242688623.4,271860.59999999404,0.0,0.0,20230823,20230823,94723538,2.457,0.0,0.0,2.422,2.421,2.42,2.419,2.418,0.0,0.0,0.0,0.0,0.0,2.423,2.424,2.425,2.426,2.427,0.0,0.0,0.0,0.0,0.0,317900.0,8144200.0,7410600.0,1275700.0,565200.0,0.0,0.0,0.0,0.0,0.0,2872800.0,3121300.0,2253100.0,507800.0,477600.0,0.0,0.0,0.0,0.0,0.0
20230823094726304,SZSE,SZSE.ETF.159845,2.422,2.44,2.447,2.422,0.0,2.703,2.211,99805200.0,2000.0,242693467.9,4844.5,0.0,0.0,20230823,20230823,94726303,2.457,0.0,0.0,2.422,2.421,2.42,2.419,2.418,0.0,0.0,0.0,0.0,0.0,2.423,2.424,2.425,2.426,2.427,0.0,0.0,0.0,0.0,0.0,2831400.0,5309300.0,4820600.0,3475700.0,1165200.0,0.0,0.0,0.0,0.0,0.0,2501500.0,3641300.0,2143100.0,1138800.0,477700.0,0.0,0.0,0.0,0.0,0.0
20230823094729172,SZSE,SZSE.ETF.159845,2.423,2.44,2.447,2.422,0.0,2.703,2.211,99846800.0,41600.0,242794264.7,100796.79999998212,0.0,0.0,20230823,20230823,94729171,2.457,0.0,0.0,2.422,2.421,2.42,2.419,2.418,0.0,0.0,0.0,0.0,0.0,2.423,2.424,2.425,2.426,2.427,0.0,0.0,0.0,0.0,0.0,316400.0,7201300.0,6510600.0,2275700.0,465200.0,0.0,0.0,0.0,0.0,0.0,3488000.0,3571300.0,1653100.0,507800.0,477700.0,0.0,0.0,0.0,0.0,0.0
20230823094731988,SZSE,SZSE.ETF.159845,2.423,2.44,2.447,2.422,0.0,2.703,2.211,99846800.0,0.0,242794264.7,0.0,0.0,0.0,20230823,20230823,94731988,2.457,0.0,0.0,2.422,2.421,2.42,2.419,2.418,0.0,0.0,0.0,0.0,0.0,2.423,2.424,2.425,2.426,2.427,0.0,0.0,0.0,0.0,0.0,3237300.0,3915400.0,3720600.0,3475700.0,1065200.0,0.0,0.0,0.0,0.0,0.0,2502000.0,3691300.0,2143100.0,1138800.0,477700.0,0.0,0.0,0.0,0.0,0.0
20230823094734992,SZSE,SZSE.ETF.159845,2.423,2.44,2.447,2.422,0.0,2.703,2.211,99896800.0,50000.0,242915414.7,121150.0,0.0,0.0,20230823,20230823,94734991,2.457,0.0,0.0,2.422,2.421,2.42,2.419,2.418,0.0,0.0,0.0,0.0,0.0,2.423,2.424,2.425,2.426,2.427,0.0,0.0,0.0,0.0,0.0,2843400.0,5509300.0,5320600.0,1275700.0,465200.0,0.0,0.0,0.0,0.0,0.0,3436000.0,3203300.0,2143100.0,642800.0,477700.0,0.0,0.0,0.0,0.0,0.0
20230823094737968,SZSE,SZSE.ETF.159845,2.423,2.44,2.447,2.422,0.0,2.703,2.211,99896800.0,0.0,242915414.7,0.0,0.0,0.0,20230823,20230823,94737968,2.457,0.0,0.0,2.422,2.421,2.42,2.419,2.418,0.0,0.0,0.0,0.0,0.0,2.423,2.424,2.425,2.426,2.427,0.0,0.0,0.0,0.0,0.0,2903400.0,5559300.0,5325900.0,779700.0,465200.0,0.0,0.0,0.0,0.0,0.0,1440000.0,4703300.0,2143100.0,1138800.0,477700.0,0.0,0.0,0.0,0.0,0.0
20230823094740984,SZSE,SZSE.ETF.159845,2.423,2.44,2.447,2.422,0.0,2.703,2.211,99896800.0,0.0,242915414.7,0.0,0.0,0.0,20230823,20230823,94740984,2.457,0.0,0.0,2.422,2.421,2.42,2.419,2.418,0.0,0.0,0.0,0.0,0.0,2.423,2.424,2.425,2.426,2.427,0.0,0.0,0.0,0.0,0.0,2843400.0,5519300.0,5425900.0,1275700.0,465200.0,0.0,0.0,0.0,0.0,0.0,1240000.0,4253300.0,2743100.0,1138800.0,477700.0,0.0,0.0,0.0,0.0,0.0
20230823094743972,SZSE,SZSE.ETF.159845,2.423,2.44,2.447,2.422,0.0,2.703,2.211,99896800.0,0.0,242915414.7,0.0,0.0,0.0,20230823,20230823,94743971,2.457,0.0,0.0,2.422,2.421,2.42,2.419,2.418,0.0,0.0,0.0,0.0,0.0,2.423,2.424,2.425,2.426,2.427,0.0,0.0,0.0,0.0,0.0,2891800.0,5581300.0,5035900.0,1275700.0,465200.0,0.0,0.0,0.0,0.0,0.0,252000.0,5181300.0,2603100.0,1138800.0,477700.0,0.0,0.0,0.0,0.0,0.0
20230823094747004,SZSE,SZSE.ETF.159845,2.423,2.44,2.447,2.422,0.0,2.703,2.211,99896800.0,0.0,242915414.7,0.0,0.0,0.0,20230823,20230823,94747004,2.457,0.0,0.0,2.422,2.421,2.42,2.419,2.418,0.0,0.0,0.0,0.0,0.0,2.423,2.424,2.425,2.426,2.427,0.0,0.0,0.0,0.0,0.0,4465700.0,5223400.0,4685900.0,849700.0,525200.0,0.0,0.0,0.0,0.0,0.0,300100.0,4053300.0,3453100.0,1798800.0,537700.0,0.0,0.0,0.0,0.0,0.0
20230823094750024,SZSE,SZSE.ETF.159845,2.423,2.44,2.447,2.422,0.0,2.703,2.211,99896800.0,0.0,242915414.7,0.0,0.0,0.0,20230823,20230823,94750023,2.457,0.0,0.0,2.422,2.421,2.42,2.419,2.418,0.0,0.0,0.0,0.0,0.0,2.423,2.424,2.425,2.426,2.427,0.0,0.0,0.0,0.0,0.0,3446800.0,5899300.0,4585900.0,1345700.0,525200.0,0.0,0.0,0.0,0.0,0.0,1360100.0,3038300.0,2203100.0,1798800.0,537700.0,0.0,0.0,0.0,0.0,0.0
20230823094753048,SZSE,SZSE.ETF.159845,2.423,2.44,2.447,2.422,0.0,2.703,2.211,99896800.0,0.0,242915414.7,0.0,0.0,0.0,20230823,20230823,94753048,2.457,0.0,0.0,2.422,2.421,2.42,2.419,2.418,0.0,0.0,0.0,0.0,0.0,2.423,2.424,2.425,2.426,2.427,0.0,0.0,0.0,0.0,0.0,3566800.0,5829300.0,3785900.0,1345700.0,525200.0,0.0,0.0,0.0,0.0,0.0,1300000.0,3158300.0,2853100.0,1198800.0,537700.0,0.0,0.0,0.0,0.0,0.0
20230823094756048,SZSE,SZSE.ETF.159845,2.423,2.44,2.447,2.422,0.0,2.703,2.211,99896800.0,0.0,242915414.7,0.0,0.0,0.0,20230823,20230823,94756050,2.457,0.0,0.0,2.422,2.421,2.42,2.419,2.418,0.0,0.0,0.0,0.0,0.0,2.423,2.424,2.425,2.426,2.427,0.0,0.0,0.0,0.0,0.0,4468700.0,5423400.0,3595900.0,849700.0,1025200.0,0.0,0.0,0.0,0.0,0.0,300000.0,4653300.0,3263100.0,1198800.0,537700.0,0.0,0.0,0.0,0.0,0.0
20230823094759136,SZSE,SZSE.ETF.159845,2.423,2.44,2.447,2.422,0.0,2.703,2.211,99897300.0,500.0,242916626.2,1211.5,0.0,0.0,20230823,20230823,94759137,2.457,0.0,0.0,2.422,2.421,2.42,2.419,2.418,0.0,0.0,0.0,0.0,0.0,2.423,2.424,2.425,2.426,2.427,0.0,0.0,0.0,0.0,0.0,4468700.0,5873400.0,3785900.0,849700.0,1025200.0,0.0,0.0,0.0,0.0,0.0,239600.0,4053300.0,2803100.0,2398800.0,537700.0,0.0,0.0,0.0,0.0,0.0
20230823094802124,SZSE,SZSE.ETF.159845,2.423,2.44,2.447,2.422,0.0,2.703,2.211,99897500.0,200.0,242917110.8,484.60000002384186,0.0,0.0,20230823,20230823,94802125,2.457,0.0,0.0,2.422,2.421,2.42,2.419,2.418,0.0,0.0,0.0,0.0,0.0,2.423,2.424,2.425,2.426,2.427,0.0,0.0,0.0,0.0,0.0,4582700.0,4823400.0,3985900.0,1345700.0,1025200.0,0.0,0.0,0.0,0.0,0.0,300400.0,4054400.0,2853100.0,2398800.0,537700.0,0.0,0.0,0.0,0.0,0.0
20230823094805080,SZSE,SZSE.ETF.159845,2.423,2.44,2.447,2.422,0.0,2.703,2.211,100070300.0,172800.0,243335805.2,418694.39999997616,0.0,0.0,20230823,20230823,94805082,2.457,0.0,0.0,2.423,2.422,2.421,2.42,2.419,0.0,0.0,0.0,0.0,0.0,2.424,2.425,2.426,2.427,2.428,0.0,0.0,0.0,0.0,0.0,4562000.0,3173700.0,4533400.0,3055000.0,849700.0,0.0,0.0,0.0,0.0,0.0,855300.0,3693100.0,3088800.0,1768700.0,511400.0,0.0,0.0,0.0,0.0,0.0
20230823094808160,SZSE,SZSE.ETF.159845,2.423,2.44,2.447,2.422,0.0,2.703,2.211,100070300.0,0.0,243335805.2,0.0,0.0,0.0,20230823,20230823,94808162,2.457,0.0,0.0,2.423,2.422,2.421,2.42,2.419,0.0,0.0,0.0,0.0,0.0,2.424,2.425,2.426,2.427,2.428,0.0,0.0,0.0,0.0,0.0,4626500.0,3579600.0,5050400.0,2501800.0,581300.0,0.0,0.0,0.0,0.0,0.0,295300.0,4243100.0,3180000.0,1910000.0,938800.0,0.0,0.0,0.0,0.0,0.0
20230823094811016,SZSE,SZSE.ETF.159845,2.423,2.44,2.447,2.422,0.0,2.703,2.211,100070300.0,0.0,243335805.2,0.0,0.0,0.0,20230823,20230823,94811017,2.457,0.0,0.0,2.423,2.422,2.421,2.42,2.419,0.0,0.0,0.0,0.0,0.0,2.424,2.425,2.426,2.427,2.428,0.0,0.0,0.0,0.0,0.0,4732300.0,3223700.0,5250400.0,1811800.0,581300.0,0.0,0.0,0.0,0.0,0.0,135400.0,4053100.0,3230000.0,1910000.0,538800.0,0.0,0.0,0.0,0.0,0.0
20230823094814096,SZSE,SZSE.ETF.159845,2.424,2.44,2.447,2.422,0.0,2.703,2.211,100070400.0,100.0,243336047.6,242.40000000596046,0.0,0.0,20230823,20230823,94814094,2.457,0.0,0.0,2.423,2.422,2.421,2.42,2.419,0.0,0.0,0.0,0.0,0.0,2.424,2.425,2.426,2.427,2.428,0.0,0.0,0.0,0.0,0.0,4737500.0,3223700.0,5440400.0,1811800.0,581300.0,0.0,0.0,0.0,0.0,0.0,235300.0,4053100.0,3420000.0,1910000.0,538800.0,0.0,0.0,0.0,0.0,0.0
20230823094816984,SZSE,SZSE.ETF.159845,2.423,2.44,2.447,2.422,0.0,2.703,2.211,102547700.0,2477300.0,249338545.5,6002497.900000006,0.0,0.0,20230823,20230823,94816982,2.457,0.0,0.0,2.422,2.421,2.42,2.419,2.418,0.0,0.0,0.0,0.0,0.0,2.423,2.424,2.425,2.426,2.427,0.0,0.0,0.0,0.0,0.0,3635800.0,6836300.0,2642800.0,1077300.0,379700.0,0.0,0.0,0.0,0.0,0.0,217600.0,3513900.0,1870100.0,2480000.0,1279000.0,0.0,0.0,0.0,0.0,0.0
20230823094820036,SZSE,SZSE.ETF.159845,2.423,2.44,2.447,2.422,0.0,2.703,2.211,102547800.0,100.0,249338787.8,242.30000001192093,0.0,0.0,20230823,20230823,94820035,2.457,0.0,0.0,2.422,2.421,2.42,2.419,2.418,0.0,0.0,0.0,0.0,0.0,2.423,2.424,2.425,2.426,2.427,0.0,0.0,0.0,0.0,0.0,2588000.0,7323400.0,3596000.0,849700.0,1025200.0,0.0,0.0,0.0,0.0,0.0,1347200.0,2973900.0,2858100.0,2588800.0,537700.0,0.0,0.0,0.0,0.0,0.0
20230823094822968,SZSE,SZSE.ETF.159845,2.423,2.44,2.447,2.422,0.0,2.703,2.211,102547800.0,0.0,249338787.8,0.0,0.0,0.0,20230823,20230823,94822968,2.457,0.0,0.0,2.422,2.421,2.42,2.419,2.418,0.0,0.0,0.0,0.0,0.0,2.423,2.424,2.425,2.426,2.427,0.0,0.0,0.0,0.0,0.0,3468000.0,6293400.0,3796000.0,849700.0,525200.0,0.0,0.0,0.0,0.0,0.0,1647200.0,3573900.0,3208100.0,1388800.0,537700.0,0.0,0.0,0.0,0.0,0.0
20230823094825984,SZSE,SZSE.ETF.159845,2.423,2.44,2.447,2.422,0.0,2.703,2.211,102557800.0,10000.0,249363017.8,24230.0,0.0,0.0,20230823,20230823,94825985,2.457,0.0,0.0,2.422,2.421,2.42,2.419,2.418,0.0,0.0,0.0,0.0,0.0,2.423,2.424,2.425,2.426,2.427,0.0,0.0,0.0,0.0,0.0,2061100.0,6509300.0,4476000.0,1345700.0,525200.0,0.0,0.0,0.0,0.0,0.0,2758100.0,3543900.0,2908100.0,567800.0,537700.0,0.0,0.0,0.0,0.0,0.0
20230823094829000,SZSE,SZSE.ETF.159845,2.422,2.44,2.447,2.422,0.0,2.703,2.211,102656600.0,98800.0,249602311.4,239293.59999999404,0.0,0.0,20230823,20230823,94829002,2.457,0.0,0.0,2.422,2.421,2.42,2.419,2.418,0.0,0.0,0.0,0.0,0.0,2.423,2.424,2.425,2.426,2.427,0.0,0.0,0.0,0.0,0.0,2400.0,5877400.0,5681900.0,1580700.0,1021200.0,0.0,0.0,0.0,0.0,0.0,5108100.0,2413900.0,1458100.0,567800.0,537700.0,0.0,0.0,0.0,0.0,0.0
20230823094832012,SZSE,SZSE.ETF.159845,2.422,2.44,2.447,2.422,0.0,2.703,2.211,102669100.0,12500.0,249632596.2,30284.79999998212,0.0,0.0,20230823,20230823,94832011,2.457,0.0,0.0,2.421,2.42,2.419,2.418,2.417,0.0,0.0,0.0,0.0,0.0,2.422,2.423,2.424,2.425,2.426,0.0,0.0,0.0,0.0,0.0,4457500.0,4001900.0,3880600.0,1621200.0,221900.0,0.0,0.0,0.0,0.0,0.0,45400.0,5228300.0,2763900.0,1358100.0,567800.0,0.0,0.0,0.0,0.0,0.0
20230823094835048,SZSE,SZSE.ETF.159845,2.421,2.44,2.447,2.421,0.0,2.703,2.211,102691800.0,22700.0,249687552.9,54956.70000001788,0.0,0.0,20230823,20230823,94835047,2.457,0.0,0.0,2.421,2.42,2.419,2.418,2.417,0.0,0.0,0.0,0.0,0.0,2.422,2.423,2.424,2.425,2.426,0.0,0.0,0.0,0.0,0.0,6228700.0,5019000.0,2633800.0,793500.0,427400.0,0.0,0.0,0.0,0.0,0.0,195700.0,3468300.0,2854000.0,2666900.0,1026500.0,0.0,0.0,0.0,0.0,0.0
20230823094837960,SZSE,SZSE.ETF.159845,2.422,2.44,2.447,2.421,0.0,2.703,2.211,102924300.0,232500.0,250250667.9,563115.0,0.0,0.0,20230823,20230823,94837960,2.457,0.0,0.0,2.421,2.42,2.419,2.418,2.417,0.0,0.0,0.0,0.0,0.0,2.422,2.423,2.424,2.425,2.426,0.0,0.0,0.0,0.0,0.0,6719600.0,4721000.0,3233800.0,893500.0,927400.0,0.0,0.0,0.0,0.0,0.0,14900.0,2388300.0,2504000.0,2576900.0,1026500.0,0.0,0.0,0.0,0.0,0.0
20230823094841020,SZSE,SZSE.ETF.159845,2.422,2.44,2.447,2.421,0.0,2.703,2.211,103005600.0,81300.0,250447576.5,196908.59999999404,0.0,0.0,20230823,20230823,94841021,2.457,0.0,0.0,2.421,2.42,2.419,2.418,2.417,0.0,0.0,0.0,0.0,0.0,2.422,2.423,2.424,2.425,2.426,0.0,0.0,0.0,0.0,0.0,6147600.0,5962000.0,3723800.0,953500.0,927400.0,0.0,0.0,0.0,0.0,0.0,447000.0,3676300.0,2453900.0,2476900.0,1026500.0,0.0,0.0,0.0,0.0,0.0
20230823094937844,SZSE,SZSE.ETF.159845,2.425,2.44,2.447,2.421,0.0,2.703,2.211,105230900.0,202900.0,255842611.3,491992.5,0.0,0.0,20230823,20230823,94937843,2.457,0.0,0.0,2.425,2.424,2.423,2.422,2.421,0.0,0.0,0.0,0.0,0.0,2.426,2.427,2.428,2.429,2.43,0.0,0.0,0.0,0.0,0.0,1633200.0,3644400.0,3561800.0,2881800.0,2244600.0,0.0,0.0,0.0,0.0,0.0,2162000.0,3788700.0,2962000.0,1034500.0,463700.0,0.0,0.0,0.0,0.0,0.0
20230823094938240,SZSE,SZSE.ETF.159845,2.425,2.44,2.447,2.421,0.0,2.703,2.211,106181900.0,951000.0,258148786.3,2306175.0,0.0,0.0,20230823,20230823,94938242,2.457,0.0,0.0,2.424,2.423,2.422,2.421,2.42,0.0,0.0,0.0,0.0,0.0,2.425,2.426,2.427,2.428,2.429,0.0,0.0,0.0,0.0,0.0,3304400.0,2128800.0,3815000.0,2176200.0,1550100.0,0.0,0.0,0.0,0.0,0.0,14700.0,2964500.0,2358700.0,1453200.0,1175900.0,0.0,0.0,0.0,0.0,0.0
20230823094942964,SZSE,SZSE.ETF.159845,2.425,2.44,2.447,2.421,0.0,2.703,2.211,106421900.0,240000.0,258730786.3,582000.0,0.0,0.0,20230823,20230823,94942965,2.457,0.0,0.0,2.424,2.423,2.422,2.421,2.42,0.0,0.0,0.0,0.0,0.0,2.425,2.426,2.427,2.428,2.429,0.0,0.0,0.0,0.0,0.0,4314400.0,2991300.0,2958200.0,3544600.0,1699700.0,0.0,0.0,0.0,0.0,0.0,490000.0,3769500.0,1768700.0,2862000.0,1138500.0,0.0,0.0,0.0,0.0,0.0
20230823094945352,SZSE,SZSE.ETF.159845,2.425,2.44,2.447,2.421,0.0,2.703,2.211,106423900.0,2000.0,258735636.3,4850.0,0.0,0.0,20230823,20230823,94945353,2.457,0.0,0.0,2.424,2.423,2.422,2.421,2.42,0.0,0.0,0.0,0.0,0.0,2.425,2.426,2.427,2.428,2.429,0.0,0.0,0.0,0.0,0.0,4253600.0,3041300.0,2958200.0,3744600.0,1699700.0,0.0,0.0,0.0,0.0,0.0,835500.0,3769500.0,1768700.0,2625200.0,1338500.0,0.0,0.0,0.0,0.0,0.0
20230823094948716,SZSE,SZSE.ETF.159845,2.424,2.44,2.447,2.421,0.0,2.703,2.211,106520700.0,96800.0,258970281.4,234645.09999999404,0.0,0.0,20230823,20230823,94948717,2.457,0.0,0.0,2.424,2.423,2.422,2.421,2.42,0.0,0.0,0.0,0.0,0.0,2.425,2.426,2.427,2.428,2.429,0.0,0.0,0.0,0.0,0.0,875300.0,4953800.0,3758200.0,4177400.0,1219700.0,0.0,0.0,0.0,0.0,0.0,2468100.0,1807200.0,2568700.0,2425200.0,738500.0,0.0,0.0,0.0,0.0,0.0
20230823094951108,SZSE,SZSE.ETF.159845,2.424,2.44,2.447,2.421,0.0,2.703,2.211,106520700.0,0.0,258970281.4,0.0,0.0,0.0,20230823,20230823,94951107,2.457,0.0,0.0,2.424,2.423,2.422,2.421,2.42,0.0,0.0,0.0,0.0,0.0,2.425,2.426,2.427,2.428,2.429,0.0,0.0,0.0,0.0,0.0,2006100.0,4283800.0,3858200.0,3744600.0,1719700.0,0.0,0.0,0.0,0.0,0.0,1645600.0,4127200.0,2518700.0,1225200.0,938500.0,0.0,0.0,0.0,0.0,0.0
20230823094953104,SZSE,SZSE.ETF.159845,2.424,2.44,2.447,2.421,0.0,2.703,2.211,106520800.0,100.0,258970523.8,242.40000000596046,0.0,0.0,20230823,20230823,94953103,2.457,0.0,0.0,2.424,2.423,2.422,2.421,2.42,0.0,0.0,0.0,0.0,0.0,2.425,2.426,2.427,2.428,2.429,0.0,0.0,0.0,0.0,0.0,4156300.0,3293800.0,2958200.0,3444600.0,1714400.0,0.0,0.0,0.0,0.0,0.0,645600.0,5127200.0,2518700.0,1362000.0,738500.0,0.0,0.0,0.0,0.0,0.0
20230823094955952,SZSE,SZSE.ETF.159845,2.425,2.44,2.447,2.421,0.0,2.703,2.211,106776500.0,255700.0,259590596.3,620072.5,0.0,0.0,20230823,20230823,94955950,2.457,0.0,0.0,2.425,2.424,2.423,2.422,2.421,0.0,0.0,0.0,0.0,0.0,2.426,2.427,2.428,2.429,2.43,0.0,0.0,0.0,0.0,0.0,4418400.0,3725700.0,2923200.0,1873200.0,3744600.0,0.0,0.0,0.0,0.0,0.0,2652500.0,2578700.0,2162000.0,1434500.0,263700.0,0.0,0.0,0.0,0.0,0.0
20230823095014016,SZSE,SZSE.ETF.159845,2.423,2.44,2.447,2.421,0.0,2.703,2.211,110948800.0,49500.0,269707213.8,119938.5,0.0,0.0,20230823,20230823,95014014,2.457,0.0,0.0,2.423,2.422,2.421,2.42,2.419,0.0,0.0,0.0,0.0,0.0,2.424,2.425,2.426,2.427,2.428,0.0,0.0,0.0,0.0,0.0,380600.0,5266200.0,5522700.0,2220300.0,970300.0,0.0,0.0,0.0,0.0,0.0,3226500.0,2376500.0,2836900.0,1230000.0,777800.0,0.0,0.0,0.0,0.0,0.0
20230823095017028,SZSE,SZSE.ETF.159845,2.423,2.44,2.447,2.421,0.0,2.703,2.211,111054900.0,106100.0,269964295.3,257081.5,0.0,0.0,20230823,20230823,95017027,2.457,0.0,0.0,2.422,2.421,2.42,2.419,2.418,0.0,0.0,0.0,0.0,0.0,2.423,2.424,2.425,2.426,2.427,0.0,0.0,0.0,0.0,0.0,3322400.0,4222700.0,4420300.0,1670300.0,271500.0,0.0,0.0,0.0,0.0,0.0,1839400.0,3501200.0,2524500.0,1126400.0,630000.0,0.0,0.0,0.0,0.0,0.0
20230823095020032,SZSE,SZSE.ETF.159845,2.423,2.44,2.447,2.421,0.0,2.703,2.211,111080600.0,25700.0,270026566.4,62271.09999996424,0.0,0.0,20230823,20230823,95020033,2.457,0.0,0.0,2.422,2.421,2.42,2.419,2.418,0.0,0.0,0.0,0.0,0.0,2.423,2.424,2.425,2.426,2.427,0.0,0.0,0.0,0.0,0.0,918500.0,7129200.0,4163500.0,2994700.0,377000.0,0.0,0.0,0.0,0.0,0.0,2164900.0,3263100.0,2750600.0,1225200.0,488700.0,0.0,0.0,0.0,0.0,0.0
20230823095023036,SZSE,SZSE.ETF.159845,2.422,2.44,2.447,2.421,0.0,2.703,2.211,111136100.0,55500.0,270160987.4,134421.0,0.0,0.0,20230823,20230823,95023035,2.457,0.0,0.0,2.422,2.421,2.42,2.419,2.418,0.0,0.0,0.0,0.0,0.0,2.423,2.424,2.425,2.426,2.427,0.0,0.0,0.0,0.0,0.0,59900.0,5208900.0,5413500.0,3582900.0,526000.0,0.0,0.0,0.0,0.0,0.0,4736200.0,2689800.0,1550600.0,729200.0,537700.0,0.0,0.0,0.0,0.0,0.0
20230823095026040,SZSE,SZSE.ETF.159845,2.422,2.44,2.447,2.421,0.0,2.703,2.211,111198100.0,62000.0,270311151.4,150164.0,0.0,0.0,20230823,20230823,95026042,2.457,0.0,0.0,2.421,2.42,2.419,2.418,2.417,0.0,0.0,0.0,0.0,0.0,2.422,2.423,2.424,2.425,2.426,0.0,0.0,0.0,0.0,0.0,4940200.0,4363500.0,4282900.0,1126000.0,221900.0,0.0,0.0,0.0,0.0,0.0,2058100.0,3536200.0,2589800.0,1227600.0,729200.0,0.0,0.0,0.0,0.0,0.0
20230823095029024,SZSE,SZSE.ETF.159845,2.422,2.44,2.447,2.421,0.0,2.703,2.211,111198100.0,0.0,270311151.4,0.0,0.0,0.0,20230823,20230823,95029026,2.457,0.0,0.0,2.421,2.42,2.419,2.418,2.417,0.0,0.0,0.0,0.0,0.0,2.422,2.423,2.424,2.425,2.426,0.0,0.0,0.0,0.0,0.0,3356200.0,7106500.0,3036100.0,1550300.0,427400.0,0.0,0.0,0.0,0.0,0.0,1918200.0,2996200.0,3639800.0,1341400.0,637900.0,0.0,0.0,0.0,0.0,0.0
20230823095032020,SZSE,SZSE.ETF.159845,2.422,2.44,2.447,2.421,0.0,2.703,2.211,111698200.0,500100.0,271522393.6,1211242.2000000477,0.0,0.0,20230823,20230823,95032019,2.457,0.0,0.0,2.421,2.42,2.419,2.418,2.417,0.0,0.0,0.0,0.0,0.0,2.422,2.423,2.424,2.425,2.426,0.0,0.0,0.0,0.0,0.0,2262600.0,6804500.0,3716100.0,1687800.0,527400.0,0.0,0.0,0.0,0.0,0.0,3006300.0,2154300.0,2439800.0,707900.0,447900.0,0.0,0.0,0.0,0.0,0.0
20230823095035052,SZSE,SZSE.ETF.159845,2.422,2.44,2.447,2.421,0.0,2.703,2.211,111698600.0,400.0,271523362.4,968.7999999523163,0.0,0.0,20230823,20230823,95035051,2.457,0.0,0.0,2.421,2.42,2.419,2.418,2.417,0.0,0.0,0.0,0.0,0.0,2.422,2.423,2.424,2.425,2.426,0.0,0.0,0.0,0.0,0.0,1687300.0,6361500.0,3516100.0,2450300.0,1527400.0,0.0,0.0,0.0,0.0,0.0,4217900.0,2742300.0,1789800.0,707900.0,447900.0,0.0,0.0,0.0,0.0,0.0
20230823095110732,SZSE,SZSE.ETF.159845,2.422,2.44,2.447,2.42,0.0,2.703,2.211,115634300.0,422000.0,281051443.2,1021974.0,0.0,0.0,20230823,20230823,95110733,2.457,0.0,0.0,2.421,2.42,2.419,2.418,2.417,0.0,0.0,0.0,0.0,0.0,2.422,2.423,2.424,2.425,2.426,0.0,0.0,0.0,0.0,0.0,7079700.0,4794300.0,3941900.0,966800.0,1076400.0,0.0,0.0,0.0,0.0,0.0,113200.0,3489900.0,2324500.0,1941500.0,487500.0,0.0,0.0,0.0,0.0,0.0
20230823095111004,SZSE,SZSE.ETF.159845,2.422,2.44,2.447,2.42,0.0,2.703,2.211,115974400.0,340100.0,281875165.4,823722.1999999881,0.0,0.0,20230823,20230823,95111005,2.457,0.0,0.0,2.422,2.421,2.42,2.419,2.418,0.0,0.0,0.0,0.0,0.0,2.423,2.424,2.425,2.426,2.427,0.0,0.0,0.0,0.0,0.0,1164600.0,6530700.0,3894300.0,3198700.0,1416800.0,0.0,0.0,0.0,0.0,0.0,2043500.0,2664500.0,3231500.0,487500.0,461700.0,0.0,0.0,0.0,0.0,0.0
20230823095115892,SZSE,SZSE.ETF.159845,2.422,2.44,2.447,2.42,0.0,2.703,2.211,115974400.0,0.0,281875165.4,0.0,0.0,0.0,20230823,20230823,95115893,2.457,0.0,0.0,2.422,2.421,2.42,2.419,2.418,0.0,0.0,0.0,0.0,0.0,2.423,2.424,2.425,2.426,2.427,0.0,0.0,0.0,0.0,0.0,3016700.0,2630800.0,5489300.0,3341500.0,548500.0,0.0,0.0,0.0,0.0,0.0,2622500.0,4214500.0,1632700.0,578800.0,889200.0,0.0,0.0,0.0,0.0,0.0
20230823095118956,SZSE,SZSE.ETF.159845,2.422,2.44,2.447,2.42,0.0,2.703,2.211,115974400.0,0.0,281875165.4,0.0,0.0,0.0,20230823,20230823,95118955,2.457,0.0,0.0,2.422,2.421,2.42,2.419,2.418,0.0,0.0,0.0,0.0,0.0,2.423,2.424,2.425,2.426,2.427,0.0,0.0,0.0,0.0,0.0,156700.0,5412600.0,4039300.0,3079100.0,548500.0,0.0,0.0,0.0,0.0,0.0,3667600.0,3514500.0,1632700.0,578800.0,489200.0,0.0,0.0,0.0,0.0,0.0
20230823095120572,SZSE,SZSE.ETF.159845,2.422,2.44,2.447,2.42,0.0,2.703,2.211,115974400.0,0.0,281875165.4,0.0,0.0,0.0,20230823,20230823,95120571,2.457,0.0,0.0,2.422,2.421,2.42,2.419,2.418,0.0,0.0,0.0,0.0,0.0,2.423,2.424,2.425,2.426,2.427,0.0,0.0,0.0,0.0,0.0,156700.0,4293700.0,4039300.0,3889100.0,1148500.0,0.0,0.0,0.0,0.0,0.0,3667600.0,3774500.0,1632700.0,578800.0,689200.0,0.0,0.0,0.0,0.0,0.0
20230823095123512,SZSE,SZSE.ETF.159845,2.422,2.44,2.447,2.42,0.0,2.703,2.211,115974400.0,0.0,281875165.4,0.0,0.0,0.0,20230823,20230823,95123512,2.457,0.0,0.0,2.422,2.421,2.42,2.419,2.418,0.0,0.0,0.0,0.0,0.0,2.423,2.424,2.425,2.426,2.427,0.0,0.0,0.0,0.0,0.0,2346700.0,2853700.0,3989300.0,3689100.0,1148500.0,0.0,0.0,0.0,0.0,0.0,1559800.0,4824500.0,2312700.0,1074800.0,489200.0,0.0,0.0,0.0,0.0,0.0
20230823095126208,SZSE,SZSE.ETF.159845,2.422,2.44,2.447,2.42,0.0,2.703,2.211,115974400.0,0.0,281875165.4,0.0,0.0,0.0,20230823,20230823,95126207,2.457,0.0,0.0,2.422,2.421,2.42,2.419,2.418,0.0,0.0,0.0,0.0,0.0,2.423,2.424,2.425,2.426,2.427,0.0,0.0,0.0,0.0,0.0,2356700.0,4512600.0,5029300.0,2351500.0,548500.0,0.0,0.0,0.0,0.0,0.0,1467600.0,4874500.0,2472700.0,578800.0,489200.0,0.0,0.0,0.0,0.0,0.0
20230823095129000,SZSE,SZSE.ETF.159845,2.423,2.44,2.447,2.42,0.0,2.703,2.211,115979500.0,5100.0,281887517.7,12352.300000011921,0.0,0.0,20230823,20230823,95129001,2.457,0.0,0.0,2.422,2.421,2.42,2.419,2.418,0.0,0.0,0.0,0.0,0.0,2.423,2.424,2.425,2.426,2.427,0.0,0.0,0.0,0.0,0.0,1051700.0,4383100.0,5809300.0,2489100.0,548500.0,0.0,0.0,0.0,0.0,0.0,3487500.0,3874500.0,1522700.0,578800.0,489200.0,0.0,0.0,0.0,0.0,0.0
20230823095132344,SZSE,SZSE.ETF.159845,2.422,2.44,2.447,2.42,0.0,2.703,2.211,117667500.0,1688000.0,285975994.4,4088476.699999988,0.0,0.0,20230823,20230823,95132345,2.457,0.0,0.0,2.421,2.42,2.419,2.418,2.417,0.0,0.0,0.0,0.0,0.0,2.422,2.423,2.424,2.425,2.426,0.0,0.0,0.0,0.0,0.0,2737200.0,4309300.0,3914400.0,1044500.0,830900.0,0.0,0.0,0.0,0.0,0.0,1503200.0,3184900.0,3016400.0,789100.0,578800.0,0.0,0.0,0.0,0.0,0.0
20230823095135388,SZSE,SZSE.ETF.159845,2.422,2.44,2.447,2.42,0.0,2.703,2.211,118860300.0,1192800.0,288864956.0,2888961.600000024,0.0,0.0,20230823,20230823,95135387,2.457,0.0,0.0,2.421,2.42,2.419,2.418,2.417,0.0,0.0,0.0,0.0,0.0,2.422,2.423,2.424,2.425,2.426,0.0,0.0,0.0,0.0,0.0,3683300.0,4762300.0,3530000.0,916800.0,1476400.0,0.0,0.0,0.0,0.0,0.0,508700.0,2970100.0,4024500.0,1341500.0,487500.0,0.0,0.0,0.0,0.0,0.0
20230823095138140,SZSE,SZSE.ETF.159845,2.422,2.44,2.447,2.42,0.0,2.703,2.211,119089000.0,228700.0,289418867.4,553911.3999999762,0.0,0.0,20230823,20230823,95138139,2.457,0.0,0.0,2.421,2.42,2.419,2.418,2.417,0.0,0.0,0.0,0.0,0.0,2.422,2.423,2.424,2.425,2.426,0.0,0.0,0.0,0.0,0.0,4273300.0,4322300.0,3557600.0,916800.0,976400.0,0.0,0.0,0.0,0.0,0.0,120100.0,3205400.0,3314500.0,1441500.0,487500.0,0.0,0.0,0.0,0.0,0.0
20230823095141036,SZSE,SZSE.ETF.159845,2.422,2.44,2.447,2.42,0.0,2.703,2.211,119089000.0,0.0,289418867.4,0.0,0.0,0.0,20230823,20230823,95141036,2.457,0.0,0.0,2.421,2.42,2.419,2.418,2.417,0.0,0.0,0.0,0.0,0.0,2.422,2.423,2.424,2.425,2.426,0.0,0.0,0.0,0.0,0.0,4874500.0,5037300.0,4057600.0,916800.0,1476400.0,0.0,0.0,0.0,0.0,0.0,148200.0,3763500.0,3306400.0,2503900.0,487500.0,0.0,0.0,0.0,0.0,0.0
20230823095144020,SZSE,SZSE.ETF.159845,2.422,2.44,2.447,2.42,0.0,2.703,2.211,119214300.0,125300.0,289722315.3,303447.90000003576,0.0,0.0,20230823,20230823,95144019,2.457,0.0,0.0,2.422,2.421,2.42,2.419,2.418,0.0,0.0,0.0,0.0,0.0,2.423,2.424,2.425,2.426,2.427,0.0,0.0,0.0,0.0,0.0,28200.0,5104600.0,5007300.0,3532300.0,916800.0,0.0,0.0,0.0,0.0,0.0,2994900.0,3614500.0,2741500.0,487500.0,721700.0,0.0,0.0,0.0,0.0,0.0
20230823095146960,SZSE,SZSE.ETF.159845,2.422,2.44,2.447,2.42,0.0,2.703,2.211,120572600.0,1358300.0,293012117.9,3289802.5999999642,0.0,0.0,20230823,20230823,95146962,2.457,0.0,0.0,2.422,2.421,2.42,2.419,2.418,0.0,0.0,0.0,0.0,0.0,2.423,2.424,2.425,2.426,2.427,0.0,0.0,0.0,0.0,0.0,79100.0,4564600.0,3377300.0,3779100.0,1748500.0,0.0,0.0,0.0,0.0,0.0,4558600.0,3514500.0,1332700.0,578800.0,689200.0,0.0,0.0,0.0,0.0,0.0
20230823095150008,SZSE,SZSE.ETF.159845,2.423,2.44,2.447,2.42,0.0,2.703,2.211,120705600.0,133000.0,293334246.9,322129.0,0.0,0.0,20230823,20230823,95150007,2.457,0.0,0.0,2.422,2.421,2.42,2.419,2.418,0.0,0.0,0.0,0.0,0.0,2.423,2.424,2.425,2.426,2.427,0.0,0.0,0.0,0.0,0.0,100000.0,4476200.0,3517300.0,3789100.0,1748500.0,0.0,0.0,0.0,0.0,0.0,3715452.0,3774500.0,1822700.0,578800.0,889200.0,0.0,0.0,0.0,0.0,0.0
20230823095152932,SZSE,SZSE.ETF.159845,2.423,2.44,2.447,2.42,0.0,2.703,2.211,120705600.0,0.0,293334246.9,0.0,0.0,0.0,20230823,20230823,95152931,2.457,0.0,0.0,2.422,2.421,2.42,2.419,2.418,0.0,0.0,0.0,0.0,0.0,2.423,2.424,2.425,2.426,2.427,0.0,0.0,0.0,0.0,0.0,220100.0,4476200.0,3567300.0,4789100.0,1148500.0,0.0,0.0,0.0,0.0,0.0,3715452.0,3944500.0,1822700.0,578800.0,689200.0,0.0,0.0,0.0,0.0,0.0
20230823095155892,SZSE,SZSE.ETF.159845,2.423,2.44,2.447,2.42,0.0,2.703,2.211,120705600.0,0.0,293334246.9,0.0,0.0,0.0,20230823,20230823,95155892,2.457,0.0,0.0,2.422,2.421,2.42,2.419,2.418,0.0,0.0,0.0,0.0,0.0,2.423,2.424,2.425,2.426,2.427,0.0,0.0,0.0,0.0,0.0,910100.0,4476200.0,3078300.0,4851500.0,1169500.0,0.0,0.0,0.0,0.0,0.0,1451952.0,4686400.0,2570800.0,1212400.0,889200.0,0.0,0.0,0.0,0.0,0.0
20230823095159324,SZSE,SZSE.ETF.159845,2.423,2.44,2.447,2.42,0.0,2.703,2.211,120705600.0,0.0,293334246.9,0.0,0.0,0.0,20230823,20230823,95159324,2.457,0.0,0.0,2.422,2.421,2.42,2.419,2.418,0.0,0.0,0.0,0.0,0.0,2.423,2.424,2.425,2.426,2.427,0.0,0.0,0.0,0.0,0.0,2492200.0,2964200.0,4228300.0,4051500.0,479500.0,0.0,0.0,0.0,0.0,0.0,1485352.0,4708400.0,2570800.0,1074800.0,689200.0,0.0,0.0,0.0,0.0,0.0
20230823095202672,SZSE,SZSE.ETF.159845,2.423,2.44,2.447,2.42,0.0,2.703,2.211,120705600.0,0.0,293334246.9,0.0,0.0,0.0,20230823,20230823,95202672,2.457,0.0,0.0,2.422,2.421,2.42,2.419,2.418,0.0,0.0,0.0,0.0,0.0,2.423,2.424,2.425,2.426,2.427,0.0,0.0,0.0,0.0,0.0,1502000.0,4664200.0,4318300.0,3251500.0,479600.0,0.0,0.0,0.0,0.0,0.0,1916452.0,4567600.0,2472700.0,1074800.0,489200.0,0.0,0.0,0.0,0.0,0.0
20230823095205640,SZSE,SZSE.ETF.159845,2.423,2.44,2.447,2.42,0.0,2.703,2.211,120705600.0,0.0,293334246.9,0.0,0.0,0.0,20230823,20230823,95205639,2.457,0.0,0.0,2.422,2.421,2.42,2.419,2.418,0.0,0.0,0.0,0.0,0.0,2.423,2.424,2.425,2.426,2.427,0.0,0.0,0.0,0.0,0.0,3034200.0,3804200.0,4328300.0,1755500.0,1079600.0,0.0,0.0,0.0,0.0,0.0,1381052.0,4709500.0,2620800.0,1074800.0,489200.0,0.0,0.0,0.0,0.0,0.0
20230823095208448,SZSE,SZSE.ETF.159845,2.423,2.44,2.447,2.42,0.0,2.703,2.211,120886652.0,181052.0,293772935.896,438688.9960000515,0.0,0.0,20230823,20230823,95208449,2.457,0.0,0.0,2.423,2.422,2.421,2.42,2.419,0.0,0.0,0.0,0.0,0.0,2.424,2.425,2.426,2.427,2.428,0.0,0.0,0.0,0.0,0.0,254048.0,4935400.0,3804200.0,3878400.0,1755500.0,0.0,0.0,0.0,0.0,0.0,3251900.0,3340800.0,1412400.0,489200.0,511900.0,0.0,0.0,0.0,0.0,0.0
20230823095211012,SZSE,SZSE.ETF.159845,2.422,2.44,2.447,2.42,0.0,2.703,2.211,121128952.0,242300.0,294360011.296,587075.3999999762,0.0,0.0,20230823,20230823,95211012,2.457,0.0,0.0,2.422,2.421,2.42,2.419,2.418,0.0,0.0,0.0,0.0,0.0,2.423,2.424,2.425,2.426,2.427,0.0,0.0,0.0,0.0,0.0,3215300.0,2841600.0,4425100.0,3183100.0,534100.0,0.0,0.0,0.0,0.0,0.0,2334700.0,2958500.0,2520800.0,1266000.0,630500.0,0.0,0.0,0.0,0.0,0.0
20230823095213984,SZSE,SZSE.ETF.159845,2.423,2.44,2.447,2.42,0.0,2.703,2.211,121280352.0,151400.0,294726853.496,366842.1999999881,0.0,0.0,20230823,20230823,95213985,2.457,0.0,0.0,2.422,2.421,2.42,2.419,2.418,0.0,0.0,0.0,0.0,0.0,2.423,2.424,2.425,2.426,2.427,0.0,0.0,0.0,0.0,0.0,3509100.0,4104600.0,4578300.0,1755500.0,579600.0,0.0,0.0,0.0,0.0,0.0,3034200.0,3936600.0,1632700.0,1074800.0,489200.0,0.0,0.0,0.0,0.0,0.0
