TradeDate,OrigTime,BidPx1,BidPx2,BidPx3,BidPx4,BidPx5,BidSize1,BidSize2,BidSize3,BidSize4,BidSize5,DownLimitPx,HighPx,LastPx,LowPx,OFI1,OFI2,OFI3,OFI4,OFI5,OfferPx1,OfferPx2,OfferPx3,OfferPx4,OfferPx5,OfferSize1,OfferSize2,OfferSize3,OfferSize4,OfferSize5,OpenPx,PreClosePx,PxChange1,PxChange2,TotalValueTrade,TotalVolumeTrade,UpLimitPx,aOF1,aOF2,aOF3,aOF4,aOF5,abs_diff,abs_diff_v,amount,ask_spread,bOF1,bOF2,bOF3,bOF4,bOF5,bid_ask_spread,bid_spread,close,df_max,df_min,energy,energy_v,f_max,f_min,high,iqr_p,iqr_p_v,log_return,low,mid,minute,open,price_spread,price_spread2,tendency,ticker,total_ask_qty,total_bid_qty,total_qty_diff,total_volume,volatility,volatility_QMLE,volume,volume_imbalance,vwap,wap1,weighted_ask_prc,weighted_bid_prc
0.0,0.0,0.0,0.0,0.0,0.0,0.0,0.0,0.0,0.0,0.0,0.0,0.0,0.0,0.0,0.0,0.0,0.0,0.0,0.0,0.0,0.0,0.0,0.0,0.0,0.0,0.0,0.0,0.0,0.0,0.0,0.0,0.0,0.0,0.0,0.0,0.0,0.0,0.0,0.0,0.0,0.0,0.0,0.0,0.0,0.0,0.0,0.0,0.0,0.0,0.0,0.0,0.0,0.0,0.0,0.0,0.0,0.0,0.0,0.0,0.0,0.0,0.0,0.0,0.0,0.0,0.0,0.0,0.0,0.0,0.0,0.0,0.0,0.0,0.0,0.0,0.0,0.0,0.0,0.0,0.0,0.0,0.0,0.0,0.0
0.0,0.0,0.0,0.0,0.0,0.0,0.0,0.0,0.0,0.0,0.0,0.0,0.0,0.0,0.0,0.0,0.0,0.0,0.0,0.0,0.0,0.0,0.0,0.0,0.0,0.0,0.0,0.0,0.0,0.0,0.0,0.0,0.0,0.0,0.0,0.0,0.0,0.0,0.0,0.0,0.0,0.0,0.0,0.0,0.0,0.0,0.0,0.0,0.0,0.0,0.0,0.0,0.0,0.0,0.0,0.0,0.0,0.0,0.0,0.0,0.0,0.0,0.0,0.0,0.0,0.0,0.0,0.0,0.0,0.0,0.0,0.0,0.0,0.0,0.0,0.0,0.0,0.0,0.0,0.0,0.0,0.0,0.0,0.0,0.0
0.0,0.0,0.0,0.0,0.0,0.0,0.0,0.0,0.0,0.0,0.0,0.0,0.0,0.0,0.0,0.0,0.0,0.0,0.0,0.0,0.0,0.0,0.0,0.0,0.0,0.0,0.0,0.0,0.0,0.0,0.0,0.0,0.0,0.0,0.0,0.0,0.0,0.0,0.0,0.0,0.0,0.0,0.0,0.0,0.0,0.0,0.0,0.0,0.0,0.0,0.0,0.0,0.0,0.0,0.0,0.0,0.0,0.0,0.0,0.0,0.0,0.0,0.0,0.0,0.0,0.0,0.0,0.0,0.0,0.0,0.0,0.0,0.0,0.0,0.0,0.0,0.0,0.0,0.0,0.0,0.0,0.0,0.0,0.0,0.0
0.0,0.0,0.0,0.0,0.0,0.0,0.0,0.0,0.0,0.0,0.0,0.0,0.0,0.0,0.0,0.0,0.0,0.0,0.0,0.0,0.0,0.0,0.0,0.0,0.0,0.0,0.0,0.0,0.0,0.0,0.0,0.0,0.0,0.0,0.0,0.0,0.0,0.0,0.0,0.0,0.0,0.0,0.0,0.0,0.0,0.0,0.0,0.0,0.0,0.0,0.0,0.0,0.0,0.0,0.0,0.0,0.0,0.0,0.0,0.0,0.0,0.0,0.0,0.0,0.0,0.0,0.0,0.0,0.0,0.0,0.0,0.0,0.0,0.0,0.0,0.0,0.0,0.0,0.0,0.0,0.0,0.0,0.0,0.0,0.0
0.0,0.0,0.0,0.0,0.0,0.0,0.0,0.0,0.0,0.0,0.0,0.0,0.0,0.0,0.0,0.0,0.0,0.0,0.0,0.0,0.0,0.0,0.0,0.0,0.0,0.0,0.0,0.0,0.0,0.0,0.0,0.0,0.0,0.0,0.0,0.0,0.0,0.0,0.0,0.0,0.0,0.0,0.0,0.0,0.0,0.0,0.0,0.0,0.0,0.0,0.0,0.0,0.0,0.0,0.0,0.0,0.0,0.0,0.0,0.0,0.0,0.0,0.0,0.0,0.0,0.0,0.0,0.0,0.0,0.0,0.0,0.0,0.0,0.0,0.0,0.0,0.0,0.0,0.0,0.0,0.0,0.0,0.0,0.0,0.0
0.0,0.0,0.0,0.0,0.0,0.0,0.0,0.0,0.0,0.0,0.0,0.0,0.0,0.0,0.0,0.0,0.0,0.0,0.0,0.0,0.0,0.0,0.0,0.0,0.0,0.0,0.0,0.0,0.0,0.0,0.0,0.0,0.0,0.0,0.0,0.0,0.0,0.0,0.0,0.0,0.0,0.0,0.0,0.0,0.0,0.0,0.0,0.0,0.0,0.0,0.0,0.0,0.0,0.0,0.0,0.0,0.0,0.0,0.0,0.0,0.0,0.0,0.0,0.0,0.0,0.0,0.0,0.0,0.0,0.0,0.0,0.0,0.0,0.0,0.0,0.0,0.0,0.0,0.0,0.0,0.0,0.0,0.0,0.0,0.0
0.0,0.0,0.0,0.0,0.0,0.0,0.0,0.0,0.0,0.0,0.0,0.0,0.0,0.0,0.0,0.0,0.0,0.0,0.0,0.0,0.0,0.0,0.0,0.0,0.0,0.0,0.0,0.0,0.0,0.0,0.0,0.0,0.0,0.0,0.0,0.0,0.0,0.0,0.0,0.0,0.0,0.0,0.0,0.0,0.0,0.0,0.0,0.0,0.0,0.0,0.0,0.0,0.0,0.0,0.0,0.0,0.0,0.0,0.0,0.0,0.0,0.0,0.0,0.0,0.0,0.0,0.0,0.0,0.0,0.0,0.0,0.0,0.0,0.0,0.0,0.0,0.0,0.0,0.0,0.0,0.0,0.0,0.0,0.0,0.0
0.0,0.0,0.0,0.0,0.0,0.0,0.0,0.0,0.0,0.0,0.0,0.0,0.0,0.0,0.0,0.0,0.0,0.0,0.0,0.0,0.0,0.0,0.0,0.0,0.0,0.0,0.0,0.0,0.0,0.0,0.0,0.0,0.0,0.0,0.0,0.0,0.0,0.0,0.0,0.0,0.0,0.0,0.0,0.0,0.0,0.0,0.0,0.0,0.0,0.0,0.0,0.0,0.0,0.0,0.0,0.0,0.0,0.0,0.0,0.0,0.0,0.0,0.0,0.0,0.0,0.0,0.0,0.0,0.0,0.0,0.0,0.0,0.0,0.0,0.0,0.0,0.0,0.0,0.0,0.0,0.0,0.0,0.0,0.0,0.0
0.0,0.0,0.0,0.0,0.0,0.0,0.0,0.0,0.0,0.0,0.0,0.0,0.0,0.0,0.0,0.0,0.0,0.0,0.0,0.0,0.0,0.0,0.0,0.0,0.0,0.0,0.0,0.0,0.0,0.0,0.0,0.0,0.0,0.0,0.0,0.0,0.0,0.0,0.0,0.0,0.0,0.0,0.0,0.0,0.0,0.0,0.0,0.0,0.0,0.0,0.0,0.0,0.0,0.0,0.0,0.0,0.0,0.0,0.0,0.0,0.0,0.0,0.0,0.0,0.0,0.0,0.0,0.0,0.0,0.0,0.0,0.0,0.0,0.0,0.0,0.0,0.0,0.0,0.0,0.0,0.0,0.0,0.0,0.0,0.0
0.0,0.0,0.0,0.0,0.0,0.0,0.0,0.0,0.0,0.0,0.0,0.0,0.0,0.0,0.0,0.0,0.0,0.0,0.0,0.0,0.0,0.0,0.0,0.0,0.0,0.0,0.0,0.0,0.0,0.0,0.0,0.0,0.0,0.0,0.0,0.0,0.0,0.0,0.0,0.0,0.0,0.0,0.0,0.0,0.0,0.0,0.0,0.0,0.0,0.0,0.0,0.0,0.0,0.0,0.0,0.0,0.0,0.0,0.0,0.0,0.0,0.0,0.0,0.0,0.0,0.0,0.0,0.0,0.0,0.0,0.0,0.0,0.0,0.0,0.0,0.0,0.0,0.0,0.0,0.0,0.0,0.0,0.0,0.0,0.0
0.0,0.0,0.0,0.0,0.0,0.0,0.0,0.0,0.0,0.0,0.0,0.0,0.0,0.0,0.0,0.0,0.0,0.0,0.0,0.0,0.0,0.0,0.0,0.0,0.0,0.0,0.0,0.0,0.0,0.0,0.0,0.0,0.0,0.0,0.0,0.0,0.0,0.0,0.0,0.0,0.0,0.0,0.0,0.0,0.0,0.0,0.0,0.0,0.0,0.0,0.0,0.0,0.0,0.0,0.0,0.0,0.0,0.0,0.0,0.0,0.0,0.0,0.0,0.0,0.0,0.0,0.0,0.0,0.0,0.0,0.0,0.0,0.0,0.0,0.0,0.0,0.0,0.0,0.0,0.0,0.0,0.0,0.0,0.0,0.0
0.0,0.0,0.0,0.0,0.0,0.0,0.0,0.0,0.0,0.0,0.0,0.0,0.0,0.0,0.0,0.0,0.0,0.0,0.0,0.0,0.0,0.0,0.0,0.0,0.0,0.0,0.0,0.0,0.0,0.0,0.0,0.0,0.0,0.0,0.0,0.0,0.0,0.0,0.0,0.0,0.0,0.0,0.0,0.0,0.0,0.0,0.0,0.0,0.0,0.0,0.0,0.0,0.0,0.0,0.0,0.0,0.0,0.0,0.0,0.0,0.0,0.0,0.0,0.0,0.0,0.0,0.0,0.0,0.0,0.0,0.0,0.0,0.0,0.0,0.0,0.0,0.0,0.0,0.0,0.0,0.0,0.0,0.0,0.0,0.0
0.0,0.0,0.0,0.0,0.0,0.0,0.0,0.0,0.0,0.0,0.0,0.0,0.0,0.0,0.0,0.0,0.0,0.0,0.0,0.0,0.0,0.0,0.0,0.0,0.0,0.0,0.0,0.0,0.0,0.0,0.0,0.0,0.0,0.0,0.0,0.0,0.0,0.0,0.0,0.0,0.0,0.0,0.0,0.0,0.0,0.0,0.0,0.0,0.0,0.0,0.0,0.0,0.0,0.0,0.0,0.0,0.0,0.0,0.0,0.0,0.0,0.0,0.0,0.0,0.0,0.0,0.0,0.0,0.0,0.0,0.0,0.0,0.0,0.0,0.0,0.0,0.0,0.0,0.0,0.0,0.0,0.0,0.0,0.0,0.0
0.0,0.0,0.0,0.0,0.0,0.0,0.0,0.0,0.0,0.0,0.0,0.0,0.0,0.0,0.0,0.0,0.0,0.0,0.0,0.0,0.0,0.0,0.0,0.0,0.0,0.0,0.0,0.0,0.0,0.0,0.0,0.0,0.0,0.0,0.0,0.0,0.0,0.0,0.0,0.0,0.0,0.0,0.0,0.0,0.0,0.0,0.0,0.0,0.0,0.0,0.0,0.0,0.0,0.0,0.0,0.0,0.0,0.0,0.0,0.0,0.0,0.0,0.0,0.0,0.0,0.0,0.0,0.0,0.0,0.0,0.0,0.0,0.0,0.0,0.0,0.0,0.0,0.0,0.0,0.0,0.0,0.0,0.0,0.0,0.0
0.0,0.0,0.0,0.0,0.0,0.0,0.0,0.0,0.0,0.0,0.0,0.0,0.0,0.0,0.0,0.0,0.0,0.0,0.0,0.0,0.0,0.0,0.0,0.0,0.0,0.0,0.0,0.0,0.0,0.0,0.0,0.0,0.0,0.0,0.0,0.0,0.0,0.0,0.0,0.0,0.0,0.0,0.0,0.0,0.0,0.0,0.0,0.0,0.0,0.0,0.0,0.0,0.0,0.0,0.0,0.0,0.0,0.0,0.0,0.0,0.0,0.0,0.0,0.0,0.0,0.0,0.0,0.0,0.0,0.0,0.0,0.0,0.0,0.0,0.0,0.0,0.0,0.0,0.0,0.0,0.0,0.0,0.0,0.0,0.0
0.0,0.0,0.0,0.0,0.0,0.0,0.0,0.0,0.0,0.0,0.0,0.0,0.0,0.0,0.0,0.0,0.0,0.0,0.0,0.0,0.0,0.0,0.0,0.0,0.0,0.0,0.0,0.0,0.0,0.0,0.0,0.0,0.0,0.0,0.0,0.0,0.0,0.0,0.0,0.0,0.0,0.0,0.0,0.0,0.0,0.0,0.0,0.0,0.0,0.0,0.0,0.0,0.0,0.0,0.0,0.0,0.0,0.0,0.0,0.0,0.0,0.0,0.0,0.0,0.0,0.0,0.0,0.0,0.0,0.0,0.0,0.0,0.0,0.0,0.0,0.0,0.0,0.0,0.0,0.0,0.0,0.0,0.0,0.0,0.0
0.0,0.0,0.0,0.0,0.0,0.0,0.0,0.0,0.0,0.0,0.0,0.0,0.0,0.0,0.0,0.0,0.0,0.0,0.0,0.0,0.0,0.0,0.0,0.0,0.0,0.0,0.0,0.0,0.0,0.0,0.0,0.0,0.0,0.0,0.0,0.0,0.0,0.0,0.0,0.0,0.0,0.0,0.0,0.0,0.0,0.0,0.0,0.0,0.0,0.0,0.0,0.0,0.0,0.0,0.0,0.0,0.0,0.0,0.0,0.0,0.0,0.0,0.0,0.0,0.0,0.0,0.0,0.0,0.0,0.0,0.0,0.0,0.0,0.0,0.0,0.0,0.0,0.0,0.0,0.0,0.0,0.0,0.0,0.0,0.0
0.0,0.0,0.0,0.0,0.0,0.0,0.0,0.0,0.0,0.0,0.0,0.0,0.0,0.0,0.0,0.0,0.0,0.0,0.0,0.0,0.0,0.0,0.0,0.0,0.0,0.0,0.0,0.0,0.0,0.0,0.0,0.0,0.0,0.0,0.0,0.0,0.0,0.0,0.0,0.0,0.0,0.0,0.0,0.0,0.0,0.0,0.0,0.0,0.0,0.0,0.0,0.0,0.0,0.0,0.0,0.0,0.0,0.0,0.0,0.0,0.0,0.0,0.0,0.0,0.0,0.0,0.0,0.0,0.0,0.0,0.0,0.0,0.0,0.0,0.0,0.0,0.0,0.0,0.0,0.0,0.0,0.0,0.0,0.0,0.0
0.0,0.0,0.0,0.0,0.0,0.0,0.0,0.0,0.0,0.0,0.0,0.0,0.0,0.0,0.0,0.0,0.0,0.0,0.0,0.0,0.0,0.0,0.0,0.0,0.0,0.0,0.0,0.0,0.0,0.0,0.0,0.0,0.0,0.0,0.0,0.0,0.0,0.0,0.0,0.0,0.0,0.0,0.0,0.0,0.0,0.0,0.0,0.0,0.0,0.0,0.0,0.0,0.0,0.0,0.0,0.0,0.0,0.0,0.0,0.0,0.0,0.0,0.0,0.0,0.0,0.0,0.0,0.0,0.0,0.0,0.0,0.0,0.0,0.0,0.0,0.0,0.0,0.0,0.0,0.0,0.0,0.0,0.0,0.0,0.0
0.0,0.0,0.0,0.0,0.0,0.0,0.0,0.0,0.0,0.0,0.0,0.0,0.0,0.0,0.0,0.0,0.0,0.0,0.0,0.0,0.0,0.0,0.0,0.0,0.0,0.0,0.0,0.0,0.0,0.0,0.0,0.0,0.0,0.0,0.0,0.0,0.0,0.0,0.0,0.0,0.0,0.0,0.0,0.0,0.0,0.0,0.0,0.0,0.0,0.0,0.0,0.0,0.0,0.0,0.0,0.0,0.0,0.0,0.0,0.0,0.0,0.0,0.0,0.0,0.0,0.0,0.0,0.0,0.0,0.0,0.0,0.0,0.0,0.0,0.0,0.0,0.0,0.0,0.0,0.0,0.0,0.0,0.0,0.0,0.0
0.0,0.0,0.0,0.0,0.0,0.0,0.0,0.0,0.0,0.0,0.0,0.0,0.0,0.0,0.0,0.0,0.0,0.0,0.0,0.0,0.0,0.0,0.0,0.0,0.0,0.0,0.0,0.0,0.0,0.0,0.0,0.0,0.0,0.0,0.0,0.0,0.0,0.0,0.0,0.0,0.0,0.0,0.0,0.0,0.0,0.0,0.0,0.0,0.0,0.0,0.0,0.0,0.0,0.0,0.0,0.0,0.0,0.0,0.0,0.0,0.0,0.0,0.0,0.0,0.0,0.0,0.0,0.0,0.0,0.0,0.0,0.0,0.0,0.0,0.0,0.0,0.0,0.0,0.0,0.0,0.0,0.0,0.0,0.0,0.0
0.0,0.0,0.0,0.0,0.0,0.0,0.0,0.0,0.0,0.0,0.0,0.0,0.0,0.0,0.0,0.0,0.0,0.0,0.0,0.0,0.0,0.0,0.0,0.0,0.0,0.0,0.0,0.0,0.0,0.0,0.0,0.0,0.0,0.0,0.0,0.0,0.0,0.0,0.0,0.0,0.0,0.0,0.0,0.0,0.0,0.0,0.0,0.0,0.0,0.0,0.0,0.0,0.0,0.0,0.0,0.0,0.0,0.0,0.0,0.0,0.0,0.0,0.0,0.0,0.0,0.0,0.0,0.0,0.0,0.0,0.0,0.0,0.0,0.0,0.0,0.0,0.0,0.0,0.0,0.0,0.0,0.0,0.0,0.0,0.0
0.0,0.0,0.0,0.0,0.0,0.0,0.0,0.0,0.0,0.0,0.0,0.0,0.0,0.0,0.0,0.0,0.0,0.0,0.0,0.0,0.0,0.0,0.0,0.0,0.0,0.0,0.0,0.0,0.0,0.0,0.0,0.0,0.0,0.0,0.0,0.0,0.0,0.0,0.0,0.0,0.0,0.0,0.0,0.0,0.0,0.0,0.0,0.0,0.0,0.0,0.0,0.0,0.0,0.0,0.0,0.0,0.0,0.0,0.0,0.0,0.0,0.0,0.0,0.0,0.0,0.0,0.0,0.0,0.0,0.0,0.0,0.0,0.0,0.0,0.0,0.0,0.0,0.0,0.0,0.0,0.0,0.0,0.0,0.0,0.0
0.0,0.0,0.0,0.0,0.0,0.0,0.0,0.0,0.0,0.0,0.0,0.0,0.0,0.0,0.0,0.0,0.0,0.0,0.0,0.0,0.0,0.0,0.0,0.0,0.0,0.0,0.0,0.0,0.0,0.0,0.0,0.0,0.0,0.0,0.0,0.0,0.0,0.0,0.0,0.0,0.0,0.0,0.0,0.0,0.0,0.0,0.0,0.0,0.0,0.0,0.0,0.0,0.0,0.0,0.0,0.0,0.0,0.0,0.0,0.0,0.0,0.0,0.0,0.0,0.0,0.0,0.0,0.0,0.0,0.0,0.0,0.0,0.0,0.0,0.0,0.0,0.0,0.0,0.0,0.0,0.0,0.0,0.0,0.0,0.0
0.0,0.0,0.0,0.0,0.0,0.0,0.0,0.0,0.0,0.0,0.0,0.0,0.0,0.0,0.0,0.0,0.0,0.0,0.0,0.0,0.0,0.0,0.0,0.0,0.0,0.0,0.0,0.0,0.0,0.0,0.0,0.0,0.0,0.0,0.0,0.0,0.0,0.0,0.0,0.0,0.0,0.0,0.0,0.0,0.0,0.0,0.0,0.0,0.0,0.0,0.0,0.0,0.0,0.0,0.0,0.0,0.0,0.0,0.0,0.0,0.0,0.0,0.0,0.0,0.0,0.0,0.0,0.0,0.0,0.0,0.0,0.0,0.0,0.0,0.0,0.0,0.0,0.0,0.0,0.0,0.0,0.0,0.0,0.0,0.0
0.0,0.0,0.0,0.0,0.0,0.0,0.0,0.0,0.0,0.0,0.0,0.0,0.0,0.0,0.0,0.0,0.0,0.0,0.0,0.0,0.0,0.0,0.0,0.0,0.0,0.0,0.0,0.0,0.0,0.0,0.0,0.0,0.0,0.0,0.0,0.0,0.0,0.0,0.0,0.0,0.0,0.0,0.0,0.0,0.0,0.0,0.0,0.0,0.0,0.0,0.0,0.0,0.0,0.0,0.0,0.0,0.0,0.0,0.0,0.0,0.0,0.0,0.0,0.0,0.0,0.0,0.0,0.0,0.0,0.0,0.0,0.0,0.0,0.0,0.0,0.0,0.0,0.0,0.0,0.0,0.0,0.0,0.0,0.0,0.0
0.0,0.0,0.0,0.0,0.0,0.0,0.0,0.0,0.0,0.0,0.0,0.0,0.0,0.0,0.0,0.0,0.0,0.0,0.0,0.0,0.0,0.0,0.0,0.0,0.0,0.0,0.0,0.0,0.0,0.0,0.0,0.0,0.0,0.0,0.0,0.0,0.0,0.0,0.0,0.0,0.0,0.0,0.0,0.0,0.0,0.0,0.0,0.0,0.0,0.0,0.0,0.0,0.0,0.0,0.0,0.0,0.0,0.0,0.0,0.0,0.0,0.0,0.0,0.0,0.0,0.0,0.0,0.0,0.0,0.0,0.0,0.0,0.0,0.0,0.0,0.0,0.0,0.0,0.0,0.0,0.0,0.0,0.0,0.0,0.0
0.0,0.0,0.0,0.0,0.0,0.0,0.0,0.0,0.0,0.0,0.0,0.0,0.0,0.0,0.0,0.0,0.0,0.0,0.0,0.0,0.0,0.0,0.0,0.0,0.0,0.0,0.0,0.0,0.0,0.0,0.0,0.0,0.0,0.0,0.0,0.0,0.0,0.0,0.0,0.0,0.0,0.0,0.0,0.0,0.0,0.0,0.0,0.0,0.0,0.0,0.0,0.0,0.0,0.0,0.0,0.0,0.0,0.0,0.0,0.0,0.0,0.0,0.0,0.0,0.0,0.0,0.0,0.0,0.0,0.0,0.0,0.0,0.0,0.0,0.0,0.0,0.0,0.0,0.0,0.0,0.0,0.0,0.0,0.0,0.0
0.0,0.0,0.0,0.0,0.0,0.0,0.0,0.0,0.0,0.0,0.0,0.0,0.0,0.0,0.0,0.0,0.0,0.0,0.0,0.0,0.0,0.0,0.0,0.0,0.0,0.0,0.0,0.0,0.0,0.0,0.0,0.0,0.0,0.0,0.0,0.0,0.0,0.0,0.0,0.0,0.0,0.0,0.0,0.0,0.0,0.0,0.0,0.0,0.0,0.0,0.0,0.0,0.0,0.0,0.0,0.0,0.0,0.0,0.0,0.0,0.0,0.0,0.0,0.0,0.0,0.0,0.0,0.0,0.0,0.0,0.0,0.0,0.0,0.0,0.0,0.0,0.0,0.0,0.0,0.0,0.0,0.0,0.0,0.0,0.0
0.0,0.0,0.0,0.0,0.0,0.0,0.0,0.0,0.0,0.0,0.0,0.0,0.0,0.0,0.0,0.0,0.0,0.0,0.0,0.0,0.0,0.0,0.0,0.0,0.0,0.0,0.0,0.0,0.0,0.0,0.0,0.0,0.0,0.0,0.0,0.0,0.0,0.0,0.0,0.0,0.0,0.0,0.0,0.0,0.0,0.0,0.0,0.0,0.0,0.0,0.0,0.0,0.0,0.0,0.0,0.0,0.0,0.0,0.0,0.0,0.0,0.0,0.0,0.0,0.0,0.0,0.0,0.0,0.0,0.0,0.0,0.0,0.0,0.0,0.0,0.0,0.0,0.0,0.0,0.0,0.0,0.0,0.0,0.0,0.0
0.0,0.0,0.0,0.0,0.0,0.0,0.0,0.0,0.0,0.0,0.0,0.0,0.0,0.0,0.0,0.0,0.0,0.0,0.0,0.0,0.0,0.0,0.0,0.0,0.0,0.0,0.0,0.0,0.0,0.0,0.0,0.0,0.0,0.0,0.0,0.0,0.0,0.0,0.0,0.0,0.0,0.0,0.0,0.0,0.0,0.0,0.0,0.0,0.0,0.0,0.0,0.0,0.0,0.0,0.0,0.0,0.0,0.0,0.0,0.0,0.0,0.0,0.0,0.0,0.0,0.0,0.0,0.0,0.0,0.0,0.0,0.0,0.0,0.0,0.0,0.0,0.0,0.0,0.0,0.0,0.0,0.0,0.0,0.0,0.0
0.0,0.0,0.0,0.0,0.0,0.0,0.0,0.0,0.0,0.0,0.0,0.0,0.0,0.0,0.0,0.0,0.0,0.0,0.0,0.0,0.0,0.0,0.0,0.0,0.0,0.0,0.0,0.0,0.0,0.0,0.0,0.0,0.0,0.0,0.0,0.0,0.0,0.0,0.0,0.0,0.0,0.0,0.0,0.0,0.0,0.0,0.0,0.0,0.0,0.0,0.0,0.0,0.0,0.0,0.0,0.0,0.0,0.0,0.0,0.0,0.0,0.0,0.0,0.0,0.0,0.0,0.0,0.0,0.0,0.0,0.0,0.0,0.0,0.0,0.0,0.0,0.0,0.0,0.0,0.0,0.0,0.0,0.0,0.0,0.0
0.0,0.0,0.0,0.0,0.0,0.0,0.0,0.0,0.0,0.0,0.0,0.0,0.0,0.0,0.0,0.0,0.0,0.0,0.0,0.0,0.0,0.0,0.0,0.0,0.0,0.0,0.0,0.0,0.0,0.0,0.0,0.0,0.0,0.0,0.0,0.0,0.0,0.0,0.0,0.0,0.0,0.0,0.0,0.0,0.0,0.0,0.0,0.0,0.0,0.0,0.0,0.0,0.0,0.0,0.0,0.0,0.0,0.0,0.0,0.0,0.0,0.0,0.0,0.0,0.0,0.0,0.0,0.0,0.0,0.0,0.0,0.0,0.0,0.0,0.0,0.0,0.0,0.0,0.0,0.0,0.0,0.0,0.0,0.0,0.0
0.0,0.0,0.0,0.0,0.0,0.0,0.0,0.0,0.0,0.0,0.0,0.0,0.0,0.0,0.0,0.0,0.0,0.0,0.0,0.0,0.0,0.0,0.0,0.0,0.0,0.0,0.0,0.0,0.0,0.0,0.0,0.0,0.0,0.0,0.0,0.0,0.0,0.0,0.0,0.0,0.0,0.0,0.0,0.0,0.0,0.0,0.0,0.0,0.0,0.0,0.0,0.0,0.0,0.0,0.0,0.0,0.0,0.0,0.0,0.0,0.0,0.0,0.0,0.0,0.0,0.0,0.0,0.0,0.0,0.0,0.0,0.0,0.0,0.0,0.0,0.0,0.0,0.0,0.0,0.0,0.0,0.0,0.0,0.0,0.0
0.0,0.0,0.0,0.0,0.0,0.0,0.0,0.0,0.0,0.0,0.0,0.0,0.0,0.0,0.0,0.0,0.0,0.0,0.0,0.0,0.0,0.0,0.0,0.0,0.0,0.0,0.0,0.0,0.0,0.0,0.0,0.0,0.0,0.0,0.0,0.0,0.0,0.0,0.0,0.0,0.0,0.0,0.0,0.0,0.0,0.0,0.0,0.0,0.0,0.0,0.0,0.0,0.0,0.0,0.0,0.0,0.0,0.0,0.0,0.0,0.0,0.0,0.0,0.0,0.0,0.0,0.0,0.0,0.0,0.0,0.0,0.0,0.0,0.0,0.0,0.0,0.0,0.0,0.0,0.0,0.0,0.0,0.0,0.0,0.0
0.0,0.0,0.0,0.0,0.0,0.0,0.0,0.0,0.0,0.0,0.0,0.0,0.0,0.0,0.0,0.0,0.0,0.0,0.0,0.0,0.0,0.0,0.0,0.0,0.0,0.0,0.0,0.0,0.0,0.0,0.0,0.0,0.0,0.0,0.0,0.0,0.0,0.0,0.0,0.0,0.0,0.0,0.0,0.0,0.0,0.0,0.0,0.0,0.0,0.0,0.0,0.0,0.0,0.0,0.0,0.0,0.0,0.0,0.0,0.0,0.0,0.0,0.0,0.0,0.0,0.0,0.0,0.0,0.0,0.0,0.0,0.0,0.0,0.0,0.0,0.0,0.0,0.0,0.0,0.0,0.0,0.0,0.0,0.0,0.0
0.0,0.0,0.0,0.0,0.0,0.0,0.0,0.0,0.0,0.0,0.0,0.0,0.0,0.0,0.0,0.0,0.0,0.0,0.0,0.0,0.0,0.0,0.0,0.0,0.0,0.0,0.0,0.0,0.0,0.0,0.0,0.0,0.0,0.0,0.0,0.0,0.0,0.0,0.0,0.0,0.0,0.0,0.0,0.0,0.0,0.0,0.0,0.0,0.0,0.0,0.0,0.0,0.0,0.0,0.0,0.0,0.0,0.0,0.0,0.0,0.0,0.0,0.0,0.0,0.0,0.0,0.0,0.0,0.0,0.0,0.0,0.0,0.0,0.0,0.0,0.0,0.0,0.0,0.0,0.0,0.0,0.0,0.0,0.0,0.0
0.0,0.0,0.0,0.0,0.0,0.0,0.0,0.0,0.0,0.0,0.0,0.0,0.0,0.0,0.0,0.0,0.0,0.0,0.0,0.0,0.0,0.0,0.0,0.0,0.0,0.0,0.0,0.0,0.0,0.0,0.0,0.0,0.0,0.0,0.0,0.0,0.0,0.0,0.0,0.0,0.0,0.0,0.0,0.0,0.0,0.0,0.0,0.0,0.0,0.0,0.0,0.0,0.0,0.0,0.0,0.0,0.0,0.0,0.0,0.0,0.0,0.0,0.0,0.0,0.0,0.0,0.0,0.0,0.0,0.0,0.0,0.0,0.0,0.0,0.0,0.0,0.0,0.0,0.0,0.0,0.0,0.0,0.0,0.0,0.0
0.0,0.0,0.0,0.0,0.0,0.0,0.0,0.0,0.0,0.0,0.0,0.0,0.0,0.0,0.0,0.0,0.0,0.0,0.0,0.0,0.0,0.0,0.0,0.0,0.0,0.0,0.0,0.0,0.0,0.0,0.0,0.0,0.0,0.0,0.0,0.0,0.0,0.0,0.0,0.0,0.0,0.0,0.0,0.0,0.0,0.0,0.0,0.0,0.0,0.0,0.0,0.0,0.0,0.0,0.0,0.0,0.0,0.0,0.0,0.0,0.0,0.0,0.0,0.0,0.0,0.0,0.0,0.0,0.0,0.0,0.0,0.0,0.0,0.0,0.0,0.0,0.0,0.0,0.0,0.0,0.0,0.0,0.0,0.0,0.0
0.0,0.0,0.0,0.0,0.0,0.0,0.0,0.0,0.0,0.0,0.0,0.0,0.0,0.0,0.0,0.0,0.0,0.0,0.0,0.0,0.0,0.0,0.0,0.0,0.0,0.0,0.0,0.0,0.0,0.0,0.0,0.0,0.0,0.0,0.0,0.0,0.0,0.0,0.0,0.0,0.0,0.0,0.0,0.0,0.0,0.0,0.0,0.0,0.0,0.0,0.0,0.0,0.0,0.0,0.0,0.0,0.0,0.0,0.0,0.0,0.0,0.0,0.0,0.0,0.0,0.0,0.0,0.0,0.0,0.0,0.0,0.0,0.0,0.0,0.0,0.0,0.0,0.0,0.0,0.0,0.0,0.0,0.0,0.0,0.0
0.0,0.0,0.0,0.0,0.0,0.0,0.0,0.0,0.0,0.0,0.0,0.0,0.0,0.0,0.0,0.0,0.0,0.0,0.0,0.0,0.0,0.0,0.0,0.0,0.0,0.0,0.0,0.0,0.0,0.0,0.0,0.0,0.0,0.0,0.0,0.0,0.0,0.0,0.0,0.0,0.0,0.0,0.0,0.0,0.0,0.0,0.0,0.0,0.0,0.0,0.0,0.0,0.0,0.0,0.0,0.0,0.0,0.0,0.0,0.0,0.0,0.0,0.0,0.0,0.0,0.0,0.0,0.0,0.0,0.0,0.0,0.0,0.0,0.0,0.0,0.0,0.0,0.0,0.0,0.0,0.0,0.0,0.0,0.0,0.0
0.0,0.0,0.0,0.0,0.0,0.0,0.0,0.0,0.0,0.0,0.0,0.0,0.0,0.0,0.0,0.0,0.0,0.0,0.0,0.0,0.0,0.0,0.0,0.0,0.0,0.0,0.0,0.0,0.0,0.0,0.0,0.0,0.0,0.0,0.0,0.0,0.0,0.0,0.0,0.0,0.0,0.0,0.0,0.0,0.0,0.0,0.0,0.0,0.0,0.0,0.0,0.0,0.0,0.0,0.0,0.0,0.0,0.0,0.0,0.0,0.0,0.0,0.0,0.0,0.0,0.0,0.0,0.0,0.0,0.0,0.0,0.0,0.0,0.0,0.0,0.0,0.0,0.0,0.0,0.0,0.0,0.0,0.0,0.0,0.0
0.0,0.0,0.0,0.0,0.0,0.0,0.0,0.0,0.0,0.0,0.0,0.0,0.0,0.0,0.0,0.0,0.0,0.0,0.0,0.0,0.0,0.0,0.0,0.0,0.0,0.0,0.0,0.0,0.0,0.0,0.0,0.0,0.0,0.0,0.0,0.0,0.0,0.0,0.0,0.0,0.0,0.0,0.0,0.0,0.0,0.0,0.0,0.0,0.0,0.0,0.0,0.0,0.0,0.0,0.0,0.0,0.0,0.0,0.0,0.0,0.0,0.0,0.0,0.0,0.0,0.0,0.0,0.0,0.0,0.0,0.0,0.0,0.0,0.0,0.0,0.0,0.0,0.0,0.0,0.0,0.0,0.0,0.0,0.0,0.0
0.0,0.0,0.0,0.0,0.0,0.0,0.0,0.0,0.0,0.0,0.0,0.0,0.0,0.0,0.0,0.0,0.0,0.0,0.0,0.0,0.0,0.0,0.0,0.0,0.0,0.0,0.0,0.0,0.0,0.0,0.0,0.0,0.0,0.0,0.0,0.0,0.0,0.0,0.0,0.0,0.0,0.0,0.0,0.0,0.0,0.0,0.0,0.0,0.0,0.0,0.0,0.0,0.0,0.0,0.0,0.0,0.0,0.0,0.0,0.0,0.0,0.0,0.0,0.0,0.0,0.0,0.0,0.0,0.0,0.0,0.0,0.0,0.0,0.0,0.0,0.0,0.0,0.0,0.0,0.0,0.0,0.0,0.0,0.0,0.0
0.0,0.0,0.0,0.0,0.0,0.0,0.0,0.0,0.0,0.0,0.0,0.0,0.0,0.0,0.0,0.0,0.0,0.0,0.0,0.0,0.0,0.0,0.0,0.0,0.0,0.0,0.0,0.0,0.0,0.0,0.0,0.0,0.0,0.0,0.0,0.0,0.0,0.0,0.0,0.0,0.0,0.0,0.0,0.0,0.0,0.0,0.0,0.0,0.0,0.0,0.0,0.0,0.0,0.0,0.0,0.0,0.0,0.0,0.0,0.0,0.0,0.0,0.0,0.0,0.0,0.0,0.0,0.0,0.0,0.0,0.0,0.0,0.0,0.0,0.0,0.0,0.0,0.0,0.0,0.0,0.0,0.0,0.0,0.0,0.0
0.0,0.0,0.0,0.0,0.0,0.0,0.0,0.0,0.0,0.0,0.0,0.0,0.0,0.0,0.0,0.0,0.0,0.0,0.0,0.0,0.0,0.0,0.0,0.0,0.0,0.0,0.0,0.0,0.0,0.0,0.0,0.0,0.0,0.0,0.0,0.0,0.0,0.0,0.0,0.0,0.0,0.0,0.0,0.0,0.0,0.0,0.0,0.0,0.0,0.0,0.0,0.0,0.0,0.0,0.0,0.0,0.0,0.0,0.0,0.0,0.0,0.0,0.0,0.0,0.0,0.0,0.0,0.0,0.0,0.0,0.0,0.0,0.0,0.0,0.0,0.0,0.0,0.0,0.0,0.0,0.0,0.0,0.0,0.0,0.0
0.0,0.0,0.0,0.0,0.0,0.0,0.0,0.0,0.0,0.0,0.0,0.0,0.0,0.0,0.0,0.0,0.0,0.0,0.0,0.0,0.0,0.0,0.0,0.0,0.0,0.0,0.0,0.0,0.0,0.0,0.0,0.0,0.0,0.0,0.0,0.0,0.0,0.0,0.0,0.0,0.0,0.0,0.0,0.0,0.0,0.0,0.0,0.0,0.0,0.0,0.0,0.0,0.0,0.0,0.0,0.0,0.0,0.0,0.0,0.0,0.0,0.0,0.0,0.0,0.0,0.0,0.0,0.0,0.0,0.0,0.0,0.0,0.0,0.0,0.0,0.0,0.0,0.0,0.0,0.0,0.0,0.0,0.0,0.0,0.0
0.0,0.0,0.0,0.0,0.0,0.0,0.0,0.0,0.0,0.0,0.0,0.0,0.0,0.0,0.0,0.0,0.0,0.0,0.0,0.0,0.0,0.0,0.0,0.0,0.0,0.0,0.0,0.0,0.0,0.0,0.0,0.0,0.0,0.0,0.0,0.0,0.0,0.0,0.0,0.0,0.0,0.0,0.0,0.0,0.0,0.0,0.0,0.0,0.0,0.0,0.0,0.0,0.0,0.0,0.0,0.0,0.0,0.0,0.0,0.0,0.0,0.0,0.0,0.0,0.0,0.0,0.0,0.0,0.0,0.0,0.0,0.0,0.0,0.0,0.0,0.0,0.0,0.0,0.0,0.0,0.0,0.0,0.0,0.0,0.0
0.0,0.0,0.0,0.0,0.0,0.0,0.0,0.0,0.0,0.0,0.0,0.0,0.0,0.0,0.0,0.0,0.0,0.0,0.0,0.0,0.0,0.0,0.0,0.0,0.0,0.0,0.0,0.0,0.0,0.0,0.0,0.0,0.0,0.0,0.0,0.0,0.0,0.0,0.0,0.0,0.0,0.0,0.0,0.0,0.0,0.0,0.0,0.0,0.0,0.0,0.0,0.0,0.0,0.0,0.0,0.0,0.0,0.0,0.0,0.0,0.0,0.0,0.0,0.0,0.0,0.0,0.0,0.0,0.0,0.0,0.0,0.0,0.0,0.0,0.0,0.0,0.0,0.0,0.0,0.0,0.0,0.0,0.0,0.0,0.0
0.0,0.0,0.0,0.0,0.0,0.0,0.0,0.0,0.0,0.0,0.0,0.0,0.0,0.0,0.0,0.0,0.0,0.0,0.0,0.0,0.0,0.0,0.0,0.0,0.0,0.0,0.0,0.0,0.0,0.0,0.0,0.0,0.0,0.0,0.0,0.0,0.0,0.0,0.0,0.0,0.0,0.0,0.0,0.0,0.0,0.0,0.0,0.0,0.0,0.0,0.0,0.0,0.0,0.0,0.0,0.0,0.0,0.0,0.0,0.0,0.0,0.0,0.0,0.0,0.0,0.0,0.0,0.0,0.0,0.0,0.0,0.0,0.0,0.0,0.0,0.0,0.0,0.0,0.0,0.0,0.0,0.0,0.0,0.0,0.0
0.0,0.0,0.0,0.0,0.0,0.0,0.0,0.0,0.0,0.0,0.0,0.0,0.0,0.0,0.0,0.0,0.0,0.0,0.0,0.0,0.0,0.0,0.0,0.0,0.0,0.0,0.0,0.0,0.0,0.0,0.0,0.0,0.0,0.0,0.0,0.0,0.0,0.0,0.0,0.0,0.0,0.0,0.0,0.0,0.0,0.0,0.0,0.0,0.0,0.0,0.0,0.0,0.0,0.0,0.0,0.0,0.0,0.0,0.0,0.0,0.0,0.0,0.0,0.0,0.0,0.0,0.0,0.0,0.0,0.0,0.0,0.0,0.0,0.0,0.0,0.0,0.0,0.0,0.0,0.0,0.0,0.0,0.0,0.0,0.0
0.0,0.0,0.0,0.0,0.0,0.0,0.0,0.0,0.0,0.0,0.0,0.0,0.0,0.0,0.0,0.0,0.0,0.0,0.0,0.0,0.0,0.0,0.0,0.0,0.0,0.0,0.0,0.0,0.0,0.0,0.0,0.0,0.0,0.0,0.0,0.0,0.0,0.0,0.0,0.0,0.0,0.0,0.0,0.0,0.0,0.0,0.0,0.0,0.0,0.0,0.0,0.0,0.0,0.0,0.0,0.0,0.0,0.0,0.0,0.0,0.0,0.0,0.0,0.0,0.0,0.0,0.0,0.0,0.0,0.0,0.0,0.0,0.0,0.0,0.0,0.0,0.0,0.0,0.0,0.0,0.0,0.0,0.0,0.0,0.0
0.0,0.0,0.0,0.0,0.0,0.0,0.0,0.0,0.0,0.0,0.0,0.0,0.0,0.0,0.0,0.0,0.0,0.0,0.0,0.0,0.0,0.0,0.0,0.0,0.0,0.0,0.0,0.0,0.0,0.0,0.0,0.0,0.0,0.0,0.0,0.0,0.0,0.0,0.0,0.0,0.0,0.0,0.0,0.0,0.0,0.0,0.0,0.0,0.0,0.0,0.0,0.0,0.0,0.0,0.0,0.0,0.0,0.0,0.0,0.0,0.0,0.0,0.0,0.0,0.0,0.0,0.0,0.0,0.0,0.0,0.0,0.0,0.0,0.0,0.0,0.0,0.0,0.0,0.0,0.0,0.0,0.0,0.0,0.0,0.0
0.0,0.0,0.0,0.0,0.0,0.0,0.0,0.0,0.0,0.0,0.0,0.0,0.0,0.0,0.0,0.0,0.0,0.0,0.0,0.0,0.0,0.0,0.0,0.0,0.0,0.0,0.0,0.0,0.0,0.0,0.0,0.0,0.0,0.0,0.0,0.0,0.0,0.0,0.0,0.0,0.0,0.0,0.0,0.0,0.0,0.0,0.0,0.0,0.0,0.0,0.0,0.0,0.0,0.0,0.0,0.0,0.0,0.0,0.0,0.0,0.0,0.0,0.0,0.0,0.0,0.0,0.0,0.0,0.0,0.0,0.0,0.0,0.0,0.0,0.0,0.0,0.0,0.0,0.0,0.0,0.0,0.0,0.0,0.0,0.0
0.0,0.0,0.0,0.0,0.0,0.0,0.0,0.0,0.0,0.0,0.0,0.0,0.0,0.0,0.0,0.0,0.0,0.0,0.0,0.0,0.0,0.0,0.0,0.0,0.0,0.0,0.0,0.0,0.0,0.0,0.0,0.0,0.0,0.0,0.0,0.0,0.0,0.0,0.0,0.0,0.0,0.0,0.0,0.0,0.0,0.0,0.0,0.0,0.0,0.0,0.0,0.0,0.0,0.0,0.0,0.0,0.0,0.0,0.0,0.0,0.0,0.0,0.0,0.0,0.0,0.0,0.0,0.0,0.0,0.0,0.0,0.0,0.0,0.0,0.0,0.0,0.0,0.0,0.0,0.0,0.0,0.0,0.0,0.0,0.0
0.0,0.0,0.0,0.0,0.0,0.0,0.0,0.0,0.0,0.0,0.0,0.0,0.0,0.0,0.0,0.0,0.0,0.0,0.0,0.0,0.0,0.0,0.0,0.0,0.0,0.0,0.0,0.0,0.0,0.0,0.0,0.0,0.0,0.0,0.0,0.0,0.0,0.0,0.0,0.0,0.0,0.0,0.0,0.0,0.0,0.0,0.0,0.0,0.0,0.0,0.0,0.0,0.0,0.0,0.0,0.0,0.0,0.0,0.0,0.0,0.0,0.0,0.0,0.0,0.0,0.0,0.0,0.0,0.0,0.0,0.0,0.0,0.0,0.0,0.0,0.0,0.0,0.0,0.0,0.0,0.0,0.0,0.0,0.0,0.0
0.0,0.0,0.0,0.0,0.0,0.0,0.0,0.0,0.0,0.0,0.0,0.0,0.0,0.0,0.0,0.0,0.0,0.0,0.0,0.0,0.0,0.0,0.0,0.0,0.0,0.0,0.0,0.0,0.0,0.0,0.0,0.0,0.0,0.0,0.0,0.0,0.0,0.0,0.0,0.0,0.0,0.0,0.0,0.0,0.0,0.0,0.0,0.0,0.0,0.0,0.0,0.0,0.0,0.0,0.0,0.0,0.0,0.0,0.0,0.0,0.0,0.0,0.0,0.0,0.0,0.0,0.0,0.0,0.0,0.0,0.0,0.0,0.0,0.0,0.0,0.0,0.0,0.0,0.0,0.0,0.0,0.0,0.0,0.0,0.0
0.0,0.0,0.0,0.0,0.0,0.0,0.0,0.0,0.0,0.0,0.0,0.0,0.0,0.0,0.0,0.0,0.0,0.0,0.0,0.0,0.0,0.0,0.0,0.0,0.0,0.0,0.0,0.0,0.0,0.0,0.0,0.0,0.0,0.0,0.0,0.0,0.0,0.0,0.0,0.0,0.0,0.0,0.0,0.0,0.0,0.0,0.0,0.0,0.0,0.0,0.0,0.0,0.0,0.0,0.0,0.0,0.0,0.0,0.0,0.0,0.0,0.0,0.0,0.0,0.0,0.0,0.0,0.0,0.0,0.0,0.0,0.0,0.0,0.0,0.0,0.0,0.0,0.0,0.0,0.0,0.0,0.0,0.0,0.0,0.0
0.0,0.0,0.0,0.0,0.0,0.0,0.0,0.0,0.0,0.0,0.0,0.0,0.0,0.0,0.0,0.0,0.0,0.0,0.0,0.0,0.0,0.0,0.0,0.0,0.0,0.0,0.0,0.0,0.0,0.0,0.0,0.0,0.0,0.0,0.0,0.0,0.0,0.0,0.0,0.0,0.0,0.0,0.0,0.0,0.0,0.0,0.0,0.0,0.0,0.0,0.0,0.0,0.0,0.0,0.0,0.0,0.0,0.0,0.0,0.0,0.0,0.0,0.0,0.0,0.0,0.0,0.0,0.0,0.0,0.0,0.0,0.0,0.0,0.0,0.0,0.0,0.0,0.0,0.0,0.0,0.0,0.0,0.0,0.0,0.0
0.0,0.0,0.0,0.0,0.0,0.0,0.0,0.0,0.0,0.0,0.0,0.0,0.0,0.0,0.0,0.0,0.0,0.0,0.0,0.0,0.0,0.0,0.0,0.0,0.0,0.0,0.0,0.0,0.0,0.0,0.0,0.0,0.0,0.0,0.0,0.0,0.0,0.0,0.0,0.0,0.0,0.0,0.0,0.0,0.0,0.0,0.0,0.0,0.0,0.0,0.0,0.0,0.0,0.0,0.0,0.0,0.0,0.0,0.0,0.0,0.0,0.0,0.0,0.0,0.0,0.0,0.0,0.0,0.0,0.0,0.0,0.0,0.0,0.0,0.0,0.0,0.0,0.0,0.0,0.0,0.0,0.0,0.0,0.0,0.0
0.0,0.0,0.0,0.0,0.0,0.0,0.0,0.0,0.0,0.0,0.0,0.0,0.0,0.0,0.0,0.0,0.0,0.0,0.0,0.0,0.0,0.0,0.0,0.0,0.0,0.0,0.0,0.0,0.0,0.0,0.0,0.0,0.0,0.0,0.0,0.0,0.0,0.0,0.0,0.0,0.0,0.0,0.0,0.0,0.0,0.0,0.0,0.0,0.0,0.0,0.0,0.0,0.0,0.0,0.0,0.0,0.0,0.0,0.0,0.0,0.0,0.0,0.0,0.0,0.0,0.0,0.0,0.0,0.0,0.0,0.0,0.0,0.0,0.0,0.0,0.0,0.0,0.0,0.0,0.0,0.0,0.0,0.0,0.0,0.0
0.0,0.0,0.0,0.0,0.0,0.0,0.0,0.0,0.0,0.0,0.0,0.0,0.0,0.0,0.0,0.0,0.0,0.0,0.0,0.0,0.0,0.0,0.0,0.0,0.0,0.0,0.0,0.0,0.0,0.0,0.0,0.0,0.0,0.0,0.0,0.0,0.0,0.0,0.0,0.0,0.0,0.0,0.0,0.0,0.0,0.0,0.0,0.0,0.0,0.0,0.0,0.0,0.0,0.0,0.0,0.0,0.0,0.0,0.0,0.0,0.0,0.0,0.0,0.0,0.0,0.0,0.0,0.0,0.0,0.0,0.0,0.0,0.0,0.0,0.0,0.0,0.0,0.0,0.0,0.0,0.0,0.0,0.0,0.0,0.0
0.0,0.0,0.0,0.0,0.0,0.0,0.0,0.0,0.0,0.0,0.0,0.0,0.0,0.0,0.0,0.0,0.0,0.0,0.0,0.0,0.0,0.0,0.0,0.0,0.0,0.0,0.0,0.0,0.0,0.0,0.0,0.0,0.0,0.0,0.0,0.0,0.0,0.0,0.0,0.0,0.0,0.0,0.0,0.0,0.0,0.0,0.0,0.0,0.0,0.0,0.0,0.0,0.0,0.0,0.0,0.0,0.0,0.0,0.0,0.0,0.0,0.0,0.0,0.0,0.0,0.0,0.0,0.0,0.0,0.0,0.0,0.0,0.0,0.0,0.0,0.0,0.0,0.0,0.0,0.0,0.0,0.0,0.0,0.0,0.0
0.0,0.0,0.0,0.0,0.0,0.0,0.0,0.0,0.0,0.0,0.0,0.0,0.0,0.0,0.0,0.0,0.0,0.0,0.0,0.0,0.0,0.0,0.0,0.0,0.0,0.0,0.0,0.0,0.0,0.0,0.0,0.0,0.0,0.0,0.0,0.0,0.0,0.0,0.0,0.0,0.0,0.0,0.0,0.0,0.0,0.0,0.0,0.0,0.0,0.0,0.0,0.0,0.0,0.0,0.0,0.0,0.0,0.0,0.0,0.0,0.0,0.0,0.0,0.0,0.0,0.0,0.0,0.0,0.0,0.0,0.0,0.0,0.0,0.0,0.0,0.0,0.0,0.0,0.0,0.0,0.0,0.0,0.0,0.0,0.0
0.0,0.0,0.0,0.0,0.0,0.0,0.0,0.0,0.0,0.0,0.0,0.0,0.0,0.0,0.0,0.0,0.0,0.0,0.0,0.0,0.0,0.0,0.0,0.0,0.0,0.0,0.0,0.0,0.0,0.0,0.0,0.0,0.0,0.0,0.0,0.0,0.0,0.0,0.0,0.0,0.0,0.0,0.0,0.0,0.0,0.0,0.0,0.0,0.0,0.0,0.0,0.0,0.0,0.0,0.0,0.0,0.0,0.0,0.0,0.0,0.0,0.0,0.0,0.0,0.0,0.0,0.0,0.0,0.0,0.0,0.0,0.0,0.0,0.0,0.0,0.0,0.0,0.0,0.0,0.0,0.0,0.0,0.0,0.0,0.0
0.0,0.0,0.0,0.0,0.0,0.0,0.0,0.0,0.0,0.0,0.0,0.0,0.0,0.0,0.0,0.0,0.0,0.0,0.0,0.0,0.0,0.0,0.0,0.0,0.0,0.0,0.0,0.0,0.0,0.0,0.0,0.0,0.0,0.0,0.0,0.0,0.0,0.0,0.0,0.0,0.0,0.0,0.0,0.0,0.0,0.0,0.0,0.0,0.0,0.0,0.0,0.0,0.0,0.0,0.0,0.0,0.0,0.0,0.0,0.0,0.0,0.0,0.0,0.0,0.0,0.0,0.0,0.0,0.0,0.0,0.0,0.0,0.0,0.0,0.0,0.0,0.0,0.0,0.0,0.0,0.0,0.0,0.0,0.0,0.0
0.0,0.0,0.0,0.0,0.0,0.0,0.0,0.0,0.0,0.0,0.0,0.0,0.0,0.0,0.0,0.0,0.0,0.0,0.0,0.0,0.0,0.0,0.0,0.0,0.0,0.0,0.0,0.0,0.0,0.0,0.0,0.0,0.0,0.0,0.0,0.0,0.0,0.0,0.0,0.0,0.0,0.0,0.0,0.0,0.0,0.0,0.0,0.0,0.0,0.0,0.0,0.0,0.0,0.0,0.0,0.0,0.0,0.0,0.0,0.0,0.0,0.0,0.0,0.0,0.0,0.0,0.0,0.0,0.0,0.0,0.0,0.0,0.0,0.0,0.0,0.0,0.0,0.0,0.0,0.0,0.0,0.0,0.0,0.0,0.0
0.0,0.0,0.0,0.0,0.0,0.0,0.0,0.0,0.0,0.0,0.0,0.0,0.0,0.0,0.0,0.0,0.0,0.0,0.0,0.0,0.0,0.0,0.0,0.0,0.0,0.0,0.0,0.0,0.0,0.0,0.0,0.0,0.0,0.0,0.0,0.0,0.0,0.0,0.0,0.0,0.0,0.0,0.0,0.0,0.0,0.0,0.0,0.0,0.0,0.0,0.0,0.0,0.0,0.0,0.0,0.0,0.0,0.0,0.0,0.0,0.0,0.0,0.0,0.0,0.0,0.0,0.0,0.0,0.0,0.0,0.0,0.0,0.0,0.0,0.0,0.0,0.0,0.0,0.0,0.0,0.0,0.0,0.0,0.0,0.0
0.0,0.0,0.0,0.0,0.0,0.0,0.0,0.0,0.0,0.0,0.0,0.0,0.0,0.0,0.0,0.0,0.0,0.0,0.0,0.0,0.0,0.0,0.0,0.0,0.0,0.0,0.0,0.0,0.0,0.0,0.0,0.0,0.0,0.0,0.0,0.0,0.0,0.0,0.0,0.0,0.0,0.0,0.0,0.0,0.0,0.0,0.0,0.0,0.0,0.0,0.0,0.0,0.0,0.0,0.0,0.0,0.0,0.0,0.0,0.0,0.0,0.0,0.0,0.0,0.0,0.0,0.0,0.0,0.0,0.0,0.0,0.0,0.0,0.0,0.0,0.0,0.0,0.0,0.0,0.0,0.0,0.0,0.0,0.0,0.0
0.0,0.0,0.0,0.0,0.0,0.0,0.0,0.0,0.0,0.0,0.0,0.0,0.0,0.0,0.0,0.0,0.0,0.0,0.0,0.0,0.0,0.0,0.0,0.0,0.0,0.0,0.0,0.0,0.0,0.0,0.0,0.0,0.0,0.0,0.0,0.0,0.0,0.0,0.0,0.0,0.0,0.0,0.0,0.0,0.0,0.0,0.0,0.0,0.0,0.0,0.0,0.0,0.0,0.0,0.0,0.0,0.0,0.0,0.0,0.0,0.0,0.0,0.0,0.0,0.0,0.0,0.0,0.0,0.0,0.0,0.0,0.0,0.0,0.0,0.0,0.0,0.0,0.0,0.0,0.0,0.0,0.0,0.0,0.0,0.0
0.0,0.0,0.0,0.0,0.0,0.0,0.0,0.0,0.0,0.0,0.0,0.0,0.0,0.0,0.0,0.0,0.0,0.0,0.0,0.0,0.0,0.0,0.0,0.0,0.0,0.0,0.0,0.0,0.0,0.0,0.0,0.0,0.0,0.0,0.0,0.0,0.0,0.0,0.0,0.0,0.0,0.0,0.0,0.0,0.0,0.0,0.0,0.0,0.0,0.0,0.0,0.0,0.0,0.0,0.0,0.0,0.0,0.0,0.0,0.0,0.0,0.0,0.0,0.0,0.0,0.0,0.0,0.0,0.0,0.0,0.0,0.0,0.0,0.0,0.0,0.0,0.0,0.0,0.0,0.0,0.0,0.0,0.0,0.0,0.0
0.0,0.0,0.0,0.0,0.0,0.0,0.0,0.0,0.0,0.0,0.0,0.0,0.0,0.0,0.0,0.0,0.0,0.0,0.0,0.0,0.0,0.0,0.0,0.0,0.0,0.0,0.0,0.0,0.0,0.0,0.0,0.0,0.0,0.0,0.0,0.0,0.0,0.0,0.0,0.0,0.0,0.0,0.0,0.0,0.0,0.0,0.0,0.0,0.0,0.0,0.0,0.0,0.0,0.0,0.0,0.0,0.0,0.0,0.0,0.0,0.0,0.0,0.0,0.0,0.0,0.0,0.0,0.0,0.0,0.0,0.0,0.0,0.0,0.0,0.0,0.0,0.0,0.0,0.0,0.0,0.0,0.0,0.0,0.0,0.0
0.0,0.0,0.0,0.0,0.0,0.0,0.0,0.0,0.0,0.0,0.0,0.0,0.0,0.0,0.0,0.0,0.0,0.0,0.0,0.0,0.0,0.0,0.0,0.0,0.0,0.0,0.0,0.0,0.0,0.0,0.0,0.0,0.0,0.0,0.0,0.0,0.0,0.0,0.0,0.0,0.0,0.0,0.0,0.0,0.0,0.0,0.0,0.0,0.0,0.0,0.0,0.0,0.0,0.0,0.0,0.0,0.0,0.0,0.0,0.0,0.0,0.0,0.0,0.0,0.0,0.0,0.0,0.0,0.0,0.0,0.0,0.0,0.0,0.0,0.0,0.0,0.0,0.0,0.0,0.0,0.0,0.0,0.0,0.0,0.0
0.0,0.0,0.0,0.0,0.0,0.0,0.0,0.0,0.0,0.0,0.0,0.0,0.0,0.0,0.0,0.0,0.0,0.0,0.0,0.0,0.0,0.0,0.0,0.0,0.0,0.0,0.0,0.0,0.0,0.0,0.0,0.0,0.0,0.0,0.0,0.0,0.0,0.0,0.0,0.0,0.0,0.0,0.0,0.0,0.0,0.0,0.0,0.0,0.0,0.0,0.0,0.0,0.0,0.0,0.0,0.0,0.0,0.0,0.0,0.0,0.0,0.0,0.0,0.0,0.0,0.0,0.0,0.0,0.0,0.0,0.0,0.0,0.0,0.0,0.0,0.0,0.0,0.0,0.0,0.0,0.0,0.0,0.0,0.0,0.0
0.0,0.0,0.0,0.0,0.0,0.0,0.0,0.0,0.0,0.0,0.0,0.0,0.0,0.0,0.0,0.0,0.0,0.0,0.0,0.0,0.0,0.0,0.0,0.0,0.0,0.0,0.0,0.0,0.0,0.0,0.0,0.0,0.0,0.0,0.0,0.0,0.0,0.0,0.0,0.0,0.0,0.0,0.0,0.0,0.0,0.0,0.0,0.0,0.0,0.0,0.0,0.0,0.0,0.0,0.0,0.0,0.0,0.0,0.0,0.0,0.0,0.0,0.0,0.0,0.0,0.0,0.0,0.0,0.0,0.0,0.0,0.0,0.0,0.0,0.0,0.0,0.0,0.0,0.0,0.0,0.0,0.0,0.0,0.0,0.0
0.0,0.0,0.0,0.0,0.0,0.0,0.0,0.0,0.0,0.0,0.0,0.0,0.0,0.0,0.0,0.0,0.0,0.0,0.0,0.0,0.0,0.0,0.0,0.0,0.0,0.0,0.0,0.0,0.0,0.0,0.0,0.0,0.0,0.0,0.0,0.0,0.0,0.0,0.0,0.0,0.0,0.0,0.0,0.0,0.0,0.0,0.0,0.0,0.0,0.0,0.0,0.0,0.0,0.0,0.0,0.0,0.0,0.0,0.0,0.0,0.0,0.0,0.0,0.0,0.0,0.0,0.0,0.0,0.0,0.0,0.0,0.0,0.0,0.0,0.0,0.0,0.0,0.0,0.0,0.0,0.0,0.0,0.0,0.0,0.0
0.0,0.0,0.0,0.0,0.0,0.0,0.0,0.0,0.0,0.0,0.0,0.0,0.0,0.0,0.0,0.0,0.0,0.0,0.0,0.0,0.0,0.0,0.0,0.0,0.0,0.0,0.0,0.0,0.0,0.0,0.0,0.0,0.0,0.0,0.0,0.0,0.0,0.0,0.0,0.0,0.0,0.0,0.0,0.0,0.0,0.0,0.0,0.0,0.0,0.0,0.0,0.0,0.0,0.0,0.0,0.0,0.0,0.0,0.0,0.0,0.0,0.0,0.0,0.0,0.0,0.0,0.0,0.0,0.0,0.0,0.0,0.0,0.0,0.0,0.0,0.0,0.0,0.0,0.0,0.0,0.0,0.0,0.0,0.0,0.0
0.0,0.0,0.0,0.0,0.0,0.0,0.0,0.0,0.0,0.0,0.0,0.0,0.0,0.0,0.0,0.0,0.0,0.0,0.0,0.0,0.0,0.0,0.0,0.0,0.0,0.0,0.0,0.0,0.0,0.0,0.0,0.0,0.0,0.0,0.0,0.0,0.0,0.0,0.0,0.0,0.0,0.0,0.0,0.0,0.0,0.0,0.0,0.0,0.0,0.0,0.0,0.0,0.0,0.0,0.0,0.0,0.0,0.0,0.0,0.0,0.0,0.0,0.0,0.0,0.0,0.0,0.0,0.0,0.0,0.0,0.0,0.0,0.0,0.0,0.0,0.0,0.0,0.0,0.0,0.0,0.0,0.0,0.0,0.0,0.0
0.0,0.0,0.0,0.0,0.0,0.0,0.0,0.0,0.0,0.0,0.0,0.0,0.0,0.0,0.0,0.0,0.0,0.0,0.0,0.0,0.0,0.0,0.0,0.0,0.0,0.0,0.0,0.0,0.0,0.0,0.0,0.0,0.0,0.0,0.0,0.0,0.0,0.0,0.0,0.0,0.0,0.0,0.0,0.0,0.0,0.0,0.0,0.0,0.0,0.0,0.0,0.0,0.0,0.0,0.0,0.0,0.0,0.0,0.0,0.0,0.0,0.0,0.0,0.0,0.0,0.0,0.0,0.0,0.0,0.0,0.0,0.0,0.0,0.0,0.0,0.0,0.0,0.0,0.0,0.0,0.0,0.0,0.0,0.0,0.0
0.0,0.0,0.0,0.0,0.0,0.0,0.0,0.0,0.0,0.0,0.0,0.0,0.0,0.0,0.0,0.0,0.0,0.0,0.0,0.0,0.0,0.0,0.0,0.0,0.0,0.0,0.0,0.0,0.0,0.0,0.0,0.0,0.0,0.0,0.0,0.0,0.0,0.0,0.0,0.0,0.0,0.0,0.0,0.0,0.0,0.0,0.0,0.0,0.0,0.0,0.0,0.0,0.0,0.0,0.0,0.0,0.0,0.0,0.0,0.0,0.0,0.0,0.0,0.0,0.0,0.0,0.0,0.0,0.0,0.0,0.0,0.0,0.0,0.0,0.0,0.0,0.0,0.0,0.0,0.0,0.0,0.0,0.0,0.0,0.0
0.0,0.0,0.0,0.0,0.0,0.0,0.0,0.0,0.0,0.0,0.0,0.0,0.0,0.0,0.0,0.0,0.0,0.0,0.0,0.0,0.0,0.0,0.0,0.0,0.0,0.0,0.0,0.0,0.0,0.0,0.0,0.0,0.0,0.0,0.0,0.0,0.0,0.0,0.0,0.0,0.0,0.0,0.0,0.0,0.0,0.0,0.0,0.0,0.0,0.0,0.0,0.0,0.0,0.0,0.0,0.0,0.0,0.0,0.0,0.0,0.0,0.0,0.0,0.0,0.0,0.0,0.0,0.0,0.0,0.0,0.0,0.0,0.0,0.0,0.0,0.0,0.0,0.0,0.0,0.0,0.0,0.0,0.0,0.0,0.0
0.0,0.0,0.0,0.0,0.0,0.0,0.0,0.0,0.0,0.0,0.0,0.0,0.0,0.0,0.0,0.0,0.0,0.0,0.0,0.0,0.0,0.0,0.0,0.0,0.0,0.0,0.0,0.0,0.0,0.0,0.0,0.0,0.0,0.0,0.0,0.0,0.0,0.0,0.0,0.0,0.0,0.0,0.0,0.0,0.0,0.0,0.0,0.0,0.0,0.0,0.0,0.0,0.0,0.0,0.0,0.0,0.0,0.0,0.0,0.0,0.0,0.0,0.0,0.0,0.0,0.0,0.0,0.0,0.0,0.0,0.0,0.0,0.0,0.0,0.0,0.0,0.0,0.0,0.0,0.0,0.0,0.0,0.0,0.0,0.0
0.0,0.0,0.0,0.0,0.0,0.0,0.0,0.0,0.0,0.0,0.0,0.0,0.0,0.0,0.0,0.0,0.0,0.0,0.0,0.0,0.0,0.0,0.0,0.0,0.0,0.0,0.0,0.0,0.0,0.0,0.0,0.0,0.0,0.0,0.0,0.0,0.0,0.0,0.0,0.0,0.0,0.0,0.0,0.0,0.0,0.0,0.0,0.0,0.0,0.0,0.0,0.0,0.0,0.0,0.0,0.0,0.0,0.0,0.0,0.0,0.0,0.0,0.0,0.0,0.0,0.0,0.0,0.0,0.0,0.0,0.0,0.0,0.0,0.0,0.0,0.0,0.0,0.0,0.0,0.0,0.0,0.0,0.0,0.0,0.0
0.0,0.0,0.0,0.0,0.0,0.0,0.0,0.0,0.0,0.0,0.0,0.0,0.0,0.0,0.0,0.0,0.0,0.0,0.0,0.0,0.0,0.0,0.0,0.0,0.0,0.0,0.0,0.0,0.0,0.0,0.0,0.0,0.0,0.0,0.0,0.0,0.0,0.0,0.0,0.0,0.0,0.0,0.0,0.0,0.0,0.0,0.0,0.0,0.0,0.0,0.0,0.0,0.0,0.0,0.0,0.0,0.0,0.0,0.0,0.0,0.0,0.0,0.0,0.0,0.0,0.0,0.0,0.0,0.0,0.0,0.0,0.0,0.0,0.0,0.0,0.0,0.0,0.0,0.0,0.0,0.0,0.0,0.0,0.0,0.0
0.0,0.0,0.0,0.0,0.0,0.0,0.0,0.0,0.0,0.0,0.0,0.0,0.0,0.0,0.0,0.0,0.0,0.0,0.0,0.0,0.0,0.0,0.0,0.0,0.0,0.0,0.0,0.0,0.0,0.0,0.0,0.0,0.0,0.0,0.0,0.0,0.0,0.0,0.0,0.0,0.0,0.0,0.0,0.0,0.0,0.0,0.0,0.0,0.0,0.0,0.0,0.0,0.0,0.0,0.0,0.0,0.0,0.0,0.0,0.0,0.0,0.0,0.0,0.0,0.0,0.0,0.0,0.0,0.0,0.0,0.0,0.0,0.0,0.0,0.0,0.0,0.0,0.0,0.0,0.0,0.0,0.0,0.0,0.0,0.0
0.0,0.0,0.0,0.0,0.0,0.0,0.0,0.0,0.0,0.0,0.0,0.0,0.0,0.0,0.0,0.0,0.0,0.0,0.0,0.0,0.0,0.0,0.0,0.0,0.0,0.0,0.0,0.0,0.0,0.0,0.0,0.0,0.0,0.0,0.0,0.0,0.0,0.0,0.0,0.0,0.0,0.0,0.0,0.0,0.0,0.0,0.0,0.0,0.0,0.0,0.0,0.0,0.0,0.0,0.0,0.0,0.0,0.0,0.0,0.0,0.0,0.0,0.0,0.0,0.0,0.0,0.0,0.0,0.0,0.0,0.0,0.0,0.0,0.0,0.0,0.0,0.0,0.0,0.0,0.0,0.0,0.0,0.0,0.0,0.0
0.0,0.0,0.0,0.0,0.0,0.0,0.0,0.0,0.0,0.0,0.0,0.0,0.0,0.0,0.0,0.0,0.0,0.0,0.0,0.0,0.0,0.0,0.0,0.0,0.0,0.0,0.0,0.0,0.0,0.0,0.0,0.0,0.0,0.0,0.0,0.0,0.0,0.0,0.0,0.0,0.0,0.0,0.0,0.0,0.0,0.0,0.0,0.0,0.0,0.0,0.0,0.0,0.0,0.0,0.0,0.0,0.0,0.0,0.0,0.0,0.0,0.0,0.0,0.0,0.0,0.0,0.0,0.0,0.0,0.0,0.0,0.0,0.0,0.0,0.0,0.0,0.0,0.0,0.0,0.0,0.0,0.0,0.0,0.0,0.0
0.0,0.0,0.0,0.0,0.0,0.0,0.0,0.0,0.0,0.0,0.0,0.0,0.0,0.0,0.0,0.0,0.0,0.0,0.0,0.0,0.0,0.0,0.0,0.0,0.0,0.0,0.0,0.0,0.0,0.0,0.0,0.0,0.0,0.0,0.0,0.0,0.0,0.0,0.0,0.0,0.0,0.0,0.0,0.0,0.0,0.0,0.0,0.0,0.0,0.0,0.0,0.0,0.0,0.0,0.0,0.0,0.0,0.0,0.0,0.0,0.0,0.0,0.0,0.0,0.0,0.0,0.0,0.0,0.0,0.0,0.0,0.0,0.0,0.0,0.0,0.0,0.0,0.0,0.0,0.0,0.0,0.0,0.0,0.0,0.0
0.0,0.0,0.0,0.0,0.0,0.0,0.0,0.0,0.0,0.0,0.0,0.0,0.0,0.0,0.0,0.0,0.0,0.0,0.0,0.0,0.0,0.0,0.0,0.0,0.0,0.0,0.0,0.0,0.0,0.0,0.0,0.0,0.0,0.0,0.0,0.0,0.0,0.0,0.0,0.0,0.0,0.0,0.0,0.0,0.0,0.0,0.0,0.0,0.0,0.0,0.0,0.0,0.0,0.0,0.0,0.0,0.0,0.0,0.0,0.0,0.0,0.0,0.0,0.0,0.0,0.0,0.0,0.0,0.0,0.0,0.0,0.0,0.0,0.0,0.0,0.0,0.0,0.0,0.0,0.0,0.0,0.0,0.0,0.0,0.0
0.0,0.0,0.0,0.0,0.0,0.0,0.0,0.0,0.0,0.0,0.0,0.0,0.0,0.0,0.0,0.0,0.0,0.0,0.0,0.0,0.0,0.0,0.0,0.0,0.0,0.0,0.0,0.0,0.0,0.0,0.0,0.0,0.0,0.0,0.0,0.0,0.0,0.0,0.0,0.0,0.0,0.0,0.0,0.0,0.0,0.0,0.0,0.0,0.0,0.0,0.0,0.0,0.0,0.0,0.0,0.0,0.0,0.0,0.0,0.0,0.0,0.0,0.0,0.0,0.0,0.0,0.0,0.0,0.0,0.0,0.0,0.0,0.0,0.0,0.0,0.0,0.0,0.0,0.0,0.0,0.0,0.0,0.0,0.0,0.0
0.0,0.0,0.0,0.0,0.0,0.0,0.0,0.0,0.0,0.0,0.0,0.0,0.0,0.0,0.0,0.0,0.0,0.0,0.0,0.0,0.0,0.0,0.0,0.0,0.0,0.0,0.0,0.0,0.0,0.0,0.0,0.0,0.0,0.0,0.0,0.0,0.0,0.0,0.0,0.0,0.0,0.0,0.0,0.0,0.0,0.0,0.0,0.0,0.0,0.0,0.0,0.0,0.0,0.0,0.0,0.0,0.0,0.0,0.0,0.0,0.0,0.0,0.0,0.0,0.0,0.0,0.0,0.0,0.0,0.0,0.0,0.0,0.0,0.0,0.0,0.0,0.0,0.0,0.0,0.0,0.0,0.0,0.0,0.0,0.0
0.0,0.0,0.0,0.0,0.0,0.0,0.0,0.0,0.0,0.0,0.0,0.0,0.0,0.0,0.0,0.0,0.0,0.0,0.0,0.0,0.0,0.0,0.0,0.0,0.0,0.0,0.0,0.0,0.0,0.0,0.0,0.0,0.0,0.0,0.0,0.0,0.0,0.0,0.0,0.0,0.0,0.0,0.0,0.0,0.0,0.0,0.0,0.0,0.0,0.0,0.0,0.0,0.0,0.0,0.0,0.0,0.0,0.0,0.0,0.0,0.0,0.0,0.0,0.0,0.0,0.0,0.0,0.0,0.0,0.0,0.0,0.0,0.0,0.0,0.0,0.0,0.0,0.0,0.0,0.0,0.0,0.0,0.0,0.0,0.0
0.0,0.0,0.0,0.0,0.0,0.0,0.0,0.0,0.0,0.0,0.0,0.0,0.0,0.0,0.0,0.0,0.0,0.0,0.0,0.0,0.0,0.0,0.0,0.0,0.0,0.0,0.0,0.0,0.0,0.0,0.0,0.0,0.0,0.0,0.0,0.0,0.0,0.0,0.0,0.0,0.0,0.0,0.0,0.0,0.0,0.0,0.0,0.0,0.0,0.0,0.0,0.0,0.0,0.0,0.0,0.0,0.0,0.0,0.0,0.0,0.0,0.0,0.0,0.0,0.0,0.0,0.0,0.0,0.0,0.0,0.0,0.0,0.0,0.0,0.0,0.0,0.0,0.0,0.0,0.0,0.0,0.0,0.0,0.0,0.0
0.0,0.0,0.0,0.0,0.0,0.0,0.0,0.0,0.0,0.0,0.0,0.0,0.0,0.0,0.0,0.0,0.0,0.0,0.0,0.0,0.0,0.0,0.0,0.0,0.0,0.0,0.0,0.0,0.0,0.0,0.0,0.0,0.0,0.0,0.0,0.0,0.0,0.0,0.0,0.0,0.0,0.0,0.0,0.0,0.0,0.0,0.0,0.0,0.0,0.0,0.0,0.0,0.0,0.0,0.0,0.0,0.0,0.0,0.0,0.0,0.0,0.0,0.0,0.0,0.0,0.0,0.0,0.0,0.0,0.0,0.0,0.0,0.0,0.0,0.0,0.0,0.0,0.0,0.0,0.0,0.0,0.0,0.0,0.0,0.0
0.0,0.0,0.0,0.0,0.0,0.0,0.0,0.0,0.0,0.0,0.0,0.0,0.0,0.0,0.0,0.0,0.0,0.0,0.0,0.0,0.0,0.0,0.0,0.0,0.0,0.0,0.0,0.0,0.0,0.0,0.0,0.0,0.0,0.0,0.0,0.0,0.0,0.0,0.0,0.0,0.0,0.0,0.0,0.0,0.0,0.0,0.0,0.0,0.0,0.0,0.0,0.0,0.0,0.0,0.0,0.0,0.0,0.0,0.0,0.0,0.0,0.0,0.0,0.0,0.0,0.0,0.0,0.0,0.0,0.0,0.0,0.0,0.0,0.0,0.0,0.0,0.0,0.0,0.0,0.0,0.0,0.0,0.0,0.0,0.0
0.0,0.0,0.0,0.0,0.0,0.0,0.0,0.0,0.0,0.0,0.0,0.0,0.0,0.0,0.0,0.0,0.0,0.0,0.0,0.0,0.0,0.0,0.0,0.0,0.0,0.0,0.0,0.0,0.0,0.0,0.0,0.0,0.0,0.0,0.0,0.0,0.0,0.0,0.0,0.0,0.0,0.0,0.0,0.0,0.0,0.0,0.0,0.0,0.0,0.0,0.0,0.0,0.0,0.0,0.0,0.0,0.0,0.0,0.0,0.0,0.0,0.0,0.0,0.0,0.0,0.0,0.0,0.0,0.0,0.0,0.0,0.0,0.0,0.0,0.0,0.0,0.0,0.0,0.0,0.0,0.0,0.0,0.0,0.0,0.0
0.0,0.0,0.0,0.0,0.0,0.0,0.0,0.0,0.0,0.0,0.0,0.0,0.0,0.0,0.0,0.0,0.0,0.0,0.0,0.0,0.0,0.0,0.0,0.0,0.0,0.0,0.0,0.0,0.0,0.0,0.0,0.0,0.0,0.0,0.0,0.0,0.0,0.0,0.0,0.0,0.0,0.0,0.0,0.0,0.0,0.0,0.0,0.0,0.0,0.0,0.0,0.0,0.0,0.0,0.0,0.0,0.0,0.0,0.0,0.0,0.0,0.0,0.0,0.0,0.0,0.0,0.0,0.0,0.0,0.0,0.0,0.0,0.0,0.0,0.0,0.0,0.0,0.0,0.0,0.0,0.0,0.0,0.0,0.0,0.0
0.0,0.0,0.0,0.0,0.0,0.0,0.0,0.0,0.0,0.0,0.0,0.0,0.0,0.0,0.0,0.0,0.0,0.0,0.0,0.0,0.0,0.0,0.0,0.0,0.0,0.0,0.0,0.0,0.0,0.0,0.0,0.0,0.0,0.0,0.0,0.0,0.0,0.0,0.0,0.0,0.0,0.0,0.0,0.0,0.0,0.0,0.0,0.0,0.0,0.0,0.0,0.0,0.0,0.0,0.0,0.0,0.0,0.0,0.0,0.0,0.0,0.0,0.0,0.0,0.0,0.0,0.0,0.0,0.0,0.0,0.0,0.0,0.0,0.0,0.0,0.0,0.0,0.0,0.0,0.0,0.0,0.0,0.0,0.0,0.0
0.0,0.0,0.0,0.0,0.0,0.0,0.0,0.0,0.0,0.0,0.0,0.0,0.0,0.0,0.0,0.0,0.0,0.0,0.0,0.0,0.0,0.0,0.0,0.0,0.0,0.0,0.0,0.0,0.0,0.0,0.0,0.0,0.0,0.0,0.0,0.0,0.0,0.0,0.0,0.0,0.0,0.0,0.0,0.0,0.0,0.0,0.0,0.0,0.0,0.0,0.0,0.0,0.0,0.0,0.0,0.0,0.0,0.0,0.0,0.0,0.0,0.0,0.0,0.0,0.0,0.0,0.0,0.0,0.0,0.0,0.0,0.0,0.0,0.0,0.0,0.0,0.0,0.0,0.0,0.0,0.0,0.0,0.0,0.0,0.0
0.0,0.0,0.0,0.0,0.0,0.0,0.0,0.0,0.0,0.0,0.0,0.0,0.0,0.0,0.0,0.0,0.0,0.0,0.0,0.0,0.0,0.0,0.0,0.0,0.0,0.0,0.0,0.0,0.0,0.0,0.0,0.0,0.0,0.0,0.0,0.0,0.0,0.0,0.0,0.0,0.0,0.0,0.0,0.0,0.0,0.0,0.0,0.0,0.0,0.0,0.0,0.0,0.0,0.0,0.0,0.0,0.0,0.0,0.0,0.0,0.0,0.0,0.0,0.0,0.0,0.0,0.0,0.0,0.0,0.0,0.0,0.0,0.0,0.0,0.0,0.0,0.0,0.0,0.0,0.0,0.0,0.0,0.0,0.0,0.0
0.0,0.0,0.0,0.0,0.0,0.0,0.0,0.0,0.0,0.0,0.0,0.0,0.0,0.0,0.0,0.0,0.0,0.0,0.0,0.0,0.0,0.0,0.0,0.0,0.0,0.0,0.0,0.0,0.0,0.0,0.0,0.0,0.0,0.0,0.0,0.0,0.0,0.0,0.0,0.0,0.0,0.0,0.0,0.0,0.0,0.0,0.0,0.0,0.0,0.0,0.0,0.0,0.0,0.0,0.0,0.0,0.0,0.0,0.0,0.0,0.0,0.0,0.0,0.0,0.0,0.0,0.0,0.0,0.0,0.0,0.0,0.0,0.0,0.0,0.0,0.0,0.0,0.0,0.0,0.0,0.0,0.0,0.0,0.0,0.0
0.0,0.0,0.0,0.0,0.0,0.0,0.0,0.0,0.0,0.0,0.0,0.0,0.0,0.0,0.0,0.0,0.0,0.0,0.0,0.0,0.0,0.0,0.0,0.0,0.0,0.0,0.0,0.0,0.0,0.0,0.0,0.0,0.0,0.0,0.0,0.0,0.0,0.0,0.0,0.0,0.0,0.0,0.0,0.0,0.0,0.0,0.0,0.0,0.0,0.0,0.0,0.0,0.0,0.0,0.0,0.0,0.0,0.0,0.0,0.0,0.0,0.0,0.0,0.0,0.0,0.0,0.0,0.0,0.0,0.0,0.0,0.0,0.0,0.0,0.0,0.0,0.0,0.0,0.0,0.0,0.0,0.0,0.0,0.0,0.0
0.0,0.0,0.0,0.0,0.0,0.0,0.0,0.0,0.0,0.0,0.0,0.0,0.0,0.0,0.0,0.0,0.0,0.0,0.0,0.0,0.0,0.0,0.0,0.0,0.0,0.0,0.0,0.0,0.0,0.0,0.0,0.0,0.0,0.0,0.0,0.0,0.0,0.0,0.0,0.0,0.0,0.0,0.0,0.0,0.0,0.0,0.0,0.0,0.0,0.0,0.0,0.0,0.0,0.0,0.0,0.0,0.0,0.0,0.0,0.0,0.0,0.0,0.0,0.0,0.0,0.0,0.0,0.0,0.0,0.0,0.0,0.0,0.0,0.0,0.0,0.0,0.0,0.0,0.0,0.0,0.0,0.0,0.0,0.0,0.0
0.0,0.0,0.0,0.0,0.0,0.0,0.0,0.0,0.0,0.0,0.0,0.0,0.0,0.0,0.0,0.0,0.0,0.0,0.0,0.0,0.0,0.0,0.0,0.0,0.0,0.0,0.0,0.0,0.0,0.0,0.0,0.0,0.0,0.0,0.0,0.0,0.0,0.0,0.0,0.0,0.0,0.0,0.0,0.0,0.0,0.0,0.0,0.0,0.0,0.0,0.0,0.0,0.0,0.0,0.0,0.0,0.0,0.0,0.0,0.0,0.0,0.0,0.0,0.0,0.0,0.0,0.0,0.0,0.0,0.0,0.0,0.0,0.0,0.0,0.0,0.0,0.0,0.0,0.0,0.0,0.0,0.0,0.0,0.0,0.0
0.0,0.0,0.0,0.0,0.0,0.0,0.0,0.0,0.0,0.0,0.0,0.0,0.0,0.0,0.0,0.0,0.0,0.0,0.0,0.0,0.0,0.0,0.0,0.0,0.0,0.0,0.0,0.0,0.0,0.0,0.0,0.0,0.0,0.0,0.0,0.0,0.0,0.0,0.0,0.0,0.0,0.0,0.0,0.0,0.0,0.0,0.0,0.0,0.0,0.0,0.0,0.0,0.0,0.0,0.0,0.0,0.0,0.0,0.0,0.0,0.0,0.0,0.0,0.0,0.0,0.0,0.0,0.0,0.0,0.0,0.0,0.0,0.0,0.0,0.0,0.0,0.0,0.0,0.0,0.0,0.0,0.0,0.0,0.0,0.0
0.0,0.0,0.0,0.0,0.0,0.0,0.0,0.0,0.0,0.0,0.0,0.0,0.0,0.0,0.0,0.0,0.0,0.0,0.0,0.0,0.0,0.0,0.0,0.0,0.0,0.0,0.0,0.0,0.0,0.0,0.0,0.0,0.0,0.0,0.0,0.0,0.0,0.0,0.0,0.0,0.0,0.0,0.0,0.0,0.0,0.0,0.0,0.0,0.0,0.0,0.0,0.0,0.0,0.0,0.0,0.0,0.0,0.0,0.0,0.0,0.0,0.0,0.0,0.0,0.0,0.0,0.0,0.0,0.0,0.0,0.0,0.0,0.0,0.0,0.0,0.0,0.0,0.0,0.0,0.0,0.0,0.0,0.0,0.0,0.0
0.0,0.0,0.0,0.0,0.0,0.0,0.0,0.0,0.0,0.0,0.0,0.0,0.0,0.0,0.0,0.0,0.0,0.0,0.0,0.0,0.0,0.0,0.0,0.0,0.0,0.0,0.0,0.0,0.0,0.0,0.0,0.0,0.0,0.0,0.0,0.0,0.0,0.0,0.0,0.0,0.0,0.0,0.0,0.0,0.0,0.0,0.0,0.0,0.0,0.0,0.0,0.0,0.0,0.0,0.0,0.0,0.0,0.0,0.0,0.0,0.0,0.0,0.0,0.0,0.0,0.0,0.0,0.0,0.0,0.0,0.0,0.0,0.0,0.0,0.0,0.0,0.0,0.0,0.0,0.0,0.0,0.0,0.0,0.0,0.0
0.0,0.0,0.0,0.0,0.0,0.0,0.0,0.0,0.0,0.0,0.0,0.0,0.0,0.0,0.0,0.0,0.0,0.0,0.0,0.0,0.0,0.0,0.0,0.0,0.0,0.0,0.0,0.0,0.0,0.0,0.0,0.0,0.0,0.0,0.0,0.0,0.0,0.0,0.0,0.0,0.0,0.0,0.0,0.0,0.0,0.0,0.0,0.0,0.0,0.0,0.0,0.0,0.0,0.0,0.0,0.0,0.0,0.0,0.0,0.0,0.0,0.0,0.0,0.0,0.0,0.0,0.0,0.0,0.0,0.0,0.0,0.0,0.0,0.0,0.0,0.0,0.0,0.0,0.0,0.0,0.0,0.0,0.0,0.0,0.0
0.0,0.0,0.0,0.0,0.0,0.0,0.0,0.0,0.0,0.0,0.0,0.0,0.0,0.0,0.0,0.0,0.0,0.0,0.0,0.0,0.0,0.0,0.0,0.0,0.0,0.0,0.0,0.0,0.0,0.0,0.0,0.0,0.0,0.0,0.0,0.0,0.0,0.0,0.0,0.0,0.0,0.0,0.0,0.0,0.0,0.0,0.0,0.0,0.0,0.0,0.0,0.0,0.0,0.0,0.0,0.0,0.0,0.0,0.0,0.0,0.0,0.0,0.0,0.0,0.0,0.0,0.0,0.0,0.0,0.0,0.0,0.0,0.0,0.0,0.0,0.0,0.0,0.0,0.0,0.0,0.0,0.0,0.0,0.0,0.0
0.0,0.0,0.0,0.0,0.0,0.0,0.0,0.0,0.0,0.0,0.0,0.0,0.0,0.0,0.0,0.0,0.0,0.0,0.0,0.0,0.0,0.0,0.0,0.0,0.0,0.0,0.0,0.0,0.0,0.0,0.0,0.0,0.0,0.0,0.0,0.0,0.0,0.0,0.0,0.0,0.0,0.0,0.0,0.0,0.0,0.0,0.0,0.0,0.0,0.0,0.0,0.0,0.0,0.0,0.0,0.0,0.0,0.0,0.0,0.0,0.0,0.0,0.0,0.0,0.0,0.0,0.0,0.0,0.0,0.0,0.0,0.0,0.0,0.0,0.0,0.0,0.0,0.0,0.0,0.0,0.0,0.0,0.0,0.0,0.0
0.0,0.0,0.0,0.0,0.0,0.0,0.0,0.0,0.0,0.0,0.0,0.0,0.0,0.0,0.0,0.0,0.0,0.0,0.0,0.0,0.0,0.0,0.0,0.0,0.0,0.0,0.0,0.0,0.0,0.0,0.0,0.0,0.0,0.0,0.0,0.0,0.0,0.0,0.0,0.0,0.0,0.0,0.0,0.0,0.0,0.0,0.0,0.0,0.0,0.0,0.0,0.0,0.0,0.0,0.0,0.0,0.0,0.0,0.0,0.0,0.0,0.0,0.0,0.0,0.0,0.0,0.0,0.0,0.0,0.0,0.0,0.0,0.0,0.0,0.0,0.0,0.0,0.0,0.0,0.0,0.0,0.0,0.0,0.0,0.0
0.0,0.0,0.0,0.0,0.0,0.0,0.0,0.0,0.0,0.0,0.0,0.0,0.0,0.0,0.0,0.0,0.0,0.0,0.0,0.0,0.0,0.0,0.0,0.0,0.0,0.0,0.0,0.0,0.0,0.0,0.0,0.0,0.0,0.0,0.0,0.0,0.0,0.0,0.0,0.0,0.0,0.0,0.0,0.0,0.0,0.0,0.0,0.0,0.0,0.0,0.0,0.0,0.0,0.0,0.0,0.0,0.0,0.0,0.0,0.0,0.0,0.0,0.0,0.0,0.0,0.0,0.0,0.0,0.0,0.0,0.0,0.0,0.0,0.0,0.0,0.0,0.0,0.0,0.0,0.0,0.0,0.0,0.0,0.0,0.0
0.0,0.0,0.0,0.0,0.0,0.0,0.0,0.0,0.0,0.0,0.0,0.0,0.0,0.0,0.0,0.0,0.0,0.0,0.0,0.0,0.0,0.0,0.0,0.0,0.0,0.0,0.0,0.0,0.0,0.0,0.0,0.0,0.0,0.0,0.0,0.0,0.0,0.0,0.0,0.0,0.0,0.0,0.0,0.0,0.0,0.0,0.0,0.0,0.0,0.0,0.0,0.0,0.0,0.0,0.0,0.0,0.0,0.0,0.0,0.0,0.0,0.0,0.0,0.0,0.0,0.0,0.0,0.0,0.0,0.0,0.0,0.0,0.0,0.0,0.0,0.0,0.0,0.0,0.0,0.0,0.0,0.0,0.0,0.0,0.0
0.0,0.0,0.0,0.0,0.0,0.0,0.0,0.0,0.0,0.0,0.0,0.0,0.0,0.0,0.0,0.0,0.0,0.0,0.0,0.0,0.0,0.0,0.0,0.0,0.0,0.0,0.0,0.0,0.0,0.0,0.0,0.0,0.0,0.0,0.0,0.0,0.0,0.0,0.0,0.0,0.0,0.0,0.0,0.0,0.0,0.0,0.0,0.0,0.0,0.0,0.0,0.0,0.0,0.0,0.0,0.0,0.0,0.0,0.0,0.0,0.0,0.0,0.0,0.0,0.0,0.0,0.0,0.0,0.0,0.0,0.0,0.0,0.0,0.0,0.0,0.0,0.0,0.0,0.0,0.0,0.0,0.0,0.0,0.0,0.0
0.0,0.0,0.0,0.0,0.0,0.0,0.0,0.0,0.0,0.0,0.0,0.0,0.0,0.0,0.0,0.0,0.0,0.0,0.0,0.0,0.0,0.0,0.0,0.0,0.0,0.0,0.0,0.0,0.0,0.0,0.0,0.0,0.0,0.0,0.0,0.0,0.0,0.0,0.0,0.0,0.0,0.0,0.0,0.0,0.0,0.0,0.0,0.0,0.0,0.0,0.0,0.0,0.0,0.0,0.0,0.0,0.0,0.0,0.0,0.0,0.0,0.0,0.0,0.0,0.0,0.0,0.0,0.0,0.0,0.0,0.0,0.0,0.0,0.0,0.0,0.0,0.0,0.0,0.0,0.0,0.0,0.0,0.0,0.0,0.0
0.0,0.0,0.0,0.0,0.0,0.0,0.0,0.0,0.0,0.0,0.0,0.0,0.0,0.0,0.0,0.0,0.0,0.0,0.0,0.0,0.0,0.0,0.0,0.0,0.0,0.0,0.0,0.0,0.0,0.0,0.0,0.0,0.0,0.0,0.0,0.0,0.0,0.0,0.0,0.0,0.0,0.0,0.0,0.0,0.0,0.0,0.0,0.0,0.0,0.0,0.0,0.0,0.0,0.0,0.0,0.0,0.0,0.0,0.0,0.0,0.0,0.0,0.0,0.0,0.0,0.0,0.0,0.0,0.0,0.0,0.0,0.0,0.0,0.0,0.0,0.0,0.0,0.0,0.0,0.0,0.0,0.0,0.0,0.0,0.0
0.0,0.0,0.0,0.0,0.0,0.0,0.0,0.0,0.0,0.0,0.0,0.0,0.0,0.0,0.0,0.0,0.0,0.0,0.0,0.0,0.0,0.0,0.0,0.0,0.0,0.0,0.0,0.0,0.0,0.0,0.0,0.0,0.0,0.0,0.0,0.0,0.0,0.0,0.0,0.0,0.0,0.0,0.0,0.0,0.0,0.0,0.0,0.0,0.0,0.0,0.0,0.0,0.0,0.0,0.0,0.0,0.0,0.0,0.0,0.0,0.0,0.0,0.0,0.0,0.0,0.0,0.0,0.0,0.0,0.0,0.0,0.0,0.0,0.0,0.0,0.0,0.0,0.0,0.0,0.0,0.0,0.0,0.0,0.0,0.0
0.0,0.0,0.0,0.0,0.0,0.0,0.0,0.0,0.0,0.0,0.0,0.0,0.0,0.0,0.0,0.0,0.0,0.0,0.0,0.0,0.0,0.0,0.0,0.0,0.0,0.0,0.0,0.0,0.0,0.0,0.0,0.0,0.0,0.0,0.0,0.0,0.0,0.0,0.0,0.0,0.0,0.0,0.0,0.0,0.0,0.0,0.0,0.0,0.0,0.0,0.0,0.0,0.0,0.0,0.0,0.0,0.0,0.0,0.0,0.0,0.0,0.0,0.0,0.0,0.0,0.0,0.0,0.0,0.0,0.0,0.0,0.0,0.0,0.0,0.0,0.0,0.0,0.0,0.0,0.0,0.0,0.0,0.0,0.0,0.0
0.0,0.0,0.0,0.0,0.0,0.0,0.0,0.0,0.0,0.0,0.0,0.0,0.0,0.0,0.0,0.0,0.0,0.0,0.0,0.0,0.0,0.0,0.0,0.0,0.0,0.0,0.0,0.0,0.0,0.0,0.0,0.0,0.0,0.0,0.0,0.0,0.0,0.0,0.0,0.0,0.0,0.0,0.0,0.0,0.0,0.0,0.0,0.0,0.0,0.0,0.0,0.0,0.0,0.0,0.0,0.0,0.0,0.0,0.0,0.0,0.0,0.0,0.0,0.0,0.0,0.0,0.0,0.0,0.0,0.0,0.0,0.0,0.0,0.0,0.0,0.0,0.0,0.0,0.0,0.0,0.0,0.0,0.0,0.0,0.0
0.0,0.0,0.0,0.0,0.0,0.0,0.0,0.0,0.0,0.0,0.0,0.0,0.0,0.0,0.0,0.0,0.0,0.0,0.0,0.0,0.0,0.0,0.0,0.0,0.0,0.0,0.0,0.0,0.0,0.0,0.0,0.0,0.0,0.0,0.0,0.0,0.0,0.0,0.0,0.0,0.0,0.0,0.0,0.0,0.0,0.0,0.0,0.0,0.0,0.0,0.0,0.0,0.0,0.0,0.0,0.0,0.0,0.0,0.0,0.0,0.0,0.0,0.0,0.0,0.0,0.0,0.0,0.0,0.0,0.0,0.0,0.0,0.0,0.0,0.0,0.0,0.0,0.0,0.0,0.0,0.0,0.0,0.0,0.0,0.0
0.0,0.0,0.0,0.0,0.0,0.0,0.0,0.0,0.0,0.0,0.0,0.0,0.0,0.0,0.0,0.0,0.0,0.0,0.0,0.0,0.0,0.0,0.0,0.0,0.0,0.0,0.0,0.0,0.0,0.0,0.0,0.0,0.0,0.0,0.0,0.0,0.0,0.0,0.0,0.0,0.0,0.0,0.0,0.0,0.0,0.0,0.0,0.0,0.0,0.0,0.0,0.0,0.0,0.0,0.0,0.0,0.0,0.0,0.0,0.0,0.0,0.0,0.0,0.0,0.0,0.0,0.0,0.0,0.0,0.0,0.0,0.0,0.0,0.0,0.0,0.0,0.0,0.0,0.0,0.0,0.0,0.0,0.0,0.0,0.0
0.0,0.0,0.0,0.0,0.0,0.0,0.0,0.0,0.0,0.0,0.0,0.0,0.0,0.0,0.0,0.0,0.0,0.0,0.0,0.0,0.0,0.0,0.0,0.0,0.0,0.0,0.0,0.0,0.0,0.0,0.0,0.0,0.0,0.0,0.0,0.0,0.0,0.0,0.0,0.0,0.0,0.0,0.0,0.0,0.0,0.0,0.0,0.0,0.0,0.0,0.0,0.0,0.0,0.0,0.0,0.0,0.0,0.0,0.0,0.0,0.0,0.0,0.0,0.0,0.0,0.0,0.0,0.0,0.0,0.0,0.0,0.0,0.0,0.0,0.0,0.0,0.0,0.0,0.0,0.0,0.0,0.0,0.0,0.0,0.0
20230823.0,2.023082313025505e+16,2.412,2.411,2.41,2.409,2.408,487100.0,4097200.0,5425100.0,2210200.0,266100.0,2.194,2.435,2.413,2.406,-4790000.0,-1895000.0,4856900.0,1643100.0,-99800.0,2.413,2.414,2.415,2.416,2.417,2840100.0,3491400.0,1578000.0,1013500.0,362500.0,2.428,2.438,-0.0250000000000003,0.0,661526587.498,273925055.0,2.682,1720100.0,445000.0,-1707100.0,0.0,149800.0,0.0,0.0,11362491.0,-0.0010000000000003,-3069900.0,-1450000.0,3149800.0,1643100.0,50000.0,0.0020000000000002,0.0009999999999998,2.413,0.0,0.0,5.822568999999999,7.503493575675302e+16,0.0,0.0,2.413,0.0,0.0,-0.000254566934393,2.413,2.4125,1303.0,2.413,0.0004145077720206,0.0012435233160622,0.0,159633.0,9285500.0,12485700.0,-3200200.0,21771200.0,0.1382605700369186,0.1682870184203011,4710600.0,3200200.0,2.412111196025984,2.412146399374849,2.414199493834473,2.410186533394203
20230823.0,2.0230823130355044e+16,2.411,2.41,2.409,2.408,2.407,1470100.0,5790900.0,2701500.0,1496200.0,782900.0,2.194,2.435,2.412,2.406,-3520100.0,-9825900.0,-3945900.0,-2949800.0,-1087800.0,2.412,2.413,2.414,2.415,2.416,2050000.0,4035000.0,1244400.0,1453600.0,304900.0,2.428,2.438,-0.0260000000000002,-0.0009999999999998,661845453.898,274057255.0,2.682,2050000.0,4035000.0,1244400.0,1453600.0,304900.0,5.555555555503133e-05,43550.0,318866.39999997616,-0.0009999999999998,-1470100.0,-5790900.0,-2701500.0,-1496200.0,-782900.0,0.0019999999999997,0.0009999999999998,2.412,0.0,1.0,5.818012055555556,1.3511096753673495e+18,1.0,17.0,2.413,0.0,101675.0,-0.0002509113519271,2.412,2.4115,1304.0,2.413,0.0004146796599626,0.0012440389798878,-11356971.600330424,159633.0,9087900.0,12241600.0,-3153700.0,21329500.0,0.1332926582345061,0.1628857892524861,132200.0,3153700.0,2.41199999999982,2.4114176301809604,2.413331902859847,2.4094631012285976
20230823.0,2.023082313045499e+16,2.412,2.411,2.41,2.409,2.408,5000.0,2370000.0,4892900.0,4374600.0,523200.0,2.194,2.435,2.412,2.406,3540000.0,5721500.0,6929400.0,4779500.0,1135800.0,2.413,2.414,2.415,2.416,2.417,3535000.0,3351500.0,2036500.0,404900.0,612600.0,2.428,2.438,-0.0260000000000002,0.0,662581687.398,274362555.0,2.682,-3535000.0,-3351500.0,-2036500.0,-404900.0,-612600.0,4.440892098500626e-16,27825.0,736233.5,-0.0010000000000003,5000.0,2370000.0,4892900.0,4374600.0,523200.0,0.0020000000000002,0.0009999999999998,2.412,0.0,0.0,5.817743999999999,1.2027907365557243e+18,16.0,0.0,2.412,0.0,37525.0,0.000290397364573,2.412,2.4125,1305.0,2.412,0.0004145077720206,0.0012435233160622,0.0,159633.0,9940500.0,12165700.0,-2225200.0,22106200.0,0.1251380215202614,0.1502493798631985,305300.0,2225200.0,2.4115083524402228,2.4120014124293787,2.414115597806952,2.4097500349342824
20230823.0,2.023082313055508e+16,2.411,2.41,2.409,2.408,2.407,529900.0,1654800.0,3007300.0,2587800.0,1212800.0,2.194,2.435,2.411,2.406,-3267600.0,-1141000.0,-72900.0,2066000.0,1427100.0,2.412,2.413,2.414,2.415,2.416,1740000.0,3028000.0,1509800.0,545100.0,205000.0,2.428,2.438,-0.0270000000000001,-0.0009999999999998,665008370.598,275368755.0,2.682,1327500.0,-1507000.0,-1181600.0,-804400.0,-347100.0,0.0004736842105259,238300.0,1419432.0,-0.0009999999999998,-1940100.0,-2648000.0,-1254500.0,1261600.0,1080000.0,0.0019999999999997,0.0009999999999998,2.411,1.0,2.0,5.815459421052632,1.4370689814072732e+18,10.0,9.0,2.412,0.0009999999999998,538500.0,-0.000258526632668,2.411,2.4115,1306.0,2.412,0.0004146796599626,0.0012440389798878,-11407631.703829238,159633.0,7027900.0,8992600.0,-1964700.0,16020500.0,0.1098232704625748,0.1204415739644314,588600.0,1964700.0,2.411539245667686,2.411233446407331,2.4132098777728768,2.408744367591131
20230823.0,2.023082313065505e+16,2.41,2.409,2.408,2.407,2.406,116100.0,4657300.0,2987600.0,2063000.0,727000.0,2.194,2.435,2.411,2.406,-2566100.0,-8797400.0,-4365600.0,-3173000.0,-1371900.0,2.411,2.412,2.413,2.414,2.415,2450000.0,4140100.0,1378000.0,1110000.0,644900.0,2.428,2.438,-0.0270000000000001,0.0,665259139.398,275472755.0,2.682,2450000.0,4140100.0,1378000.0,1110000.0,644900.0,0.0003684210526317,42521.05263155699,250768.79999995232,-0.0009999999999998,-116100.0,-4657300.0,-2987600.0,-2063000.0,-727000.0,0.0020000000000002,0.0010000000000003,2.411,2.0,2.0,5.814698,1.4412530869488274e+18,8.0,11.0,2.412,0.0009999999999998,67550.0,-0.0004098085082731,2.41,2.4105,1307.0,2.411,0.0004148516905205,0.0012445550715619,-12312.960094995797,159633.0,9723000.0,10551000.0,-828000.0,20274000.0,0.1361186898288353,0.1102837541662015,104000.0,828000.0,2.411238461538003,2.4100452437551145,2.4123170523500974,2.408130082456639
20230823.0,2.0230823130755e+16,2.411,2.41,2.409,2.408,2.407,1506400.0,4002567.0,4104700.0,793200.0,332900.0,2.194,2.435,2.412,2.406,1511500.0,7527167.0,6534700.0,2709700.0,1287800.0,2.412,2.413,2.414,2.415,2.416,5100.0,3524600.0,2430000.0,1916500.0,954900.0,2.428,2.438,-0.0260000000000002,0.0009999999999998,666766140.028,276097788.0,2.682,-5100.0,-3524600.0,-2430000.0,-1916500.0,-954900.0,0.0001052631578946,30496.36842107773,1507000.6299999952,-0.0009999999999998,1506400.0,4002567.0,4104700.0,793200.0,332900.0,0.0019999999999997,0.0009999999999998,2.412,2.0,1.0,5.813429000000001,1.4475592579885532e+18,5.0,14.0,2.412,0.0005000000000001,49183.0,0.0007973722780715,2.41,2.4115,1308.0,2.411,0.0004146796599626,0.0012440389798878,11443126.755493924,159633.0,8831100.0,10739767.0,-1908667.0,19570867.0,0.1377798650298162,0.1169897059761926,625033.0,1908667.0,2.4110737033084577,2.4119966258683427,2.414033008345506,2.4095173638310774
20230823.0,2.02308231308524e+16,2.41,2.409,2.408,2.407,2.406,402567.0,3310100.0,4313300.0,2237500.0,974000.0,2.194,2.435,2.41,2.406,-3382467.0,-5370200.0,-5989800.0,-3987400.0,-1419000.0,2.411,2.412,2.413,2.414,2.415,2979900.0,2060100.0,1676500.0,1749900.0,445000.0,2.428,2.438,-0.028,-0.0019999999999997,669151933.028,277087688.0,2.682,2979900.0,2060100.0,1676500.0,1749900.0,445000.0,0.0007272727272726,221915.18181818724,2385793.0,-0.0009999999999998,-402567.0,-3310100.0,-4313300.0,-2237500.0,-974000.0,0.0020000000000002,0.0010000000000003,2.41,0.0,2.0,5.814236727272728,8.399028389225964e+17,5.0,6.0,2.412,0.0009999999999998,137000.0,-0.00067581817118,2.41,2.4105,1309.0,2.412,0.0004148516905205,0.0012445550715619,-22951994.872822747,159633.0,8911400.0,11237467.0,-2326067.0,20148867.0,0.1553314981107825,0.1317836157883555,989900.0,2326067.0,2.410135367208809,2.410119015795276,2.412396278923626,2.4079937471674
20230823.0,2.0230823130955024e+16,2.41,2.409,2.408,2.407,2.406,1419500.0,4183100.0,3542000.0,1166800.0,872000.0,2.194,2.435,2.41,2.406,3714500.0,7673600.0,4811500.0,2323800.0,1516900.0,2.411,2.412,2.413,2.414,2.415,2295000.0,3490500.0,1269500.0,1157000.0,644900.0,2.428,2.438,-0.028,-0.0009999999999998,671707907.328,278147988.0,2.682,-2295000.0,-3490500.0,-1269500.0,-1157000.0,-644900.0,0.0002777777777769,123650.0,1207019.7999999523,-0.0009999999999998,1419500.0,4183100.0,3542000.0,1166800.0,872000.0,0.0020000000000002,0.0010000000000003,2.41,1.0,1.0,5.8094391666666665,1.3912347220474752e+18,5.0,13.0,2.411,0.00075,186875.0,0.0001585677830294,2.41,2.4105,1310.0,2.41,0.0004148516905205,0.0012445550715619,-6296.71213025786,159633.0,8856900.0,11183400.0,-2326500.0,20040300.0,0.1565100743930812,0.1328545670301602,500800.0,2326500.0,2.41018330670917,2.410382151029748,2.4123639196558617,2.408367625230252
20230823.0,2.0230823131055056e+16,2.41,2.409,2.408,2.407,2.406,206500.0,2883100.0,2549200.0,3089600.0,1582000.0,2.194,2.435,2.41,2.406,-524800.0,-1272800.0,-1122800.0,2152800.0,830000.0,2.411,2.412,2.413,2.414,2.415,3016200.0,3593300.0,1269500.0,807000.0,594900.0,2.428,2.438,-0.028,0.0,675905484.828,279888988.0,2.682,274200.0,172800.0,-70000.0,-350000.0,-50000.0,0.0004736842105259,47031.57894736528,4197577.5,-0.0009999999999998,-250600.0,-1100000.0,-1192800.0,1802800.0,780000.0,0.0020000000000002,0.0010000000000003,2.41,1.0,2.0,5.810383736842105,1.487919278713625e+18,8.0,11.0,2.412,0.0009999999999998,4900.0,-3.26986915250016e-05,2.41,2.4105,1311.0,2.411,0.0004148516905205,0.0012445550715619,-11620611.414876131,159633.0,9280900.0,10310400.0,-1029500.0,19591300.0,0.1557479609763862,0.1274549355759475,1741000.0,1029500.0,2.4110152211372773,2.410064076705868,2.4121779999784505,2.407713153708876
0.0,0.0,0.0,0.0,0.0,0.0,0.0,0.0,0.0,0.0,0.0,0.0,0.0,0.0,0.0,0.0,0.0,0.0,0.0,0.0,0.0,0.0,0.0,0.0,0.0,0.0,0.0,0.0,0.0,0.0,0.0,0.0,0.0,0.0,0.0,0.0,0.0,0.0,0.0,0.0,0.0,0.0,0.0,0.0,0.0,0.0,0.0,0.0,0.0,0.0,0.0,0.0,0.0,0.0,0.0,0.0,0.0,0.0,0.0,0.0,0.0,0.0,0.0,0.0,0.0,0.0,0.0,0.0,0.0,0.0,0.0,0.0,0.0,0.0,0.0,0.0,0.0,0.0,0.0,0.0,0.0,0.0,0.0,0.0,0.0
20230823.0,2.023082313125218e+16,2.413,2.412,2.411,2.41,2.409,2969800.0,2444700.0,2410600.0,1360100.0,593200.0,2.194,2.435,2.414,2.406,3064800.0,6043600.0,5464000.0,2311000.0,979000.0,2.414,2.415,2.416,2.417,2.418,95000.0,3598900.0,3053400.0,950900.0,385800.0,2.428,2.438,-0.024,0.0030000000000001,679743106.028,281480088.0,2.682,-95000.0,-3598900.0,-3053400.0,-950900.0,-385800.0,0.0004999999999999,250700.0,2374144.200000048,-0.0009999999999998,2969800.0,2444700.0,2410600.0,1360100.0,593200.0,0.0019999999999997,0.0009999999999998,2.414,3.0,0.0,5.818778642857143,1.1055462761048684e+18,4.0,10.0,2.414,0.00075,385100.0,0.001230671580224,2.411,2.4135,1313.0,2.411,0.0004143360265176,0.0012430080795525,34973433.34567745,159633.0,8084000.0,9778400.0,-1694400.0,17862400.0,0.1592136824587768,0.1504654772952335,984100.0,1694400.0,2.412502997662888,2.413969002871313,2.415744383968333,2.411597009735744
20230823.0,2.0230823131334444e+16,2.416,2.415,2.414,2.413,2.412,994900.0,2955600.0,2672200.0,2720000.0,643600.0,2.194,2.435,2.416,2.406,3847500.0,5498300.0,4666900.0,2979800.0,1244100.0,2.417,2.418,2.419,2.42,2.421,2852600.0,2542700.0,1994700.0,259800.0,600500.0,2.428,2.438,-0.0220000000000002,0.0019999999999997,680838402.928,281933688.0,2.682,-2852600.0,-2542700.0,-1994700.0,-259800.0,-600500.0,0.0002500000000003,160366.6666666865,926316.8999999762,-0.0010000000000003,994900.0,2955600.0,2672200.0,2720000.0,643600.0,0.0020000000000002,0.0009999999999998,2.416,2.0,0.0,5.831017916666667,9.527202491171506e+17,8.0,4.0,2.416,0.0009999999999998,296300.0,0.0012576284601444,2.414,2.4165,1314.0,2.414,0.0004138216428718,0.0012414649286158,23333303.58561711,159633.0,8250300.0,9986300.0,-1736000.0,18236600.0,0.1710032595920878,0.1764942610490728,383600.0,1736000.0,2.414799009384714,2.416258583495776,2.418177351126626,2.4140939487097324
20230823.0,2.0230823131416296e+16,2.42,2.419,2.418,2.417,2.416,136800.0,1607600.0,2902600.0,2797300.0,1438400.0,2.194,2.435,2.42,2.406,2787800.0,3223200.0,4936000.0,3058300.0,1547000.0,2.421,2.422,2.423,2.424,2.425,2651000.0,1615600.0,2033400.0,261000.0,108600.0,2.428,2.438,-0.0180000000000002,0.0030000000000001,688932600.728,285282188.0,2.682,-2651000.0,-1615600.0,-2033400.0,-261000.0,-108600.0,0.0004999999999999,144600.0,1165384.0,-0.0010000000000003,136800.0,1607600.0,2902600.0,2797300.0,1438400.0,0.0020000000000002,0.0009999999999998,2.42,3.0,0.0,5.849949333333334,4.87793868808164e+17,4.0,2.0,2.42,0.00075,270000.0,0.0010440635327759,2.417,2.4205,1315.0,2.417,0.00041313778145,0.0012394133443503,35363782.806477964,159633.0,6669600.0,8882700.0,-2213100.0,15552300.0,0.1982307126938657,0.2153610922243958,481800.0,2213100.0,2.418812785388128,2.4200490709520053,2.4220345148134816,2.4175730014522614
20230823.0,2.023082313151017e+16,2.417,2.416,2.415,2.414,2.413,640100.0,5129800.0,2701400.0,562100.0,250200.0,2.194,2.435,2.418,2.406,-652600.0,-7457300.0,-3889500.0,-3586100.0,-931600.0,2.418,2.419,2.42,2.421,2.422,12500.0,2327500.0,1188100.0,3024000.0,681400.0,2.428,2.438,-0.02,-0.0009999999999998,696131764.628,288259088.0,2.682,12500.0,2327500.0,1188100.0,3024000.0,681400.0,0.0004999999999999,25050.0,121141.80000007153,-0.0009999999999998,-640100.0,-5129800.0,-2701400.0,-562100.0,-250200.0,0.0019999999999997,0.0009999999999998,2.418,0.0,1.0,5.849142500000001,3.3231544515715174e+17,2.0,2.0,2.419,0.0009999999999998,50100.0,-0.0003606329022729,2.418,2.4175,1316.0,2.419,0.0004136504653569,0.0012409513960703,-11921384.946235243,159633.0,7233500.0,9283600.0,-2050100.0,16517100.0,0.2233214143742428,0.2127381927625858,50100.0,2050100.0,2.4180000000014275,2.41798084584738,2.420281233151309,2.4155760157697443
20230823.0,2.0230823131622064e+16,2.415,2.414,2.413,2.412,2.411,1410100.0,2732000.0,2351400.0,1852300.0,668500.0,2.194,2.435,2.416,2.406,-1423000.0,-5395200.0,-3609500.0,-4071900.0,-1273600.0,2.416,2.417,2.418,2.419,2.42,12900.0,2663200.0,1258100.0,2219600.0,605100.0,2.428,2.438,-0.0220000000000002,0.0,696610374.628,288457188.0,2.682,12900.0,2663200.0,1258100.0,2219600.0,605100.0,0.0,2533.333333313465,327368.0,-0.0009999999999998,-1410100.0,-2732000.0,-2351400.0,-1852300.0,-668500.0,0.0019999999999997,0.0009999999999998,2.416,0.0,0.0,5.837056,4.992277578872136e+17,0.0,0.0,2.416,0.0,5700.0,-6.0333288098402e-05,2.416,2.4155,1317.0,2.416,0.0004139929621195,0.0012419788863587,0.0,159633.0,6758900.0,9014300.0,-2255400.0,15773200.0,0.2114411332877356,0.2017589996724929,135500.0,2255400.0,2.416,2.415990934645116,2.418109603633728,2.4132621279522533
20230823.0,2.0230823131755784e+16,2.421,2.42,2.419,2.418,2.417,400.0,1400100.0,2260500.0,2641100.0,2287300.0,2.194,2.435,2.421,2.406,1797500.0,2873200.0,4360000.0,2899400.0,3328500.0,2.422,2.423,2.424,2.425,2.426,1797100.0,1473100.0,2099500.0,258300.0,1041200.0,2.428,2.438,-0.0170000000000003,0.0049999999999998,704390777.828,291674288.0,2.682,-1797100.0,-1473100.0,-2099500.0,-258300.0,-1041200.0,0.0010555555555553,441872.222222209,7618531.199999928,-0.0009999999999998,400.0,1400100.0,2260500.0,2641100.0,2287300.0,0.0019999999999997,0.0009999999999998,2.421,6.0,1.0,5.851294277777778,1.5194752121409574e+18,13.0,5.0,2.421,0.0017499999999999,702750.0,0.0018868080662108,2.416,2.4215,1318.0,2.416,0.0004129671691101,0.0012389015073302,60020438.75551356,159633.0,6669200.0,8589400.0,-1920200.0,15258600.0,0.2123502002725726,0.2052887313473092,3150100.0,1920200.0,2.418504555410917,2.421000222531293,2.423591165357164,2.4183230260553703
20230823.0,2.023082313185516e+16,2.418,2.417,2.416,2.415,2.414,314200.0,1733200.0,3842700.0,2444600.0,1293000.0,2.194,2.435,2.419,2.406,-1794200.0,-3025000.0,-5845300.0,-3404600.0,-1753000.0,2.419,2.42,2.421,2.422,2.423,1480000.0,1291800.0,2002600.0,960000.0,460000.0,2.428,2.438,-0.0190000000000001,-0.0030000000000001,711368049.528,294555688.0,2.682,1480000.0,1291800.0,2002600.0,960000.0,460000.0,0.0002105263157887,83910.5263158083,1890345.100000024,-0.0009999999999998,-314200.0,-1733200.0,-3842700.0,-2444600.0,-1293000.0,0.0020000000000002,0.0010000000000003,2.419,1.0,3.0,5.85258005263158,1.6469437431539466e+18,5.0,14.0,2.421,0.0005000000000001,177600.0,-0.001559094213225,2.418,2.4185,1319.0,2.421,0.0004134794293983,0.0012404382881952,-24329039.689410552,159633.0,6194400.0,9627700.0,-3433300.0,15822100.0,0.2016493798678117,0.2234690614553402,781100.0,3433300.0,2.4201063884266083,2.418175119830565,2.420617105772956,2.415722779064574
0.0,0.0,0.0,0.0,0.0,0.0,0.0,0.0,0.0,0.0,0.0,0.0,0.0,0.0,0.0,0.0,0.0,0.0,0.0,0.0,0.0,0.0,0.0,0.0,0.0,0.0,0.0,0.0,0.0,0.0,0.0,0.0,0.0,0.0,0.0,0.0,0.0,0.0,0.0,0.0,0.0,0.0,0.0,0.0,0.0,0.0,0.0,0.0,0.0,0.0,0.0,0.0,0.0,0.0,0.0,0.0,0.0,0.0,0.0,0.0,0.0,0.0,0.0,0.0,0.0,0.0,0.0,0.0,0.0,0.0,0.0,0.0,0.0,0.0,0.0,0.0,0.0,0.0,0.0,0.0,0.0,0.0,0.0,0.0,0.0
20230823.0,2.0230823132046104e+16,2.414,2.413,2.412,2.411,2.41,10700.0,1532900.0,3389200.0,1938700.0,1395800.0,2.194,2.435,2.415,2.406,-1516900.0,-2724200.0,-5587100.0,-3049900.0,-1855900.0,2.415,2.416,2.417,2.418,2.419,1506200.0,1191300.0,2197900.0,1111200.0,460100.0,2.428,2.438,-0.0230000000000001,-0.0030000000000001,713513578.828,295443688.0,2.682,1506200.0,1191300.0,2197900.0,1111200.0,460100.0,0.0006666666666665,172553.3333333135,1829496.6999999285,-0.0009999999999998,-10700.0,-1532900.0,-3389200.0,-1938700.0,-1395800.0,0.0020000000000002,0.0010000000000003,2.415,0.0,3.0,5.8386678,1.305899386982697e+18,5.0,10.0,2.418,0.0009999999999998,216800.0,-0.0012717709964755,2.415,2.4145000000000003,1321.0,2.418,0.0004141644232759,0.0012424932698281,-36648758.10110815,159633.0,6466700.0,8267300.0,-1800600.0,14734000.0,0.1818792427924297,0.2131119148633054,757300.0,1800600.0,2.415815000660146,2.4140070538598457,2.41666407905114,2.411615835883541
20230823.0,2.023082313214005e+16,2.411,2.41,2.409,2.408,2.407,2089100.0,3781600.0,3100000.0,555000.0,294900.0,2.194,2.435,2.412,2.406,-2293300.0,-4866100.0,-5230500.0,-1891500.0,-1899800.0,2.412,2.413,2.414,2.415,2.416,204200.0,1084500.0,2130500.0,1336500.0,1604900.0,2.428,2.438,-0.0260000000000002,-0.0020000000000002,716059969.628,296499388.0,2.682,204200.0,1084500.0,2130500.0,1336500.0,1604900.0,7.142857142872217e-05,142764.28571426868,2520561.0,-0.0009999999999998,-2089100.0,-3781600.0,-3100000.0,-555000.0,-294900.0,0.0019999999999997,0.0009999999999998,2.412,0.0,2.0,5.822914071428572,1.2234187773511163e+18,3.0,11.0,2.414,0.0,17675.0,-0.0006054328145839,2.412,2.4115,1322.0,2.414,0.0004146796599626,0.0012440389798878,-24535731.0456998,159633.0,6360600.0,9820600.0,-3460000.0,16181200.0,0.1351886539371477,0.1577117494250301,1045000.0,3460000.0,2.41202009569378,2.411910958008111,2.4144800490519764,2.40969394945319
20230823.0,2.0230823132258016e+16,2.41,2.409,2.408,2.407,2.406,1476600.0,5865400.0,2529700.0,1819900.0,540900.0,2.194,2.435,2.411,2.406,-1863800.0,-7801100.0,-3731300.0,-2474800.0,-2413000.0,2.411,2.412,2.413,2.414,2.415,387200.0,1935700.0,1201600.0,654900.0,1872100.0,2.428,2.438,-0.0270000000000001,0.0,725935225.128,300594688.0,2.682,387200.0,1935700.0,1201600.0,654900.0,1872100.0,0.0001999999999999,326250.0,5400644.200000048,-0.0009999999999998,-1476600.0,-5865400.0,-2529700.0,-1819900.0,-540900.0,0.0020000000000002,0.0010000000000003,2.411,1.0,1.0,5.813885600000001,1.8029805062342188e+18,4.0,16.0,2.412,0.0,33400.0,-0.0001429017298576,2.411,2.4105,1323.0,2.411,0.0004148516905205,0.0012445550715619,-5176.43512012437,159633.0,6051500.0,12232500.0,-6181000.0,18284000.0,0.1269871551672187,0.1338947471229131,2240000.0,6181000.0,2.411001875000021,2.410792252387595,2.413279104354292,2.4084837032495403
0.0,0.0,0.0,0.0,0.0,0.0,0.0,0.0,0.0,0.0,0.0,0.0,0.0,0.0,0.0,0.0,0.0,0.0,0.0,0.0,0.0,0.0,0.0,0.0,0.0,0.0,0.0,0.0,0.0,0.0,0.0,0.0,0.0,0.0,0.0,0.0,0.0,0.0,0.0,0.0,0.0,0.0,0.0,0.0,0.0,0.0,0.0,0.0,0.0,0.0,0.0,0.0,0.0,0.0,0.0,0.0,0.0,0.0,0.0,0.0,0.0,0.0,0.0,0.0,0.0,0.0,0.0,0.0,0.0,0.0,0.0,0.0,0.0,0.0,0.0,0.0,0.0,0.0,0.0,0.0,0.0,0.0,0.0,0.0,0.0
20230823.0,2.0230823132439964e+16,2.411,2.41,2.409,2.408,2.407,100.0,2018400.0,6075400.0,2534700.0,1344900.0,2.194,2.435,2.411,2.406,757000.0,4215000.0,8424900.0,3086800.0,1613700.0,2.412,2.413,2.414,2.415,2.416,756900.0,2196600.0,2349500.0,552100.0,268800.0,2.428,2.438,-0.0270000000000001,0.0,727553970.528,301266088.0,2.682,-756900.0,-2196600.0,-2349500.0,-552100.0,-268800.0,4.440892098500626e-16,50750.0,350077.2000000477,-0.0009999999999998,100.0,2018400.0,6075400.0,2534700.0,1344900.0,0.0019999999999997,0.0009999999999998,2.411,0.0,0.0,5.812921000000002,1.2698610277896973e+18,0.0,14.0,2.411,0.0,106175.0,0.000230404344148,2.411,2.4115,1325.0,2.411,0.0004146796599626,0.0012440389798878,0.0,159633.0,6123900.0,11973500.0,-5849600.0,18097400.0,0.1298561629229297,0.123995833765074,145200.0,5849600.0,2.411000000000328,2.4110001321003964,2.413572053756593,2.4087322503862696
20230823.0,2.023082313253405e+16,2.408,2.407,2.406,2.405,2.404,60100.0,3385900.0,4369700.0,2582000.0,1262600.0,2.194,2.435,2.409,2.406,-850100.0,-5331600.0,-5857600.0,-4330700.0,-1719200.0,2.409,2.41,2.411,2.412,2.413,790000.0,1945700.0,1487900.0,1748700.0,456600.0,2.428,2.438,-0.0290000000000003,0.0,751483147.628,311202288.0,2.682,790000.0,1945700.0,1487900.0,1748700.0,456600.0,8.333333333343518e-05,4299866.666666687,21991733.600000024,-0.0010000000000003,-60100.0,-3385900.0,-4369700.0,-2582000.0,-1262600.0,0.0020000000000002,0.0009999999999998,2.409,2.0,2.0,5.802879749999999,1.130470902080181e+18,10.0,2.0,2.41,0.0,8831900.0,-0.0011493508092108,2.408,2.4085,1326.0,2.409,0.000415196180195,0.0012455885405854,165460.73426233605,159633.0,6428900.0,11660300.0,-5231400.0,18089200.0,0.1332495427633626,0.1336615768458267,9132100.0,5231400.0,2.4081792358822205,2.4080706975649924,2.410865637978503,2.4058626879239817
20230823.0,2.0230823132646004e+16,2.409,2.408,2.407,2.406,2.405,1526200.0,3292300.0,2485100.0,2332900.0,1291800.0,2.194,2.435,2.409,2.406,1741200.0,4213900.0,5389800.0,4386600.0,1696800.0,2.41,2.411,2.412,2.413,2.414,215000.0,921600.0,2904700.0,2053700.0,405000.0,2.428,2.438,-0.0290000000000003,0.0,752409892.128,311586988.0,2.682,-215000.0,-921600.0,-2904700.0,-2053700.0,-405000.0,4.440892098500626e-16,2468.75,49386.70000004768,-0.0009999999999998,1526200.0,3292300.0,2485100.0,2332900.0,1291800.0,0.0019999999999997,0.0009999999999998,2.409,0.0,0.0,5.803280999999999,1.5533290643225897e+18,16.0,0.0,2.409,0.0,7900.0,0.0003637974984527,2.409,2.4095,1327.0,2.409,0.0004150238638723,0.0012450715916165,0.0,159633.0,6500000.0,10928300.0,-4428300.0,17428300.0,0.1435368395984869,0.1355203778584555,20500.0,4428300.0,2.4091073170754966,2.4098765219388927,2.4122326307692306,2.407130688213172
20230823.0,2.023082313275501e+16,2.411,2.41,2.409,2.408,2.407,255000.0,2645000.0,2710800.0,3899600.0,448000.0,2.194,2.435,2.412,2.406,1412700.0,3572700.0,4725900.0,5366100.0,766800.0,2.412,2.413,2.414,2.415,2.416,1157700.0,927700.0,2015100.0,1466500.0,318800.0,2.428,2.438,-0.0260000000000002,0.0030000000000001,776408665.328,321535388.0,2.682,-1157700.0,-927700.0,-2015100.0,-1466500.0,-318800.0,0.0008947368421052,2084510.5263158083,23998773.19999993,-0.0009999999999998,255000.0,2645000.0,2710800.0,3899600.0,448000.0,0.0019999999999997,0.0009999999999998,2.412,4.0,1.0,5.813429736842108,1.8770772014850785e+18,7.0,12.0,2.413,0.0019999999999997,2254800.0,0.0006362850430665,2.409,2.4115,1328.0,2.409,0.0004146796599626,0.0012440389798878,38771012.8018529,159633.0,5885800.0,9958400.0,-4072600.0,15844200.0,0.1667081098451655,0.1552568162262365,9948400.0,4072600.0,2.412324916569492,2.4111805054151625,2.413806483400727,2.408835254659383
20230823.0,2.023082313285497e+16,2.412,2.411,2.41,2.409,2.408,100.0,2310000.0,2634900.0,2200000.0,1372600.0,2.194,2.435,2.412,2.406,560200.0,3692600.0,5164400.0,2866000.0,2858300.0,2.413,2.414,2.415,2.416,2.417,560100.0,1382600.0,2529500.0,666000.0,1485700.0,2.428,2.438,-0.0260000000000002,0.0,777225123.228,321873988.0,2.682,-560100.0,-1382600.0,-2529500.0,-666000.0,-1485700.0,4.440892098500626e-16,34227.77777779102,816457.9000000954,-0.0010000000000003,100.0,2310000.0,2634900.0,2200000.0,1372600.0,0.0020000000000002,0.0009999999999998,2.412,0.0,0.0,5.817743999999999,1.8644549867885307e+18,18.0,0.0,2.412,0.0,75100.0,3.461832236439921e-05,2.412,2.4125,1329.0,2.412,0.0004145077720206,0.0012435233160622,0.0,159633.0,6623900.0,8517600.0,-1893700.0,15141500.0,0.1743651426298909,0.1553269142796869,338600.0,1893700.0,2.4112755463676767,2.412000178507676,2.415171288817766,2.409690640556025
20230823.0,2.0230823132949028e+16,2.413,2.412,2.411,2.41,2.409,100.0,864600.0,2500100.0,2506400.0,1448300.0,2.194,2.435,2.413,2.406,763100.0,2197200.0,4943300.0,4389100.0,1758500.0,2.414,2.415,2.416,2.417,2.418,763000.0,1332600.0,2443200.0,1882700.0,310200.0,2.428,2.438,-0.0250000000000003,0.0009999999999998,780366546.828,323175588.0,2.682,-763000.0,-1332600.0,-2443200.0,-1882700.0,-310200.0,0.0001176470588233,558535.2941176295,3141423.5999999046,-0.0009999999999998,100.0,864600.0,2500100.0,2506400.0,1448300.0,0.0019999999999997,0.0009999999999998,2.413,2.0,1.0,5.823137,1.7686009520444314e+18,3.0,14.0,2.414,0.0,1179500.0,6.879780516744205e-05,2.412,2.4135,1330.0,2.412,0.0004143360265176,0.0012430080795525,13289610.57122431,159633.0,6731700.0,7319500.0,-587800.0,14051200.0,0.2074229617747027,0.1689662611973633,1301600.0,587800.0,2.4135092194221763,2.413000131044424,2.415947190159989,2.4103799849716507
20230823.0,2.023082313305806e+16,2.412,2.411,2.41,2.409,2.408,978000.0,2021500.0,3327900.0,2186900.0,502500.0,2.194,2.435,2.412,2.406,600800.0,139100.0,-1100600.0,-17300.0,890800.0,2.413,2.414,2.415,2.416,2.417,112400.0,655000.0,2684200.0,2689100.0,694900.0,2.428,2.438,-0.0260000000000002,-0.0009999999999998,782463792.328,324044788.0,2.682,79900.0,-575600.0,1559100.0,508900.0,-990800.0,0.0003999999999995,78880.0,2097245.5,-0.0010000000000003,680700.0,-436500.0,458500.0,491600.0,-100000.0,0.0020000000000002,0.0009999999999998,2.412,1.0,2.0,5.820639000000002,2.0938023165078925e+18,12.0,8.0,2.413,0.0009999999999998,33525.0,-1.8802549067720165e-06,2.412,2.4125,1331.0,2.413,0.0004145077720206,0.0012435233160622,-13438534.701336425,159633.0,6835600.0,9016800.0,-2181200.0,15852400.0,0.2002499383537852,0.1426707806892815,869200.0,2181200.0,2.412845720202485,2.412896918561996,2.4154680057346827,2.410087126253216
20230823.0,2.023082313315887e+16,2.411,2.41,2.409,2.408,2.407,1989500.0,2205000.0,3153000.0,1382100.0,450100.0,2.194,2.435,2.412,2.406,-2153400.0,-4056100.0,-4985700.0,-5799200.0,-1128600.0,2.412,2.413,2.414,2.415,2.416,163900.0,1851100.0,1832700.0,4417100.0,678500.0,2.428,2.438,-0.0260000000000002,0.0,782537599.528,324075388.0,2.682,163900.0,1851100.0,1832700.0,4417100.0,678500.0,4.440892098500626e-16,8700.0,73807.20000004768,-0.0009999999999998,-1989500.0,-2205000.0,-3153000.0,-1382100.0,-450100.0,0.0019999999999997,0.0009999999999998,2.412,0.0,0.0,5.817743999999999,2.1002925931226647e+18,20.0,0.0,2.412,0.0,17400.0,-0.000403343796135,2.412,2.4115,1332.0,2.412,0.0004146796599626,0.0012440389798878,0.0,159633.0,8943300.0,9179700.0,-236400.0,18123000.0,0.182469746784509,0.1347373664296983,30600.0,236400.0,2.4120000000015582,2.411923887805332,2.4144019992620174,2.409425035676547
20230823.0,2.023082313325803e+16,2.413,2.412,2.411,2.41,2.409,1000100.0,1697300.0,2323000.0,2165200.0,1665500.0,2.194,2.435,2.414,2.406,1887900.0,3702300.0,3934300.0,4118700.0,3016300.0,2.414,2.415,2.416,2.417,2.418,887800.0,2005000.0,1611300.0,1953500.0,1350800.0,2.428,2.438,-0.024,0.0020000000000002,786509065.428,325721188.0,2.682,-887800.0,-2005000.0,-1611300.0,-1953500.0,-1350800.0,0.0006842105263151,539378.947368443,3971465.899999976,-0.0009999999999998,1000100.0,1697300.0,2323000.0,2165200.0,1665500.0,0.0019999999999997,0.0009999999999998,2.414,2.0,0.0,5.824093947368424,2.0091312727444723e+18,12.0,7.0,2.414,0.0020000000000002,1568700.0,0.0006655765109584,2.412,2.4135,1333.0,2.412,0.0004143360265176,0.0012430080795525,26979066.59756504,159633.0,7808400.0,8851100.0,-1042700.0,16659500.0,0.1707097089568924,0.1544410699200687,1645800.0,1042700.0,2.4130914448900085,2.413529742041422,2.416111994774857,2.4107967823208414
0.0,0.0,0.0,0.0,0.0,0.0,0.0,0.0,0.0,0.0,0.0,0.0,0.0,0.0,0.0,0.0,0.0,0.0,0.0,0.0,0.0,0.0,0.0,0.0,0.0,0.0,0.0,0.0,0.0,0.0,0.0,0.0,0.0,0.0,0.0,0.0,0.0,0.0,0.0,0.0,0.0,0.0,0.0,0.0,0.0,0.0,0.0,0.0,0.0,0.0,0.0,0.0,0.0,0.0,0.0,0.0,0.0,0.0,0.0,0.0,0.0,0.0,0.0,0.0,0.0,0.0,0.0,0.0,0.0,0.0,0.0,0.0,0.0,0.0,0.0,0.0,0.0,0.0,0.0,0.0,0.0,0.0,0.0,0.0,0.0
20230823.0,2.023082313345804e+16,2.413,2.412,2.411,2.41,2.409,1405200.0,2604100.0,3044700.0,1273500.0,781500.0,2.194,2.435,2.414,2.406,1425100.0,5486600.0,4414600.0,4689000.0,1133100.0,2.414,2.415,2.416,2.417,2.418,19900.0,2882500.0,1369900.0,3415500.0,351600.0,2.428,2.438,-0.024,0.0020000000000002,788478581.728,326537588.0,2.682,-19900.0,-2882500.0,-1369900.0,-3415500.0,-351600.0,0.0005263157894739,191994.73684209585,952857.4000000954,-0.0009999999999998,1405200.0,2604100.0,3044700.0,1273500.0,781500.0,0.0019999999999997,0.0009999999999998,2.414,2.0,0.0,5.820283578947366,2.0234673515251407e+18,9.0,10.0,2.414,0.0009999999999998,348800.0,0.0004694879482625,2.412,2.4135,1335.0,2.412,0.0004143360265176,0.0012430080795525,27059055.43873228,159633.0,8039400.0,9109000.0,-1069600.0,17148400.0,0.1353098021331024,0.1373210840494918,394900.0,1069600.0,2.4129080779946706,2.413986036067645,2.416148817075901,2.411283016796575
20230823.0,2.0230823133558124e+16,2.414,2.413,2.412,2.411,2.41,590000.0,3500000.0,2857700.0,1785400.0,922300.0,2.194,2.435,2.415,2.406,1198100.0,5036100.0,4292700.0,2349800.0,3570200.0,2.415,2.416,2.417,2.418,2.419,608100.0,1536100.0,1435000.0,564400.0,2647900.0,2.428,2.438,-0.0230000000000001,0.0009999999999998,792094490.528,328034888.0,2.682,-608100.0,-1536100.0,-1435000.0,-564400.0,-2647900.0,0.0002000000000004,261445.0,3615908.799999952,-0.0009999999999998,590000.0,3500000.0,2857700.0,1785400.0,922300.0,0.0020000000000002,0.0010000000000003,2.415,1.0,0.0,5.831259200000001,2.1471534362320632e+18,16.0,4.0,2.415,0.0,3125.0,0.0002097597864331,2.414,2.4145000000000003,1336.0,2.414,0.0004141644232759,0.0012424932698281,13577775.900619622,159633.0,6791500.0,9655400.0,-2863900.0,16446900.0,0.1490491819377276,0.15930241448996,1497300.0,2863900.0,2.414952781673648,2.414492446373425,2.417457616137819,2.412108747436668
20230823.0,2.023082313365797e+16,2.413,2.412,2.411,2.41,2.409,1413800.0,3112100.0,3515200.0,673700.0,598700.0,2.194,2.435,2.413,2.406,-1485900.0,-4407000.0,-5185300.0,-3268600.0,-1940900.0,2.414,2.415,2.416,2.417,2.418,72100.0,1294900.0,1670100.0,2594900.0,1342200.0,2.428,2.438,-0.0250000000000003,-0.0020000000000002,792670905.028,328273688.0,2.682,72100.0,1294900.0,1670100.0,2594900.0,1342200.0,0.0007499999999995,51965.0,576414.5,-0.0009999999999998,-1413800.0,-3112100.0,-3515200.0,-673700.0,-598700.0,0.0019999999999997,0.0009999999999998,2.413,0.0,2.0,5.826189750000001,2.154114903453936e+18,10.0,10.0,2.415,0.0012500000000001,60025.0,-0.0002240759818504,2.413,2.4135,1337.0,2.415,0.0004143360265176,0.0012430080795525,-27199606.661036503,159633.0,6974200.0,9313500.0,-2339300.0,16287700.0,0.1433624620803787,0.1458023409440056,238800.0,2339300.0,2.413796063651591,2.413951477219194,2.4165506294628774,2.411436849734257
20230823.0,2.023082313375824e+16,2.412,2.411,2.41,2.409,2.408,65000.0,802300.0,4126500.0,2278400.0,518500.0,2.194,2.435,2.412,2.406,-1171300.0,-1889400.0,-6546900.0,-4336100.0,-1104800.0,2.413,2.414,2.415,2.416,2.417,1106300.0,1087100.0,2420400.0,2057700.0,586300.0,2.428,2.438,-0.0260000000000002,-0.0009999999999998,793025369.728,328420588.0,2.682,1106300.0,1087100.0,2420400.0,2057700.0,586300.0,4.999999999988347e-05,48395.0,354464.7000000477,-0.0010000000000003,-65000.0,-802300.0,-4126500.0,-2278400.0,-518500.0,0.0020000000000002,0.0009999999999998,2.412,0.0,1.0,5.822327750000001,2.1565003097352745e+18,19.0,1.0,2.413,0.0,106200.0,-0.0007857358816163,2.412,2.4125,1338.0,2.413,0.0004145077720206,0.0012435233160622,-13616110.613597175,159633.0,7257800.0,7790700.0,-532900.0,15048500.0,0.1471727869394611,0.1314790036469995,146900.0,532900.0,2.412965963240624,2.4120554938956715,2.414990437873736,2.4096941096435494
20230823.0,2.023082313385796e+16,2.412,2.411,2.41,2.409,2.408,1424600.0,2652300.0,2559500.0,745300.0,655700.0,2.194,2.435,2.413,2.406,2396000.0,1585300.0,-689100.0,-3015900.0,137200.0,2.413,2.414,2.415,2.416,2.417,69900.0,1351800.0,1542500.0,3540500.0,586300.0,2.428,2.438,-0.0250000000000003,0.0009999999999998,793847487.128,328761288.0,2.682,-1036400.0,264700.0,-877900.0,1482800.0,0.0,8.881784197001252e-16,84869.19999998808,822117.3999999762,-0.0010000000000003,1359600.0,1850000.0,-1567000.0,-1533100.0,137200.0,0.0020000000000002,0.0009999999999998,2.413,0.0,0.0,5.822569,2.159464935387773e+18,20.0,0.0,2.413,0.0,89734.5,0.0003721173041765,2.413,2.4125,1339.0,2.413,0.0004145077720206,0.0012435233160622,0.0,159633.0,7091000.0,8037400.0,-946400.0,15128400.0,0.1514793391483235,0.1482888605084343,340700.0,946400.0,2.413024361608384,2.412953228504516,2.415454308278099,2.4104285963122405
20230823.0,2.023082313395799e+16,2.412,2.411,2.41,2.409,2.408,40500.0,1662300.0,2899300.0,2369800.0,518500.0,2.194,2.435,2.412,2.406,-2356800.0,-298600.0,-594600.0,3098900.0,-87400.0,2.413,2.414,2.415,2.416,2.417,1042600.0,660400.0,2476900.0,2066100.0,536500.0,2.428,2.438,-0.0260000000000002,-0.0009999999999998,794124867.128,328876288.0,2.682,972700.0,-691400.0,934400.0,-1474400.0,-49800.0,4.999999999943938e-05,7775.0,277380.0,-0.0010000000000003,-1384100.0,-990000.0,339800.0,1624500.0,-137200.0,0.0020000000000002,0.0009999999999998,2.412,0.0,1.0,5.817985250000001,2.163089990512861e+18,1.0,19.0,2.413,0.0,0.0,-0.0003796218141051,2.412,2.4125,1340.0,2.413,0.0004145077720206,0.0012435233160622,-13633324.543945432,159633.0,6782500.0,7490400.0,-707900.0,14272900.0,0.1442231204961815,0.144794258439711,115000.0,707900.0,2.412,2.41203739266919,2.4150580169554,2.4097779157321373
20230823.0,2.023082313405835e+16,2.412,2.411,2.41,2.409,2.408,45100.0,1952300.0,2789100.0,2300000.0,728500.0,2.194,2.435,2.412,2.406,397100.0,-737500.0,-871000.0,920800.0,110200.0,2.413,2.414,2.415,2.416,2.417,650100.0,1687900.0,3237700.0,1075500.0,636300.0,2.428,2.438,-0.0260000000000002,0.0,794365584.728,328976088.0,2.682,-392500.0,1027500.0,760800.0,-990600.0,99800.0,4.440892098500626e-16,16733.333333313465,240717.60000002384,-0.0010000000000003,4600.0,290000.0,-110200.0,-69800.0,210000.0,0.0020000000000002,0.0009999999999998,2.412,0.0,0.0,5.817743999999999,1.947856646594556e+18,18.0,0.0,2.412,0.0,0.0,1.13931036351822e-05,2.412,2.4125,1341.0,2.412,0.0004145077720206,0.0012435233160622,0.0,159633.0,7287500.0,7815000.0,-527500.0,15102500.0,0.1217649926760547,0.1224250472908748,99800.0,527500.0,2.412000000000239,2.4120648734177217,2.41491217838765,2.409780614203455
20230823.0,2.023082313415804e+16,2.414,2.413,2.412,2.411,2.41,100.0,3655400.0,2053700.0,1223500.0,668300.0,2.194,2.435,2.414,2.406,805100.0,5521300.0,4313800.0,2980300.0,1014900.0,2.415,2.416,2.417,2.418,2.419,805000.0,1865900.0,2260100.0,1756800.0,346600.0,2.428,2.438,-0.024,0.0020000000000002,796332241.728,329790888.0,2.682,-805000.0,-1865900.0,-2260100.0,-1756800.0,-346600.0,0.00035,208840.0,1966657.0,-0.0009999999999998,100.0,3655400.0,2053700.0,1223500.0,668300.0,0.0020000000000002,0.0010000000000003,2.414,2.0,0.0,5.825706750000004,2.170814916291416e+18,15.0,5.0,2.414,0.0002499999999998,427975.0,0.0008019995151883,2.412,2.4145000000000003,1342.0,2.412,0.0004141644232759,0.0012424932698281,27290162.50481423,159633.0,7034400.0,7601000.0,-566600.0,14635400.0,0.1330734940365513,0.1410222759787345,814800.0,566600.0,2.413668384879725,2.414000124208173,2.41685415955874,2.4121441257729246
20230823.0,2.023082313425797e+16,2.413,2.412,2.411,2.41,2.409,1221500.0,2703600.0,2053700.0,1515300.0,349700.0,2.194,2.435,2.414,2.406,-1651600.0,-4524100.0,-4625800.0,-3448800.0,-801100.0,2.414,2.415,2.416,2.417,2.418,430100.0,1820500.0,2572100.0,1933500.0,451400.0,2.428,2.438,-0.024,0.0,796332724.528,329791088.0,2.682,430100.0,1820500.0,2572100.0,1933500.0,451400.0,0.0,66.66666668653488,482.7999999523163,-0.0009999999999998,-1221500.0,-2703600.0,-2053700.0,-1515300.0,-349700.0,0.0019999999999997,0.0009999999999998,2.414,0.0,0.0,5.827396000000001,1.957718119537656e+18,0.0,0.0,2.414,0.0,200.0,-0.0001079338853932,2.414,2.4135,1343.0,2.414,0.0004143360265176,0.0012430080795525,0.0,159633.0,7207600.0,7843800.0,-636200.0,15051400.0,0.1064010273076942,0.1112347349584908,200.0,636200.0,2.413999999761581,2.4137395858561392,2.416021588323437,2.4113737856651114
20230823.0,2.023082313435796e+16,2.412,2.411,2.41,2.409,2.408,353600.0,3662300.0,2126600.0,1316600.0,358400.0,2.194,2.435,2.413,2.406,-782900.0,-4909900.0,-3734600.0,-4564300.0,-944700.0,2.413,2.414,2.415,2.416,2.417,429300.0,1247600.0,1608000.0,3247700.0,586300.0,2.428,2.438,-0.0250000000000003,-0.0010000000000003,797110193.128,330113288.0,2.682,429300.0,1247600.0,1608000.0,3247700.0,586300.0,0.0002500000000003,31255.0,777468.6000000238,-0.0010000000000003,-353600.0,-3662300.0,-2126600.0,-1316600.0,-358400.0,0.0020000000000002,0.0009999999999998,2.413,0.0,1.0,5.823775750000001,2.1761518489320945e+18,5.0,15.0,2.414,0.0002499999999998,9400.0,-0.000533725961591,2.413,2.4125,1344.0,2.414,0.0004145077720206,0.0012435233160622,-13668822.54455492,159633.0,7118900.0,7817500.0,-698600.0,14936400.0,0.1075592283885426,0.1124595815646941,322200.0,698600.0,2.413000000000074,2.412451654106527,2.415325064265547,2.4102988295490886
20230823.0,2.0230823134458016e+16,2.412,2.411,2.41,2.409,2.408,1223600.0,2512300.0,2399600.0,1233500.0,358400.0,2.194,2.435,2.413,2.406,749300.0,-1380400.0,655900.0,24100.0,0.0,2.413,2.414,2.415,2.416,2.417,550000.0,1478000.0,1225100.0,3140500.0,586300.0,2.428,2.438,-0.0250000000000003,0.0,797279827.028,330183588.0,2.682,120700.0,230400.0,-382900.0,-107200.0,0.0,0.0,34140.0,169633.89999997616,-0.0010000000000003,870000.0,-1150000.0,273000.0,-83100.0,0.0,0.0020000000000002,0.0009999999999998,2.413,0.0,0.0,5.8225690000000005,2.179973176911982e+18,0.0,0.0,2.413,0.0,50200.0,9.875032571871056e-05,2.413,2.4125,1345.0,2.413,0.0004145077720206,0.0012435233160622,0.0,159633.0,6979900.0,7727400.0,-747500.0,14707300.0,0.1329915624206233,0.1261370363986707,70300.0,747500.0,2.412999999999661,2.412689896256202,2.415248585223284,2.4103894194683853
20230823.0,2.023082313455799e+16,2.413,2.412,2.411,2.41,2.409,10100.0,3285100.0,2145400.0,1458600.0,591500.0,2.194,2.435,2.413,2.406,990600.0,4917600.0,5316100.0,2524700.0,951700.0,2.414,2.415,2.416,2.417,2.418,980500.0,1632500.0,3170700.0,1066100.0,360200.0,2.428,2.438,-0.0250000000000003,0.0,797292374.628,330188788.0,2.682,-980500.0,-1632500.0,-3170700.0,-1066100.0,-360200.0,8.881784197001252e-16,2015.0,12547.600000023842,-0.0009999999999998,10100.0,3285100.0,2145400.0,1458600.0,591500.0,0.0019999999999997,0.0009999999999998,2.413,0.0,0.0,5.822569,2.1804506486913183e+18,20.0,0.0,2.413,0.0,5000.0,0.0001327474062041,2.413,2.4135,1346.0,2.413,0.0004143360265176,0.0012430080795525,0.0,159633.0,7210000.0,7490700.0,-280700.0,14700700.0,0.1363807321554044,0.0899548965330106,5200.0,280700.0,2.413000000004585,2.4130101958409043,2.415749375866852,2.4110886032013026
20230823.0,2.023082313465813e+16,2.415,2.414,2.413,2.412,2.411,3819900.0,2264200.0,1424900.0,398200.0,222300.0,2.194,2.435,2.416,2.406,4488700.0,4106600.0,2537800.0,3125300.0,628500.0,2.417,2.418,2.419,2.42,2.421,668800.0,1842400.0,1112900.0,2727100.0,406200.0,2.428,2.438,-0.0220000000000002,0.0030000000000001,806987929.328,334201488.0,2.682,-668800.0,-1842400.0,-1112900.0,-2727100.0,-406200.0,0.0014499999999992,1836540.0,9695554.699999928,-0.0010000000000003,3819900.0,2264200.0,1424900.0,398200.0,222300.0,0.0020000000000002,0.0009999999999998,2.416,4.0,1.0,5.834883749999998,2.20488269057628e+18,11.0,9.0,2.417,0.0029999999999996,3803000.0,0.0015287917729126,2.413,2.416,1347.0,2.413,0.0008278145695363,0.0016556291390728,41049629.657690674,159633.0,6757400.0,8129500.0,-1372100.0,14886900.0,0.1627628206822755,0.1554097179210736,4012700.0,1372100.0,2.416217185436222,2.416702007262681,2.419053200935271,2.414114607294422
20230823.0,2.023082313475801e+16,2.416,2.415,2.414,2.413,2.412,11600.0,1699900.0,2882700.0,2196400.0,647700.0,2.194,2.435,2.417,2.406,-824700.0,2462400.0,2510500.0,3178600.0,597700.0,2.417,2.418,2.419,2.42,2.421,1505100.0,1079900.0,1485100.0,1744900.0,456200.0,2.428,2.438,-0.0210000000000003,0.0009999999999998,807295244.928,334328688.0,2.682,836300.0,-762500.0,372200.0,-982200.0,50000.0,4.999999999988347e-05,19760.0,307315.60000002384,-0.0010000000000003,11600.0,1699900.0,2882700.0,2196400.0,647700.0,0.0020000000000002,0.0009999999999998,2.417,1.0,0.0,5.837297649999998,2.2347453740700367e+18,1.0,19.0,2.417,0.0,40425.0,-0.000287358080004,2.416,2.4165,1348.0,2.416,0.0004138216428718,0.0012414649286158,13832382.62308495,159633.0,6271200.0,7438300.0,-1167100.0,13709500.0,0.1606789914335106,0.1461106629018733,127200.0,1167100.0,2.416003144654276,2.4160076481835566,2.4187715269804824,2.4137622171732787
20230823.0,2.023082313480706e+16,2.415,2.414,2.413,2.412,2.411,130000.0,2462900.0,1959200.0,2136600.0,965400.0,2.194,2.435,2.415,2.406,-1159200.0,-3550500.0,-4740000.0,-3157800.0,-1404500.0,2.416,2.417,2.418,2.419,2.42,1029200.0,1087600.0,2780800.0,1021200.0,439100.0,2.428,2.438,-0.0230000000000001,-0.0019999999999997,808349912.128,334765388.0,2.682,1029200.0,1087600.0,2780800.0,1021200.0,439100.0,0.0003333333333332,133333.3333333135,1054667.2000000477,-0.0009999999999998,-130000.0,-2462900.0,-1959200.0,-2136600.0,-965400.0,0.0019999999999997,0.0009999999999998,2.415,0.0,1.0,5.835445666666666,3.3566829038757165e+17,2.0,1.0,2.416,0.0005000000000001,200000.0,-0.0003707222855601,2.415,2.4155,1349.0,2.416,0.0004139929621195,0.0012419788863587,-13861920.828155825,159633.0,6357900.0,7654100.0,-1296200.0,14012000.0,0.159974730727384,0.148300907430593,436700.0,1296200.0,2.415084039386416,2.4151121463077985,2.4178039289702573,2.412824342509244
0.0,0.0,0.0,0.0,0.0,0.0,0.0,0.0,0.0,0.0,0.0,0.0,0.0,0.0,0.0,0.0,0.0,0.0,0.0,0.0,0.0,0.0,0.0,0.0,0.0,0.0,0.0,0.0,0.0,0.0,0.0,0.0,0.0,0.0,0.0,0.0,0.0,0.0,0.0,0.0,0.0,0.0,0.0,0.0,0.0,0.0,0.0,0.0,0.0,0.0,0.0,0.0,0.0,0.0,0.0,0.0,0.0,0.0,0.0,0.0,0.0,0.0,0.0,0.0,0.0,0.0,0.0,0.0,0.0,0.0,0.0,0.0,0.0,0.0,0.0,0.0,0.0,0.0,0.0,0.0,0.0,0.0,0.0,0.0,0.0
20230823.0,2.023082313505525e+16,2.413,2.412,2.411,2.41,2.409,40000.0,3693500.0,2222200.0,1318800.0,399700.0,2.194,2.435,2.413,2.406,-607500.0,-5676100.0,-4842500.0,-2983500.0,-875900.0,2.414,2.415,2.416,2.417,2.418,567500.0,1982600.0,2620300.0,1664700.0,476200.0,2.428,2.438,-0.0250000000000003,-0.0020000000000002,809822339.128,335375188.0,2.682,567500.0,1982600.0,2620300.0,1664700.0,476200.0,0.0,0.0,1472427.0,-0.0009999999999998,-40000.0,-3693500.0,-2222200.0,-1318800.0,-399700.0,0.0019999999999997,0.0009999999999998,2.413,0.0,0.0,5.822568999999999,2.249530334520707e+17,0.0,0.0,2.413,0.0,0.0,-0.0008476501128135,2.413,2.4135,1351.0,2.413,0.0004143360265176,0.0012430080795525,0.0,159633.0,7311300.0,7674200.0,-362900.0,14985500.0,0.2020534846455582,0.2338566418905705,609800.0,362900.0,2.4146064283371595,2.413065843621399,2.4159315443218032,2.41121569675015
20230823.0,2.0230823135113264e+16,2.413,2.412,2.411,2.41,2.409,3259900.0,1844500.0,1426700.0,524300.0,686900.0,2.194,2.435,2.414,2.406,3775000.0,-591500.0,112000.0,-238700.0,-1653600.0,2.414,2.415,2.416,2.417,2.418,12400.0,725100.0,1712800.0,1108900.0,2417000.0,2.428,2.438,-0.024,0.0010000000000003,810106466.928,335492888.0,2.682,-555100.0,-1257500.0,-907500.0,-555800.0,1940800.0,0.0002000000000004,31060.0,284127.7999999523,-0.0009999999999998,3219900.0,-1849000.0,-795500.0,-794500.0,287200.0,0.0019999999999997,0.0009999999999998,2.414,1.0,0.0,5.8264306,5.626732006689399e+17,4.0,1.0,2.414,0.0,37600.0,0.0003854796130872,2.413,2.4135,1352.0,2.413,0.0004143360265176,0.0012430080795525,13896242.253525766,159633.0,5976200.0,7742300.0,-1766100.0,13718500.0,0.2177192409953546,0.1646834141049097,117700.0,1766100.0,2.4139999999995947,2.413996210616386,2.416868946822396,2.411835178177028
0.0,0.0,0.0,0.0,0.0,0.0,0.0,0.0,0.0,0.0,0.0,0.0,0.0,0.0,0.0,0.0,0.0,0.0,0.0,0.0,0.0,0.0,0.0,0.0,0.0,0.0,0.0,0.0,0.0,0.0,0.0,0.0,0.0,0.0,0.0,0.0,0.0,0.0,0.0,0.0,0.0,0.0,0.0,0.0,0.0,0.0,0.0,0.0,0.0,0.0,0.0,0.0,0.0,0.0,0.0,0.0,0.0,0.0,0.0,0.0,0.0,0.0,0.0,0.0,0.0,0.0,0.0,0.0,0.0,0.0,0.0,0.0,0.0,0.0,0.0,0.0,0.0,0.0,0.0,0.0,0.0,0.0,0.0,0.0,0.0
20230823.0,2.023082313535888e+16,2.416,2.415,2.414,2.413,2.412,117700.0,3627100.0,2274800.0,1073200.0,487600.0,2.194,2.435,2.417,2.406,1150200.0,4899900.0,3310000.0,4268000.0,888800.0,2.417,2.418,2.419,2.42,2.421,1032500.0,1272800.0,1035200.0,3194800.0,401200.0,2.428,2.438,-0.0210000000000003,0.0029999999999996,811693050.728,336149788.0,2.682,-1032500.0,-1272800.0,-1035200.0,-3194800.0,-401200.0,0.0009000000000001,7235.0,1586583.8000000715,-0.0010000000000003,117700.0,3627100.0,2274800.0,1073200.0,487600.0,0.0020000000000002,0.0009999999999998,2.417,2.0,0.0,5.836573599999999,2.2595311177861773e+18,11.0,9.0,2.417,0.0019999999999997,10100.0,0.0008720813991394,2.415,2.4165,1354.0,2.415,0.0004138216428718,0.0012414649286158,27819126.99134136,159633.0,6936500.0,7580400.0,-643900.0,14516900.0,0.1897952276175748,0.1719424869954641,656900.0,643900.0,2.4152592479830592,2.41610233002956,2.41909506235133,2.4142393145480447
20230823.0,2.023082313545861e+16,2.417,2.416,2.415,2.414,2.413,3037100.0,2340100.0,1488700.0,576600.0,223300.0,2.194,2.435,2.418,2.406,3062100.0,3433100.0,3009100.0,4201600.0,783600.0,2.418,2.419,2.42,2.421,2.422,25000.0,1093000.0,1520400.0,3625000.0,560300.0,2.428,2.438,-0.02,0.0010000000000003,812134686.828,336332488.0,2.682,-25000.0,-1093000.0,-1520400.0,-3625000.0,-560300.0,0.00035,5940.0,441636.09999990463,-0.0009999999999998,3037100.0,2340100.0,1488700.0,576600.0,223300.0,0.0019999999999997,0.0009999999999998,2.418,1.0,0.0,5.843581250000001,2.2617954740284275e+18,7.0,13.0,2.418,0.0010000000000003,25200.0,0.0007817413853483,2.417,2.4175,1355.0,2.417,0.0004136504653569,0.0012409513960703,13907460.215058409,159633.0,6823700.0,7665800.0,-842100.0,14489500.0,0.1999863615793122,0.1771774289916552,182700.0,842100.0,2.4172747673776938,2.4179918356683325,2.4205279540425284,2.415964165514362
0.0,0.0,0.0,0.0,0.0,0.0,0.0,0.0,0.0,0.0,0.0,0.0,0.0,0.0,0.0,0.0,0.0,0.0,0.0,0.0,0.0,0.0,0.0,0.0,0.0,0.0,0.0,0.0,0.0,0.0,0.0,0.0,0.0,0.0,0.0,0.0,0.0,0.0,0.0,0.0,0.0,0.0,0.0,0.0,0.0,0.0,0.0,0.0,0.0,0.0,0.0,0.0,0.0,0.0,0.0,0.0,0.0,0.0,0.0,0.0,0.0,0.0,0.0,0.0,0.0,0.0,0.0,0.0,0.0,0.0,0.0,0.0,0.0,0.0,0.0,0.0,0.0,0.0,0.0,0.0,0.0,0.0,0.0,0.0,0.0
20230823.0,2.0230823135657984e+16,2.42,2.419,2.418,2.417,2.416,897400.0,3252500.0,2294300.0,646500.0,470100.0,2.194,2.435,2.421,2.406,847400.0,1198600.0,64700.0,-972300.0,-1078600.0,2.421,2.422,2.423,2.424,2.425,45000.0,2670900.0,1335300.0,2477200.0,1515600.0,2.428,2.438,-0.0170000000000003,0.0009999999999998,818090227.828,338792188.0,2.682,40000.0,203400.0,-332500.0,-121900.0,1215800.0,0.0001666666666664,58400.0,525239.0,-0.0010000000000003,887400.0,1402000.0,-267800.0,-1094200.0,137200.0,0.0020000000000002,0.0009999999999998,2.421,1.0,1.0,5.862048166666666,2.0652881033673231e+18,3.0,15.0,2.422,0.0,113625.0,0.0001179700072049,2.421,2.4205,1357.0,2.421,0.00041313778145,0.0012394133443503,-9869.183933187276,159633.0,8044000.0,7560800.0,483200.0,15604800.0,0.1878799094476465,0.2054176369620598,216900.0,483200.0,2.421572153065929,2.420952249575552,2.4233415589259075,2.4184577028885834
20230823.0,2.0230823135754948e+16,2.418,2.417,2.416,2.415,2.414,2257100.0,2370100.0,2271200.0,619900.0,73500.0,2.194,2.435,2.419,2.406,-2787100.0,-4246200.0,-4061100.0,-3043500.0,-1327700.0,2.419,2.42,2.421,2.422,2.423,530000.0,1876100.0,1789900.0,2423600.0,1254200.0,2.428,2.438,-0.0190000000000001,-0.0019999999999997,823151550.128,340884188.0,2.682,530000.0,1876100.0,1789900.0,2423600.0,1254200.0,0.0002857142857144,277907.14285713434,5061322.300000072,-0.0009999999999998,-2257100.0,-2370100.0,-2271200.0,-619900.0,-73500.0,0.0020000000000002,0.0010000000000003,2.419,0.0,2.0,5.852943714285716,1.6194166056971438e+18,3.0,11.0,2.421,0.0,150250.0,-0.0008853375408067,2.419,2.4185,1358.0,2.421,0.0004134794293983,0.0012404382881952,-28085298.623019192,159633.0,7873800.0,7591800.0,282000.0,15465600.0,0.184921706309966,0.2027614344113009,2092000.0,282000.0,2.419370124283017,2.4188098381830576,2.421253486245523,2.4168057904581257
20230823.0,2.0230823135854944e+16,2.421,2.42,2.419,2.418,2.417,12700.0,2985000.0,3079800.0,1486300.0,719700.0,2.194,2.435,2.421,2.406,1390000.0,5717200.0,5650200.0,3229400.0,1136500.0,2.422,2.423,2.424,2.425,2.426,1377300.0,2732200.0,2570400.0,1743100.0,416800.0,2.428,2.438,-0.0170000000000003,0.0019999999999997,830337343.628,343853088.0,2.682,-1377300.0,-2732200.0,-2570400.0,-1743100.0,-416800.0,0.0004736842105264,752210.5263158083,7185793.5,-0.0009999999999998,12700.0,2985000.0,3079800.0,1486300.0,719700.0,0.0019999999999997,0.0009999999999998,2.421,3.0,1.0,5.858948421052628,2.2346980138221745e+18,13.0,6.0,2.422,0.0009999999999998,1469400.0,0.0009138736549572,2.419,2.4215,1359.0,2.419,0.0004129671691101,0.0012389015073302,28299132.86696787,159633.0,8839800.0,8283500.0,556300.0,17123300.0,0.1967557873399221,0.2141287547144076,2968900.0,556300.0,2.420355518879046,2.4210091366906474,2.42367079571936,2.4190102251463754
20230823.0,2.023082313595496e+16,2.419,2.418,2.417,2.416,2.415,70100.0,3185200.0,3041100.0,1167000.0,333200.0,2.194,2.435,2.42,2.406,-937500.0,-4828500.0,-5308900.0,-2771700.0,-1531000.0,2.42,2.421,2.422,2.423,2.424,867400.0,1643300.0,2267800.0,1604700.0,1197800.0,2.428,2.438,-0.0180000000000002,-0.0009999999999998,831390582.728,344288288.0,2.682,867400.0,1643300.0,2267800.0,1604700.0,1197800.0,0.0004210526315788,197742.1052631736,1053239.1000000238,-0.0009999999999998,-70100.0,-3185200.0,-3041100.0,-1167000.0,-333200.0,0.0019999999999997,0.0009999999999998,2.42,0.0,1.0,5.859202684210523,2.249049287661799e+18,11.0,8.0,2.421,0.0009999999999998,435200.0,-0.0007955750240871,2.42,2.4195,1400.0,2.421,0.0004133085348211,0.0012399256044635,-14226788.760329012,159633.0,7581000.0,7796600.0,-215600.0,15377600.0,0.1863332497061936,0.1936523983442001,435200.0,215600.0,2.420126608455937,2.419074773333333,2.422082073605065,2.4171913654669983
20230823.0,2.0230823140054976e+16,2.417,2.416,2.415,2.414,2.413,2852400.0,2830000.0,1271500.0,470500.0,5756300.0,2.194,2.435,2.418,2.406,-3852400.0,-3900100.0,-2743600.0,-1749000.0,-7502500.0,2.418,2.419,2.42,2.421,2.422,1000000.0,1070100.0,1472100.0,1278500.0,1746200.0,2.428,2.438,-0.02,-0.0009999999999998,840046606.228,347868988.0,2.682,1000000.0,1070100.0,1472100.0,1278500.0,1746200.0,4.440892098500626e-16,1453363.1578947306,8485241.600000024,-0.0009999999999998,-2852400.0,-2830000.0,-1271500.0,-470500.0,-5756300.0,0.0019999999999997,0.0009999999999998,2.418,2.0,3.0,5.846724421052632,2.2798664302310705e+18,15.0,4.0,2.419,0.0,2742550.0,-0.0004603124474534,2.417,2.4175,1401.0,2.419,0.0004136504653569,0.0012409513960703,-14170422.24787869,159633.0,6566900.0,13180700.0,-6613800.0,19747600.0,0.1895233048428857,0.194786580206393,3510100.0,6613800.0,2.417378878094648,2.417740421555394,2.420258995873243,2.4147383826352167
20230823.0,2.0230823140158004e+16,2.415,2.414,2.413,2.412,2.411,80200.0,2283300.0,9034500.0,2421700.0,295400.0,2.194,2.435,2.416,2.406,-1326000.0,-3433300.0,-10072400.0,-4350100.0,-736600.0,2.416,2.417,2.418,2.419,2.42,1245800.0,1150000.0,1037900.0,1928400.0,441200.0,2.428,2.438,-0.0220000000000002,-0.0020000000000002,843283257.028,349209188.0,2.682,1245800.0,1150000.0,1037900.0,1928400.0,441200.0,0.0008499999999997,486265.0,3236650.7999999523,-0.0009999999999998,-80200.0,-2283300.0,-9034500.0,-2421700.0,-295400.0,0.0019999999999997,0.0009999999999998,2.416,2.0,4.0,5.83633265,2.4288431976167537e+18,12.0,8.0,2.418,0.0019999999999997,1096200.0,-0.0011094097610168,2.414,2.4155,1402.0,2.418,0.0004139929621195,0.0012419788863587,-28758752.80804976,159633.0,5803300.0,14115100.0,-8311800.0,19918400.0,0.1876456015509048,0.1977771005282651,1340200.0,8311800.0,2.415050589464224,2.4150604826546003,2.417856840073751,2.412959702729701
20230823.0,2.0230823140257904e+16,2.414,2.413,2.412,2.411,2.41,128300.0,5995400.0,2494700.0,2653900.0,1725900.0,2.194,2.435,2.414,2.406,-1955800.0,-7718800.0,-4846000.0,-3100200.0,-2891700.0,2.415,2.416,2.417,2.418,2.419,1827500.0,1723400.0,2351300.0,446300.0,1165800.0,2.428,2.438,-0.024,-0.0019999999999997,850026757.728,352002788.0,2.682,1827500.0,1723400.0,2351300.0,446300.0,1165800.0,0.0007000000000001,616445.0,6743500.700000048,-0.0009999999999998,-128300.0,-5995400.0,-2494700.0,-2653900.0,-1725900.0,0.0020000000000002,0.0010000000000003,2.414,2.0,3.0,5.828845300000003,2.449857513031032e+18,8.0,12.0,2.416,0.0009999999999998,788100.0,-0.0004120343503655,2.413,2.4145000000000003,1403.0,2.415,0.0004141644232759,0.0012424932698281,-14433286.357835095,159633.0,7514300.0,12998200.0,-5483900.0,20512500.0,0.1798171117534024,0.1801319262695107,2793600.0,5483900.0,2.413910617124874,2.414065599754576,2.416653926513448,2.4120112554045945
20230823.0,2.0230823140357988e+16,2.413,2.412,2.411,2.41,2.409,4607900.0,1844600.0,2225200.0,2754700.0,1349700.0,2.194,2.435,2.413,2.406,-5836200.0,-3462100.0,-4540000.0,-3714600.0,-1746000.0,2.414,2.415,2.416,2.417,2.418,1228300.0,1617500.0,2314800.0,959900.0,396300.0,2.428,2.438,-0.0250000000000003,-0.0010000000000003,851543939.528,352631488.0,2.682,1228300.0,1617500.0,2314800.0,959900.0,396300.0,0.0002142857142852,99257.14285713434,1517181.7999999523,-0.0009999999999998,-4607900.0,-1844600.0,-2225200.0,-2754700.0,-1349700.0,0.0019999999999997,0.0009999999999998,2.413,0.0,1.0,5.826361642857144,1.7369286364265882e+18,11.0,3.0,2.414,0.0,300.0,-0.0001143621894695,2.413,2.4135,1404.0,2.414,0.0004143360265176,0.0012430080795525,-14613820.472445829,159633.0,6516800.0,12782100.0,-6265300.0,19298900.0,0.1622848412665054,0.1733714404121133,628700.0,6265300.0,2.413204708127807,2.4137895377128955,2.415643751534496,2.411438605549949
20230823.0,2.023082314045787e+16,2.413,2.412,2.411,2.41,2.409,675400.0,1144700.0,1222200.0,2159100.0,2549700.0,2.194,2.435,2.413,2.406,-4114000.0,-1099900.0,-355800.0,-92800.0,189100.0,2.414,2.415,2.416,2.417,2.418,1409800.0,2017500.0,1667600.0,457100.0,1407200.0,2.428,2.438,-0.0250000000000003,0.0,861035233.728,356564888.0,2.682,181500.0,400000.0,-647200.0,-502800.0,1010900.0,8.881784197001252e-16,699557.8947368264,9491294.200000048,-0.0009999999999998,-3932500.0,-699900.0,-1003000.0,-595600.0,1200000.0,0.0019999999999997,0.0009999999999998,2.413,0.0,0.0,5.8225690000000005,2.3918709224005345e+18,19.0,0.0,2.413,0.0,1107200.0,-0.0001929252072381,2.413,2.4135,1405.0,2.413,0.0004143360265176,0.0012430080795525,0.0,159633.0,6959200.0,7751100.0,-791900.0,14710300.0,0.1055521536079596,0.1148069938252962,3933400.0,791900.0,2.413000000000012,2.4133239017840014,2.415775031612829,2.410385506573261
20230823.0,2.023082314055789e+16,2.412,2.411,2.41,2.409,2.408,29800.0,912300.0,1671700.0,3803800.0,1508300.0,2.194,2.435,2.413,2.406,-1031855.0,-3212100.0,-3052200.0,-4465600.0,-2900400.0,2.413,2.414,2.415,2.416,2.417,1002055.0,2299800.0,1380500.0,661800.0,1392100.0,2.428,2.438,-0.0250000000000003,0.0,863147548.928,357440288.0,2.682,1002055.0,2299800.0,1380500.0,661800.0,1392100.0,0.0,31240.0,2112315.1999999285,-0.0010000000000003,-29800.0,-912300.0,-1671700.0,-3803800.0,-1508300.0,0.0020000000000002,0.0009999999999998,2.413,0.0,0.0,5.822569,2.5548246529366743e+18,0.0,0.0,2.413,0.0,25.0,-0.0005367573509763,2.413,2.4125,1406.0,2.413,0.0004145077720206,0.0012435233160622,0.0,159633.0,6736255.0,7925900.0,-1189645.0,14662155.0,0.08115684548742,0.0867906403580759,875400.0,1189645.0,2.412971441626603,2.412028880026748,2.4148726428854013,2.409262102726504
20230823.0,2.023082314065792e+16,2.412,2.411,2.41,2.409,2.408,30200.0,912300.0,2071700.0,1403800.0,2611900.0,2.194,2.435,2.413,2.406,208655.0,-100000.0,300000.0,-2300000.0,1033500.0,2.413,2.414,2.415,2.416,2.417,793800.0,2399800.0,1480500.0,561800.0,1462200.0,2.428,2.438,-0.0250000000000003,0.0,863866273.043,357738143.0,2.682,-208255.0,100000.0,100000.0,-100000.0,70100.0,0.0,105366.0,718724.1150000095,-0.0010000000000003,400.0,0.0,400000.0,-2400000.0,1103600.0,0.0020000000000002,0.0009999999999998,2.413,0.0,0.0,5.822569,2.55802440734229e+18,0.0,0.0,2.413,0.0,245525.0,3.2215394419887744e-06,2.413,2.4125,1407.0,2.413,0.0004145077720206,0.0012435233160622,0.0,159633.0,6698100.0,7029900.0,-331800.0,13728000.0,0.0894481705799008,0.0895659200728029,297855.0,331800.0,2.413000000000032,2.4120366504854367,2.4149251728102,2.4091955931094327
20230823.0,2.023082314075488e+16,2.413,2.412,2.411,2.41,2.409,25000.0,836446.0,1162300.0,1204800.0,2713500.0,2.194,2.435,2.413,2.406,1894800.0,2714046.0,2406900.0,2596900.0,2938600.0,2.414,2.415,2.416,2.417,2.418,1869800.0,1877600.0,1244600.0,1392100.0,225100.0,2.428,2.438,-0.0250000000000003,0.0,867873427.591,359398797.0,2.682,-1869800.0,-1877600.0,-1244600.0,-1392100.0,-225100.0,0.0,204250.9230769277,4007154.547999978,-0.0009999999999998,25000.0,836446.0,1162300.0,1204800.0,2713500.0,0.0019999999999997,0.0009999999999998,2.413,0.0,0.0,5.8225690000000005,1.6748679744273004e+18,0.0,0.0,2.413,0.0,251300.0,0.0004047807023822,2.413,2.4135,1408.0,2.413,0.0004143360265176,0.0012430080795525,0.0,159633.0,6609200.0,5942046.0,667154.0,12551246.0,0.0818179845271943,0.0789345357988565,1660654.0,667154.0,2.412997859879287,2.413013194004644,2.4154288416147187,2.4100331017296064
20230823.0,2.0230823140854976e+16,2.411,2.41,2.409,2.408,2.407,32500.0,1520300.0,1291300.0,2850400.0,1533100.0,2.194,2.435,2.411,2.406,-275000.0,-4215200.0,-3125600.0,-4365800.0,-2047700.0,2.412,2.413,2.414,2.415,2.416,242500.0,2694900.0,1834300.0,1515400.0,514600.0,2.428,2.438,-0.0270000000000001,-0.0019999999999997,869410241.191,360035997.0,2.682,242500.0,2694900.0,1834300.0,1515400.0,514600.0,0.0003999999999999,119500.0,1455978.1000000238,-0.0009999999999998,-32500.0,-1520300.0,-1291300.0,-2850400.0,-1533100.0,0.0019999999999997,0.0009999999999998,2.411,0.0,1.0,5.814850600000001,1.2953994134000102e+18,2.0,8.0,2.413,0.0,3750.0,-0.000782536287598,2.411,2.4115,1409.0,2.413,0.0004146796599626,0.0012440389798878,-29865698.631270044,159633.0,6801700.0,7227600.0,-425900.0,14029300.0,0.1086747646878314,0.1179556565347169,603700.0,425900.0,2.4117576610899847,2.411118181818182,2.413906596880192,2.408400727765787
