TradeDate,OrigTime,BidPx1,BidPx2,BidPx3,BidPx4,BidPx5,BidSize1,BidSize2,BidSize3,BidSize4,BidSize5,DownLimitPx,HighPx,LastPx,LowPx,OFI1,OFI2,OFI3,OFI4,OFI5,OfferPx1,OfferPx2,OfferPx3,OfferPx4,OfferPx5,OfferSize1,OfferSize2,OfferSize3,OfferSize4,OfferSize5,OpenPx,PreClosePx,PxChange1,PxChange2,TotalValueTrade,TotalVolumeTrade,UpLimitPx,aOF1,aOF2,aOF3,aOF4,aOF5,abs_diff,abs_diff_v,amount,ask_spread,bOF1,bOF2,bOF3,bOF4,bOF5,bid_ask_spread,bid_spread,close,df_max,df_min,energy,energy_v,f_max,f_min,high,iqr_p,iqr_p_v,log_return,low,mid,minute,open,price_spread,price_spread2,tendency,ticker,total_ask_qty,total_bid_qty,total_qty_diff,total_volume,volatility,volatility_QMLE,volume,volume_imbalance,vwap,wap1,weighted_ask_prc,weighted_bid_prc
0.0,0.0,0.0,0.0,0.0,0.0,0.0,0.0,0.0,0.0,0.0,0.0,0.0,0.0,0.0,0.0,0.0,0.0,0.0,0.0,0.0,0.0,0.0,0.0,0.0,0.0,0.0,0.0,0.0,0.0,0.0,0.0,0.0,0.0,0.0,0.0,0.0,0.0,0.0,0.0,0.0,0.0,0.0,0.0,0.0,0.0,0.0,0.0,0.0,0.0,0.0,0.0,0.0,0.0,0.0,0.0,0.0,0.0,0.0,0.0,0.0,0.0,0.0,0.0,0.0,0.0,0.0,0.0,0.0,0.0,0.0,0.0,0.0,0.0,0.0,0.0,0.0,0.0,0.0,0.0,0.0,0.0,0.0,0.0,0.0
0.0,0.0,0.0,0.0,0.0,0.0,0.0,0.0,0.0,0.0,0.0,0.0,0.0,0.0,0.0,0.0,0.0,0.0,0.0,0.0,0.0,0.0,0.0,0.0,0.0,0.0,0.0,0.0,0.0,0.0,0.0,0.0,0.0,0.0,0.0,0.0,0.0,0.0,0.0,0.0,0.0,0.0,0.0,0.0,0.0,0.0,0.0,0.0,0.0,0.0,0.0,0.0,0.0,0.0,0.0,0.0,0.0,0.0,0.0,0.0,0.0,0.0,0.0,0.0,0.0,0.0,0.0,0.0,0.0,0.0,0.0,0.0,0.0,0.0,0.0,0.0,0.0,0.0,0.0,0.0,0.0,0.0,0.0,0.0,0.0
0.0,0.0,0.0,0.0,0.0,0.0,0.0,0.0,0.0,0.0,0.0,0.0,0.0,0.0,0.0,0.0,0.0,0.0,0.0,0.0,0.0,0.0,0.0,0.0,0.0,0.0,0.0,0.0,0.0,0.0,0.0,0.0,0.0,0.0,0.0,0.0,0.0,0.0,0.0,0.0,0.0,0.0,0.0,0.0,0.0,0.0,0.0,0.0,0.0,0.0,0.0,0.0,0.0,0.0,0.0,0.0,0.0,0.0,0.0,0.0,0.0,0.0,0.0,0.0,0.0,0.0,0.0,0.0,0.0,0.0,0.0,0.0,0.0,0.0,0.0,0.0,0.0,0.0,0.0,0.0,0.0,0.0,0.0,0.0,0.0
0.0,0.0,0.0,0.0,0.0,0.0,0.0,0.0,0.0,0.0,0.0,0.0,0.0,0.0,0.0,0.0,0.0,0.0,0.0,0.0,0.0,0.0,0.0,0.0,0.0,0.0,0.0,0.0,0.0,0.0,0.0,0.0,0.0,0.0,0.0,0.0,0.0,0.0,0.0,0.0,0.0,0.0,0.0,0.0,0.0,0.0,0.0,0.0,0.0,0.0,0.0,0.0,0.0,0.0,0.0,0.0,0.0,0.0,0.0,0.0,0.0,0.0,0.0,0.0,0.0,0.0,0.0,0.0,0.0,0.0,0.0,0.0,0.0,0.0,0.0,0.0,0.0,0.0,0.0,0.0,0.0,0.0,0.0,0.0,0.0
0.0,0.0,0.0,0.0,0.0,0.0,0.0,0.0,0.0,0.0,0.0,0.0,0.0,0.0,0.0,0.0,0.0,0.0,0.0,0.0,0.0,0.0,0.0,0.0,0.0,0.0,0.0,0.0,0.0,0.0,0.0,0.0,0.0,0.0,0.0,0.0,0.0,0.0,0.0,0.0,0.0,0.0,0.0,0.0,0.0,0.0,0.0,0.0,0.0,0.0,0.0,0.0,0.0,0.0,0.0,0.0,0.0,0.0,0.0,0.0,0.0,0.0,0.0,0.0,0.0,0.0,0.0,0.0,0.0,0.0,0.0,0.0,0.0,0.0,0.0,0.0,0.0,0.0,0.0,0.0,0.0,0.0,0.0,0.0,0.0
0.0,0.0,0.0,0.0,0.0,0.0,0.0,0.0,0.0,0.0,0.0,0.0,0.0,0.0,0.0,0.0,0.0,0.0,0.0,0.0,0.0,0.0,0.0,0.0,0.0,0.0,0.0,0.0,0.0,0.0,0.0,0.0,0.0,0.0,0.0,0.0,0.0,0.0,0.0,0.0,0.0,0.0,0.0,0.0,0.0,0.0,0.0,0.0,0.0,0.0,0.0,0.0,0.0,0.0,0.0,0.0,0.0,0.0,0.0,0.0,0.0,0.0,0.0,0.0,0.0,0.0,0.0,0.0,0.0,0.0,0.0,0.0,0.0,0.0,0.0,0.0,0.0,0.0,0.0,0.0,0.0,0.0,0.0,0.0,0.0
0.0,0.0,0.0,0.0,0.0,0.0,0.0,0.0,0.0,0.0,0.0,0.0,0.0,0.0,0.0,0.0,0.0,0.0,0.0,0.0,0.0,0.0,0.0,0.0,0.0,0.0,0.0,0.0,0.0,0.0,0.0,0.0,0.0,0.0,0.0,0.0,0.0,0.0,0.0,0.0,0.0,0.0,0.0,0.0,0.0,0.0,0.0,0.0,0.0,0.0,0.0,0.0,0.0,0.0,0.0,0.0,0.0,0.0,0.0,0.0,0.0,0.0,0.0,0.0,0.0,0.0,0.0,0.0,0.0,0.0,0.0,0.0,0.0,0.0,0.0,0.0,0.0,0.0,0.0,0.0,0.0,0.0,0.0,0.0,0.0
0.0,0.0,0.0,0.0,0.0,0.0,0.0,0.0,0.0,0.0,0.0,0.0,0.0,0.0,0.0,0.0,0.0,0.0,0.0,0.0,0.0,0.0,0.0,0.0,0.0,0.0,0.0,0.0,0.0,0.0,0.0,0.0,0.0,0.0,0.0,0.0,0.0,0.0,0.0,0.0,0.0,0.0,0.0,0.0,0.0,0.0,0.0,0.0,0.0,0.0,0.0,0.0,0.0,0.0,0.0,0.0,0.0,0.0,0.0,0.0,0.0,0.0,0.0,0.0,0.0,0.0,0.0,0.0,0.0,0.0,0.0,0.0,0.0,0.0,0.0,0.0,0.0,0.0,0.0,0.0,0.0,0.0,0.0,0.0,0.0
0.0,0.0,0.0,0.0,0.0,0.0,0.0,0.0,0.0,0.0,0.0,0.0,0.0,0.0,0.0,0.0,0.0,0.0,0.0,0.0,0.0,0.0,0.0,0.0,0.0,0.0,0.0,0.0,0.0,0.0,0.0,0.0,0.0,0.0,0.0,0.0,0.0,0.0,0.0,0.0,0.0,0.0,0.0,0.0,0.0,0.0,0.0,0.0,0.0,0.0,0.0,0.0,0.0,0.0,0.0,0.0,0.0,0.0,0.0,0.0,0.0,0.0,0.0,0.0,0.0,0.0,0.0,0.0,0.0,0.0,0.0,0.0,0.0,0.0,0.0,0.0,0.0,0.0,0.0,0.0,0.0,0.0,0.0,0.0,0.0
0.0,0.0,0.0,0.0,0.0,0.0,0.0,0.0,0.0,0.0,0.0,0.0,0.0,0.0,0.0,0.0,0.0,0.0,0.0,0.0,0.0,0.0,0.0,0.0,0.0,0.0,0.0,0.0,0.0,0.0,0.0,0.0,0.0,0.0,0.0,0.0,0.0,0.0,0.0,0.0,0.0,0.0,0.0,0.0,0.0,0.0,0.0,0.0,0.0,0.0,0.0,0.0,0.0,0.0,0.0,0.0,0.0,0.0,0.0,0.0,0.0,0.0,0.0,0.0,0.0,0.0,0.0,0.0,0.0,0.0,0.0,0.0,0.0,0.0,0.0,0.0,0.0,0.0,0.0,0.0,0.0,0.0,0.0,0.0,0.0
0.0,0.0,0.0,0.0,0.0,0.0,0.0,0.0,0.0,0.0,0.0,0.0,0.0,0.0,0.0,0.0,0.0,0.0,0.0,0.0,0.0,0.0,0.0,0.0,0.0,0.0,0.0,0.0,0.0,0.0,0.0,0.0,0.0,0.0,0.0,0.0,0.0,0.0,0.0,0.0,0.0,0.0,0.0,0.0,0.0,0.0,0.0,0.0,0.0,0.0,0.0,0.0,0.0,0.0,0.0,0.0,0.0,0.0,0.0,0.0,0.0,0.0,0.0,0.0,0.0,0.0,0.0,0.0,0.0,0.0,0.0,0.0,0.0,0.0,0.0,0.0,0.0,0.0,0.0,0.0,0.0,0.0,0.0,0.0,0.0
0.0,0.0,0.0,0.0,0.0,0.0,0.0,0.0,0.0,0.0,0.0,0.0,0.0,0.0,0.0,0.0,0.0,0.0,0.0,0.0,0.0,0.0,0.0,0.0,0.0,0.0,0.0,0.0,0.0,0.0,0.0,0.0,0.0,0.0,0.0,0.0,0.0,0.0,0.0,0.0,0.0,0.0,0.0,0.0,0.0,0.0,0.0,0.0,0.0,0.0,0.0,0.0,0.0,0.0,0.0,0.0,0.0,0.0,0.0,0.0,0.0,0.0,0.0,0.0,0.0,0.0,0.0,0.0,0.0,0.0,0.0,0.0,0.0,0.0,0.0,0.0,0.0,0.0,0.0,0.0,0.0,0.0,0.0,0.0,0.0
0.0,0.0,0.0,0.0,0.0,0.0,0.0,0.0,0.0,0.0,0.0,0.0,0.0,0.0,0.0,0.0,0.0,0.0,0.0,0.0,0.0,0.0,0.0,0.0,0.0,0.0,0.0,0.0,0.0,0.0,0.0,0.0,0.0,0.0,0.0,0.0,0.0,0.0,0.0,0.0,0.0,0.0,0.0,0.0,0.0,0.0,0.0,0.0,0.0,0.0,0.0,0.0,0.0,0.0,0.0,0.0,0.0,0.0,0.0,0.0,0.0,0.0,0.0,0.0,0.0,0.0,0.0,0.0,0.0,0.0,0.0,0.0,0.0,0.0,0.0,0.0,0.0,0.0,0.0,0.0,0.0,0.0,0.0,0.0,0.0
0.0,0.0,0.0,0.0,0.0,0.0,0.0,0.0,0.0,0.0,0.0,0.0,0.0,0.0,0.0,0.0,0.0,0.0,0.0,0.0,0.0,0.0,0.0,0.0,0.0,0.0,0.0,0.0,0.0,0.0,0.0,0.0,0.0,0.0,0.0,0.0,0.0,0.0,0.0,0.0,0.0,0.0,0.0,0.0,0.0,0.0,0.0,0.0,0.0,0.0,0.0,0.0,0.0,0.0,0.0,0.0,0.0,0.0,0.0,0.0,0.0,0.0,0.0,0.0,0.0,0.0,0.0,0.0,0.0,0.0,0.0,0.0,0.0,0.0,0.0,0.0,0.0,0.0,0.0,0.0,0.0,0.0,0.0,0.0,0.0
0.0,0.0,0.0,0.0,0.0,0.0,0.0,0.0,0.0,0.0,0.0,0.0,0.0,0.0,0.0,0.0,0.0,0.0,0.0,0.0,0.0,0.0,0.0,0.0,0.0,0.0,0.0,0.0,0.0,0.0,0.0,0.0,0.0,0.0,0.0,0.0,0.0,0.0,0.0,0.0,0.0,0.0,0.0,0.0,0.0,0.0,0.0,0.0,0.0,0.0,0.0,0.0,0.0,0.0,0.0,0.0,0.0,0.0,0.0,0.0,0.0,0.0,0.0,0.0,0.0,0.0,0.0,0.0,0.0,0.0,0.0,0.0,0.0,0.0,0.0,0.0,0.0,0.0,0.0,0.0,0.0,0.0,0.0,0.0,0.0
0.0,0.0,0.0,0.0,0.0,0.0,0.0,0.0,0.0,0.0,0.0,0.0,0.0,0.0,0.0,0.0,0.0,0.0,0.0,0.0,0.0,0.0,0.0,0.0,0.0,0.0,0.0,0.0,0.0,0.0,0.0,0.0,0.0,0.0,0.0,0.0,0.0,0.0,0.0,0.0,0.0,0.0,0.0,0.0,0.0,0.0,0.0,0.0,0.0,0.0,0.0,0.0,0.0,0.0,0.0,0.0,0.0,0.0,0.0,0.0,0.0,0.0,0.0,0.0,0.0,0.0,0.0,0.0,0.0,0.0,0.0,0.0,0.0,0.0,0.0,0.0,0.0,0.0,0.0,0.0,0.0,0.0,0.0,0.0,0.0
0.0,0.0,0.0,0.0,0.0,0.0,0.0,0.0,0.0,0.0,0.0,0.0,0.0,0.0,0.0,0.0,0.0,0.0,0.0,0.0,0.0,0.0,0.0,0.0,0.0,0.0,0.0,0.0,0.0,0.0,0.0,0.0,0.0,0.0,0.0,0.0,0.0,0.0,0.0,0.0,0.0,0.0,0.0,0.0,0.0,0.0,0.0,0.0,0.0,0.0,0.0,0.0,0.0,0.0,0.0,0.0,0.0,0.0,0.0,0.0,0.0,0.0,0.0,0.0,0.0,0.0,0.0,0.0,0.0,0.0,0.0,0.0,0.0,0.0,0.0,0.0,0.0,0.0,0.0,0.0,0.0,0.0,0.0,0.0,0.0
0.0,0.0,0.0,0.0,0.0,0.0,0.0,0.0,0.0,0.0,0.0,0.0,0.0,0.0,0.0,0.0,0.0,0.0,0.0,0.0,0.0,0.0,0.0,0.0,0.0,0.0,0.0,0.0,0.0,0.0,0.0,0.0,0.0,0.0,0.0,0.0,0.0,0.0,0.0,0.0,0.0,0.0,0.0,0.0,0.0,0.0,0.0,0.0,0.0,0.0,0.0,0.0,0.0,0.0,0.0,0.0,0.0,0.0,0.0,0.0,0.0,0.0,0.0,0.0,0.0,0.0,0.0,0.0,0.0,0.0,0.0,0.0,0.0,0.0,0.0,0.0,0.0,0.0,0.0,0.0,0.0,0.0,0.0,0.0,0.0
0.0,0.0,0.0,0.0,0.0,0.0,0.0,0.0,0.0,0.0,0.0,0.0,0.0,0.0,0.0,0.0,0.0,0.0,0.0,0.0,0.0,0.0,0.0,0.0,0.0,0.0,0.0,0.0,0.0,0.0,0.0,0.0,0.0,0.0,0.0,0.0,0.0,0.0,0.0,0.0,0.0,0.0,0.0,0.0,0.0,0.0,0.0,0.0,0.0,0.0,0.0,0.0,0.0,0.0,0.0,0.0,0.0,0.0,0.0,0.0,0.0,0.0,0.0,0.0,0.0,0.0,0.0,0.0,0.0,0.0,0.0,0.0,0.0,0.0,0.0,0.0,0.0,0.0,0.0,0.0,0.0,0.0,0.0,0.0,0.0
0.0,0.0,0.0,0.0,0.0,0.0,0.0,0.0,0.0,0.0,0.0,0.0,0.0,0.0,0.0,0.0,0.0,0.0,0.0,0.0,0.0,0.0,0.0,0.0,0.0,0.0,0.0,0.0,0.0,0.0,0.0,0.0,0.0,0.0,0.0,0.0,0.0,0.0,0.0,0.0,0.0,0.0,0.0,0.0,0.0,0.0,0.0,0.0,0.0,0.0,0.0,0.0,0.0,0.0,0.0,0.0,0.0,0.0,0.0,0.0,0.0,0.0,0.0,0.0,0.0,0.0,0.0,0.0,0.0,0.0,0.0,0.0,0.0,0.0,0.0,0.0,0.0,0.0,0.0,0.0,0.0,0.0,0.0,0.0,0.0
0.0,0.0,0.0,0.0,0.0,0.0,0.0,0.0,0.0,0.0,0.0,0.0,0.0,0.0,0.0,0.0,0.0,0.0,0.0,0.0,0.0,0.0,0.0,0.0,0.0,0.0,0.0,0.0,0.0,0.0,0.0,0.0,0.0,0.0,0.0,0.0,0.0,0.0,0.0,0.0,0.0,0.0,0.0,0.0,0.0,0.0,0.0,0.0,0.0,0.0,0.0,0.0,0.0,0.0,0.0,0.0,0.0,0.0,0.0,0.0,0.0,0.0,0.0,0.0,0.0,0.0,0.0,0.0,0.0,0.0,0.0,0.0,0.0,0.0,0.0,0.0,0.0,0.0,0.0,0.0,0.0,0.0,0.0,0.0,0.0
0.0,0.0,0.0,0.0,0.0,0.0,0.0,0.0,0.0,0.0,0.0,0.0,0.0,0.0,0.0,0.0,0.0,0.0,0.0,0.0,0.0,0.0,0.0,0.0,0.0,0.0,0.0,0.0,0.0,0.0,0.0,0.0,0.0,0.0,0.0,0.0,0.0,0.0,0.0,0.0,0.0,0.0,0.0,0.0,0.0,0.0,0.0,0.0,0.0,0.0,0.0,0.0,0.0,0.0,0.0,0.0,0.0,0.0,0.0,0.0,0.0,0.0,0.0,0.0,0.0,0.0,0.0,0.0,0.0,0.0,0.0,0.0,0.0,0.0,0.0,0.0,0.0,0.0,0.0,0.0,0.0,0.0,0.0,0.0,0.0
0.0,0.0,0.0,0.0,0.0,0.0,0.0,0.0,0.0,0.0,0.0,0.0,0.0,0.0,0.0,0.0,0.0,0.0,0.0,0.0,0.0,0.0,0.0,0.0,0.0,0.0,0.0,0.0,0.0,0.0,0.0,0.0,0.0,0.0,0.0,0.0,0.0,0.0,0.0,0.0,0.0,0.0,0.0,0.0,0.0,0.0,0.0,0.0,0.0,0.0,0.0,0.0,0.0,0.0,0.0,0.0,0.0,0.0,0.0,0.0,0.0,0.0,0.0,0.0,0.0,0.0,0.0,0.0,0.0,0.0,0.0,0.0,0.0,0.0,0.0,0.0,0.0,0.0,0.0,0.0,0.0,0.0,0.0,0.0,0.0
0.0,0.0,0.0,0.0,0.0,0.0,0.0,0.0,0.0,0.0,0.0,0.0,0.0,0.0,0.0,0.0,0.0,0.0,0.0,0.0,0.0,0.0,0.0,0.0,0.0,0.0,0.0,0.0,0.0,0.0,0.0,0.0,0.0,0.0,0.0,0.0,0.0,0.0,0.0,0.0,0.0,0.0,0.0,0.0,0.0,0.0,0.0,0.0,0.0,0.0,0.0,0.0,0.0,0.0,0.0,0.0,0.0,0.0,0.0,0.0,0.0,0.0,0.0,0.0,0.0,0.0,0.0,0.0,0.0,0.0,0.0,0.0,0.0,0.0,0.0,0.0,0.0,0.0,0.0,0.0,0.0,0.0,0.0,0.0,0.0
0.0,0.0,0.0,0.0,0.0,0.0,0.0,0.0,0.0,0.0,0.0,0.0,0.0,0.0,0.0,0.0,0.0,0.0,0.0,0.0,0.0,0.0,0.0,0.0,0.0,0.0,0.0,0.0,0.0,0.0,0.0,0.0,0.0,0.0,0.0,0.0,0.0,0.0,0.0,0.0,0.0,0.0,0.0,0.0,0.0,0.0,0.0,0.0,0.0,0.0,0.0,0.0,0.0,0.0,0.0,0.0,0.0,0.0,0.0,0.0,0.0,0.0,0.0,0.0,0.0,0.0,0.0,0.0,0.0,0.0,0.0,0.0,0.0,0.0,0.0,0.0,0.0,0.0,0.0,0.0,0.0,0.0,0.0,0.0,0.0
0.0,0.0,0.0,0.0,0.0,0.0,0.0,0.0,0.0,0.0,0.0,0.0,0.0,0.0,0.0,0.0,0.0,0.0,0.0,0.0,0.0,0.0,0.0,0.0,0.0,0.0,0.0,0.0,0.0,0.0,0.0,0.0,0.0,0.0,0.0,0.0,0.0,0.0,0.0,0.0,0.0,0.0,0.0,0.0,0.0,0.0,0.0,0.0,0.0,0.0,0.0,0.0,0.0,0.0,0.0,0.0,0.0,0.0,0.0,0.0,0.0,0.0,0.0,0.0,0.0,0.0,0.0,0.0,0.0,0.0,0.0,0.0,0.0,0.0,0.0,0.0,0.0,0.0,0.0,0.0,0.0,0.0,0.0,0.0,0.0
0.0,0.0,0.0,0.0,0.0,0.0,0.0,0.0,0.0,0.0,0.0,0.0,0.0,0.0,0.0,0.0,0.0,0.0,0.0,0.0,0.0,0.0,0.0,0.0,0.0,0.0,0.0,0.0,0.0,0.0,0.0,0.0,0.0,0.0,0.0,0.0,0.0,0.0,0.0,0.0,0.0,0.0,0.0,0.0,0.0,0.0,0.0,0.0,0.0,0.0,0.0,0.0,0.0,0.0,0.0,0.0,0.0,0.0,0.0,0.0,0.0,0.0,0.0,0.0,0.0,0.0,0.0,0.0,0.0,0.0,0.0,0.0,0.0,0.0,0.0,0.0,0.0,0.0,0.0,0.0,0.0,0.0,0.0,0.0,0.0
0.0,0.0,0.0,0.0,0.0,0.0,0.0,0.0,0.0,0.0,0.0,0.0,0.0,0.0,0.0,0.0,0.0,0.0,0.0,0.0,0.0,0.0,0.0,0.0,0.0,0.0,0.0,0.0,0.0,0.0,0.0,0.0,0.0,0.0,0.0,0.0,0.0,0.0,0.0,0.0,0.0,0.0,0.0,0.0,0.0,0.0,0.0,0.0,0.0,0.0,0.0,0.0,0.0,0.0,0.0,0.0,0.0,0.0,0.0,0.0,0.0,0.0,0.0,0.0,0.0,0.0,0.0,0.0,0.0,0.0,0.0,0.0,0.0,0.0,0.0,0.0,0.0,0.0,0.0,0.0,0.0,0.0,0.0,0.0,0.0
0.0,0.0,0.0,0.0,0.0,0.0,0.0,0.0,0.0,0.0,0.0,0.0,0.0,0.0,0.0,0.0,0.0,0.0,0.0,0.0,0.0,0.0,0.0,0.0,0.0,0.0,0.0,0.0,0.0,0.0,0.0,0.0,0.0,0.0,0.0,0.0,0.0,0.0,0.0,0.0,0.0,0.0,0.0,0.0,0.0,0.0,0.0,0.0,0.0,0.0,0.0,0.0,0.0,0.0,0.0,0.0,0.0,0.0,0.0,0.0,0.0,0.0,0.0,0.0,0.0,0.0,0.0,0.0,0.0,0.0,0.0,0.0,0.0,0.0,0.0,0.0,0.0,0.0,0.0,0.0,0.0,0.0,0.0,0.0,0.0
0.0,0.0,0.0,0.0,0.0,0.0,0.0,0.0,0.0,0.0,0.0,0.0,0.0,0.0,0.0,0.0,0.0,0.0,0.0,0.0,0.0,0.0,0.0,0.0,0.0,0.0,0.0,0.0,0.0,0.0,0.0,0.0,0.0,0.0,0.0,0.0,0.0,0.0,0.0,0.0,0.0,0.0,0.0,0.0,0.0,0.0,0.0,0.0,0.0,0.0,0.0,0.0,0.0,0.0,0.0,0.0,0.0,0.0,0.0,0.0,0.0,0.0,0.0,0.0,0.0,0.0,0.0,0.0,0.0,0.0,0.0,0.0,0.0,0.0,0.0,0.0,0.0,0.0,0.0,0.0,0.0,0.0,0.0,0.0,0.0
0.0,0.0,0.0,0.0,0.0,0.0,0.0,0.0,0.0,0.0,0.0,0.0,0.0,0.0,0.0,0.0,0.0,0.0,0.0,0.0,0.0,0.0,0.0,0.0,0.0,0.0,0.0,0.0,0.0,0.0,0.0,0.0,0.0,0.0,0.0,0.0,0.0,0.0,0.0,0.0,0.0,0.0,0.0,0.0,0.0,0.0,0.0,0.0,0.0,0.0,0.0,0.0,0.0,0.0,0.0,0.0,0.0,0.0,0.0,0.0,0.0,0.0,0.0,0.0,0.0,0.0,0.0,0.0,0.0,0.0,0.0,0.0,0.0,0.0,0.0,0.0,0.0,0.0,0.0,0.0,0.0,0.0,0.0,0.0,0.0
0.0,0.0,0.0,0.0,0.0,0.0,0.0,0.0,0.0,0.0,0.0,0.0,0.0,0.0,0.0,0.0,0.0,0.0,0.0,0.0,0.0,0.0,0.0,0.0,0.0,0.0,0.0,0.0,0.0,0.0,0.0,0.0,0.0,0.0,0.0,0.0,0.0,0.0,0.0,0.0,0.0,0.0,0.0,0.0,0.0,0.0,0.0,0.0,0.0,0.0,0.0,0.0,0.0,0.0,0.0,0.0,0.0,0.0,0.0,0.0,0.0,0.0,0.0,0.0,0.0,0.0,0.0,0.0,0.0,0.0,0.0,0.0,0.0,0.0,0.0,0.0,0.0,0.0,0.0,0.0,0.0,0.0,0.0,0.0,0.0
0.0,0.0,0.0,0.0,0.0,0.0,0.0,0.0,0.0,0.0,0.0,0.0,0.0,0.0,0.0,0.0,0.0,0.0,0.0,0.0,0.0,0.0,0.0,0.0,0.0,0.0,0.0,0.0,0.0,0.0,0.0,0.0,0.0,0.0,0.0,0.0,0.0,0.0,0.0,0.0,0.0,0.0,0.0,0.0,0.0,0.0,0.0,0.0,0.0,0.0,0.0,0.0,0.0,0.0,0.0,0.0,0.0,0.0,0.0,0.0,0.0,0.0,0.0,0.0,0.0,0.0,0.0,0.0,0.0,0.0,0.0,0.0,0.0,0.0,0.0,0.0,0.0,0.0,0.0,0.0,0.0,0.0,0.0,0.0,0.0
0.0,0.0,0.0,0.0,0.0,0.0,0.0,0.0,0.0,0.0,0.0,0.0,0.0,0.0,0.0,0.0,0.0,0.0,0.0,0.0,0.0,0.0,0.0,0.0,0.0,0.0,0.0,0.0,0.0,0.0,0.0,0.0,0.0,0.0,0.0,0.0,0.0,0.0,0.0,0.0,0.0,0.0,0.0,0.0,0.0,0.0,0.0,0.0,0.0,0.0,0.0,0.0,0.0,0.0,0.0,0.0,0.0,0.0,0.0,0.0,0.0,0.0,0.0,0.0,0.0,0.0,0.0,0.0,0.0,0.0,0.0,0.0,0.0,0.0,0.0,0.0,0.0,0.0,0.0,0.0,0.0,0.0,0.0,0.0,0.0
0.0,0.0,0.0,0.0,0.0,0.0,0.0,0.0,0.0,0.0,0.0,0.0,0.0,0.0,0.0,0.0,0.0,0.0,0.0,0.0,0.0,0.0,0.0,0.0,0.0,0.0,0.0,0.0,0.0,0.0,0.0,0.0,0.0,0.0,0.0,0.0,0.0,0.0,0.0,0.0,0.0,0.0,0.0,0.0,0.0,0.0,0.0,0.0,0.0,0.0,0.0,0.0,0.0,0.0,0.0,0.0,0.0,0.0,0.0,0.0,0.0,0.0,0.0,0.0,0.0,0.0,0.0,0.0,0.0,0.0,0.0,0.0,0.0,0.0,0.0,0.0,0.0,0.0,0.0,0.0,0.0,0.0,0.0,0.0,0.0
0.0,0.0,0.0,0.0,0.0,0.0,0.0,0.0,0.0,0.0,0.0,0.0,0.0,0.0,0.0,0.0,0.0,0.0,0.0,0.0,0.0,0.0,0.0,0.0,0.0,0.0,0.0,0.0,0.0,0.0,0.0,0.0,0.0,0.0,0.0,0.0,0.0,0.0,0.0,0.0,0.0,0.0,0.0,0.0,0.0,0.0,0.0,0.0,0.0,0.0,0.0,0.0,0.0,0.0,0.0,0.0,0.0,0.0,0.0,0.0,0.0,0.0,0.0,0.0,0.0,0.0,0.0,0.0,0.0,0.0,0.0,0.0,0.0,0.0,0.0,0.0,0.0,0.0,0.0,0.0,0.0,0.0,0.0,0.0,0.0
0.0,0.0,0.0,0.0,0.0,0.0,0.0,0.0,0.0,0.0,0.0,0.0,0.0,0.0,0.0,0.0,0.0,0.0,0.0,0.0,0.0,0.0,0.0,0.0,0.0,0.0,0.0,0.0,0.0,0.0,0.0,0.0,0.0,0.0,0.0,0.0,0.0,0.0,0.0,0.0,0.0,0.0,0.0,0.0,0.0,0.0,0.0,0.0,0.0,0.0,0.0,0.0,0.0,0.0,0.0,0.0,0.0,0.0,0.0,0.0,0.0,0.0,0.0,0.0,0.0,0.0,0.0,0.0,0.0,0.0,0.0,0.0,0.0,0.0,0.0,0.0,0.0,0.0,0.0,0.0,0.0,0.0,0.0,0.0,0.0
0.0,0.0,0.0,0.0,0.0,0.0,0.0,0.0,0.0,0.0,0.0,0.0,0.0,0.0,0.0,0.0,0.0,0.0,0.0,0.0,0.0,0.0,0.0,0.0,0.0,0.0,0.0,0.0,0.0,0.0,0.0,0.0,0.0,0.0,0.0,0.0,0.0,0.0,0.0,0.0,0.0,0.0,0.0,0.0,0.0,0.0,0.0,0.0,0.0,0.0,0.0,0.0,0.0,0.0,0.0,0.0,0.0,0.0,0.0,0.0,0.0,0.0,0.0,0.0,0.0,0.0,0.0,0.0,0.0,0.0,0.0,0.0,0.0,0.0,0.0,0.0,0.0,0.0,0.0,0.0,0.0,0.0,0.0,0.0,0.0
0.0,0.0,0.0,0.0,0.0,0.0,0.0,0.0,0.0,0.0,0.0,0.0,0.0,0.0,0.0,0.0,0.0,0.0,0.0,0.0,0.0,0.0,0.0,0.0,0.0,0.0,0.0,0.0,0.0,0.0,0.0,0.0,0.0,0.0,0.0,0.0,0.0,0.0,0.0,0.0,0.0,0.0,0.0,0.0,0.0,0.0,0.0,0.0,0.0,0.0,0.0,0.0,0.0,0.0,0.0,0.0,0.0,0.0,0.0,0.0,0.0,0.0,0.0,0.0,0.0,0.0,0.0,0.0,0.0,0.0,0.0,0.0,0.0,0.0,0.0,0.0,0.0,0.0,0.0,0.0,0.0,0.0,0.0,0.0,0.0
0.0,0.0,0.0,0.0,0.0,0.0,0.0,0.0,0.0,0.0,0.0,0.0,0.0,0.0,0.0,0.0,0.0,0.0,0.0,0.0,0.0,0.0,0.0,0.0,0.0,0.0,0.0,0.0,0.0,0.0,0.0,0.0,0.0,0.0,0.0,0.0,0.0,0.0,0.0,0.0,0.0,0.0,0.0,0.0,0.0,0.0,0.0,0.0,0.0,0.0,0.0,0.0,0.0,0.0,0.0,0.0,0.0,0.0,0.0,0.0,0.0,0.0,0.0,0.0,0.0,0.0,0.0,0.0,0.0,0.0,0.0,0.0,0.0,0.0,0.0,0.0,0.0,0.0,0.0,0.0,0.0,0.0,0.0,0.0,0.0
0.0,0.0,0.0,0.0,0.0,0.0,0.0,0.0,0.0,0.0,0.0,0.0,0.0,0.0,0.0,0.0,0.0,0.0,0.0,0.0,0.0,0.0,0.0,0.0,0.0,0.0,0.0,0.0,0.0,0.0,0.0,0.0,0.0,0.0,0.0,0.0,0.0,0.0,0.0,0.0,0.0,0.0,0.0,0.0,0.0,0.0,0.0,0.0,0.0,0.0,0.0,0.0,0.0,0.0,0.0,0.0,0.0,0.0,0.0,0.0,0.0,0.0,0.0,0.0,0.0,0.0,0.0,0.0,0.0,0.0,0.0,0.0,0.0,0.0,0.0,0.0,0.0,0.0,0.0,0.0,0.0,0.0,0.0,0.0,0.0
0.0,0.0,0.0,0.0,0.0,0.0,0.0,0.0,0.0,0.0,0.0,0.0,0.0,0.0,0.0,0.0,0.0,0.0,0.0,0.0,0.0,0.0,0.0,0.0,0.0,0.0,0.0,0.0,0.0,0.0,0.0,0.0,0.0,0.0,0.0,0.0,0.0,0.0,0.0,0.0,0.0,0.0,0.0,0.0,0.0,0.0,0.0,0.0,0.0,0.0,0.0,0.0,0.0,0.0,0.0,0.0,0.0,0.0,0.0,0.0,0.0,0.0,0.0,0.0,0.0,0.0,0.0,0.0,0.0,0.0,0.0,0.0,0.0,0.0,0.0,0.0,0.0,0.0,0.0,0.0,0.0,0.0,0.0,0.0,0.0
0.0,0.0,0.0,0.0,0.0,0.0,0.0,0.0,0.0,0.0,0.0,0.0,0.0,0.0,0.0,0.0,0.0,0.0,0.0,0.0,0.0,0.0,0.0,0.0,0.0,0.0,0.0,0.0,0.0,0.0,0.0,0.0,0.0,0.0,0.0,0.0,0.0,0.0,0.0,0.0,0.0,0.0,0.0,0.0,0.0,0.0,0.0,0.0,0.0,0.0,0.0,0.0,0.0,0.0,0.0,0.0,0.0,0.0,0.0,0.0,0.0,0.0,0.0,0.0,0.0,0.0,0.0,0.0,0.0,0.0,0.0,0.0,0.0,0.0,0.0,0.0,0.0,0.0,0.0,0.0,0.0,0.0,0.0,0.0,0.0
0.0,0.0,0.0,0.0,0.0,0.0,0.0,0.0,0.0,0.0,0.0,0.0,0.0,0.0,0.0,0.0,0.0,0.0,0.0,0.0,0.0,0.0,0.0,0.0,0.0,0.0,0.0,0.0,0.0,0.0,0.0,0.0,0.0,0.0,0.0,0.0,0.0,0.0,0.0,0.0,0.0,0.0,0.0,0.0,0.0,0.0,0.0,0.0,0.0,0.0,0.0,0.0,0.0,0.0,0.0,0.0,0.0,0.0,0.0,0.0,0.0,0.0,0.0,0.0,0.0,0.0,0.0,0.0,0.0,0.0,0.0,0.0,0.0,0.0,0.0,0.0,0.0,0.0,0.0,0.0,0.0,0.0,0.0,0.0,0.0
0.0,0.0,0.0,0.0,0.0,0.0,0.0,0.0,0.0,0.0,0.0,0.0,0.0,0.0,0.0,0.0,0.0,0.0,0.0,0.0,0.0,0.0,0.0,0.0,0.0,0.0,0.0,0.0,0.0,0.0,0.0,0.0,0.0,0.0,0.0,0.0,0.0,0.0,0.0,0.0,0.0,0.0,0.0,0.0,0.0,0.0,0.0,0.0,0.0,0.0,0.0,0.0,0.0,0.0,0.0,0.0,0.0,0.0,0.0,0.0,0.0,0.0,0.0,0.0,0.0,0.0,0.0,0.0,0.0,0.0,0.0,0.0,0.0,0.0,0.0,0.0,0.0,0.0,0.0,0.0,0.0,0.0,0.0,0.0,0.0
0.0,0.0,0.0,0.0,0.0,0.0,0.0,0.0,0.0,0.0,0.0,0.0,0.0,0.0,0.0,0.0,0.0,0.0,0.0,0.0,0.0,0.0,0.0,0.0,0.0,0.0,0.0,0.0,0.0,0.0,0.0,0.0,0.0,0.0,0.0,0.0,0.0,0.0,0.0,0.0,0.0,0.0,0.0,0.0,0.0,0.0,0.0,0.0,0.0,0.0,0.0,0.0,0.0,0.0,0.0,0.0,0.0,0.0,0.0,0.0,0.0,0.0,0.0,0.0,0.0,0.0,0.0,0.0,0.0,0.0,0.0,0.0,0.0,0.0,0.0,0.0,0.0,0.0,0.0,0.0,0.0,0.0,0.0,0.0,0.0
0.0,0.0,0.0,0.0,0.0,0.0,0.0,0.0,0.0,0.0,0.0,0.0,0.0,0.0,0.0,0.0,0.0,0.0,0.0,0.0,0.0,0.0,0.0,0.0,0.0,0.0,0.0,0.0,0.0,0.0,0.0,0.0,0.0,0.0,0.0,0.0,0.0,0.0,0.0,0.0,0.0,0.0,0.0,0.0,0.0,0.0,0.0,0.0,0.0,0.0,0.0,0.0,0.0,0.0,0.0,0.0,0.0,0.0,0.0,0.0,0.0,0.0,0.0,0.0,0.0,0.0,0.0,0.0,0.0,0.0,0.0,0.0,0.0,0.0,0.0,0.0,0.0,0.0,0.0,0.0,0.0,0.0,0.0,0.0,0.0
0.0,0.0,0.0,0.0,0.0,0.0,0.0,0.0,0.0,0.0,0.0,0.0,0.0,0.0,0.0,0.0,0.0,0.0,0.0,0.0,0.0,0.0,0.0,0.0,0.0,0.0,0.0,0.0,0.0,0.0,0.0,0.0,0.0,0.0,0.0,0.0,0.0,0.0,0.0,0.0,0.0,0.0,0.0,0.0,0.0,0.0,0.0,0.0,0.0,0.0,0.0,0.0,0.0,0.0,0.0,0.0,0.0,0.0,0.0,0.0,0.0,0.0,0.0,0.0,0.0,0.0,0.0,0.0,0.0,0.0,0.0,0.0,0.0,0.0,0.0,0.0,0.0,0.0,0.0,0.0,0.0,0.0,0.0,0.0,0.0
0.0,0.0,0.0,0.0,0.0,0.0,0.0,0.0,0.0,0.0,0.0,0.0,0.0,0.0,0.0,0.0,0.0,0.0,0.0,0.0,0.0,0.0,0.0,0.0,0.0,0.0,0.0,0.0,0.0,0.0,0.0,0.0,0.0,0.0,0.0,0.0,0.0,0.0,0.0,0.0,0.0,0.0,0.0,0.0,0.0,0.0,0.0,0.0,0.0,0.0,0.0,0.0,0.0,0.0,0.0,0.0,0.0,0.0,0.0,0.0,0.0,0.0,0.0,0.0,0.0,0.0,0.0,0.0,0.0,0.0,0.0,0.0,0.0,0.0,0.0,0.0,0.0,0.0,0.0,0.0,0.0,0.0,0.0,0.0,0.0
0.0,0.0,0.0,0.0,0.0,0.0,0.0,0.0,0.0,0.0,0.0,0.0,0.0,0.0,0.0,0.0,0.0,0.0,0.0,0.0,0.0,0.0,0.0,0.0,0.0,0.0,0.0,0.0,0.0,0.0,0.0,0.0,0.0,0.0,0.0,0.0,0.0,0.0,0.0,0.0,0.0,0.0,0.0,0.0,0.0,0.0,0.0,0.0,0.0,0.0,0.0,0.0,0.0,0.0,0.0,0.0,0.0,0.0,0.0,0.0,0.0,0.0,0.0,0.0,0.0,0.0,0.0,0.0,0.0,0.0,0.0,0.0,0.0,0.0,0.0,0.0,0.0,0.0,0.0,0.0,0.0,0.0,0.0,0.0,0.0
0.0,0.0,0.0,0.0,0.0,0.0,0.0,0.0,0.0,0.0,0.0,0.0,0.0,0.0,0.0,0.0,0.0,0.0,0.0,0.0,0.0,0.0,0.0,0.0,0.0,0.0,0.0,0.0,0.0,0.0,0.0,0.0,0.0,0.0,0.0,0.0,0.0,0.0,0.0,0.0,0.0,0.0,0.0,0.0,0.0,0.0,0.0,0.0,0.0,0.0,0.0,0.0,0.0,0.0,0.0,0.0,0.0,0.0,0.0,0.0,0.0,0.0,0.0,0.0,0.0,0.0,0.0,0.0,0.0,0.0,0.0,0.0,0.0,0.0,0.0,0.0,0.0,0.0,0.0,0.0,0.0,0.0,0.0,0.0,0.0
0.0,0.0,0.0,0.0,0.0,0.0,0.0,0.0,0.0,0.0,0.0,0.0,0.0,0.0,0.0,0.0,0.0,0.0,0.0,0.0,0.0,0.0,0.0,0.0,0.0,0.0,0.0,0.0,0.0,0.0,0.0,0.0,0.0,0.0,0.0,0.0,0.0,0.0,0.0,0.0,0.0,0.0,0.0,0.0,0.0,0.0,0.0,0.0,0.0,0.0,0.0,0.0,0.0,0.0,0.0,0.0,0.0,0.0,0.0,0.0,0.0,0.0,0.0,0.0,0.0,0.0,0.0,0.0,0.0,0.0,0.0,0.0,0.0,0.0,0.0,0.0,0.0,0.0,0.0,0.0,0.0,0.0,0.0,0.0,0.0
0.0,0.0,0.0,0.0,0.0,0.0,0.0,0.0,0.0,0.0,0.0,0.0,0.0,0.0,0.0,0.0,0.0,0.0,0.0,0.0,0.0,0.0,0.0,0.0,0.0,0.0,0.0,0.0,0.0,0.0,0.0,0.0,0.0,0.0,0.0,0.0,0.0,0.0,0.0,0.0,0.0,0.0,0.0,0.0,0.0,0.0,0.0,0.0,0.0,0.0,0.0,0.0,0.0,0.0,0.0,0.0,0.0,0.0,0.0,0.0,0.0,0.0,0.0,0.0,0.0,0.0,0.0,0.0,0.0,0.0,0.0,0.0,0.0,0.0,0.0,0.0,0.0,0.0,0.0,0.0,0.0,0.0,0.0,0.0,0.0
0.0,0.0,0.0,0.0,0.0,0.0,0.0,0.0,0.0,0.0,0.0,0.0,0.0,0.0,0.0,0.0,0.0,0.0,0.0,0.0,0.0,0.0,0.0,0.0,0.0,0.0,0.0,0.0,0.0,0.0,0.0,0.0,0.0,0.0,0.0,0.0,0.0,0.0,0.0,0.0,0.0,0.0,0.0,0.0,0.0,0.0,0.0,0.0,0.0,0.0,0.0,0.0,0.0,0.0,0.0,0.0,0.0,0.0,0.0,0.0,0.0,0.0,0.0,0.0,0.0,0.0,0.0,0.0,0.0,0.0,0.0,0.0,0.0,0.0,0.0,0.0,0.0,0.0,0.0,0.0,0.0,0.0,0.0,0.0,0.0
0.0,0.0,0.0,0.0,0.0,0.0,0.0,0.0,0.0,0.0,0.0,0.0,0.0,0.0,0.0,0.0,0.0,0.0,0.0,0.0,0.0,0.0,0.0,0.0,0.0,0.0,0.0,0.0,0.0,0.0,0.0,0.0,0.0,0.0,0.0,0.0,0.0,0.0,0.0,0.0,0.0,0.0,0.0,0.0,0.0,0.0,0.0,0.0,0.0,0.0,0.0,0.0,0.0,0.0,0.0,0.0,0.0,0.0,0.0,0.0,0.0,0.0,0.0,0.0,0.0,0.0,0.0,0.0,0.0,0.0,0.0,0.0,0.0,0.0,0.0,0.0,0.0,0.0,0.0,0.0,0.0,0.0,0.0,0.0,0.0
0.0,0.0,0.0,0.0,0.0,0.0,0.0,0.0,0.0,0.0,0.0,0.0,0.0,0.0,0.0,0.0,0.0,0.0,0.0,0.0,0.0,0.0,0.0,0.0,0.0,0.0,0.0,0.0,0.0,0.0,0.0,0.0,0.0,0.0,0.0,0.0,0.0,0.0,0.0,0.0,0.0,0.0,0.0,0.0,0.0,0.0,0.0,0.0,0.0,0.0,0.0,0.0,0.0,0.0,0.0,0.0,0.0,0.0,0.0,0.0,0.0,0.0,0.0,0.0,0.0,0.0,0.0,0.0,0.0,0.0,0.0,0.0,0.0,0.0,0.0,0.0,0.0,0.0,0.0,0.0,0.0,0.0,0.0,0.0,0.0
0.0,0.0,0.0,0.0,0.0,0.0,0.0,0.0,0.0,0.0,0.0,0.0,0.0,0.0,0.0,0.0,0.0,0.0,0.0,0.0,0.0,0.0,0.0,0.0,0.0,0.0,0.0,0.0,0.0,0.0,0.0,0.0,0.0,0.0,0.0,0.0,0.0,0.0,0.0,0.0,0.0,0.0,0.0,0.0,0.0,0.0,0.0,0.0,0.0,0.0,0.0,0.0,0.0,0.0,0.0,0.0,0.0,0.0,0.0,0.0,0.0,0.0,0.0,0.0,0.0,0.0,0.0,0.0,0.0,0.0,0.0,0.0,0.0,0.0,0.0,0.0,0.0,0.0,0.0,0.0,0.0,0.0,0.0,0.0,0.0
0.0,0.0,0.0,0.0,0.0,0.0,0.0,0.0,0.0,0.0,0.0,0.0,0.0,0.0,0.0,0.0,0.0,0.0,0.0,0.0,0.0,0.0,0.0,0.0,0.0,0.0,0.0,0.0,0.0,0.0,0.0,0.0,0.0,0.0,0.0,0.0,0.0,0.0,0.0,0.0,0.0,0.0,0.0,0.0,0.0,0.0,0.0,0.0,0.0,0.0,0.0,0.0,0.0,0.0,0.0,0.0,0.0,0.0,0.0,0.0,0.0,0.0,0.0,0.0,0.0,0.0,0.0,0.0,0.0,0.0,0.0,0.0,0.0,0.0,0.0,0.0,0.0,0.0,0.0,0.0,0.0,0.0,0.0,0.0,0.0
0.0,0.0,0.0,0.0,0.0,0.0,0.0,0.0,0.0,0.0,0.0,0.0,0.0,0.0,0.0,0.0,0.0,0.0,0.0,0.0,0.0,0.0,0.0,0.0,0.0,0.0,0.0,0.0,0.0,0.0,0.0,0.0,0.0,0.0,0.0,0.0,0.0,0.0,0.0,0.0,0.0,0.0,0.0,0.0,0.0,0.0,0.0,0.0,0.0,0.0,0.0,0.0,0.0,0.0,0.0,0.0,0.0,0.0,0.0,0.0,0.0,0.0,0.0,0.0,0.0,0.0,0.0,0.0,0.0,0.0,0.0,0.0,0.0,0.0,0.0,0.0,0.0,0.0,0.0,0.0,0.0,0.0,0.0,0.0,0.0
0.0,0.0,0.0,0.0,0.0,0.0,0.0,0.0,0.0,0.0,0.0,0.0,0.0,0.0,0.0,0.0,0.0,0.0,0.0,0.0,0.0,0.0,0.0,0.0,0.0,0.0,0.0,0.0,0.0,0.0,0.0,0.0,0.0,0.0,0.0,0.0,0.0,0.0,0.0,0.0,0.0,0.0,0.0,0.0,0.0,0.0,0.0,0.0,0.0,0.0,0.0,0.0,0.0,0.0,0.0,0.0,0.0,0.0,0.0,0.0,0.0,0.0,0.0,0.0,0.0,0.0,0.0,0.0,0.0,0.0,0.0,0.0,0.0,0.0,0.0,0.0,0.0,0.0,0.0,0.0,0.0,0.0,0.0,0.0,0.0
0.0,0.0,0.0,0.0,0.0,0.0,0.0,0.0,0.0,0.0,0.0,0.0,0.0,0.0,0.0,0.0,0.0,0.0,0.0,0.0,0.0,0.0,0.0,0.0,0.0,0.0,0.0,0.0,0.0,0.0,0.0,0.0,0.0,0.0,0.0,0.0,0.0,0.0,0.0,0.0,0.0,0.0,0.0,0.0,0.0,0.0,0.0,0.0,0.0,0.0,0.0,0.0,0.0,0.0,0.0,0.0,0.0,0.0,0.0,0.0,0.0,0.0,0.0,0.0,0.0,0.0,0.0,0.0,0.0,0.0,0.0,0.0,0.0,0.0,0.0,0.0,0.0,0.0,0.0,0.0,0.0,0.0,0.0,0.0,0.0
0.0,0.0,0.0,0.0,0.0,0.0,0.0,0.0,0.0,0.0,0.0,0.0,0.0,0.0,0.0,0.0,0.0,0.0,0.0,0.0,0.0,0.0,0.0,0.0,0.0,0.0,0.0,0.0,0.0,0.0,0.0,0.0,0.0,0.0,0.0,0.0,0.0,0.0,0.0,0.0,0.0,0.0,0.0,0.0,0.0,0.0,0.0,0.0,0.0,0.0,0.0,0.0,0.0,0.0,0.0,0.0,0.0,0.0,0.0,0.0,0.0,0.0,0.0,0.0,0.0,0.0,0.0,0.0,0.0,0.0,0.0,0.0,0.0,0.0,0.0,0.0,0.0,0.0,0.0,0.0,0.0,0.0,0.0,0.0,0.0
0.0,0.0,0.0,0.0,0.0,0.0,0.0,0.0,0.0,0.0,0.0,0.0,0.0,0.0,0.0,0.0,0.0,0.0,0.0,0.0,0.0,0.0,0.0,0.0,0.0,0.0,0.0,0.0,0.0,0.0,0.0,0.0,0.0,0.0,0.0,0.0,0.0,0.0,0.0,0.0,0.0,0.0,0.0,0.0,0.0,0.0,0.0,0.0,0.0,0.0,0.0,0.0,0.0,0.0,0.0,0.0,0.0,0.0,0.0,0.0,0.0,0.0,0.0,0.0,0.0,0.0,0.0,0.0,0.0,0.0,0.0,0.0,0.0,0.0,0.0,0.0,0.0,0.0,0.0,0.0,0.0,0.0,0.0,0.0,0.0
0.0,0.0,0.0,0.0,0.0,0.0,0.0,0.0,0.0,0.0,0.0,0.0,0.0,0.0,0.0,0.0,0.0,0.0,0.0,0.0,0.0,0.0,0.0,0.0,0.0,0.0,0.0,0.0,0.0,0.0,0.0,0.0,0.0,0.0,0.0,0.0,0.0,0.0,0.0,0.0,0.0,0.0,0.0,0.0,0.0,0.0,0.0,0.0,0.0,0.0,0.0,0.0,0.0,0.0,0.0,0.0,0.0,0.0,0.0,0.0,0.0,0.0,0.0,0.0,0.0,0.0,0.0,0.0,0.0,0.0,0.0,0.0,0.0,0.0,0.0,0.0,0.0,0.0,0.0,0.0,0.0,0.0,0.0,0.0,0.0
0.0,0.0,0.0,0.0,0.0,0.0,0.0,0.0,0.0,0.0,0.0,0.0,0.0,0.0,0.0,0.0,0.0,0.0,0.0,0.0,0.0,0.0,0.0,0.0,0.0,0.0,0.0,0.0,0.0,0.0,0.0,0.0,0.0,0.0,0.0,0.0,0.0,0.0,0.0,0.0,0.0,0.0,0.0,0.0,0.0,0.0,0.0,0.0,0.0,0.0,0.0,0.0,0.0,0.0,0.0,0.0,0.0,0.0,0.0,0.0,0.0,0.0,0.0,0.0,0.0,0.0,0.0,0.0,0.0,0.0,0.0,0.0,0.0,0.0,0.0,0.0,0.0,0.0,0.0,0.0,0.0,0.0,0.0,0.0,0.0
0.0,0.0,0.0,0.0,0.0,0.0,0.0,0.0,0.0,0.0,0.0,0.0,0.0,0.0,0.0,0.0,0.0,0.0,0.0,0.0,0.0,0.0,0.0,0.0,0.0,0.0,0.0,0.0,0.0,0.0,0.0,0.0,0.0,0.0,0.0,0.0,0.0,0.0,0.0,0.0,0.0,0.0,0.0,0.0,0.0,0.0,0.0,0.0,0.0,0.0,0.0,0.0,0.0,0.0,0.0,0.0,0.0,0.0,0.0,0.0,0.0,0.0,0.0,0.0,0.0,0.0,0.0,0.0,0.0,0.0,0.0,0.0,0.0,0.0,0.0,0.0,0.0,0.0,0.0,0.0,0.0,0.0,0.0,0.0,0.0
0.0,0.0,0.0,0.0,0.0,0.0,0.0,0.0,0.0,0.0,0.0,0.0,0.0,0.0,0.0,0.0,0.0,0.0,0.0,0.0,0.0,0.0,0.0,0.0,0.0,0.0,0.0,0.0,0.0,0.0,0.0,0.0,0.0,0.0,0.0,0.0,0.0,0.0,0.0,0.0,0.0,0.0,0.0,0.0,0.0,0.0,0.0,0.0,0.0,0.0,0.0,0.0,0.0,0.0,0.0,0.0,0.0,0.0,0.0,0.0,0.0,0.0,0.0,0.0,0.0,0.0,0.0,0.0,0.0,0.0,0.0,0.0,0.0,0.0,0.0,0.0,0.0,0.0,0.0,0.0,0.0,0.0,0.0,0.0,0.0
0.0,0.0,0.0,0.0,0.0,0.0,0.0,0.0,0.0,0.0,0.0,0.0,0.0,0.0,0.0,0.0,0.0,0.0,0.0,0.0,0.0,0.0,0.0,0.0,0.0,0.0,0.0,0.0,0.0,0.0,0.0,0.0,0.0,0.0,0.0,0.0,0.0,0.0,0.0,0.0,0.0,0.0,0.0,0.0,0.0,0.0,0.0,0.0,0.0,0.0,0.0,0.0,0.0,0.0,0.0,0.0,0.0,0.0,0.0,0.0,0.0,0.0,0.0,0.0,0.0,0.0,0.0,0.0,0.0,0.0,0.0,0.0,0.0,0.0,0.0,0.0,0.0,0.0,0.0,0.0,0.0,0.0,0.0,0.0,0.0
0.0,0.0,0.0,0.0,0.0,0.0,0.0,0.0,0.0,0.0,0.0,0.0,0.0,0.0,0.0,0.0,0.0,0.0,0.0,0.0,0.0,0.0,0.0,0.0,0.0,0.0,0.0,0.0,0.0,0.0,0.0,0.0,0.0,0.0,0.0,0.0,0.0,0.0,0.0,0.0,0.0,0.0,0.0,0.0,0.0,0.0,0.0,0.0,0.0,0.0,0.0,0.0,0.0,0.0,0.0,0.0,0.0,0.0,0.0,0.0,0.0,0.0,0.0,0.0,0.0,0.0,0.0,0.0,0.0,0.0,0.0,0.0,0.0,0.0,0.0,0.0,0.0,0.0,0.0,0.0,0.0,0.0,0.0,0.0,0.0
0.0,0.0,0.0,0.0,0.0,0.0,0.0,0.0,0.0,0.0,0.0,0.0,0.0,0.0,0.0,0.0,0.0,0.0,0.0,0.0,0.0,0.0,0.0,0.0,0.0,0.0,0.0,0.0,0.0,0.0,0.0,0.0,0.0,0.0,0.0,0.0,0.0,0.0,0.0,0.0,0.0,0.0,0.0,0.0,0.0,0.0,0.0,0.0,0.0,0.0,0.0,0.0,0.0,0.0,0.0,0.0,0.0,0.0,0.0,0.0,0.0,0.0,0.0,0.0,0.0,0.0,0.0,0.0,0.0,0.0,0.0,0.0,0.0,0.0,0.0,0.0,0.0,0.0,0.0,0.0,0.0,0.0,0.0,0.0,0.0
0.0,0.0,0.0,0.0,0.0,0.0,0.0,0.0,0.0,0.0,0.0,0.0,0.0,0.0,0.0,0.0,0.0,0.0,0.0,0.0,0.0,0.0,0.0,0.0,0.0,0.0,0.0,0.0,0.0,0.0,0.0,0.0,0.0,0.0,0.0,0.0,0.0,0.0,0.0,0.0,0.0,0.0,0.0,0.0,0.0,0.0,0.0,0.0,0.0,0.0,0.0,0.0,0.0,0.0,0.0,0.0,0.0,0.0,0.0,0.0,0.0,0.0,0.0,0.0,0.0,0.0,0.0,0.0,0.0,0.0,0.0,0.0,0.0,0.0,0.0,0.0,0.0,0.0,0.0,0.0,0.0,0.0,0.0,0.0,0.0
0.0,0.0,0.0,0.0,0.0,0.0,0.0,0.0,0.0,0.0,0.0,0.0,0.0,0.0,0.0,0.0,0.0,0.0,0.0,0.0,0.0,0.0,0.0,0.0,0.0,0.0,0.0,0.0,0.0,0.0,0.0,0.0,0.0,0.0,0.0,0.0,0.0,0.0,0.0,0.0,0.0,0.0,0.0,0.0,0.0,0.0,0.0,0.0,0.0,0.0,0.0,0.0,0.0,0.0,0.0,0.0,0.0,0.0,0.0,0.0,0.0,0.0,0.0,0.0,0.0,0.0,0.0,0.0,0.0,0.0,0.0,0.0,0.0,0.0,0.0,0.0,0.0,0.0,0.0,0.0,0.0,0.0,0.0,0.0,0.0
0.0,0.0,0.0,0.0,0.0,0.0,0.0,0.0,0.0,0.0,0.0,0.0,0.0,0.0,0.0,0.0,0.0,0.0,0.0,0.0,0.0,0.0,0.0,0.0,0.0,0.0,0.0,0.0,0.0,0.0,0.0,0.0,0.0,0.0,0.0,0.0,0.0,0.0,0.0,0.0,0.0,0.0,0.0,0.0,0.0,0.0,0.0,0.0,0.0,0.0,0.0,0.0,0.0,0.0,0.0,0.0,0.0,0.0,0.0,0.0,0.0,0.0,0.0,0.0,0.0,0.0,0.0,0.0,0.0,0.0,0.0,0.0,0.0,0.0,0.0,0.0,0.0,0.0,0.0,0.0,0.0,0.0,0.0,0.0,0.0
0.0,0.0,0.0,0.0,0.0,0.0,0.0,0.0,0.0,0.0,0.0,0.0,0.0,0.0,0.0,0.0,0.0,0.0,0.0,0.0,0.0,0.0,0.0,0.0,0.0,0.0,0.0,0.0,0.0,0.0,0.0,0.0,0.0,0.0,0.0,0.0,0.0,0.0,0.0,0.0,0.0,0.0,0.0,0.0,0.0,0.0,0.0,0.0,0.0,0.0,0.0,0.0,0.0,0.0,0.0,0.0,0.0,0.0,0.0,0.0,0.0,0.0,0.0,0.0,0.0,0.0,0.0,0.0,0.0,0.0,0.0,0.0,0.0,0.0,0.0,0.0,0.0,0.0,0.0,0.0,0.0,0.0,0.0,0.0,0.0
0.0,0.0,0.0,0.0,0.0,0.0,0.0,0.0,0.0,0.0,0.0,0.0,0.0,0.0,0.0,0.0,0.0,0.0,0.0,0.0,0.0,0.0,0.0,0.0,0.0,0.0,0.0,0.0,0.0,0.0,0.0,0.0,0.0,0.0,0.0,0.0,0.0,0.0,0.0,0.0,0.0,0.0,0.0,0.0,0.0,0.0,0.0,0.0,0.0,0.0,0.0,0.0,0.0,0.0,0.0,0.0,0.0,0.0,0.0,0.0,0.0,0.0,0.0,0.0,0.0,0.0,0.0,0.0,0.0,0.0,0.0,0.0,0.0,0.0,0.0,0.0,0.0,0.0,0.0,0.0,0.0,0.0,0.0,0.0,0.0
0.0,0.0,0.0,0.0,0.0,0.0,0.0,0.0,0.0,0.0,0.0,0.0,0.0,0.0,0.0,0.0,0.0,0.0,0.0,0.0,0.0,0.0,0.0,0.0,0.0,0.0,0.0,0.0,0.0,0.0,0.0,0.0,0.0,0.0,0.0,0.0,0.0,0.0,0.0,0.0,0.0,0.0,0.0,0.0,0.0,0.0,0.0,0.0,0.0,0.0,0.0,0.0,0.0,0.0,0.0,0.0,0.0,0.0,0.0,0.0,0.0,0.0,0.0,0.0,0.0,0.0,0.0,0.0,0.0,0.0,0.0,0.0,0.0,0.0,0.0,0.0,0.0,0.0,0.0,0.0,0.0,0.0,0.0,0.0,0.0
0.0,0.0,0.0,0.0,0.0,0.0,0.0,0.0,0.0,0.0,0.0,0.0,0.0,0.0,0.0,0.0,0.0,0.0,0.0,0.0,0.0,0.0,0.0,0.0,0.0,0.0,0.0,0.0,0.0,0.0,0.0,0.0,0.0,0.0,0.0,0.0,0.0,0.0,0.0,0.0,0.0,0.0,0.0,0.0,0.0,0.0,0.0,0.0,0.0,0.0,0.0,0.0,0.0,0.0,0.0,0.0,0.0,0.0,0.0,0.0,0.0,0.0,0.0,0.0,0.0,0.0,0.0,0.0,0.0,0.0,0.0,0.0,0.0,0.0,0.0,0.0,0.0,0.0,0.0,0.0,0.0,0.0,0.0,0.0,0.0
0.0,0.0,0.0,0.0,0.0,0.0,0.0,0.0,0.0,0.0,0.0,0.0,0.0,0.0,0.0,0.0,0.0,0.0,0.0,0.0,0.0,0.0,0.0,0.0,0.0,0.0,0.0,0.0,0.0,0.0,0.0,0.0,0.0,0.0,0.0,0.0,0.0,0.0,0.0,0.0,0.0,0.0,0.0,0.0,0.0,0.0,0.0,0.0,0.0,0.0,0.0,0.0,0.0,0.0,0.0,0.0,0.0,0.0,0.0,0.0,0.0,0.0,0.0,0.0,0.0,0.0,0.0,0.0,0.0,0.0,0.0,0.0,0.0,0.0,0.0,0.0,0.0,0.0,0.0,0.0,0.0,0.0,0.0,0.0,0.0
0.0,0.0,0.0,0.0,0.0,0.0,0.0,0.0,0.0,0.0,0.0,0.0,0.0,0.0,0.0,0.0,0.0,0.0,0.0,0.0,0.0,0.0,0.0,0.0,0.0,0.0,0.0,0.0,0.0,0.0,0.0,0.0,0.0,0.0,0.0,0.0,0.0,0.0,0.0,0.0,0.0,0.0,0.0,0.0,0.0,0.0,0.0,0.0,0.0,0.0,0.0,0.0,0.0,0.0,0.0,0.0,0.0,0.0,0.0,0.0,0.0,0.0,0.0,0.0,0.0,0.0,0.0,0.0,0.0,0.0,0.0,0.0,0.0,0.0,0.0,0.0,0.0,0.0,0.0,0.0,0.0,0.0,0.0,0.0,0.0
0.0,0.0,0.0,0.0,0.0,0.0,0.0,0.0,0.0,0.0,0.0,0.0,0.0,0.0,0.0,0.0,0.0,0.0,0.0,0.0,0.0,0.0,0.0,0.0,0.0,0.0,0.0,0.0,0.0,0.0,0.0,0.0,0.0,0.0,0.0,0.0,0.0,0.0,0.0,0.0,0.0,0.0,0.0,0.0,0.0,0.0,0.0,0.0,0.0,0.0,0.0,0.0,0.0,0.0,0.0,0.0,0.0,0.0,0.0,0.0,0.0,0.0,0.0,0.0,0.0,0.0,0.0,0.0,0.0,0.0,0.0,0.0,0.0,0.0,0.0,0.0,0.0,0.0,0.0,0.0,0.0,0.0,0.0,0.0,0.0
0.0,0.0,0.0,0.0,0.0,0.0,0.0,0.0,0.0,0.0,0.0,0.0,0.0,0.0,0.0,0.0,0.0,0.0,0.0,0.0,0.0,0.0,0.0,0.0,0.0,0.0,0.0,0.0,0.0,0.0,0.0,0.0,0.0,0.0,0.0,0.0,0.0,0.0,0.0,0.0,0.0,0.0,0.0,0.0,0.0,0.0,0.0,0.0,0.0,0.0,0.0,0.0,0.0,0.0,0.0,0.0,0.0,0.0,0.0,0.0,0.0,0.0,0.0,0.0,0.0,0.0,0.0,0.0,0.0,0.0,0.0,0.0,0.0,0.0,0.0,0.0,0.0,0.0,0.0,0.0,0.0,0.0,0.0,0.0,0.0
0.0,0.0,0.0,0.0,0.0,0.0,0.0,0.0,0.0,0.0,0.0,0.0,0.0,0.0,0.0,0.0,0.0,0.0,0.0,0.0,0.0,0.0,0.0,0.0,0.0,0.0,0.0,0.0,0.0,0.0,0.0,0.0,0.0,0.0,0.0,0.0,0.0,0.0,0.0,0.0,0.0,0.0,0.0,0.0,0.0,0.0,0.0,0.0,0.0,0.0,0.0,0.0,0.0,0.0,0.0,0.0,0.0,0.0,0.0,0.0,0.0,0.0,0.0,0.0,0.0,0.0,0.0,0.0,0.0,0.0,0.0,0.0,0.0,0.0,0.0,0.0,0.0,0.0,0.0,0.0,0.0,0.0,0.0,0.0,0.0
0.0,0.0,0.0,0.0,0.0,0.0,0.0,0.0,0.0,0.0,0.0,0.0,0.0,0.0,0.0,0.0,0.0,0.0,0.0,0.0,0.0,0.0,0.0,0.0,0.0,0.0,0.0,0.0,0.0,0.0,0.0,0.0,0.0,0.0,0.0,0.0,0.0,0.0,0.0,0.0,0.0,0.0,0.0,0.0,0.0,0.0,0.0,0.0,0.0,0.0,0.0,0.0,0.0,0.0,0.0,0.0,0.0,0.0,0.0,0.0,0.0,0.0,0.0,0.0,0.0,0.0,0.0,0.0,0.0,0.0,0.0,0.0,0.0,0.0,0.0,0.0,0.0,0.0,0.0,0.0,0.0,0.0,0.0,0.0,0.0
0.0,0.0,0.0,0.0,0.0,0.0,0.0,0.0,0.0,0.0,0.0,0.0,0.0,0.0,0.0,0.0,0.0,0.0,0.0,0.0,0.0,0.0,0.0,0.0,0.0,0.0,0.0,0.0,0.0,0.0,0.0,0.0,0.0,0.0,0.0,0.0,0.0,0.0,0.0,0.0,0.0,0.0,0.0,0.0,0.0,0.0,0.0,0.0,0.0,0.0,0.0,0.0,0.0,0.0,0.0,0.0,0.0,0.0,0.0,0.0,0.0,0.0,0.0,0.0,0.0,0.0,0.0,0.0,0.0,0.0,0.0,0.0,0.0,0.0,0.0,0.0,0.0,0.0,0.0,0.0,0.0,0.0,0.0,0.0,0.0
0.0,0.0,0.0,0.0,0.0,0.0,0.0,0.0,0.0,0.0,0.0,0.0,0.0,0.0,0.0,0.0,0.0,0.0,0.0,0.0,0.0,0.0,0.0,0.0,0.0,0.0,0.0,0.0,0.0,0.0,0.0,0.0,0.0,0.0,0.0,0.0,0.0,0.0,0.0,0.0,0.0,0.0,0.0,0.0,0.0,0.0,0.0,0.0,0.0,0.0,0.0,0.0,0.0,0.0,0.0,0.0,0.0,0.0,0.0,0.0,0.0,0.0,0.0,0.0,0.0,0.0,0.0,0.0,0.0,0.0,0.0,0.0,0.0,0.0,0.0,0.0,0.0,0.0,0.0,0.0,0.0,0.0,0.0,0.0,0.0
0.0,0.0,0.0,0.0,0.0,0.0,0.0,0.0,0.0,0.0,0.0,0.0,0.0,0.0,0.0,0.0,0.0,0.0,0.0,0.0,0.0,0.0,0.0,0.0,0.0,0.0,0.0,0.0,0.0,0.0,0.0,0.0,0.0,0.0,0.0,0.0,0.0,0.0,0.0,0.0,0.0,0.0,0.0,0.0,0.0,0.0,0.0,0.0,0.0,0.0,0.0,0.0,0.0,0.0,0.0,0.0,0.0,0.0,0.0,0.0,0.0,0.0,0.0,0.0,0.0,0.0,0.0,0.0,0.0,0.0,0.0,0.0,0.0,0.0,0.0,0.0,0.0,0.0,0.0,0.0,0.0,0.0,0.0,0.0,0.0
0.0,0.0,0.0,0.0,0.0,0.0,0.0,0.0,0.0,0.0,0.0,0.0,0.0,0.0,0.0,0.0,0.0,0.0,0.0,0.0,0.0,0.0,0.0,0.0,0.0,0.0,0.0,0.0,0.0,0.0,0.0,0.0,0.0,0.0,0.0,0.0,0.0,0.0,0.0,0.0,0.0,0.0,0.0,0.0,0.0,0.0,0.0,0.0,0.0,0.0,0.0,0.0,0.0,0.0,0.0,0.0,0.0,0.0,0.0,0.0,0.0,0.0,0.0,0.0,0.0,0.0,0.0,0.0,0.0,0.0,0.0,0.0,0.0,0.0,0.0,0.0,0.0,0.0,0.0,0.0,0.0,0.0,0.0,0.0,0.0
0.0,0.0,0.0,0.0,0.0,0.0,0.0,0.0,0.0,0.0,0.0,0.0,0.0,0.0,0.0,0.0,0.0,0.0,0.0,0.0,0.0,0.0,0.0,0.0,0.0,0.0,0.0,0.0,0.0,0.0,0.0,0.0,0.0,0.0,0.0,0.0,0.0,0.0,0.0,0.0,0.0,0.0,0.0,0.0,0.0,0.0,0.0,0.0,0.0,0.0,0.0,0.0,0.0,0.0,0.0,0.0,0.0,0.0,0.0,0.0,0.0,0.0,0.0,0.0,0.0,0.0,0.0,0.0,0.0,0.0,0.0,0.0,0.0,0.0,0.0,0.0,0.0,0.0,0.0,0.0,0.0,0.0,0.0,0.0,0.0
0.0,0.0,0.0,0.0,0.0,0.0,0.0,0.0,0.0,0.0,0.0,0.0,0.0,0.0,0.0,0.0,0.0,0.0,0.0,0.0,0.0,0.0,0.0,0.0,0.0,0.0,0.0,0.0,0.0,0.0,0.0,0.0,0.0,0.0,0.0,0.0,0.0,0.0,0.0,0.0,0.0,0.0,0.0,0.0,0.0,0.0,0.0,0.0,0.0,0.0,0.0,0.0,0.0,0.0,0.0,0.0,0.0,0.0,0.0,0.0,0.0,0.0,0.0,0.0,0.0,0.0,0.0,0.0,0.0,0.0,0.0,0.0,0.0,0.0,0.0,0.0,0.0,0.0,0.0,0.0,0.0,0.0,0.0,0.0,0.0
0.0,0.0,0.0,0.0,0.0,0.0,0.0,0.0,0.0,0.0,0.0,0.0,0.0,0.0,0.0,0.0,0.0,0.0,0.0,0.0,0.0,0.0,0.0,0.0,0.0,0.0,0.0,0.0,0.0,0.0,0.0,0.0,0.0,0.0,0.0,0.0,0.0,0.0,0.0,0.0,0.0,0.0,0.0,0.0,0.0,0.0,0.0,0.0,0.0,0.0,0.0,0.0,0.0,0.0,0.0,0.0,0.0,0.0,0.0,0.0,0.0,0.0,0.0,0.0,0.0,0.0,0.0,0.0,0.0,0.0,0.0,0.0,0.0,0.0,0.0,0.0,0.0,0.0,0.0,0.0,0.0,0.0,0.0,0.0,0.0
0.0,0.0,0.0,0.0,0.0,0.0,0.0,0.0,0.0,0.0,0.0,0.0,0.0,0.0,0.0,0.0,0.0,0.0,0.0,0.0,0.0,0.0,0.0,0.0,0.0,0.0,0.0,0.0,0.0,0.0,0.0,0.0,0.0,0.0,0.0,0.0,0.0,0.0,0.0,0.0,0.0,0.0,0.0,0.0,0.0,0.0,0.0,0.0,0.0,0.0,0.0,0.0,0.0,0.0,0.0,0.0,0.0,0.0,0.0,0.0,0.0,0.0,0.0,0.0,0.0,0.0,0.0,0.0,0.0,0.0,0.0,0.0,0.0,0.0,0.0,0.0,0.0,0.0,0.0,0.0,0.0,0.0,0.0,0.0,0.0
0.0,0.0,0.0,0.0,0.0,0.0,0.0,0.0,0.0,0.0,0.0,0.0,0.0,0.0,0.0,0.0,0.0,0.0,0.0,0.0,0.0,0.0,0.0,0.0,0.0,0.0,0.0,0.0,0.0,0.0,0.0,0.0,0.0,0.0,0.0,0.0,0.0,0.0,0.0,0.0,0.0,0.0,0.0,0.0,0.0,0.0,0.0,0.0,0.0,0.0,0.0,0.0,0.0,0.0,0.0,0.0,0.0,0.0,0.0,0.0,0.0,0.0,0.0,0.0,0.0,0.0,0.0,0.0,0.0,0.0,0.0,0.0,0.0,0.0,0.0,0.0,0.0,0.0,0.0,0.0,0.0,0.0,0.0,0.0,0.0
0.0,0.0,0.0,0.0,0.0,0.0,0.0,0.0,0.0,0.0,0.0,0.0,0.0,0.0,0.0,0.0,0.0,0.0,0.0,0.0,0.0,0.0,0.0,0.0,0.0,0.0,0.0,0.0,0.0,0.0,0.0,0.0,0.0,0.0,0.0,0.0,0.0,0.0,0.0,0.0,0.0,0.0,0.0,0.0,0.0,0.0,0.0,0.0,0.0,0.0,0.0,0.0,0.0,0.0,0.0,0.0,0.0,0.0,0.0,0.0,0.0,0.0,0.0,0.0,0.0,0.0,0.0,0.0,0.0,0.0,0.0,0.0,0.0,0.0,0.0,0.0,0.0,0.0,0.0,0.0,0.0,0.0,0.0,0.0,0.0
0.0,0.0,0.0,0.0,0.0,0.0,0.0,0.0,0.0,0.0,0.0,0.0,0.0,0.0,0.0,0.0,0.0,0.0,0.0,0.0,0.0,0.0,0.0,0.0,0.0,0.0,0.0,0.0,0.0,0.0,0.0,0.0,0.0,0.0,0.0,0.0,0.0,0.0,0.0,0.0,0.0,0.0,0.0,0.0,0.0,0.0,0.0,0.0,0.0,0.0,0.0,0.0,0.0,0.0,0.0,0.0,0.0,0.0,0.0,0.0,0.0,0.0,0.0,0.0,0.0,0.0,0.0,0.0,0.0,0.0,0.0,0.0,0.0,0.0,0.0,0.0,0.0,0.0,0.0,0.0,0.0,0.0,0.0,0.0,0.0
0.0,0.0,0.0,0.0,0.0,0.0,0.0,0.0,0.0,0.0,0.0,0.0,0.0,0.0,0.0,0.0,0.0,0.0,0.0,0.0,0.0,0.0,0.0,0.0,0.0,0.0,0.0,0.0,0.0,0.0,0.0,0.0,0.0,0.0,0.0,0.0,0.0,0.0,0.0,0.0,0.0,0.0,0.0,0.0,0.0,0.0,0.0,0.0,0.0,0.0,0.0,0.0,0.0,0.0,0.0,0.0,0.0,0.0,0.0,0.0,0.0,0.0,0.0,0.0,0.0,0.0,0.0,0.0,0.0,0.0,0.0,0.0,0.0,0.0,0.0,0.0,0.0,0.0,0.0,0.0,0.0,0.0,0.0,0.0,0.0
0.0,0.0,0.0,0.0,0.0,0.0,0.0,0.0,0.0,0.0,0.0,0.0,0.0,0.0,0.0,0.0,0.0,0.0,0.0,0.0,0.0,0.0,0.0,0.0,0.0,0.0,0.0,0.0,0.0,0.0,0.0,0.0,0.0,0.0,0.0,0.0,0.0,0.0,0.0,0.0,0.0,0.0,0.0,0.0,0.0,0.0,0.0,0.0,0.0,0.0,0.0,0.0,0.0,0.0,0.0,0.0,0.0,0.0,0.0,0.0,0.0,0.0,0.0,0.0,0.0,0.0,0.0,0.0,0.0,0.0,0.0,0.0,0.0,0.0,0.0,0.0,0.0,0.0,0.0,0.0,0.0,0.0,0.0,0.0,0.0
0.0,0.0,0.0,0.0,0.0,0.0,0.0,0.0,0.0,0.0,0.0,0.0,0.0,0.0,0.0,0.0,0.0,0.0,0.0,0.0,0.0,0.0,0.0,0.0,0.0,0.0,0.0,0.0,0.0,0.0,0.0,0.0,0.0,0.0,0.0,0.0,0.0,0.0,0.0,0.0,0.0,0.0,0.0,0.0,0.0,0.0,0.0,0.0,0.0,0.0,0.0,0.0,0.0,0.0,0.0,0.0,0.0,0.0,0.0,0.0,0.0,0.0,0.0,0.0,0.0,0.0,0.0,0.0,0.0,0.0,0.0,0.0,0.0,0.0,0.0,0.0,0.0,0.0,0.0,0.0,0.0,0.0,0.0,0.0,0.0
0.0,0.0,0.0,0.0,0.0,0.0,0.0,0.0,0.0,0.0,0.0,0.0,0.0,0.0,0.0,0.0,0.0,0.0,0.0,0.0,0.0,0.0,0.0,0.0,0.0,0.0,0.0,0.0,0.0,0.0,0.0,0.0,0.0,0.0,0.0,0.0,0.0,0.0,0.0,0.0,0.0,0.0,0.0,0.0,0.0,0.0,0.0,0.0,0.0,0.0,0.0,0.0,0.0,0.0,0.0,0.0,0.0,0.0,0.0,0.0,0.0,0.0,0.0,0.0,0.0,0.0,0.0,0.0,0.0,0.0,0.0,0.0,0.0,0.0,0.0,0.0,0.0,0.0,0.0,0.0,0.0,0.0,0.0,0.0,0.0
0.0,0.0,0.0,0.0,0.0,0.0,0.0,0.0,0.0,0.0,0.0,0.0,0.0,0.0,0.0,0.0,0.0,0.0,0.0,0.0,0.0,0.0,0.0,0.0,0.0,0.0,0.0,0.0,0.0,0.0,0.0,0.0,0.0,0.0,0.0,0.0,0.0,0.0,0.0,0.0,0.0,0.0,0.0,0.0,0.0,0.0,0.0,0.0,0.0,0.0,0.0,0.0,0.0,0.0,0.0,0.0,0.0,0.0,0.0,0.0,0.0,0.0,0.0,0.0,0.0,0.0,0.0,0.0,0.0,0.0,0.0,0.0,0.0,0.0,0.0,0.0,0.0,0.0,0.0,0.0,0.0,0.0,0.0,0.0,0.0
0.0,0.0,0.0,0.0,0.0,0.0,0.0,0.0,0.0,0.0,0.0,0.0,0.0,0.0,0.0,0.0,0.0,0.0,0.0,0.0,0.0,0.0,0.0,0.0,0.0,0.0,0.0,0.0,0.0,0.0,0.0,0.0,0.0,0.0,0.0,0.0,0.0,0.0,0.0,0.0,0.0,0.0,0.0,0.0,0.0,0.0,0.0,0.0,0.0,0.0,0.0,0.0,0.0,0.0,0.0,0.0,0.0,0.0,0.0,0.0,0.0,0.0,0.0,0.0,0.0,0.0,0.0,0.0,0.0,0.0,0.0,0.0,0.0,0.0,0.0,0.0,0.0,0.0,0.0,0.0,0.0,0.0,0.0,0.0,0.0
0.0,0.0,0.0,0.0,0.0,0.0,0.0,0.0,0.0,0.0,0.0,0.0,0.0,0.0,0.0,0.0,0.0,0.0,0.0,0.0,0.0,0.0,0.0,0.0,0.0,0.0,0.0,0.0,0.0,0.0,0.0,0.0,0.0,0.0,0.0,0.0,0.0,0.0,0.0,0.0,0.0,0.0,0.0,0.0,0.0,0.0,0.0,0.0,0.0,0.0,0.0,0.0,0.0,0.0,0.0,0.0,0.0,0.0,0.0,0.0,0.0,0.0,0.0,0.0,0.0,0.0,0.0,0.0,0.0,0.0,0.0,0.0,0.0,0.0,0.0,0.0,0.0,0.0,0.0,0.0,0.0,0.0,0.0,0.0,0.0
0.0,0.0,0.0,0.0,0.0,0.0,0.0,0.0,0.0,0.0,0.0,0.0,0.0,0.0,0.0,0.0,0.0,0.0,0.0,0.0,0.0,0.0,0.0,0.0,0.0,0.0,0.0,0.0,0.0,0.0,0.0,0.0,0.0,0.0,0.0,0.0,0.0,0.0,0.0,0.0,0.0,0.0,0.0,0.0,0.0,0.0,0.0,0.0,0.0,0.0,0.0,0.0,0.0,0.0,0.0,0.0,0.0,0.0,0.0,0.0,0.0,0.0,0.0,0.0,0.0,0.0,0.0,0.0,0.0,0.0,0.0,0.0,0.0,0.0,0.0,0.0,0.0,0.0,0.0,0.0,0.0,0.0,0.0,0.0,0.0
0.0,0.0,0.0,0.0,0.0,0.0,0.0,0.0,0.0,0.0,0.0,0.0,0.0,0.0,0.0,0.0,0.0,0.0,0.0,0.0,0.0,0.0,0.0,0.0,0.0,0.0,0.0,0.0,0.0,0.0,0.0,0.0,0.0,0.0,0.0,0.0,0.0,0.0,0.0,0.0,0.0,0.0,0.0,0.0,0.0,0.0,0.0,0.0,0.0,0.0,0.0,0.0,0.0,0.0,0.0,0.0,0.0,0.0,0.0,0.0,0.0,0.0,0.0,0.0,0.0,0.0,0.0,0.0,0.0,0.0,0.0,0.0,0.0,0.0,0.0,0.0,0.0,0.0,0.0,0.0,0.0,0.0,0.0,0.0,0.0
0.0,0.0,0.0,0.0,0.0,0.0,0.0,0.0,0.0,0.0,0.0,0.0,0.0,0.0,0.0,0.0,0.0,0.0,0.0,0.0,0.0,0.0,0.0,0.0,0.0,0.0,0.0,0.0,0.0,0.0,0.0,0.0,0.0,0.0,0.0,0.0,0.0,0.0,0.0,0.0,0.0,0.0,0.0,0.0,0.0,0.0,0.0,0.0,0.0,0.0,0.0,0.0,0.0,0.0,0.0,0.0,0.0,0.0,0.0,0.0,0.0,0.0,0.0,0.0,0.0,0.0,0.0,0.0,0.0,0.0,0.0,0.0,0.0,0.0,0.0,0.0,0.0,0.0,0.0,0.0,0.0,0.0,0.0,0.0,0.0
0.0,0.0,0.0,0.0,0.0,0.0,0.0,0.0,0.0,0.0,0.0,0.0,0.0,0.0,0.0,0.0,0.0,0.0,0.0,0.0,0.0,0.0,0.0,0.0,0.0,0.0,0.0,0.0,0.0,0.0,0.0,0.0,0.0,0.0,0.0,0.0,0.0,0.0,0.0,0.0,0.0,0.0,0.0,0.0,0.0,0.0,0.0,0.0,0.0,0.0,0.0,0.0,0.0,0.0,0.0,0.0,0.0,0.0,0.0,0.0,0.0,0.0,0.0,0.0,0.0,0.0,0.0,0.0,0.0,0.0,0.0,0.0,0.0,0.0,0.0,0.0,0.0,0.0,0.0,0.0,0.0,0.0,0.0,0.0,0.0
0.0,0.0,0.0,0.0,0.0,0.0,0.0,0.0,0.0,0.0,0.0,0.0,0.0,0.0,0.0,0.0,0.0,0.0,0.0,0.0,0.0,0.0,0.0,0.0,0.0,0.0,0.0,0.0,0.0,0.0,0.0,0.0,0.0,0.0,0.0,0.0,0.0,0.0,0.0,0.0,0.0,0.0,0.0,0.0,0.0,0.0,0.0,0.0,0.0,0.0,0.0,0.0,0.0,0.0,0.0,0.0,0.0,0.0,0.0,0.0,0.0,0.0,0.0,0.0,0.0,0.0,0.0,0.0,0.0,0.0,0.0,0.0,0.0,0.0,0.0,0.0,0.0,0.0,0.0,0.0,0.0,0.0,0.0,0.0,0.0
0.0,0.0,0.0,0.0,0.0,0.0,0.0,0.0,0.0,0.0,0.0,0.0,0.0,0.0,0.0,0.0,0.0,0.0,0.0,0.0,0.0,0.0,0.0,0.0,0.0,0.0,0.0,0.0,0.0,0.0,0.0,0.0,0.0,0.0,0.0,0.0,0.0,0.0,0.0,0.0,0.0,0.0,0.0,0.0,0.0,0.0,0.0,0.0,0.0,0.0,0.0,0.0,0.0,0.0,0.0,0.0,0.0,0.0,0.0,0.0,0.0,0.0,0.0,0.0,0.0,0.0,0.0,0.0,0.0,0.0,0.0,0.0,0.0,0.0,0.0,0.0,0.0,0.0,0.0,0.0,0.0,0.0,0.0,0.0,0.0
0.0,0.0,0.0,0.0,0.0,0.0,0.0,0.0,0.0,0.0,0.0,0.0,0.0,0.0,0.0,0.0,0.0,0.0,0.0,0.0,0.0,0.0,0.0,0.0,0.0,0.0,0.0,0.0,0.0,0.0,0.0,0.0,0.0,0.0,0.0,0.0,0.0,0.0,0.0,0.0,0.0,0.0,0.0,0.0,0.0,0.0,0.0,0.0,0.0,0.0,0.0,0.0,0.0,0.0,0.0,0.0,0.0,0.0,0.0,0.0,0.0,0.0,0.0,0.0,0.0,0.0,0.0,0.0,0.0,0.0,0.0,0.0,0.0,0.0,0.0,0.0,0.0,0.0,0.0,0.0,0.0,0.0,0.0,0.0,0.0
0.0,0.0,0.0,0.0,0.0,0.0,0.0,0.0,0.0,0.0,0.0,0.0,0.0,0.0,0.0,0.0,0.0,0.0,0.0,0.0,0.0,0.0,0.0,0.0,0.0,0.0,0.0,0.0,0.0,0.0,0.0,0.0,0.0,0.0,0.0,0.0,0.0,0.0,0.0,0.0,0.0,0.0,0.0,0.0,0.0,0.0,0.0,0.0,0.0,0.0,0.0,0.0,0.0,0.0,0.0,0.0,0.0,0.0,0.0,0.0,0.0,0.0,0.0,0.0,0.0,0.0,0.0,0.0,0.0,0.0,0.0,0.0,0.0,0.0,0.0,0.0,0.0,0.0,0.0,0.0,0.0,0.0,0.0,0.0,0.0
0.0,0.0,0.0,0.0,0.0,0.0,0.0,0.0,0.0,0.0,0.0,0.0,0.0,0.0,0.0,0.0,0.0,0.0,0.0,0.0,0.0,0.0,0.0,0.0,0.0,0.0,0.0,0.0,0.0,0.0,0.0,0.0,0.0,0.0,0.0,0.0,0.0,0.0,0.0,0.0,0.0,0.0,0.0,0.0,0.0,0.0,0.0,0.0,0.0,0.0,0.0,0.0,0.0,0.0,0.0,0.0,0.0,0.0,0.0,0.0,0.0,0.0,0.0,0.0,0.0,0.0,0.0,0.0,0.0,0.0,0.0,0.0,0.0,0.0,0.0,0.0,0.0,0.0,0.0,0.0,0.0,0.0,0.0,0.0,0.0
0.0,0.0,0.0,0.0,0.0,0.0,0.0,0.0,0.0,0.0,0.0,0.0,0.0,0.0,0.0,0.0,0.0,0.0,0.0,0.0,0.0,0.0,0.0,0.0,0.0,0.0,0.0,0.0,0.0,0.0,0.0,0.0,0.0,0.0,0.0,0.0,0.0,0.0,0.0,0.0,0.0,0.0,0.0,0.0,0.0,0.0,0.0,0.0,0.0,0.0,0.0,0.0,0.0,0.0,0.0,0.0,0.0,0.0,0.0,0.0,0.0,0.0,0.0,0.0,0.0,0.0,0.0,0.0,0.0,0.0,0.0,0.0,0.0,0.0,0.0,0.0,0.0,0.0,0.0,0.0,0.0,0.0,0.0,0.0,0.0
0.0,0.0,0.0,0.0,0.0,0.0,0.0,0.0,0.0,0.0,0.0,0.0,0.0,0.0,0.0,0.0,0.0,0.0,0.0,0.0,0.0,0.0,0.0,0.0,0.0,0.0,0.0,0.0,0.0,0.0,0.0,0.0,0.0,0.0,0.0,0.0,0.0,0.0,0.0,0.0,0.0,0.0,0.0,0.0,0.0,0.0,0.0,0.0,0.0,0.0,0.0,0.0,0.0,0.0,0.0,0.0,0.0,0.0,0.0,0.0,0.0,0.0,0.0,0.0,0.0,0.0,0.0,0.0,0.0,0.0,0.0,0.0,0.0,0.0,0.0,0.0,0.0,0.0,0.0,0.0,0.0,0.0,0.0,0.0,0.0
0.0,0.0,0.0,0.0,0.0,0.0,0.0,0.0,0.0,0.0,0.0,0.0,0.0,0.0,0.0,0.0,0.0,0.0,0.0,0.0,0.0,0.0,0.0,0.0,0.0,0.0,0.0,0.0,0.0,0.0,0.0,0.0,0.0,0.0,0.0,0.0,0.0,0.0,0.0,0.0,0.0,0.0,0.0,0.0,0.0,0.0,0.0,0.0,0.0,0.0,0.0,0.0,0.0,0.0,0.0,0.0,0.0,0.0,0.0,0.0,0.0,0.0,0.0,0.0,0.0,0.0,0.0,0.0,0.0,0.0,0.0,0.0,0.0,0.0,0.0,0.0,0.0,0.0,0.0,0.0,0.0,0.0,0.0,0.0,0.0
0.0,0.0,0.0,0.0,0.0,0.0,0.0,0.0,0.0,0.0,0.0,0.0,0.0,0.0,0.0,0.0,0.0,0.0,0.0,0.0,0.0,0.0,0.0,0.0,0.0,0.0,0.0,0.0,0.0,0.0,0.0,0.0,0.0,0.0,0.0,0.0,0.0,0.0,0.0,0.0,0.0,0.0,0.0,0.0,0.0,0.0,0.0,0.0,0.0,0.0,0.0,0.0,0.0,0.0,0.0,0.0,0.0,0.0,0.0,0.0,0.0,0.0,0.0,0.0,0.0,0.0,0.0,0.0,0.0,0.0,0.0,0.0,0.0,0.0,0.0,0.0,0.0,0.0,0.0,0.0,0.0,0.0,0.0,0.0,0.0
0.0,0.0,0.0,0.0,0.0,0.0,0.0,0.0,0.0,0.0,0.0,0.0,0.0,0.0,0.0,0.0,0.0,0.0,0.0,0.0,0.0,0.0,0.0,0.0,0.0,0.0,0.0,0.0,0.0,0.0,0.0,0.0,0.0,0.0,0.0,0.0,0.0,0.0,0.0,0.0,0.0,0.0,0.0,0.0,0.0,0.0,0.0,0.0,0.0,0.0,0.0,0.0,0.0,0.0,0.0,0.0,0.0,0.0,0.0,0.0,0.0,0.0,0.0,0.0,0.0,0.0,0.0,0.0,0.0,0.0,0.0,0.0,0.0,0.0,0.0,0.0,0.0,0.0,0.0,0.0,0.0,0.0,0.0,0.0,0.0
0.0,0.0,0.0,0.0,0.0,0.0,0.0,0.0,0.0,0.0,0.0,0.0,0.0,0.0,0.0,0.0,0.0,0.0,0.0,0.0,0.0,0.0,0.0,0.0,0.0,0.0,0.0,0.0,0.0,0.0,0.0,0.0,0.0,0.0,0.0,0.0,0.0,0.0,0.0,0.0,0.0,0.0,0.0,0.0,0.0,0.0,0.0,0.0,0.0,0.0,0.0,0.0,0.0,0.0,0.0,0.0,0.0,0.0,0.0,0.0,0.0,0.0,0.0,0.0,0.0,0.0,0.0,0.0,0.0,0.0,0.0,0.0,0.0,0.0,0.0,0.0,0.0,0.0,0.0,0.0,0.0,0.0,0.0,0.0,0.0
0.0,0.0,0.0,0.0,0.0,0.0,0.0,0.0,0.0,0.0,0.0,0.0,0.0,0.0,0.0,0.0,0.0,0.0,0.0,0.0,0.0,0.0,0.0,0.0,0.0,0.0,0.0,0.0,0.0,0.0,0.0,0.0,0.0,0.0,0.0,0.0,0.0,0.0,0.0,0.0,0.0,0.0,0.0,0.0,0.0,0.0,0.0,0.0,0.0,0.0,0.0,0.0,0.0,0.0,0.0,0.0,0.0,0.0,0.0,0.0,0.0,0.0,0.0,0.0,0.0,0.0,0.0,0.0,0.0,0.0,0.0,0.0,0.0,0.0,0.0,0.0,0.0,0.0,0.0,0.0,0.0,0.0,0.0,0.0,0.0
0.0,0.0,0.0,0.0,0.0,0.0,0.0,0.0,0.0,0.0,0.0,0.0,0.0,0.0,0.0,0.0,0.0,0.0,0.0,0.0,0.0,0.0,0.0,0.0,0.0,0.0,0.0,0.0,0.0,0.0,0.0,0.0,0.0,0.0,0.0,0.0,0.0,0.0,0.0,0.0,0.0,0.0,0.0,0.0,0.0,0.0,0.0,0.0,0.0,0.0,0.0,0.0,0.0,0.0,0.0,0.0,0.0,0.0,0.0,0.0,0.0,0.0,0.0,0.0,0.0,0.0,0.0,0.0,0.0,0.0,0.0,0.0,0.0,0.0,0.0,0.0,0.0,0.0,0.0,0.0,0.0,0.0,0.0,0.0,0.0
0.0,0.0,0.0,0.0,0.0,0.0,0.0,0.0,0.0,0.0,0.0,0.0,0.0,0.0,0.0,0.0,0.0,0.0,0.0,0.0,0.0,0.0,0.0,0.0,0.0,0.0,0.0,0.0,0.0,0.0,0.0,0.0,0.0,0.0,0.0,0.0,0.0,0.0,0.0,0.0,0.0,0.0,0.0,0.0,0.0,0.0,0.0,0.0,0.0,0.0,0.0,0.0,0.0,0.0,0.0,0.0,0.0,0.0,0.0,0.0,0.0,0.0,0.0,0.0,0.0,0.0,0.0,0.0,0.0,0.0,0.0,0.0,0.0,0.0,0.0,0.0,0.0,0.0,0.0,0.0,0.0,0.0,0.0,0.0,0.0
0.0,0.0,0.0,0.0,0.0,0.0,0.0,0.0,0.0,0.0,0.0,0.0,0.0,0.0,0.0,0.0,0.0,0.0,0.0,0.0,0.0,0.0,0.0,0.0,0.0,0.0,0.0,0.0,0.0,0.0,0.0,0.0,0.0,0.0,0.0,0.0,0.0,0.0,0.0,0.0,0.0,0.0,0.0,0.0,0.0,0.0,0.0,0.0,0.0,0.0,0.0,0.0,0.0,0.0,0.0,0.0,0.0,0.0,0.0,0.0,0.0,0.0,0.0,0.0,0.0,0.0,0.0,0.0,0.0,0.0,0.0,0.0,0.0,0.0,0.0,0.0,0.0,0.0,0.0,0.0,0.0,0.0,0.0,0.0,0.0
0.0,0.0,0.0,0.0,0.0,0.0,0.0,0.0,0.0,0.0,0.0,0.0,0.0,0.0,0.0,0.0,0.0,0.0,0.0,0.0,0.0,0.0,0.0,0.0,0.0,0.0,0.0,0.0,0.0,0.0,0.0,0.0,0.0,0.0,0.0,0.0,0.0,0.0,0.0,0.0,0.0,0.0,0.0,0.0,0.0,0.0,0.0,0.0,0.0,0.0,0.0,0.0,0.0,0.0,0.0,0.0,0.0,0.0,0.0,0.0,0.0,0.0,0.0,0.0,0.0,0.0,0.0,0.0,0.0,0.0,0.0,0.0,0.0,0.0,0.0,0.0,0.0,0.0,0.0,0.0,0.0,0.0,0.0,0.0,0.0
0.0,0.0,0.0,0.0,0.0,0.0,0.0,0.0,0.0,0.0,0.0,0.0,0.0,0.0,0.0,0.0,0.0,0.0,0.0,0.0,0.0,0.0,0.0,0.0,0.0,0.0,0.0,0.0,0.0,0.0,0.0,0.0,0.0,0.0,0.0,0.0,0.0,0.0,0.0,0.0,0.0,0.0,0.0,0.0,0.0,0.0,0.0,0.0,0.0,0.0,0.0,0.0,0.0,0.0,0.0,0.0,0.0,0.0,0.0,0.0,0.0,0.0,0.0,0.0,0.0,0.0,0.0,0.0,0.0,0.0,0.0,0.0,0.0,0.0,0.0,0.0,0.0,0.0,0.0,0.0,0.0,0.0,0.0,0.0,0.0
20230823.0,2.0230823130255096e+16,0.873,0.872,0.871,0.87,0.869,4290400.0,7435400.0,12023200.0,13508500.0,3462700.0,0.71,0.883,0.874,0.872,-11987000.0,-10102200.0,-14188000.0,-17475300.0,-8096600.0,0.874,0.875,0.876,0.877,0.878,7696600.0,2666800.0,2164800.0,3966800.0,4633900.0,0.881,0.887,-0.013,-0.001,290849957.55,331951850.0,1.064,7696600.0,2666800.0,2164800.0,3966800.0,4633900.0,0.0,0.0,1381918.0,-0.001,-4290400.0,-7435400.0,-12023200.0,-13508500.0,-3462700.0,0.002,0.001,0.874,0.0,0.0,0.763876,1.101920307184225e+17,0.0,0.0,0.874,0.0,0.0,-0.0009815089293353,0.874,0.8734999999999999,1303.0,0.874,0.0011448196908986,0.003434459072696,0.0,159949.0,21128900.0,40720200.0,-19591300.0,61849100.0,0.1722754159698019,0.2245701546146223,1581600.0,19591300.0,0.8737468386444107,0.8733579210811713,0.8757716208605275,0.8708915108471962
20230823.0,2.023082313035511e+16,0.873,0.872,0.871,0.87,0.869,3378500.0,7613900.0,12021700.0,13524900.0,3511200.0,0.71,0.883,0.874,0.872,-1235700.0,-931500.0,988500.0,-18600.0,78500.0,0.874,0.875,0.876,0.877,0.878,8120600.0,3776800.0,1174800.0,4001800.0,4603900.0,0.881,0.887,-0.013,0.001,292127881.75,333415250.0,1.064,324000.0,1110000.0,-990000.0,35000.0,-30000.0,0.0001176470588235,354317.64705884457,1277749.6000000238,-0.001,-911700.0,178500.0,-1500.0,16400.0,48500.0,0.002,0.001,0.874,2.0,2.0,0.7636704705882352,1.8851927302291223e+18,15.0,2.0,0.874,0.0,283700.0,-7.001247212432005e-05,0.873,0.8734999999999999,1304.0,0.874,0.0011448196908986,0.003434459072696,-86203.91558606178,159949.0,21677900.0,40050200.0,-18372300.0,61728100.0,0.165485990828218,0.2027904379603367,1463200.0,18372300.0,0.8732569710224329,0.8732938056021776,0.8756859289875865,0.8708457835416551
20230823.0,2.023082313045504e+16,0.873,0.872,0.871,0.87,0.869,3436300.0,8388700.0,12277100.0,13514100.0,3516200.0,0.71,0.883,0.873,0.872,701600.0,223800.0,255400.0,-28500.0,25000.0,0.874,0.875,0.876,0.877,0.878,7866300.0,3927800.0,1174800.0,4019500.0,4583900.0,0.881,0.887,-0.014,-0.001,292284028.45,333594050.0,1.064,-444300.0,231000.0,0.0,17700.0,-20000.0,0.0003125,27193.75,147406.69999998808,-0.001,257300.0,454800.0,255400.0,-10800.0,5000.0,0.002,0.001,0.873,1.0,1.0,0.7626749374999999,1.78005705472784e+18,5.0,11.0,0.874,0.001,74300.0,3.130962073155663e-05,0.873,0.8734999999999999,1305.0,0.873,0.0011448196908986,0.003434459072696,-48034.756134316325,159949.0,21572300.0,41132400.0,-19560100.0,62704700.0,0.1501522977715814,0.1856906826355313,168800.0,19560100.0,0.8732624407582232,0.8733040273919277,0.875699934638402,0.8708715076192978
20230823.0,2.023082313055516e+16,0.873,0.872,0.871,0.87,0.869,51500.0,8390300.0,13689400.0,13550500.0,3547500.0,0.71,0.883,0.873,0.872,-2628700.0,240600.0,1231300.0,127000.0,31300.0,0.874,0.875,0.876,0.877,0.878,6820200.0,3973800.0,1355800.0,3928900.0,4583900.0,0.881,0.887,-0.014,0.0,295939244.35,337780950.0,1.064,-756100.0,166000.0,181000.0,-90600.0,0.0,0.0003684210526314,1000931.5789473652,3655215.900000036,-0.001,-3384800.0,406600.0,1412300.0,36400.0,31300.0,0.002,0.001,0.873,2.0,2.0,0.7627726315789473,2.1484191075447475e+18,7.0,12.0,0.874,0.001,1154800.0,-0.0003487780794567,0.873,0.8734999999999999,1306.0,0.873,0.0011448196908986,0.003434459072696,-159040.29085112363,159949.0,20662600.0,39229200.0,-18566600.0,59891800.0,0.1400600219849073,0.1679444889237412,4186900.0,18566600.0,0.8730124674580324,0.873007494506454,0.8757813682692401,0.8706902256482416
20230823.0,2.023082313065513e+16,0.873,0.872,0.871,0.87,0.869,793000.0,8718200.0,13308300.0,13549200.0,3551900.0,0.71,0.883,0.874,0.872,761800.0,34500.0,-101400.0,-1300.0,3200.0,0.874,0.875,0.876,0.877,0.878,6804900.0,3976600.0,1366100.0,3928900.0,4583900.0,0.881,0.887,-0.013,0.001,297068226.25,339074150.0,1.064,-15300.0,412800.0,10300.0,0.0,0.0,0.0002631578947368,47742.10526317358,1120251.8999999762,-0.001,746500.0,447300.0,-91100.0,-1300.0,3200.0,0.002,0.001,0.874,3.0,2.0,0.7634162631578946,2.183480757512168e+18,14.0,5.0,0.874,0.0005,11600.0,0.0001117902870299,0.873,0.8734999999999999,1307.0,0.873,0.0011448196908986,0.003434459072696,38706191.14366677,159949.0,20660400.0,39920600.0,-19260200.0,60581000.0,0.060585337847682,0.05579682730983,1283200.0,19260200.0,0.8730142612219266,0.8731043709446031,0.875782690557782,0.8707407654193573
20230823.0,2.023082313075507e+16,0.873,0.872,0.871,0.87,0.869,394200.0,11551900.0,12120600.0,13682800.0,3551900.0,0.71,0.883,0.873,0.872,-335700.0,2167700.0,-1443700.0,133100.0,0.0,0.874,0.875,0.876,0.877,0.878,6744400.0,4655300.0,1616100.0,3928900.0,4583900.0,0.881,0.887,-0.014,-0.001,299642766.65,342023250.0,1.064,-60500.0,798700.0,250000.0,0.0,0.0,0.0002105263157895,981105.263157904,2574540.399999976,-0.001,-396200.0,2966400.0,-1193700.0,133100.0,0.0,0.002,0.001,0.873,0.0,1.0,0.7624967894736842,2.2011931347952072e+18,4.0,15.0,0.874,0.0,1896350.0,-5.594385844387429e-05,0.873,0.8734999999999999,1308.0,0.874,0.0011448196908986,0.003434459072696,-38854117.98396338,159949.0,21528600.0,41301400.0,-19772800.0,62830000.0,0.0673741067051398,0.0681546755975628,2949100.0,19772800.0,0.8729918958326188,0.8730552209116633,0.8757655490835446,0.870795496036454
20230823.0,2.023082313085249e+16,0.872,0.871,0.87,0.869,0.868,8635100.0,13443600.0,13766300.0,4577600.0,3869600.0,0.71,0.883,0.873,0.872,-9979400.0,-21209500.0,-17335200.0,-6243700.0,-7798500.0,0.873,0.874,0.875,0.876,0.877,1344300.0,7765900.0,3568900.0,1666100.0,3928900.0,0.881,0.887,-0.014,0.0,300264364.55,342735250.0,1.064,1344300.0,7765900.0,3568900.0,1666100.0,3928900.0,0.0004545454545451,134145.4545454383,620724.9000000358,-0.001,-8635100.0,-13443600.0,-13766300.0,-4577600.0,-3869600.0,0.002,0.001,0.873,1.0,1.0,0.7629230909090908,1.2877968502977275e+18,5.0,6.0,0.874,0.001,16900.0,-0.000254183761517,0.873,0.8725,1309.0,0.873,0.0011461318051575,0.0034383954154727,-125582.27239246666,159949.0,18274100.0,44292200.0,-26018100.0,62566300.0,0.0719447925411983,0.0752124923703466,711000.0,26018100.0,0.873030801687814,0.8728652925025553,0.8749490754674649,0.8704153552995787
20230823.0,2.023082313095511e+16,0.872,0.871,0.87,0.869,0.868,8117600.0,14578600.0,13832700.0,4614900.0,3872100.0,0.71,0.883,0.872,0.872,-2635700.0,2496700.0,266400.0,16800.0,2500.0,0.873,0.874,0.875,0.876,0.877,4456100.0,6597700.0,3386900.0,1686600.0,3928900.0,0.881,0.887,-0.015,-0.001,300610507.45,343132050.0,1.064,2106200.0,-1777700.0,-200000.0,20500.0,0.0,0.0001578947368421,92252.63157892229,339682.6999999881,-0.001,-529500.0,719000.0,66400.0,37300.0,2500.0,0.002,0.001,0.872,2.0,3.0,0.7618534736842104,2.233613778298888e+18,16.0,3.0,0.873,0.0,78100.0,-0.0001612356403618,0.872,0.8725,1310.0,0.873,0.0011461318051575,0.0034383954154727,-39434203.7041416,159949.0,20056200.0,45015900.0,-24959700.0,65072100.0,0.0737107458759663,0.0779919367636774,389400.0,24959700.0,0.8723233179249822,0.8726456015333593,0.8747025608041403,0.8704099595920554
20230823.0,2.023082313105511e+16,0.872,0.871,0.87,0.869,0.868,9167800.0,13982000.0,14190200.0,4624900.0,3893600.0,0.71,0.883,0.873,0.872,3355700.0,-1679600.0,357500.0,10000.0,7900.0,0.873,0.874,0.875,0.876,0.877,1462600.0,8470700.0,3386900.0,1686600.0,3942500.0,0.881,0.887,-0.014,0.0,300977397.25,343552450.0,1.064,-2201100.0,1493000.0,0.0,0.0,13600.0,2.220446049250313e-16,117284.21052628756,275676.1999999881,-0.001,1154600.0,-186600.0,357500.0,10000.0,21500.0,0.002,0.001,0.873,0.0,0.0,0.762129,2.2400968882918671e+18,0.0,19.0,0.873,0.0,253800.0,0.0002018502035585,0.873,0.8725,1311.0,0.873,0.0011461318051575,0.0034383954154727,0.0,159949.0,18949300.0,45858500.0,-26909200.0,64807800.0,0.066986782009434,0.0697040222671211,315800.0,26909200.0,0.8729455351487906,0.8728624134557496,0.8749037273144654,0.8704340634778721
0.0,0.0,0.0,0.0,0.0,0.0,0.0,0.0,0.0,0.0,0.0,0.0,0.0,0.0,0.0,0.0,0.0,0.0,0.0,0.0,0.0,0.0,0.0,0.0,0.0,0.0,0.0,0.0,0.0,0.0,0.0,0.0,0.0,0.0,0.0,0.0,0.0,0.0,0.0,0.0,0.0,0.0,0.0,0.0,0.0,0.0,0.0,0.0,0.0,0.0,0.0,0.0,0.0,0.0,0.0,0.0,0.0,0.0,0.0,0.0,0.0,0.0,0.0,0.0,0.0,0.0,0.0,0.0,0.0,0.0,0.0,0.0,0.0,0.0,0.0,0.0,0.0,0.0,0.0,0.0,0.0,0.0,0.0,0.0,0.0
20230823.0,2.023082313125267e+16,0.873,0.872,0.871,0.87,0.869,488800.0,13653100.0,10519000.0,14291700.0,4609700.0,0.71,0.883,0.873,0.872,9912300.0,20658000.0,12205600.0,18244700.0,9184100.0,0.874,0.875,0.876,0.877,0.878,9423500.0,7004900.0,1686600.0,3953000.0,4574400.0,0.881,0.887,-0.014,0.0,302506698.95,345304350.0,1.064,-9423500.0,-7004900.0,-1686600.0,-3953000.0,-4574400.0,7.142857142861114e-05,264071.428571403,1276635.699999988,-0.001,488800.0,13653100.0,10519000.0,14291700.0,4609700.0,0.002,0.001,0.873,1.0,1.0,0.762004357142857,1.6625568451322552e+18,13.0,1.0,0.873,0.0,366050.0,0.0004237488307013,0.872,0.8734999999999999,1313.0,0.873,0.0011448196908986,0.003434459072696,-16052.990058533847,159949.0,26642400.0,43562300.0,-16919900.0,70204700.0,0.0542242587068567,0.060823956093605,1462400.0,16919900.0,0.8729729896061188,0.873049312470365,0.8755214357565385,0.8707961448316549
20230823.0,2.023082313133448e+16,0.874,0.873,0.872,0.871,0.87,1152400.0,7815500.0,7904200.0,8718900.0,14317700.0,0.71,0.883,0.874,0.872,4968800.0,15104400.0,11857200.0,13513300.0,17111500.0,0.875,0.876,0.877,0.878,0.879,3816400.0,7288900.0,3953000.0,4794400.0,2793800.0,0.881,0.887,-0.013,0.001,304871744.25,348010950.0,1.064,-3816400.0,-7288900.0,-3953000.0,-4794400.0,-2793800.0,8.333333333343518e-05,972383.3333333136,1937885.899999976,-0.001,1152400.0,7815500.0,7904200.0,8718900.0,14317700.0,0.002,0.001,0.874,1.0,0.0,0.7637304166666666,1.44311756107537e+18,11.0,1.0,0.874,0.0,2116000.0,0.0013805199494167,0.873,0.8745,1314.0,0.873,0.0011435105774728,0.0034305317324185,39568461.09839821,159949.0,22646500.0,39908700.0,-17262200.0,62555200.0,0.0824276042980328,0.106656353675316,2217300.0,17262200.0,0.8739845307355686,0.8742319272258895,0.8767995407678891,0.8713175924046636
20230823.0,2.0230823131416536e+16,0.874,0.873,0.872,0.871,0.87,5262200.0,6089700.0,7695400.0,8685600.0,14024000.0,0.71,0.883,0.875,0.872,3895900.0,212600.0,-2520400.0,-330000.0,-295600.0,0.875,0.876,0.877,0.878,0.879,943000.0,7134700.0,6353000.0,5094500.0,2789800.0,0.881,0.887,-0.012,0.0,305349285.35,348556750.0,1.064,-2029600.0,-1854200.0,2400000.0,300000.0,-4000.0,0.0,127766.66666668652,316891.10000002384,-0.001,1866300.0,-1641600.0,-120400.0,-30000.0,-299600.0,0.002,0.001,0.875,0.0,0.0,0.765625,7.279826654140749e+17,0.0,0.0,0.875,0.0,251775.0,0.0003598950190967,0.875,0.8745,1315.0,0.875,0.0011435105774728,0.0034305317324185,0.0,159949.0,22315000.0,41756900.0,-19441900.0,64071900.0,0.0921031519381711,0.1197316271971465,362200.0,19441900.0,0.8749064053010045,0.8748480306839425,0.8770740936589737,0.8715181754392687
20230823.0,2.0230823131510344e+16,0.874,0.873,0.872,0.871,0.87,2341500.0,8352200.0,7585700.0,8685600.0,14031600.0,0.71,0.883,0.874,0.872,-1147400.0,252700.0,-22100.0,0.0,12000.0,0.875,0.876,0.877,0.878,0.879,2643800.0,8688500.0,3853000.0,5027900.0,2789800.0,0.881,0.887,-0.013,-0.001,305773782.65,349041950.0,1.064,493800.0,-25000.0,0.0,0.0,0.0,0.0005,17100.0,43456.29999995232,-0.001,-653600.0,227700.0,-22100.0,0.0,12000.0,0.002,0.001,0.874,0.0,1.0,0.7647504999999999,4.8727338485773e+17,2.0,2.0,0.875,0.001,32700.0,-0.0001285791782462,0.874,0.8745,1316.0,0.875,0.0011435105774728,0.0034305317324185,-39936149.88558356,159949.0,23003000.0,40996600.0,-17993600.0,63999600.0,0.095652129671946,0.1281758018428588,49700.0,17993600.0,0.874372233399443,0.8744696808617335,0.876853558231535,0.8714215715449575
20230823.0,2.0230823131622124e+16,0.873,0.872,0.871,0.87,0.869,3900500.0,12638100.0,8932000.0,14044600.0,4607600.0,0.71,0.883,0.874,0.872,-2341100.0,189100.0,183000.0,215800.0,0.0,0.874,0.875,0.876,0.877,0.878,2039700.0,8784800.0,3816300.0,3703000.0,5027900.0,0.881,0.887,-0.013,0.0,307037929.75,350488450.0,1.064,532000.0,1017500.0,-160000.0,-200000.0,0.0,0.0001666666666667,83633.33333331347,224851.5,-0.001,-1809100.0,1206600.0,23000.0,15800.0,0.0,0.002,0.001,0.874,1.0,1.0,0.7635848333333333,7.36322327972275e+17,5.0,1.0,0.874,0.0,148100.0,-0.0001539061108742,0.873,0.8734999999999999,1317.0,0.874,0.0011448196908986,0.003434459072696,-38879.3279703036,159949.0,23371700.0,44122800.0,-20751100.0,67494500.0,0.1047861815950566,0.1415801685330815,257500.0,20751100.0,0.8732097087378641,0.8736566277229723,0.8760382770615746,0.8709360716001703
20230823.0,2.0230823131755784e+16,0.875,0.874,0.873,0.872,0.871,1588600.0,8093900.0,3402500.0,7882300.0,9182500.0,0.71,0.883,0.875,0.872,6641500.0,13470200.0,10430400.0,10766200.0,11909500.0,0.876,0.877,0.878,0.879,0.88,5052900.0,5376300.0,7027900.0,2883900.0,2727000.0,0.881,0.887,-0.012,0.001,309385146.75,353172850.0,1.064,-5052900.0,-5376300.0,-7027900.0,-2883900.0,-2727000.0,0.0005,38800.0,2206659.399999976,-0.001,1588600.0,8093900.0,3402500.0,7882300.0,9182500.0,0.002,0.001,0.875,3.0,2.0,0.7647505,2.2300877748858048e+18,9.0,9.0,0.875,0.001,71250.0,0.0016007116192571,0.874,0.8755,1318.0,0.874,0.0011422044545973,0.0034266133637921,40133722.47139591,159949.0,23068000.0,30149800.0,-7081800.0,53217800.0,0.0997098890432625,0.1319842011108963,2523500.0,7081800.0,0.87444398652664,0.875239192953399,0.8776902982486562,0.8725032736535566
20230823.0,2.0230823131855204e+16,0.874,0.873,0.872,0.871,0.87,5104000.0,6170600.0,7858300.0,9174200.0,14020600.0,0.71,0.883,0.875,0.872,-5602300.0,-15337500.0,-12863600.0,-14202100.0,-16904500.0,0.875,0.876,0.877,0.878,0.879,498300.0,9166900.0,5005300.0,5027900.0,2883900.0,0.881,0.887,-0.012,0.0,312059145.85,356228950.0,1.064,498300.0,9166900.0,5005300.0,5027900.0,2883900.0,5.263157894719317e-05,715215.7894737124,2629936.600000024,-0.001,-5104000.0,-6170600.0,-7858300.0,-9174200.0,-14020600.0,0.002,0.001,0.875,4.0,3.0,0.7657173684210526,2.394141247767667e+18,3.0,16.0,0.876,0.0,1150300.0,-0.0004309182911738,0.874,0.8745,1319.0,0.875,0.0011435105774728,0.0034305317324185,-394679.0655614659,159949.0,22582300.0,42327700.0,-19745400.0,64910000.0,0.1068483404095499,0.1289635556145914,3005800.0,19745400.0,0.8749539556856823,0.8749110543883762,0.8770279953769102,0.8715077266187389
0.0,0.0,0.0,0.0,0.0,0.0,0.0,0.0,0.0,0.0,0.0,0.0,0.0,0.0,0.0,0.0,0.0,0.0,0.0,0.0,0.0,0.0,0.0,0.0,0.0,0.0,0.0,0.0,0.0,0.0,0.0,0.0,0.0,0.0,0.0,0.0,0.0,0.0,0.0,0.0,0.0,0.0,0.0,0.0,0.0,0.0,0.0,0.0,0.0,0.0,0.0,0.0,0.0,0.0,0.0,0.0,0.0,0.0,0.0,0.0,0.0,0.0,0.0,0.0,0.0,0.0,0.0,0.0,0.0,0.0,0.0,0.0,0.0,0.0,0.0,0.0,0.0,0.0,0.0,0.0,0.0,0.0,0.0,0.0,0.0
20230823.0,2.0230823132046164e+16,0.873,0.872,0.871,0.87,0.869,4056400.0,12966600.0,9119800.0,14111600.0,4699000.0,0.71,0.883,0.874,0.872,-5978500.0,-21469400.0,-12995000.0,-17759300.0,-9920900.0,0.874,0.875,0.876,0.877,0.878,1922100.0,8502800.0,3875200.0,3647700.0,5221900.0,0.881,0.887,-0.013,-0.001,315111403.35,359719950.0,1.064,1922100.0,8502800.0,3875200.0,3647700.0,5221900.0,0.0001249999999999,1112156.25,2053826.800000012,-0.001,-4056400.0,-12966600.0,-9119800.0,-14111600.0,-4699000.0,0.002,0.001,0.874,0.0,1.0,0.7640946249999999,2.05760392127596e+18,2.0,14.0,0.875,0.0,2316050.0,-0.0010512341910058,0.874,0.8734999999999999,1321.0,0.875,0.0011448196908986,0.003434459072696,-40891893.592677385,159949.0,23169700.0,44953400.0,-21783700.0,68123100.0,0.1179566302963354,0.142513597898092,2349900.0,21783700.0,0.8740060428103374,0.8736784979509911,0.8760752922998573,0.87094593957298
20230823.0,2.023082313214012e+16,0.873,0.872,0.871,0.87,0.869,617100.0,9981400.0,12541400.0,14105200.0,4949000.0,0.71,0.883,0.873,0.872,-4818500.0,527000.0,1207000.0,-13100.0,570000.0,0.874,0.875,0.876,0.877,0.878,7551500.0,2407600.0,3605200.0,3847700.0,4531900.0,0.881,0.887,-0.014,-0.001,316689659.55,361527750.0,1.064,1859400.0,-1799000.0,0.0,0.0,-270000.0,0.0001428571428571,698792.8571428657,1578256.199999988,-0.001,-2959100.0,-1272000.0,1207000.0,-13100.0,300000.0,0.002,0.001,0.873,1.0,2.0,0.7636264285714285,1.818727127705816e+18,12.0,2.0,0.874,0.0,1728775.0,-0.0003553556646136,0.873,0.8734999999999999,1322.0,0.874,0.0011448196908986,0.003434459072696,-41344874.48918878,159949.0,21943900.0,42194100.0,-20250200.0,64138000.0,0.0972804747450141,0.1026692002962199,1807800.0,20250200.0,0.8730258878194425,0.8730755453810936,0.8757904155596772,0.8706969339315213
20230823.0,2.0230823132258068e+16,0.872,0.871,0.87,0.869,0.868,8845100.0,14473000.0,14214400.0,4954500.0,3665700.0,0.71,0.883,0.873,0.872,-2052900.0,920100.0,-494700.0,-167000.0,227700.0,0.873,0.874,0.875,0.876,0.877,1594400.0,7555600.0,3052700.0,3777700.0,3613400.0,0.881,0.887,-0.014,0.0,317828963.85,362832850.0,1.064,928900.0,-5100.0,605100.0,172500.0,-203500.0,4.999999999988347e-05,173115.0,511519.2000000477,-0.001,-1124000.0,915000.0,110400.0,5500.0,24200.0,0.002,0.001,0.873,1.0,1.0,0.76204175,2.62794618684871e+18,19.0,1.0,0.873,0.0,377350.0,-0.0001032760443938,0.872,0.8725,1323.0,0.873,0.0011461318051575,0.0034383954154727,-41462.68141072244,159949.0,19593800.0,46152700.0,-26558900.0,65746500.0,0.0782804127816357,0.0901877588066952,586000.0,26558900.0,0.872899658703153,0.8728472723789453,0.8750132746072738,0.8704306855286905
0.0,0.0,0.0,0.0,0.0,0.0,0.0,0.0,0.0,0.0,0.0,0.0,0.0,0.0,0.0,0.0,0.0,0.0,0.0,0.0,0.0,0.0,0.0,0.0,0.0,0.0,0.0,0.0,0.0,0.0,0.0,0.0,0.0,0.0,0.0,0.0,0.0,0.0,0.0,0.0,0.0,0.0,0.0,0.0,0.0,0.0,0.0,0.0,0.0,0.0,0.0,0.0,0.0,0.0,0.0,0.0,0.0,0.0,0.0,0.0,0.0,0.0,0.0,0.0,0.0,0.0,0.0,0.0,0.0,0.0,0.0,0.0,0.0,0.0,0.0,0.0,0.0,0.0,0.0,0.0,0.0,0.0,0.0,0.0,0.0
20230823.0,2.0230823132440024e+16,0.872,0.871,0.87,0.869,0.868,9095800.0,14095400.0,14390000.0,4993900.0,3671700.0,0.71,0.883,0.873,0.872,-61800.0,501900.0,-232500.0,-24700.0,292000.0,0.873,0.874,0.875,0.876,0.877,2205900.0,7241800.0,3423700.0,3873100.0,3294400.0,0.881,0.887,-0.014,0.0,318256263.05,363322450.0,1.064,23700.0,-773800.0,336000.0,24700.0,-289000.0,0.0003571428571428,8250.0,101851.10000002384,-0.001,-38100.0,-271900.0,103500.0,0.0,3000.0,0.002,0.001,0.873,3.0,3.0,0.7615057857142856,1.847262114101635e+18,9.0,5.0,0.873,0.001,14375.0,-2.68414297638353e-06,0.872,0.8725,1325.0,0.873,0.0011461318051575,0.0034383954154727,-136277.1590634361,159949.0,20038900.0,46246800.0,-26207900.0,66285700.0,0.0669922957398886,0.076059894241978,116700.0,26207900.0,0.8727600685520467,0.8728048169744376,0.874940530667851,0.8704313747113315
20230823.0,2.023082313253409e+16,0.872,0.871,0.87,0.869,0.868,8403700.0,12557200.0,17580900.0,4993900.0,3841400.0,0.71,0.883,0.873,0.872,-6710000.0,3176900.0,4589400.0,0.0,109000.0,0.873,0.874,0.875,0.876,0.877,7732700.0,3046700.0,2023700.0,3773100.0,3347400.0,0.881,0.887,-0.014,0.0,318479419.15,363578150.0,1.064,5601000.0,-4895100.0,-1400000.0,0.0,53000.0,8.333333333321313e-05,23200.0,116872.29999995232,-0.001,-1109000.0,-1718200.0,3189400.0,0.0,162000.0,0.002,0.001,0.873,1.0,0.0,0.7619835833333332,1.58594914926893e+18,11.0,1.0,0.873,0.0,35775.0,-0.0003393520437249,0.872,0.8725,1326.0,0.872,0.0011461318051575,0.0034383954154727,41638974.799541846,159949.0,19923600.0,47377100.0,-27453500.0,67300700.0,0.04480446285068,0.0490395760625114,133900.0,27453500.0,0.872832710977986,0.8725207915024417,0.8745962476660843,0.8703522355737267
20230823.0,2.023082313264608e+16,0.872,0.871,0.87,0.869,0.868,8146400.0,11336400.0,17863000.0,4994900.0,3962800.0,0.71,0.883,0.872,0.872,1884100.0,-1264600.0,-14700.0,0.0,121400.0,0.873,0.874,0.875,0.876,0.877,8478800.0,3507700.0,2023700.0,3773100.0,3347400.0,0.881,0.887,-0.015,0.0,319682923.95,364957850.0,1.064,-862500.0,201000.0,0.0,0.0,0.0,0.0002500000000001,261993.75,474140.0999999642,-0.001,1021600.0,-1063600.0,-14700.0,0.0,121400.0,0.002,0.001,0.872,1.0,1.0,0.76082025,2.12801494671178e+18,4.0,12.0,0.873,0.0002499999999999,449350.0,6.568551787830557e-05,0.872,0.8725,1327.0,0.872,0.0011461318051575,0.0034383954154727,-98685.704940252,159949.0,21130700.0,46303500.0,-25172800.0,67434200.0,0.04046006799601,0.0451589430296046,543300.0,25172800.0,0.8727040309220766,0.872490003127782,0.8745268779548241,0.8703176584923387
20230823.0,2.02308231327551e+16,0.872,0.871,0.87,0.869,0.868,8890800.0,15276700.0,15830200.0,5126300.0,4024500.0,0.71,0.883,0.873,0.872,7469200.0,-2139100.0,-2052800.0,24100.0,240800.0,0.873,0.874,0.875,0.876,0.877,2002300.0,8913900.0,2023700.0,3778100.0,3155300.0,0.881,0.887,-0.014,0.001,320860286.95,366306750.0,1.064,-6906400.0,5316200.0,0.0,5000.0,-183100.0,0.0003157894736843,236663.15789473057,992147.300000012,-0.001,562800.0,3177100.0,-2052800.0,29100.0,57700.0,0.002,0.001,0.873,3.0,2.0,0.761577947368421,2.537411076163547e+18,13.0,6.0,0.873,0.001,134350.0,0.0003816322633471,0.872,0.8725,1328.0,0.872,0.0011461318051575,0.0034383954154727,41740206.395746015,159949.0,19873300.0,49148500.0,-29275200.0,69021800.0,0.0403888492262382,0.0454826099388235,1136600.0,29275200.0,0.8729080591237127,0.8728161863932214,0.87485760794634,0.8704045494776036
20230823.0,2.023082313285504e+16,0.872,0.871,0.87,0.869,0.868,9156100.0,15617000.0,14855100.0,5128300.0,4039600.0,0.71,0.883,0.873,0.872,497600.0,338700.0,-980100.0,-139300.0,121300.0,0.873,0.874,0.875,0.876,0.877,1277800.0,9443900.0,2023700.0,4725600.0,3049100.0,0.881,0.887,-0.014,0.0,321778175.05,367358250.0,1.064,-546200.0,-170000.0,0.0,141300.0,-106200.0,5.263157894763726e-05,233515.78947371244,762232.1999999881,-0.001,-48600.0,168700.0,-980100.0,2000.0,15100.0,0.002,0.001,0.873,1.0,1.0,0.7620371578947368,2.558458185531527e+18,18.0,1.0,0.873,0.0,394400.0,4.917246076377446e-05,0.872,0.8725,1329.0,0.873,0.0011461318051575,0.0034383954154727,-45527.50323150307,159949.0,20520100.0,48796100.0,-28276000.0,69316200.0,0.0377910941335657,0.0431009398026493,873200.0,28276000.0,0.8729182317910995,0.872877533808068,0.8749427049575782,0.870424658937907
20230823.0,2.0230823132949084e+16,0.873,0.872,0.871,0.87,0.869,857500.0,11186000.0,13523100.0,14882400.0,5136200.0,0.71,0.883,0.873,0.872,11581000.0,14095700.0,18048700.0,18131500.0,8672100.0,0.874,0.875,0.876,0.877,0.878,10723500.0,2909700.0,4525600.0,3249100.0,3535900.0,0.881,0.887,-0.014,0.0,322817853.25,368549250.0,1.064,-10723500.0,-2909700.0,-4525600.0,-3249100.0,-3535900.0,1.1102230246251563e-16,415888.2352941036,1039678.199999988,-0.001,857500.0,11186000.0,13523100.0,14882400.0,5136200.0,0.002,0.001,0.873,0.0,0.0,0.762129,2.3034616474935224e+18,0.0,17.0,0.873,0.0,1010600.0,0.0002256524737888,0.873,0.8734999999999999,1330.0,0.873,0.0011448196908986,0.003434459072696,0.0,159949.0,24943800.0,45585200.0,-20641400.0,70529000.0,0.0458682488181257,0.0539779407961267,1191000.0,20641400.0,0.8729455919395366,0.8730740436922546,0.8754373030572727,0.8707311890701368
20230823.0,2.023082313305812e+16,0.872,0.871,0.87,0.869,0.868,9815100.0,15751200.0,14912300.0,5146300.0,3999500.0,0.71,0.883,0.873,0.872,-12881900.0,-25229500.0,-17056500.0,-9878100.0,-7028100.0,0.873,0.874,0.875,0.876,0.877,3066800.0,9478300.0,2144200.0,4731800.0,3028600.0,0.881,0.887,-0.014,-0.001,325128093.15,371195850.0,1.064,3066800.0,9478300.0,2144200.0,4731800.0,3028600.0,0.0004499999999997,889990.0,2264092.699999988,-0.001,-9815100.0,-15751200.0,-14912300.0,-5146300.0,-3999500.0,0.002,0.001,0.873,0.0,1.0,0.7629151499999999,2.73051099967881e+18,9.0,11.0,0.874,0.001,2024475.0,-0.0003519013690273,0.873,0.8725,1331.0,0.874,0.0011461318051575,0.0034383954154727,-42228848.7972509,159949.0,22449700.0,49624400.0,-27174700.0,72074100.0,0.0531369561685962,0.0554724812035348,2593800.0,27174700.0,0.8728863829130958,0.8727619295290291,0.874785168621407,0.8704480880373363
20230823.0,2.023082313315887e+16,0.872,0.871,0.87,0.869,0.868,9893100.0,11603500.0,18396400.0,5142300.0,4021000.0,0.71,0.883,0.873,0.872,-6389800.0,628900.0,3278200.0,196000.0,241500.0,0.873,0.874,0.875,0.876,0.877,9534600.0,4701700.0,2350100.0,4531800.0,2808600.0,0.881,0.887,-0.014,0.0,326480759.55,372745450.0,1.064,6467800.0,-4776600.0,205900.0,-200000.0,-220000.0,0.0001000000000001,557870.0,1352666.4000000358,-0.001,78000.0,-4147700.0,3484100.0,-4000.0,21500.0,0.002,0.001,0.873,1.0,1.0,0.7619545,2.76650268394259e+18,18.0,2.0,0.873,0.0,1328150.0,-0.0002895859627796,0.872,0.8725,1332.0,0.873,0.0011461318051575,0.0034383954154727,65917.31953508407,159949.0,23926800.0,49056300.0,-25129500.0,72983100.0,0.0530178022495032,0.0576461500904844,1549600.0,25129500.0,0.8729132679401367,0.8725092265167775,0.8744306844208168,0.870371112374965
20230823.0,2.023082313325812e+16,0.872,0.871,0.87,0.869,0.868,10650500.0,14251500.0,14998700.0,5146600.0,4026000.0,0.71,0.883,0.873,0.872,9567300.0,-4132400.0,-3261700.0,504300.0,10200.0,0.873,0.874,0.875,0.876,0.877,724700.0,11482100.0,2214100.0,4031800.0,2803400.0,0.881,0.887,-0.014,0.0,331156493.95,378101850.0,1.064,-8809900.0,6780400.0,-136000.0,-500000.0,-5200.0,2.220446049250313e-16,762110.5263158083,4675734.399999976,-0.001,757400.0,2648000.0,-3397700.0,4300.0,5000.0,0.002,0.001,0.873,0.0,0.0,0.762129,2.684507592649148e+18,0.0,19.0,0.873,0.0,1261800.0,0.0004893475246826,0.873,0.8725,1333.0,0.873,0.0011461318051575,0.0034383954154727,0.0,159949.0,21256100.0,49073300.0,-27817200.0,70329400.0,0.0651281219519948,0.0740643370917202,5356400.0,27817200.0,0.872924800238962,0.8729362912300443,0.8748450844698699,0.8704555206191554
0.0,0.0,0.0,0.0,0.0,0.0,0.0,0.0,0.0,0.0,0.0,0.0,0.0,0.0,0.0,0.0,0.0,0.0,0.0,0.0,0.0,0.0,0.0,0.0,0.0,0.0,0.0,0.0,0.0,0.0,0.0,0.0,0.0,0.0,0.0,0.0,0.0,0.0,0.0,0.0,0.0,0.0,0.0,0.0,0.0,0.0,0.0,0.0,0.0,0.0,0.0,0.0,0.0,0.0,0.0,0.0,0.0,0.0,0.0,0.0,0.0,0.0,0.0,0.0,0.0,0.0,0.0,0.0,0.0,0.0,0.0,0.0,0.0,0.0,0.0,0.0,0.0,0.0,0.0,0.0,0.0,0.0,0.0,0.0,0.0
20230823.0,2.0230823133458148e+16,0.872,0.871,0.87,0.869,0.868,12172800.0,15539200.0,15081700.0,5263000.0,4058000.0,0.71,0.883,0.873,0.872,6693400.0,-2893900.0,-46600.0,114200.0,32000.0,0.873,0.874,0.875,0.876,0.877,5559400.0,9151700.0,2209100.0,4007800.0,2830400.0,0.881,0.887,-0.014,0.001,332039028.85,379112850.0,1.064,-5181200.0,2570000.0,-5000.0,6000.0,0.0,0.0001052631578948,43305.26315790415,197964.20000004768,-0.001,1512200.0,-323900.0,-51600.0,120200.0,32000.0,0.002,0.001,0.873,2.0,1.0,0.7619453157894736,2.7286283444657475e+18,17.0,2.0,0.873,0.0,74250.0,0.000215849964102,0.872,0.8725,1335.0,0.872,0.0011461318051575,0.0034383954154727,43354369.66670874,159949.0,23758400.0,52114700.0,-28356300.0,75873100.0,0.063089231509763,0.0680207338025101,226800.0,28356300.0,0.8728580246915683,0.8726864799630051,0.8745537620378477,0.87050860505769
20230823.0,2.0230823133558124e+16,0.873,0.872,0.871,0.87,0.869,4057800.0,13365200.0,13327200.0,15048500.0,4861000.0,0.71,0.883,0.874,0.872,15435200.0,16819000.0,17835000.0,18129300.0,8400400.0,0.874,0.875,0.876,0.877,0.878,11377400.0,3453800.0,4507800.0,3080800.0,3539400.0,0.881,0.887,-0.013,0.001,335213582.05,382746850.0,1.064,-11377400.0,-3453800.0,-4507800.0,-3080800.0,-3539400.0,0.0005,665050.0,3174553.199999988,-0.001,4057800.0,13365200.0,13327200.0,15048500.0,4861000.0,0.002,0.001,0.874,3.0,2.0,0.7630025,2.8994050650035697e+18,10.0,10.0,0.874,0.001,1329500.0,0.0006602856601607,0.873,0.8734999999999999,1336.0,0.873,0.0011448196908986,0.003434459072696,43568277.167032376,159949.0,25959200.0,50659700.0,-24700500.0,76618900.0,0.0754657958415609,0.0910953389850235,3634000.0,24700500.0,0.8735699504678008,0.8732628926091012,0.8753817606089557,0.8709350627816588
20230823.0,2.0230823133658028e+16,0.873,0.872,0.871,0.87,0.869,1486700.0,12904500.0,13561700.0,15024500.0,3861000.0,0.71,0.883,0.873,0.872,-2993300.0,588100.0,234500.0,-118200.0,-1005600.0,0.874,0.875,0.876,0.877,0.878,11799600.0,2405000.0,4507800.0,3175000.0,3545000.0,0.881,0.887,-0.014,-0.001,337127993.85,384939650.0,1.064,422200.0,-1048800.0,0.0,94200.0,5600.0,0.0002499999999999,752070.0,1914411.800000012,-0.001,-2571100.0,-460700.0,234500.0,-24000.0,-1000000.0,0.002,0.001,0.873,2.0,3.0,0.7634392499999999,2.951322118853451e+18,15.0,5.0,0.874,0.0002499999999999,2045000.0,-0.0001729243836115,0.873,0.8734999999999999,1337.0,0.874,0.0011448196908986,0.003434459072696,-44192128.73622877,159949.0,25432400.0,46838400.0,-21406000.0,72270800.0,0.0692112394969384,0.0823294021349401,2192800.0,21406000.0,0.873044418095591,0.8731118972174347,0.8753811358739247,0.8708533553665367
20230823.0,2.023082313375824e+16,0.872,0.871,0.87,0.869,0.868,11016100.0,14572700.0,14980100.0,3871000.0,4030300.0,0.71,0.883,0.873,0.872,-13633600.0,-25284100.0,-17179100.0,-8398800.0,-7021900.0,0.873,0.874,0.875,0.876,0.877,2617500.0,10711400.0,2199000.0,4527800.0,2991600.0,0.881,0.887,-0.014,0.0,342018949.45,390538650.0,1.064,2617500.0,10711400.0,2199000.0,4527800.0,2991600.0,0.0005499999999999,1823200.0,4890955.599999964,-0.001,-11016100.0,-14572700.0,-14980100.0,-3871000.0,-4030300.0,0.002,0.001,0.873,4.0,4.0,0.7629152499999999,3.0104314475226296e+18,10.0,10.0,0.874,0.001,2999575.0,-0.0003481100465259,0.872,0.8725,1338.0,0.873,0.0011461318051575,0.0034383954154727,-638742.9953921214,159949.0,23047300.0,48470200.0,-25422900.0,71517500.0,0.0641818803714883,0.0803049121143966,5599000.0,25422900.0,0.8735409180210688,0.8728080110902476,0.8747641632642436,0.8705090406063931
20230823.0,2.023082313385802e+16,0.872,0.871,0.87,0.869,0.868,12629100.0,16158000.0,15144200.0,3851200.0,4060300.0,0.71,0.883,0.872,0.872,-765800.0,-1433700.0,134300.0,180200.0,30000.0,0.873,0.874,0.875,0.876,0.877,4996300.0,13730400.0,2228800.0,4327800.0,2991600.0,0.881,0.887,-0.015,-0.001,345054957.65,394016350.0,1.064,2378800.0,3019000.0,29800.0,-200000.0,0.0,0.0,1493785.0,3036008.199999988,-0.001,1613000.0,1585300.0,164100.0,-19800.0,30000.0,0.002,0.001,0.872,2.0,3.0,0.7621292,3.08086788993067e+18,2.0,2.0,0.874,0.0,2832750.0,-0.0001048196906402,0.872,0.8725,1339.0,0.873,0.0011461318051575,0.0034383954154727,-45346359.57974454,159949.0,28274900.0,51842800.0,-23567900.0,80117700.0,0.0729753915538201,0.0934721825273637,3477700.0,23567900.0,0.8729931276418288,0.8727165284192132,0.8745256570315014,0.8705679554345058
20230823.0,2.0230823133958064e+16,0.872,0.871,0.87,0.869,0.868,12399500.0,14076800.0,17323100.0,3821200.0,4070300.0,0.71,0.883,0.873,0.872,-4450900.0,2389000.0,2172900.0,170000.0,40400.0,0.873,0.874,0.875,0.876,0.877,9217600.0,9260200.0,2234800.0,4127800.0,2961200.0,0.881,0.887,-0.014,0.001,345492084.05,394517150.0,1.064,4221300.0,-4470200.0,6000.0,-200000.0,-30400.0,0.0001000000000001,126025.0,437126.40000003576,-0.001,-229600.0,-2081200.0,2178900.0,-30000.0,10000.0,0.002,0.001,0.873,2.0,2.0,0.7619544999999999,3.10993004769963e+18,18.0,2.0,0.873,0.0,289450.0,-0.000163791210445,0.872,0.8725,1340.0,0.873,0.0011461318051575,0.0034383954154727,-84353.50263248384,159949.0,27801600.0,51690900.0,-23889300.0,79492500.0,0.0663355148899524,0.0859622233315485,500800.0,23889300.0,0.8728562300320203,0.8725735968284367,0.8743653171040514,0.8705206719171072
20230823.0,2.023082313405835e+16,0.872,0.871,0.87,0.869,0.868,12626700.0,12691600.0,18336900.0,3821200.0,4077200.0,0.71,0.883,0.873,0.872,544600.0,-928500.0,1003800.0,0.0,6900.0,0.873,0.874,0.875,0.876,0.877,8900200.0,8803500.0,2244800.0,4127800.0,2961200.0,0.881,0.887,-0.014,0.0,348511889.35,397976350.0,1.064,-317400.0,-456700.0,10000.0,0.0,0.0,0.0002000000000002,999110.0,3019805.300000012,-0.001,227200.0,-1385200.0,1013800.0,0.0,6900.0,0.002,0.001,0.873,4.0,4.0,0.7617799999999999,3.1516893657054694e+18,16.0,4.0,0.873,0.0,2169450.0,1.4849833106095334e-05,0.872,0.8725,1341.0,0.873,0.0011461318051575,0.0034383954154727,143119.804638654,159949.0,27037500.0,51553600.0,-24516100.0,78591100.0,0.0507173706861591,0.0615686834873819,3459200.0,24516100.0,0.8729779428769692,0.8725865544969318,0.8743877503467405,0.8705037359175692
20230823.0,2.023082313415804e+16,0.872,0.871,0.87,0.869,0.868,12663200.0,15799900.0,15162700.0,3886200.0,4164000.0,0.71,0.883,0.873,0.872,5633600.0,-1865500.0,-3400300.0,-1800.0,66800.0,0.873,0.874,0.875,0.876,0.877,3303100.0,13777300.0,2470900.0,4194600.0,2981200.0,0.881,0.887,-0.014,0.0,350281635.95,400004450.0,1.064,-5597100.0,4973800.0,226100.0,66800.0,20000.0,0.00035,215775.0,1769746.5999999642,-0.001,36500.0,3108300.0,-3174200.0,65000.0,86800.0,0.002,0.001,0.873,3.0,3.0,0.76151825,3.18174103674521e+18,13.0,7.0,0.873,0.001,433575.0,0.0002367003776484,0.872,0.8725,1342.0,0.873,0.0011461318051575,0.0034383954154727,-54653.26381663233,159949.0,26727100.0,51676000.0,-24948900.0,78403100.0,0.0479539003390388,0.0559902282739647,2028100.0,24948900.0,0.8726130861397191,0.8727931205100744,0.874617373377583,0.8705594879634647
20230823.0,2.0230823134258028e+16,0.873,0.872,0.871,0.87,0.869,1036100.0,11825100.0,15920000.0,15140700.0,3880600.0,0.71,0.883,0.873,0.872,15819600.0,14316000.0,20125400.0,18299600.0,7376300.0,0.874,0.875,0.876,0.877,0.878,14783500.0,2490900.0,4205400.0,3158900.0,3495700.0,0.881,0.887,-0.014,0.0,353753601.35,403981550.0,1.064,-14783500.0,-2490900.0,-4205400.0,-3158900.0,-3495700.0,4.999999999999449e-05,885405.0,3471965.400000036,-0.001,1036100.0,11825100.0,15920000.0,15140700.0,3880600.0,0.002,0.001,0.873,1.0,1.0,0.76204175,3.2191055669883505e+18,19.0,1.0,0.873,0.0,946600.0,0.000312023198827,0.872,0.8734999999999999,1343.0,0.873,0.0011448196908986,0.003434459072696,-6739.539655514061,159949.0,28134400.0,47802500.0,-19668100.0,75936900.0,0.0345800454486745,0.03655709531646,3977100.0,19668100.0,0.8729892132458413,0.8730654947027738,0.8752213233621474,0.8708116290988964
0.0,0.0,0.0,0.0,0.0,0.0,0.0,0.0,0.0,0.0,0.0,0.0,0.0,0.0,0.0,0.0,0.0,0.0,0.0,0.0,0.0,0.0,0.0,0.0,0.0,0.0,0.0,0.0,0.0,0.0,0.0,0.0,0.0,0.0,0.0,0.0,0.0,0.0,0.0,0.0,0.0,0.0,0.0,0.0,0.0,0.0,0.0,0.0,0.0,0.0,0.0,0.0,0.0,0.0,0.0,0.0,0.0,0.0,0.0,0.0,0.0,0.0,0.0,0.0,0.0,0.0,0.0,0.0,0.0,0.0,0.0,0.0,0.0,0.0,0.0,0.0,0.0,0.0,0.0,0.0,0.0,0.0,0.0,0.0,0.0
20230823.0,2.0230823134401096e+16,0.872,0.871,0.87,0.869,0.868,12658100.0,16158100.0,15304900.0,3880600.0,4173400.0,0.71,0.883,0.873,0.872,341100.0,-290000.0,-11300.0,0.0,0.0,0.873,0.874,0.875,0.876,0.877,7205900.0,14058500.0,2490900.0,4205400.0,2939000.0,0.881,0.887,-0.014,0.0,358128344.75,408992750.0,1.064,-290100.0,120000.0,0.0,0.0,0.0,0.0,0.0,87.30000001192093,-0.001,51000.0,-170000.0,-11300.0,0.0,0.0,0.002,0.001,0.873,0.0,0.0,0.762129,1.672750695525625e+17,0.0,0.0,0.873,0.0,0.0,1.1592552955602686e-05,0.873,0.8725,1345.0,0.873,0.0011461318051575,0.0034383954154727,0.0,159949.0,30899700.0,52175100.0,-21275400.0,83074800.0,0.0450563420328867,0.0507855498244481,100.0,21275400.0,0.8730000001192093,0.8726372382198954,0.8744049489153617,0.8705605528307564
20230823.0,2.023082313455805e+16,0.872,0.871,0.87,0.869,0.868,12206600.0,16236800.0,16542400.0,3899300.0,4175600.0,0.71,0.883,0.872,0.872,-1192200.0,2568600.0,-1965000.0,13800.0,200.0,0.873,0.874,0.875,0.876,0.877,11004100.0,10124400.0,2344900.0,4204300.0,2939000.0,0.881,0.887,-0.015,0.0,358716793.25,409667450.0,1.064,936200.0,1167300.0,10000.0,-1100.0,0.0,0.0005,92100.0,404113.10000002384,-0.001,-256000.0,3735900.0,-1955000.0,12700.0,200.0,0.002,0.001,0.872,2.0,2.0,0.7612564999999999,3.3545623707760497e+18,10.0,10.0,0.873,0.001,180800.0,-3.1218660765636175e-05,0.872,0.8725,1346.0,0.872,0.0011461318051575,0.0034383954154727,-120096.34078416972,159949.0,30616700.0,53060700.0,-22444000.0,83677400.0,0.0436231791639295,0.0495067059488191,463400.0,22444000.0,0.8720610703496414,0.8725259040011719,0.8742797950138324,0.8705352266366633
20230823.0,2.0230823134658176e+16,0.873,0.872,0.871,0.87,0.869,1903300.0,15288400.0,12368000.0,15465300.0,3859600.0,0.71,0.883,0.874,0.872,18910200.0,20465500.0,16600400.0,18624300.0,7325300.0,0.874,0.875,0.876,0.877,0.878,17006900.0,5177100.0,4232400.0,3159000.0,3465700.0,0.881,0.887,-0.013,0.002,360716893.45,411958550.0,1.064,-17006900.0,-5177100.0,-4232400.0,-3159000.0,-3465700.0,5.000000000010552e-05,1004860.0,2000100.199999988,-0.001,1903300.0,15288400.0,12368000.0,15465300.0,3859600.0,0.002,0.001,0.874,4.0,2.0,0.76221675,3.37695754614771e+18,5.0,15.0,0.874,0.0002499999999999,1995825.0,0.0006584975503144,0.872,0.8734999999999999,1347.0,0.872,0.0011448196908986,0.003434459072696,93952604.25058652,159949.0,33041100.0,48884600.0,-15843500.0,81925700.0,0.0636361546354326,0.0831376779512293,2291100.0,15843500.0,0.872986862205922,0.8731006493849879,0.8751192635838395,0.8709163437974332
20230823.0,2.023082313475807e+16,0.872,0.871,0.87,0.869,0.868,12409600.0,16671800.0,15384800.0,3850600.0,4189600.0,0.71,0.883,0.873,0.872,-17178300.0,-31138500.0,-18958900.0,-8044800.0,-7090300.0,0.873,0.874,0.875,0.876,0.877,4768700.0,14466700.0,3574100.0,4194200.0,2900700.0,0.881,0.887,-0.014,-0.001,364198885.15,415947050.0,1.064,4768700.0,14466700.0,3574100.0,4194200.0,2900700.0,0.0003499999999999,1754685.0,3481991.699999988,-0.001,-12409600.0,-16671800.0,-15384800.0,-3850600.0,-4189600.0,0.002,0.001,0.873,4.0,5.0,0.76274055,3.4286291990537303e+18,8.0,12.0,0.874,0.001,3250700.0,-0.0004333195386369,0.872,0.8725,1348.0,0.874,0.0011461318051575,0.0034383954154727,-47707998.1647186,159949.0,29904400.0,52506400.0,-22602000.0,82410800.0,0.0744254902783375,0.0892661587248085,3988500.0,22602000.0,0.8730078224896548,0.8727223997718052,0.8745315572290365,0.8705572882543843
20230823.0,2.0230823134807144e+16,0.872,0.871,0.87,0.869,0.868,12411000.0,16551800.0,15383800.0,3850600.0,4188600.0,0.71,0.883,0.873,0.872,-3442400.0,1500000.0,-1000.0,0.0,-1000.0,0.873,0.874,0.875,0.876,0.877,8212500.0,12846700.0,3574100.0,4194200.0,2900700.0,0.881,0.887,-0.014,0.0,364265407.75,416023250.0,1.064,3443800.0,-1620000.0,0.0,0.0,0.0,1.1102230246251563e-16,16566.666666686535,66522.60000002384,-0.001,1400.0,-120000.0,-1000.0,0.0,-1000.0,0.002,0.001,0.873,0.0,0.0,0.762129,5.191846833807275e+17,3.0,0.0,0.873,0.0,24850.0,-0.0001382099116296,0.873,0.8725,1349.0,0.873,0.0011461318051575,0.0034383954154727,0.0,159949.0,31728200.0,52385800.0,-20657600.0,84114000.0,0.074029826980731,0.0889011885045512,76200.0,20657600.0,0.8730000000003129,0.8726017892210343,0.8743924615956783,0.8705563721466504
0.0,0.0,0.0,0.0,0.0,0.0,0.0,0.0,0.0,0.0,0.0,0.0,0.0,0.0,0.0,0.0,0.0,0.0,0.0,0.0,0.0,0.0,0.0,0.0,0.0,0.0,0.0,0.0,0.0,0.0,0.0,0.0,0.0,0.0,0.0,0.0,0.0,0.0,0.0,0.0,0.0,0.0,0.0,0.0,0.0,0.0,0.0,0.0,0.0,0.0,0.0,0.0,0.0,0.0,0.0,0.0,0.0,0.0,0.0,0.0,0.0,0.0,0.0,0.0,0.0,0.0,0.0,0.0,0.0,0.0,0.0,0.0,0.0,0.0,0.0,0.0,0.0,0.0,0.0,0.0,0.0,0.0,0.0,0.0,0.0
20230823.0,2.023082313505938e+16,0.872,0.871,0.87,0.869,0.868,11319800.0,12086600.0,19415400.0,3881300.0,4185800.0,0.71,0.883,0.873,0.872,-6131500.0,-629000.0,4978700.0,355300.0,-4800.0,0.873,0.874,0.875,0.876,0.877,13252800.0,9010500.0,2627000.0,3869600.0,2902700.0,0.881,0.887,-0.014,0.0,365716636.95,417686450.0,1.064,5040300.0,-3836200.0,-947100.0,-324600.0,2000.0,0.0003333333333331,11566.666666686537,1451229.199999988,-0.001,-1091200.0,-4465200.0,4031600.0,30700.0,-2800.0,0.002,0.001,0.873,1.0,1.0,0.7615473333333332,5.233569252248675e+17,2.0,1.0,0.873,0.0004999999999999,16750.0,-0.0001617382208498,0.872,0.8725,1351.0,0.873,0.0011461318051575,0.0034383954154727,-54730.45204241574,159949.0,31662600.0,50888900.0,-19226300.0,82551500.0,0.0987284028966982,0.1224773761523606,1663200.0,19226300.0,0.8725524290524219,0.872460667572825,0.8741838604536583,0.8704416149690797
20230823.0,2.0230823135113264e+16,0.872,0.871,0.87,0.869,0.868,11823300.0,16141300.0,16990200.0,3881300.0,4185800.0,0.71,0.883,0.873,0.872,4079400.0,1048500.0,-3625200.0,0.0,0.0,0.873,0.874,0.875,0.876,0.877,9676900.0,12016700.0,3827000.0,3869600.0,2902700.0,0.881,0.887,-0.014,0.0,365754787.05,417730150.0,1.064,-3575900.0,3006200.0,1200000.0,0.0,0.0,0.0,1200.0,38150.10000002384,-0.001,503500.0,4054700.0,-2425200.0,0.0,0.0,0.002,0.001,0.873,0.0,0.0,0.762129,8.724873783693124e+17,0.0,0.0,0.873,0.0,0.0,0.0001022896283141,0.873,0.8725,1352.0,0.873,0.0011461318051575,0.0034383954154727,0.0,159949.0,32292900.0,53021900.0,-20729000.0,85314800.0,0.0367398804500382,0.0389248509974549,43700.0,20729000.0,0.8730000000005456,0.8725499158147367,0.8743281650146008,0.8705193137175393
0.0,0.0,0.0,0.0,0.0,0.0,0.0,0.0,0.0,0.0,0.0,0.0,0.0,0.0,0.0,0.0,0.0,0.0,0.0,0.0,0.0,0.0,0.0,0.0,0.0,0.0,0.0,0.0,0.0,0.0,0.0,0.0,0.0,0.0,0.0,0.0,0.0,0.0,0.0,0.0,0.0,0.0,0.0,0.0,0.0,0.0,0.0,0.0,0.0,0.0,0.0,0.0,0.0,0.0,0.0,0.0,0.0,0.0,0.0,0.0,0.0,0.0,0.0,0.0,0.0,0.0,0.0,0.0,0.0,0.0,0.0,0.0,0.0,0.0,0.0,0.0,0.0,0.0,0.0,0.0,0.0,0.0,0.0,0.0,0.0
20230823.0,2.023082313535888e+16,0.872,0.871,0.87,0.869,0.868,15383200.0,14668900.0,15860100.0,3977600.0,4171000.0,0.71,0.883,0.873,0.872,11209900.0,-1506200.0,-5949900.0,108300.0,-14800.0,0.873,0.874,0.875,0.876,0.877,2026900.0,12050500.0,8646800.0,3857600.0,2902700.0,0.881,0.887,-0.014,0.0,369973893.75,422563750.0,1.064,-7650000.0,33800.0,4819800.0,-12000.0,0.0,9.999999999987796e-05,547505.0,4219106.699999988,-0.001,3559900.0,-1472400.0,-1130100.0,96300.0,-14800.0,0.002,0.001,0.873,2.0,2.0,0.7619544999999999,3.5330545472708296e+18,18.0,2.0,0.873,0.0,964975.0,0.0003823270977934,0.872,0.8725,1354.0,0.873,0.0011461318051575,0.0034383954154727,-92856.22707735002,159949.0,29484500.0,54060800.0,-24576300.0,83545300.0,0.033268263786334,0.0404796610227888,4833600.0,24576300.0,0.872870469215489,0.872883579071918,0.8747815360613204,0.8706125640020126
20230823.0,2.023082313545861e+16,0.873,0.872,0.871,0.87,0.869,4805300.0,18131700.0,10930600.0,15604400.0,3852900.0,0.71,0.883,0.873,0.872,12226700.0,28752600.0,15028500.0,18732200.0,7320600.0,0.874,0.875,0.876,0.877,0.878,7421400.0,10620900.0,4097900.0,3127800.0,3467700.0,0.881,0.887,-0.014,0.0,371893923.45,424763050.0,1.064,-7421400.0,-10620900.0,-4097900.0,-3127800.0,-3467700.0,0.00015,461970.0,1920029.699999988,-0.001,4805300.0,18131700.0,10930600.0,15604400.0,3852900.0,0.002,0.001,0.873,2.0,2.0,0.76239105,3.59951641701483e+18,3.0,17.0,0.874,0.0,944950.0,0.0005834560981746,0.873,0.8734999999999999,1355.0,0.873,0.0011448196908986,0.003434459072696,-117490.7012039125,159949.0,28735700.0,53324900.0,-24589200.0,82060600.0,0.0437346375166563,0.0502039440589511,2199300.0,24589200.0,0.8730185513572446,0.8733930169219822,0.8754640638648092,0.8710831150175622
0.0,0.0,0.0,0.0,0.0,0.0,0.0,0.0,0.0,0.0,0.0,0.0,0.0,0.0,0.0,0.0,0.0,0.0,0.0,0.0,0.0,0.0,0.0,0.0,0.0,0.0,0.0,0.0,0.0,0.0,0.0,0.0,0.0,0.0,0.0,0.0,0.0,0.0,0.0,0.0,0.0,0.0,0.0,0.0,0.0,0.0,0.0,0.0,0.0,0.0,0.0,0.0,0.0,0.0,0.0,0.0,0.0,0.0,0.0,0.0,0.0,0.0,0.0,0.0,0.0,0.0,0.0,0.0,0.0,0.0,0.0,0.0,0.0,0.0,0.0,0.0,0.0,0.0,0.0,0.0,0.0,0.0,0.0,0.0,0.0
20230823.0,2.0230823135658064e+16,0.875,0.874,0.873,0.872,0.871,3962700.0,7136300.0,8947100.0,11239100.0,9850800.0,0.71,0.883,0.876,0.872,13164100.0,12126800.0,13952900.0,14787500.0,12169300.0,0.876,0.877,0.878,0.879,0.88,9201400.0,4990500.0,5005800.0,3548400.0,2318500.0,0.881,0.887,-0.011,0.001,377328563.15,430976150.0,1.064,-9201400.0,-4990500.0,-5005800.0,-3548400.0,-2318500.0,0.0003333333333335,153527.77777779102,1047206.5,-0.001,3962700.0,7136300.0,8947100.0,11239100.0,9850800.0,0.002,0.001,0.876,3.0,2.0,0.7667923333333334,3.3340485879459845e+18,12.0,6.0,0.876,0.001,260750.0,0.0006019830523566,0.875,0.8755,1357.0,0.875,0.0011422044545973,0.0034266133637921,48995105.94259627,159949.0,25064600.0,41136000.0,-16071400.0,66200600.0,0.0936163641380144,0.1228507668796622,1195900.0,16071400.0,0.8756639351116314,0.8753010232374412,0.8773932518372525,0.872613987747958
20230823.0,2.023082313575501e+16,0.874,0.873,0.872,0.871,0.87,3307100.0,12020200.0,11228500.0,9840800.0,15279600.0,0.71,0.883,0.875,0.872,-7235600.0,-21619100.0,-15595700.0,-14599900.0,-18721200.0,0.875,0.876,0.877,0.878,0.879,3928500.0,9598900.0,4367200.0,4759100.0,3441600.0,0.881,0.887,-0.012,-0.001,381547584.85,435797850.0,1.064,3928500.0,9598900.0,4367200.0,4759100.0,3441600.0,0.0,470650.0,4219021.700000048,-0.001,-3307100.0,-12020200.0,-11228500.0,-9840800.0,-15279600.0,0.002,0.001,0.875,1.0,2.0,0.7656251428571429,2.652382307925915e+18,1.0,1.0,0.876,0.0,421450.0,-0.000964663369468,0.874,0.8745,1358.0,0.876,0.0011435105774728,0.0034305317324185,-49744382.43216741,159949.0,26095300.0,51676200.0,-25580900.0,77771500.0,0.1065683296512054,0.1310958436330814,4821700.0,25580900.0,0.8750070929340373,0.8744570595389464,0.876777216586895,0.8715788080392908
20230823.0,2.0230823135855004e+16,0.875,0.874,0.873,0.872,0.871,1851000.0,8304900.0,7607600.0,11291400.0,9627000.0,0.71,0.883,0.876,0.872,9401300.0,16426300.0,12572900.0,14953100.0,11961500.0,0.876,0.877,0.878,0.879,0.88,7550300.0,8121400.0,4965300.0,3661700.0,2334500.0,0.881,0.887,-0.011,0.001,383540835.45,438075750.0,1.064,-7550300.0,-8121400.0,-4965300.0,-3661700.0,-2334500.0,0.0002631578947367,835194.7368420959,1992813.099999964,-0.001,1851000.0,8304900.0,7607600.0,11291400.0,9627000.0,0.002,0.001,0.876,3.0,2.0,0.7660857894736843,3.630989925748848e+18,5.0,14.0,0.876,0.0004999999999999,1707900.0,0.0008776748698138,0.875,0.8755,1359.0,0.875,0.0011422044545973,0.0034266133637921,49854977.26679719,159949.0,26633200.0,38681900.0,-12048700.0,65315100.0,0.1176362108459336,0.1467981816052641,2277400.0,12048700.0,0.8750386844647248,0.8751968876644719,0.877440874547557,0.872520744844488
20230823.0,2.0230823135955016e+16,0.874,0.873,0.872,0.871,0.87,5303500.0,10412600.0,11105100.0,9366300.0,15161300.0,0.71,0.883,0.875,0.872,-9436100.0,-21276400.0,-15806700.0,-14340600.0,-18646800.0,0.875,0.876,0.877,0.878,0.879,4132600.0,10863800.0,4701600.0,4974300.0,3485500.0,0.881,0.887,-0.012,-0.001,386661594.45,441642250.0,1.064,4132600.0,10863800.0,4701600.0,4974300.0,3485500.0,0.0003157894736842,1536936.8421052694,3119445.0,-0.001,-5303500.0,-10412600.0,-11105100.0,-9366300.0,-15161300.0,0.002,0.001,0.875,2.0,3.0,0.766178052631579,3.6796451607029473e+18,7.0,12.0,0.876,0.001,3318550.0,-0.000720328660196,0.874,0.8745,1400.0,0.876,0.0011435105774728,0.0034305317324185,-50550194.957032286,159949.0,28157800.0,51348800.0,-23191000.0,79506600.0,0.121039853538116,0.1491261670810788,3565000.0,23191000.0,0.8750196353436185,0.8745620436409111,0.8767448770855678,0.8716364218832767
20230823.0,2.023082314005504e+16,0.874,0.873,0.872,0.871,0.87,1425800.0,12064500.0,11312700.0,9658700.0,15141400.0,0.71,0.883,0.875,0.872,-7299000.0,4979200.0,328300.0,472400.0,280100.0,0.875,0.876,0.877,0.878,0.879,7548800.0,7536500.0,4580900.0,4794300.0,3183200.0,0.881,0.887,-0.012,0.0,387652895.25,442776350.0,1.064,3416300.0,-2917300.0,-120700.0,-180000.0,-300000.0,0.0004210526315788,373442.1052631736,991213.300000012,-0.001,-3882700.0,2061900.0,207600.0,292400.0,-19900.0,0.002,0.001,0.875,4.0,4.0,0.7648885789473683,3.718686378237787e+18,11.0,8.0,0.875,0.001,607800.0,-0.0004613782526792,0.874,0.8745,1401.0,0.875,0.0011435105774728,0.0034305317324185,-191887.6887872145,159949.0,27643700.0,49603100.0,-21959400.0,77246800.0,0.0968211414103715,0.1182922690810687,1134000.0,21959400.0,0.8740858024691464,0.8741588705903327,0.8765849542572087,0.8714954871772127
20230823.0,2.0230823140158056e+16,0.873,0.872,0.871,0.87,0.869,7190100.0,17413100.0,9667700.0,15150800.0,3781100.0,0.71,0.883,0.874,0.872,-14484200.0,-23637200.0,-16053000.0,-19609200.0,-7365600.0,0.874,0.875,0.876,0.877,0.878,7294100.0,6224100.0,6385300.0,4458400.0,3584500.0,0.881,0.887,-0.013,-0.001,389838618.75,445278150.0,1.064,7294100.0,6224100.0,6385300.0,4458400.0,3584500.0,0.0001499999999998,782095.0,2184237.5,-0.001,-7190100.0,-17413100.0,-9667700.0,-15150800.0,-3781100.0,0.002,0.001,0.874,1.0,2.0,0.7641384499999998,3.95063616005545e+18,4.0,16.0,0.875,0.0,916250.0,-0.0007536589745275,0.873,0.8734999999999999,1402.0,0.875,0.0011448196908986,0.003434459072696,-50892254.01768283,159949.0,27946400.0,53202800.0,-25256400.0,81149200.0,0.1151040696527982,0.1335745881853903,2500100.0,25256400.0,0.873660053597856,0.8734964098811118,0.875671338705522,0.8711706733480193
20230823.0,2.023082314025795e+16,0.872,0.871,0.87,0.869,0.868,18773100.0,10235100.0,15148500.0,3781100.0,4243700.0,0.71,0.883,0.872,0.872,-20308600.0,-20313700.0,-16877300.0,-7192000.0,-8266300.0,0.873,0.874,0.875,0.876,0.877,1535500.0,10078600.0,1728800.0,3410900.0,4022600.0,0.881,0.887,-0.015,-0.002,393396967.55,449354050.0,1.064,1535500.0,10078600.0,1728800.0,3410900.0,4022600.0,0.00015,1044985.0,3558348.800000012,-0.001,-18773100.0,-10235100.0,-15148500.0,-3781100.0,-4243700.0,0.002,0.001,0.872,1.0,3.0,0.7623911499999999,3.9842624271085696e+18,4.0,16.0,0.874,0.0,1165025.0,-0.000655074955623,0.872,0.8725,1403.0,0.874,0.0011461318051575,0.0034383954154727,-102603161.72546804,159949.0,20776400.0,52181500.0,-31405100.0,72957900.0,0.1002134331360126,0.12083949206025,4075900.0,31405100.0,0.8730216148580711,0.8729243916370405,0.8749184892474153,0.870680563034792
20230823.0,2.023082314035805e+16,0.872,0.871,0.87,0.869,0.868,15166700.0,14104900.0,15852800.0,3779000.0,4248800.0,0.71,0.883,0.873,0.872,-5452400.0,2371200.0,371200.0,-15900.0,947400.0,0.873,0.874,0.875,0.876,0.877,3381500.0,11577200.0,2061900.0,3424700.0,3080300.0,0.881,0.887,-0.014,0.001,393876432.85,449903350.0,1.064,1846000.0,1498600.0,333100.0,13800.0,-942300.0,0.0001428571428573,201100.0,479465.3000000119,-0.001,-3606400.0,3869800.0,704300.0,-2100.0,5100.0,0.002,0.001,0.873,1.0,1.0,0.7618797142857142,2.831010808032195e+18,12.0,2.0,0.873,0.0,317600.0,-0.000122240775066,0.872,0.8725,1404.0,0.873,0.0011461318051575,0.0034383954154727,-28568.30685077608,159949.0,23525600.0,53152200.0,-29626600.0,76677800.0,0.0938902779782512,0.1101554036180602,549300.0,29626600.0,0.8728660112871144,0.8728176912045373,0.874627856462747,0.8706050869013889
0.0,0.0,0.0,0.0,0.0,0.0,0.0,0.0,0.0,0.0,0.0,0.0,0.0,0.0,0.0,0.0,0.0,0.0,0.0,0.0,0.0,0.0,0.0,0.0,0.0,0.0,0.0,0.0,0.0,0.0,0.0,0.0,0.0,0.0,0.0,0.0,0.0,0.0,0.0,0.0,0.0,0.0,0.0,0.0,0.0,0.0,0.0,0.0,0.0,0.0,0.0,0.0,0.0,0.0,0.0,0.0,0.0,0.0,0.0,0.0,0.0,0.0,0.0,0.0,0.0,0.0,0.0,0.0,0.0,0.0,0.0,0.0,0.0,0.0,0.0,0.0,0.0,0.0,0.0,0.0,0.0,0.0,0.0,0.0,0.0
20230823.0,2.023082314055797e+16,0.872,0.871,0.87,0.869,0.868,13162400.0,15201700.0,15902300.0,3797000.0,4507900.0,0.71,0.883,0.872,0.872,-1808900.0,3176800.0,-13800.0,5000.0,149600.0,0.873,0.874,0.875,0.876,0.877,3971400.0,10082700.0,2133600.0,4279000.0,3250800.0,0.881,0.887,-0.015,-0.001,395258043.45,451486650.0,1.064,430300.0,-1950300.0,61000.0,0.0,0.0,0.00015,176410.0,509440.5,-0.001,-1378600.0,1226500.0,47200.0,5000.0,149600.0,0.002,0.001,0.872,1.0,2.0,0.7618672499999999,4.07248671658429e+18,17.0,3.0,0.873,0.0,354800.0,-4.119325773668803e-05,0.872,0.8725,1406.0,0.873,0.0011461318051575,0.0034383954154727,-51831299.77300676,159949.0,23717500.0,52571300.0,-28853800.0,76288800.0,0.0459398161341658,0.0579595996745413,583900.0,28853800.0,0.8724790203802021,0.8727682125389581,0.8746945335722568,0.8705461858466502
20230823.0,2.0230823140657984e+16,0.872,0.871,0.87,0.869,0.868,12137700.0,16047100.0,16673700.0,3790000.0,4510000.0,0.71,0.883,0.873,0.872,-2645100.0,2751600.0,-3211800.0,3000.0,2100.0,0.873,0.874,0.875,0.876,0.877,5591800.0,8176500.0,6116800.0,4269000.0,3250800.0,0.881,0.887,-0.014,0.001,395721472.15,452017750.0,1.064,1620400.0,-1906200.0,3983200.0,-10000.0,0.0,0.0001999999999998,69010.0,463428.6999999881,-0.001,-1024700.0,845400.0,771400.0,-7000.0,2100.0,0.002,0.001,0.873,1.0,0.0,0.7617799999999999,4.078115664062129e+18,16.0,4.0,0.873,0.0,66850.0,-9.580068095396688e-05,0.872,0.8725,1407.0,0.872,0.0011461318051575,0.0034383954154727,51716912.94387175,159949.0,27404900.0,53158500.0,-25753600.0,80563400.0,0.0415050447304262,0.0531696162555918,531100.0,25753600.0,0.8725827527772323,0.8726846047547872,0.8746865706497743,0.8705175559882239
20230823.0,2.023082314075495e+16,0.872,0.871,0.87,0.869,0.868,13552300.0,16184800.0,16899700.0,3790600.0,4523000.0,0.71,0.883,0.873,0.872,-755100.0,876100.0,66000.0,6600.0,7400.0,0.873,0.874,0.875,0.876,0.877,7761500.0,7438100.0,6276800.0,4263000.0,3256400.0,0.881,0.887,-0.014,0.0,395876499.95,452195450.0,1.064,2169700.0,-738400.0,160000.0,-6000.0,5600.0,7.692307692319655e-05,40492.30769228935,155027.80000001192,-0.001,1414600.0,137700.0,226000.0,600.0,13000.0,0.002,0.001,0.873,1.0,1.0,0.7619947692307691,2.657717003570692e+18,12.0,1.0,0.873,0.0,8500.0,-5.587340197663049e-05,0.872,0.8725,1408.0,0.873,0.0011461318051575,0.0034383954154727,-44846.73355612159,159949.0,28995800.0,54950400.0,-25954600.0,83946200.0,0.0203679039177994,0.0199139038068754,177700.0,25954600.0,0.872413055711941,0.8726358462592311,0.87457975637851,0.8705541870486838
20230823.0,2.0230823140855028e+16,0.872,0.871,0.87,0.869,0.868,9650300.0,12345500.0,19323400.0,3767400.0,4524500.0,0.71,0.883,0.872,0.872,-5892800.0,-490500.0,2660700.0,862400.0,1500.0,0.873,0.874,0.875,0.876,0.877,8820200.0,3039300.0,6039800.0,3377400.0,3256400.0,0.881,0.887,-0.015,-0.001,397978545.35,454605850.0,1.064,2859700.0,-4318800.0,-237000.0,-885600.0,0.0,0.0005,360780.0,2084691.600000024,-0.001,-3033100.0,-4809300.0,2423700.0,-23200.0,1500.0,0.002,0.001,0.872,2.0,3.0,0.7612565,2.059931851186985e+18,5.0,5.0,0.873,0.001,63450.0,-0.0001808690809808,0.872,0.8725,1409.0,0.873,0.0011461318051575,0.0034383954154727,-52217150.715396695,159949.0,24533100.0,49611100.0,-25078000.0,74144200.0,0.0356210871596878,0.0340344442775916,2390500.0,25078000.0,0.8720734574356929,0.872522470967218,0.8745602064150066,0.8703795461096409
20230823.0,2.0230823140954988e+16,0.872,0.871,0.87,0.869,0.868,7065500.0,12284300.0,19622000.0,3767700.0,4524500.0,0.71,0.883,0.873,0.872,-2537700.0,60400.0,20100.0,-39700.0,0.0,0.873,0.874,0.875,0.876,0.877,9060100.0,2954700.0,6028300.0,3417400.0,3256400.0,0.881,0.887,-0.014,0.0,400659470.95,457680150.0,1.064,-47100.0,288400.0,-11500.0,40000.0,0.0,0.0003157894736843,1441957.8947368264,2678306.599999964,-0.001,-2584800.0,348800.0,8600.0,300.0,0.0,0.002,0.001,0.873,4.0,4.0,0.761577947368421,3.954475331763908e+18,13.0,6.0,0.873,0.001,2990750.0,-8.74781760627219e-05,0.872,0.8725,1410.0,0.873,0.0011461318051575,0.0034383954154727,-131861.686476022,159949.0,24716900.0,47264000.0,-22547100.0,71980900.0,0.035206302783372,0.0343307374377787,3071300.0,22547100.0,0.8720433041383011,0.8724381542392221,0.8745491060772183,0.8702877158090725
20230823.0,2.0230823141054984e+16,0.872,0.871,0.87,0.869,0.868,6723500.0,13012700.0,18752400.0,3768700.0,4535800.0,0.71,0.883,0.872,0.872,-2652700.0,890300.0,-1010200.0,109600.0,19800.0,0.873,0.874,0.875,0.876,0.877,11806600.0,3292800.0,6168600.0,3313800.0,3247900.0,0.881,0.887,-0.015,-0.001,402968310.25,460327350.0,1.064,1809700.0,508100.0,140300.0,-108600.0,-8500.0,0.0002105263157897,985978.947368443,2262395.699999988,-0.001,-843000.0,1398400.0,-869900.0,1000.0,11300.0,0.002,0.001,0.872,2.0,3.0,0.7617616315789473,4.000936778496008e+18,15.0,4.0,0.873,0.0,2154450.0,-7.791016943120566e-05,0.872,0.8725,1411.0,0.873,0.0011461318051575,0.0034383954154727,-52892815.44578962,159949.0,27829700.0,46793100.0,-18963400.0,74622800.0,0.0390417698724366,0.0361740097425669,2594000.0,18963400.0,0.8721648804934419,0.8723628420785641,0.8743856778908864,0.8702910557325759
20230823.0,2.023082314115498e+16,0.872,0.871,0.87,0.869,0.868,6372900.0,13170500.0,18792000.0,3800600.0,4585800.0,0.71,0.883,0.873,0.872,1557000.0,-532100.0,-448600.0,600.0,50000.0,0.873,0.874,0.875,0.876,0.877,9884500.0,3982200.0,6671100.0,3345100.0,3247900.0,0.881,0.887,-0.014,0.0,404048746.45,461566350.0,1.064,-1920200.0,809400.0,502500.0,31300.0,0.0,0.0004117647058821,70641.17647057772,1078777.5,-0.001,-363200.0,277300.0,53900.0,31900.0,50000.0,0.002,0.001,0.873,2.0,2.0,0.7611025294117647,3.619050752609742e+18,7.0,10.0,0.873,0.001,96300.0,3.288448289331947e-05,0.872,0.8725,1412.0,0.873,0.0011461318051575,0.0034383954154727,-109374.77011674644,159949.0,27130800.0,46721800.0,-19591000.0,73852600.0,0.0391626994102854,0.0363095451108681,1237100.0,19591000.0,0.8720212593969768,0.8723919999507916,0.8744872875108733,0.8702770462610602
20230823.0,2.0230823141254964e+16,0.872,0.871,0.87,0.869,0.868,6010900.0,15731400.0,16741300.0,3800600.0,4599000.0,0.71,0.883,0.873,0.872,2049900.0,2457100.0,-2260700.0,-7400.0,18800.0,0.873,0.874,0.875,0.876,0.877,12671500.0,4086000.0,6681100.0,3352500.0,3242300.0,0.881,0.887,-0.014,0.0,405107178.65,462780050.0,1.064,-2412900.0,393800.0,10000.0,7400.0,-5600.0,0.0001052631578947,392215.7894737125,1058344.8999999762,-0.001,-363000.0,2850900.0,-2250700.0,0.0,13200.0,0.002,0.001,0.873,1.0,1.0,0.7619453157894737,4.062005420182767e+18,17.0,2.0,0.873,0.0,1145400.0,2.832107555600372e-05,0.872,0.8725,1413.0,0.873,0.0011461318051575,0.0034383954154727,-60643.88983469456,159949.0,30033400.0,46883200.0,-16849800.0,76916600.0,0.0433041994407696,0.0393944329624086,1213600.0,16849800.0,0.8720706163480357,0.8723217413180319,0.8743476629352654,0.8703147097467748
20230823.0,2.023082314135492e+16,0.872,0.871,0.87,0.869,0.868,6185000.0,15139200.0,16686800.0,3800600.0,4600300.0,0.71,0.883,0.872,0.872,1740000.0,-3004200.0,-32700.0,-1000.0,-76100.0,0.873,0.874,0.875,0.876,0.877,11104600.0,6495000.0,6716800.0,3353500.0,3319700.0,0.881,0.887,-0.015,-0.001,405392613.55,463107250.0,1.064,-1565900.0,1999000.0,35700.0,1000.0,77400.0,0.0001052631578948,85326.31578946114,284561.90000003576,-0.001,174100.0,-1005200.0,3000.0,0.0,1300.0,0.002,0.001,0.872,1.0,2.0,0.7619453157894737,4.072002708871448e+18,17.0,2.0,0.873,0.0,163000.0,4.123503692174402e-05,0.872,0.8725,1414.0,0.873,0.0011461318051575,0.0034383954154727,-53166561.3144593,159949.0,30989600.0,46411900.0,-15422300.0,77401500.0,0.0309511475093996,0.0279086014102324,326200.0,15422300.0,0.8723540772533285,0.8723577295021284,0.874396207114645,0.8703125922446614
20230823.0,2.0230823141455e+16,0.872,0.871,0.87,0.869,0.868,6515000.0,13470900.0,18528900.0,3800600.0,4598300.0,0.71,0.883,0.873,0.872,-839000.0,-747300.0,1628900.0,-42600.0,-2000.0,0.873,0.874,0.875,0.876,0.877,12790700.0,4025000.0,6930000.0,3396100.0,3319700.0,0.881,0.887,-0.014,0.0,406038110.25,463846950.0,1.064,1504000.0,-2150000.0,213200.0,42600.0,0.0,0.0003684210526312,103405.26315790416,628126.0,-0.001,665000.0,-2897300.0,1842100.0,0.0,-2000.0,0.002,0.001,0.873,4.0,4.0,0.7614861052631579,4.0785901629647273e+18,12.0,7.0,0.873,0.001,72450.0,-4.479344389907158e-06,0.872,0.8725,1415.0,0.873,0.0011461318051575,0.0034383954154727,-241896.64186552912,159949.0,30461500.0,46913700.0,-16452200.0,77375200.0,0.0326139513264513,0.0309744589946278,719800.0,16452200.0,0.8726396221172548,0.8723374651009804,0.8743575201483841,0.8702878412915631
