TradeDate,OrigTime,BidPx1,BidPx2,BidPx3,BidPx4,BidPx5,BidSize1,BidSize2,BidSize3,BidSize4,BidSize5,DownLimitPx,HighPx,LastPx,LowPx,OFI1,OFI2,OFI3,OFI4,OFI5,OfferPx1,OfferPx2,OfferPx3,OfferPx4,OfferPx5,OfferSize1,OfferSize2,OfferSize3,OfferSize4,OfferSize5,OpenPx,PreClosePx,PxChange1,PxChange2,TotalValueTrade,TotalVolumeTrade,UpLimitPx,aOF1,aOF2,aOF3,aOF4,aOF5,abs_diff,abs_diff_v,amount,ask_spread,bOF1,bOF2,bOF3,bOF4,bOF5,bid_ask_spread,bid_spread,close,df_max,df_min,energy,energy_v,f_max,f_min,high,iqr_p,iqr_p_v,log_return,low,mid,minute,open,price_spread,price_spread2,tendency,ticker,total_ask_qty,total_bid_qty,total_qty_diff,total_volume,volatility,volatility_QMLE,volume,volume_imbalance,vwap,wap1,weighted_ask_prc,weighted_bid_prc
0.0,0.0,0.0,0.0,0.0,0.0,0.0,0.0,0.0,0.0,0.0,0.0,0.0,0.0,0.0,0.0,0.0,0.0,0.0,0.0,0.0,0.0,0.0,0.0,0.0,0.0,0.0,0.0,0.0,0.0,0.0,0.0,0.0,0.0,0.0,0.0,0.0,0.0,0.0,0.0,0.0,0.0,0.0,0.0,0.0,0.0,0.0,0.0,0.0,0.0,0.0,0.0,0.0,0.0,0.0,0.0,0.0,0.0,0.0,0.0,0.0,0.0,0.0,0.0,0.0,0.0,0.0,0.0,0.0,0.0,0.0,0.0,0.0,0.0,0.0,0.0,0.0,0.0,0.0,0.0,0.0,0.0,0.0,0.0,0.0
0.0,0.0,0.0,0.0,0.0,0.0,0.0,0.0,0.0,0.0,0.0,0.0,0.0,0.0,0.0,0.0,0.0,0.0,0.0,0.0,0.0,0.0,0.0,0.0,0.0,0.0,0.0,0.0,0.0,0.0,0.0,0.0,0.0,0.0,0.0,0.0,0.0,0.0,0.0,0.0,0.0,0.0,0.0,0.0,0.0,0.0,0.0,0.0,0.0,0.0,0.0,0.0,0.0,0.0,0.0,0.0,0.0,0.0,0.0,0.0,0.0,0.0,0.0,0.0,0.0,0.0,0.0,0.0,0.0,0.0,0.0,0.0,0.0,0.0,0.0,0.0,0.0,0.0,0.0,0.0,0.0,0.0,0.0,0.0,0.0
0.0,0.0,0.0,0.0,0.0,0.0,0.0,0.0,0.0,0.0,0.0,0.0,0.0,0.0,0.0,0.0,0.0,0.0,0.0,0.0,0.0,0.0,0.0,0.0,0.0,0.0,0.0,0.0,0.0,0.0,0.0,0.0,0.0,0.0,0.0,0.0,0.0,0.0,0.0,0.0,0.0,0.0,0.0,0.0,0.0,0.0,0.0,0.0,0.0,0.0,0.0,0.0,0.0,0.0,0.0,0.0,0.0,0.0,0.0,0.0,0.0,0.0,0.0,0.0,0.0,0.0,0.0,0.0,0.0,0.0,0.0,0.0,0.0,0.0,0.0,0.0,0.0,0.0,0.0,0.0,0.0,0.0,0.0,0.0,0.0
0.0,0.0,0.0,0.0,0.0,0.0,0.0,0.0,0.0,0.0,0.0,0.0,0.0,0.0,0.0,0.0,0.0,0.0,0.0,0.0,0.0,0.0,0.0,0.0,0.0,0.0,0.0,0.0,0.0,0.0,0.0,0.0,0.0,0.0,0.0,0.0,0.0,0.0,0.0,0.0,0.0,0.0,0.0,0.0,0.0,0.0,0.0,0.0,0.0,0.0,0.0,0.0,0.0,0.0,0.0,0.0,0.0,0.0,0.0,0.0,0.0,0.0,0.0,0.0,0.0,0.0,0.0,0.0,0.0,0.0,0.0,0.0,0.0,0.0,0.0,0.0,0.0,0.0,0.0,0.0,0.0,0.0,0.0,0.0,0.0
0.0,0.0,0.0,0.0,0.0,0.0,0.0,0.0,0.0,0.0,0.0,0.0,0.0,0.0,0.0,0.0,0.0,0.0,0.0,0.0,0.0,0.0,0.0,0.0,0.0,0.0,0.0,0.0,0.0,0.0,0.0,0.0,0.0,0.0,0.0,0.0,0.0,0.0,0.0,0.0,0.0,0.0,0.0,0.0,0.0,0.0,0.0,0.0,0.0,0.0,0.0,0.0,0.0,0.0,0.0,0.0,0.0,0.0,0.0,0.0,0.0,0.0,0.0,0.0,0.0,0.0,0.0,0.0,0.0,0.0,0.0,0.0,0.0,0.0,0.0,0.0,0.0,0.0,0.0,0.0,0.0,0.0,0.0,0.0,0.0
0.0,0.0,0.0,0.0,0.0,0.0,0.0,0.0,0.0,0.0,0.0,0.0,0.0,0.0,0.0,0.0,0.0,0.0,0.0,0.0,0.0,0.0,0.0,0.0,0.0,0.0,0.0,0.0,0.0,0.0,0.0,0.0,0.0,0.0,0.0,0.0,0.0,0.0,0.0,0.0,0.0,0.0,0.0,0.0,0.0,0.0,0.0,0.0,0.0,0.0,0.0,0.0,0.0,0.0,0.0,0.0,0.0,0.0,0.0,0.0,0.0,0.0,0.0,0.0,0.0,0.0,0.0,0.0,0.0,0.0,0.0,0.0,0.0,0.0,0.0,0.0,0.0,0.0,0.0,0.0,0.0,0.0,0.0,0.0,0.0
0.0,0.0,0.0,0.0,0.0,0.0,0.0,0.0,0.0,0.0,0.0,0.0,0.0,0.0,0.0,0.0,0.0,0.0,0.0,0.0,0.0,0.0,0.0,0.0,0.0,0.0,0.0,0.0,0.0,0.0,0.0,0.0,0.0,0.0,0.0,0.0,0.0,0.0,0.0,0.0,0.0,0.0,0.0,0.0,0.0,0.0,0.0,0.0,0.0,0.0,0.0,0.0,0.0,0.0,0.0,0.0,0.0,0.0,0.0,0.0,0.0,0.0,0.0,0.0,0.0,0.0,0.0,0.0,0.0,0.0,0.0,0.0,0.0,0.0,0.0,0.0,0.0,0.0,0.0,0.0,0.0,0.0,0.0,0.0,0.0
0.0,0.0,0.0,0.0,0.0,0.0,0.0,0.0,0.0,0.0,0.0,0.0,0.0,0.0,0.0,0.0,0.0,0.0,0.0,0.0,0.0,0.0,0.0,0.0,0.0,0.0,0.0,0.0,0.0,0.0,0.0,0.0,0.0,0.0,0.0,0.0,0.0,0.0,0.0,0.0,0.0,0.0,0.0,0.0,0.0,0.0,0.0,0.0,0.0,0.0,0.0,0.0,0.0,0.0,0.0,0.0,0.0,0.0,0.0,0.0,0.0,0.0,0.0,0.0,0.0,0.0,0.0,0.0,0.0,0.0,0.0,0.0,0.0,0.0,0.0,0.0,0.0,0.0,0.0,0.0,0.0,0.0,0.0,0.0,0.0
0.0,0.0,0.0,0.0,0.0,0.0,0.0,0.0,0.0,0.0,0.0,0.0,0.0,0.0,0.0,0.0,0.0,0.0,0.0,0.0,0.0,0.0,0.0,0.0,0.0,0.0,0.0,0.0,0.0,0.0,0.0,0.0,0.0,0.0,0.0,0.0,0.0,0.0,0.0,0.0,0.0,0.0,0.0,0.0,0.0,0.0,0.0,0.0,0.0,0.0,0.0,0.0,0.0,0.0,0.0,0.0,0.0,0.0,0.0,0.0,0.0,0.0,0.0,0.0,0.0,0.0,0.0,0.0,0.0,0.0,0.0,0.0,0.0,0.0,0.0,0.0,0.0,0.0,0.0,0.0,0.0,0.0,0.0,0.0,0.0
0.0,0.0,0.0,0.0,0.0,0.0,0.0,0.0,0.0,0.0,0.0,0.0,0.0,0.0,0.0,0.0,0.0,0.0,0.0,0.0,0.0,0.0,0.0,0.0,0.0,0.0,0.0,0.0,0.0,0.0,0.0,0.0,0.0,0.0,0.0,0.0,0.0,0.0,0.0,0.0,0.0,0.0,0.0,0.0,0.0,0.0,0.0,0.0,0.0,0.0,0.0,0.0,0.0,0.0,0.0,0.0,0.0,0.0,0.0,0.0,0.0,0.0,0.0,0.0,0.0,0.0,0.0,0.0,0.0,0.0,0.0,0.0,0.0,0.0,0.0,0.0,0.0,0.0,0.0,0.0,0.0,0.0,0.0,0.0,0.0
0.0,0.0,0.0,0.0,0.0,0.0,0.0,0.0,0.0,0.0,0.0,0.0,0.0,0.0,0.0,0.0,0.0,0.0,0.0,0.0,0.0,0.0,0.0,0.0,0.0,0.0,0.0,0.0,0.0,0.0,0.0,0.0,0.0,0.0,0.0,0.0,0.0,0.0,0.0,0.0,0.0,0.0,0.0,0.0,0.0,0.0,0.0,0.0,0.0,0.0,0.0,0.0,0.0,0.0,0.0,0.0,0.0,0.0,0.0,0.0,0.0,0.0,0.0,0.0,0.0,0.0,0.0,0.0,0.0,0.0,0.0,0.0,0.0,0.0,0.0,0.0,0.0,0.0,0.0,0.0,0.0,0.0,0.0,0.0,0.0
0.0,0.0,0.0,0.0,0.0,0.0,0.0,0.0,0.0,0.0,0.0,0.0,0.0,0.0,0.0,0.0,0.0,0.0,0.0,0.0,0.0,0.0,0.0,0.0,0.0,0.0,0.0,0.0,0.0,0.0,0.0,0.0,0.0,0.0,0.0,0.0,0.0,0.0,0.0,0.0,0.0,0.0,0.0,0.0,0.0,0.0,0.0,0.0,0.0,0.0,0.0,0.0,0.0,0.0,0.0,0.0,0.0,0.0,0.0,0.0,0.0,0.0,0.0,0.0,0.0,0.0,0.0,0.0,0.0,0.0,0.0,0.0,0.0,0.0,0.0,0.0,0.0,0.0,0.0,0.0,0.0,0.0,0.0,0.0,0.0
0.0,0.0,0.0,0.0,0.0,0.0,0.0,0.0,0.0,0.0,0.0,0.0,0.0,0.0,0.0,0.0,0.0,0.0,0.0,0.0,0.0,0.0,0.0,0.0,0.0,0.0,0.0,0.0,0.0,0.0,0.0,0.0,0.0,0.0,0.0,0.0,0.0,0.0,0.0,0.0,0.0,0.0,0.0,0.0,0.0,0.0,0.0,0.0,0.0,0.0,0.0,0.0,0.0,0.0,0.0,0.0,0.0,0.0,0.0,0.0,0.0,0.0,0.0,0.0,0.0,0.0,0.0,0.0,0.0,0.0,0.0,0.0,0.0,0.0,0.0,0.0,0.0,0.0,0.0,0.0,0.0,0.0,0.0,0.0,0.0
0.0,0.0,0.0,0.0,0.0,0.0,0.0,0.0,0.0,0.0,0.0,0.0,0.0,0.0,0.0,0.0,0.0,0.0,0.0,0.0,0.0,0.0,0.0,0.0,0.0,0.0,0.0,0.0,0.0,0.0,0.0,0.0,0.0,0.0,0.0,0.0,0.0,0.0,0.0,0.0,0.0,0.0,0.0,0.0,0.0,0.0,0.0,0.0,0.0,0.0,0.0,0.0,0.0,0.0,0.0,0.0,0.0,0.0,0.0,0.0,0.0,0.0,0.0,0.0,0.0,0.0,0.0,0.0,0.0,0.0,0.0,0.0,0.0,0.0,0.0,0.0,0.0,0.0,0.0,0.0,0.0,0.0,0.0,0.0,0.0
0.0,0.0,0.0,0.0,0.0,0.0,0.0,0.0,0.0,0.0,0.0,0.0,0.0,0.0,0.0,0.0,0.0,0.0,0.0,0.0,0.0,0.0,0.0,0.0,0.0,0.0,0.0,0.0,0.0,0.0,0.0,0.0,0.0,0.0,0.0,0.0,0.0,0.0,0.0,0.0,0.0,0.0,0.0,0.0,0.0,0.0,0.0,0.0,0.0,0.0,0.0,0.0,0.0,0.0,0.0,0.0,0.0,0.0,0.0,0.0,0.0,0.0,0.0,0.0,0.0,0.0,0.0,0.0,0.0,0.0,0.0,0.0,0.0,0.0,0.0,0.0,0.0,0.0,0.0,0.0,0.0,0.0,0.0,0.0,0.0
0.0,0.0,0.0,0.0,0.0,0.0,0.0,0.0,0.0,0.0,0.0,0.0,0.0,0.0,0.0,0.0,0.0,0.0,0.0,0.0,0.0,0.0,0.0,0.0,0.0,0.0,0.0,0.0,0.0,0.0,0.0,0.0,0.0,0.0,0.0,0.0,0.0,0.0,0.0,0.0,0.0,0.0,0.0,0.0,0.0,0.0,0.0,0.0,0.0,0.0,0.0,0.0,0.0,0.0,0.0,0.0,0.0,0.0,0.0,0.0,0.0,0.0,0.0,0.0,0.0,0.0,0.0,0.0,0.0,0.0,0.0,0.0,0.0,0.0,0.0,0.0,0.0,0.0,0.0,0.0,0.0,0.0,0.0,0.0,0.0
0.0,0.0,0.0,0.0,0.0,0.0,0.0,0.0,0.0,0.0,0.0,0.0,0.0,0.0,0.0,0.0,0.0,0.0,0.0,0.0,0.0,0.0,0.0,0.0,0.0,0.0,0.0,0.0,0.0,0.0,0.0,0.0,0.0,0.0,0.0,0.0,0.0,0.0,0.0,0.0,0.0,0.0,0.0,0.0,0.0,0.0,0.0,0.0,0.0,0.0,0.0,0.0,0.0,0.0,0.0,0.0,0.0,0.0,0.0,0.0,0.0,0.0,0.0,0.0,0.0,0.0,0.0,0.0,0.0,0.0,0.0,0.0,0.0,0.0,0.0,0.0,0.0,0.0,0.0,0.0,0.0,0.0,0.0,0.0,0.0
0.0,0.0,0.0,0.0,0.0,0.0,0.0,0.0,0.0,0.0,0.0,0.0,0.0,0.0,0.0,0.0,0.0,0.0,0.0,0.0,0.0,0.0,0.0,0.0,0.0,0.0,0.0,0.0,0.0,0.0,0.0,0.0,0.0,0.0,0.0,0.0,0.0,0.0,0.0,0.0,0.0,0.0,0.0,0.0,0.0,0.0,0.0,0.0,0.0,0.0,0.0,0.0,0.0,0.0,0.0,0.0,0.0,0.0,0.0,0.0,0.0,0.0,0.0,0.0,0.0,0.0,0.0,0.0,0.0,0.0,0.0,0.0,0.0,0.0,0.0,0.0,0.0,0.0,0.0,0.0,0.0,0.0,0.0,0.0,0.0
0.0,0.0,0.0,0.0,0.0,0.0,0.0,0.0,0.0,0.0,0.0,0.0,0.0,0.0,0.0,0.0,0.0,0.0,0.0,0.0,0.0,0.0,0.0,0.0,0.0,0.0,0.0,0.0,0.0,0.0,0.0,0.0,0.0,0.0,0.0,0.0,0.0,0.0,0.0,0.0,0.0,0.0,0.0,0.0,0.0,0.0,0.0,0.0,0.0,0.0,0.0,0.0,0.0,0.0,0.0,0.0,0.0,0.0,0.0,0.0,0.0,0.0,0.0,0.0,0.0,0.0,0.0,0.0,0.0,0.0,0.0,0.0,0.0,0.0,0.0,0.0,0.0,0.0,0.0,0.0,0.0,0.0,0.0,0.0,0.0
0.0,0.0,0.0,0.0,0.0,0.0,0.0,0.0,0.0,0.0,0.0,0.0,0.0,0.0,0.0,0.0,0.0,0.0,0.0,0.0,0.0,0.0,0.0,0.0,0.0,0.0,0.0,0.0,0.0,0.0,0.0,0.0,0.0,0.0,0.0,0.0,0.0,0.0,0.0,0.0,0.0,0.0,0.0,0.0,0.0,0.0,0.0,0.0,0.0,0.0,0.0,0.0,0.0,0.0,0.0,0.0,0.0,0.0,0.0,0.0,0.0,0.0,0.0,0.0,0.0,0.0,0.0,0.0,0.0,0.0,0.0,0.0,0.0,0.0,0.0,0.0,0.0,0.0,0.0,0.0,0.0,0.0,0.0,0.0,0.0
0.0,0.0,0.0,0.0,0.0,0.0,0.0,0.0,0.0,0.0,0.0,0.0,0.0,0.0,0.0,0.0,0.0,0.0,0.0,0.0,0.0,0.0,0.0,0.0,0.0,0.0,0.0,0.0,0.0,0.0,0.0,0.0,0.0,0.0,0.0,0.0,0.0,0.0,0.0,0.0,0.0,0.0,0.0,0.0,0.0,0.0,0.0,0.0,0.0,0.0,0.0,0.0,0.0,0.0,0.0,0.0,0.0,0.0,0.0,0.0,0.0,0.0,0.0,0.0,0.0,0.0,0.0,0.0,0.0,0.0,0.0,0.0,0.0,0.0,0.0,0.0,0.0,0.0,0.0,0.0,0.0,0.0,0.0,0.0,0.0
0.0,0.0,0.0,0.0,0.0,0.0,0.0,0.0,0.0,0.0,0.0,0.0,0.0,0.0,0.0,0.0,0.0,0.0,0.0,0.0,0.0,0.0,0.0,0.0,0.0,0.0,0.0,0.0,0.0,0.0,0.0,0.0,0.0,0.0,0.0,0.0,0.0,0.0,0.0,0.0,0.0,0.0,0.0,0.0,0.0,0.0,0.0,0.0,0.0,0.0,0.0,0.0,0.0,0.0,0.0,0.0,0.0,0.0,0.0,0.0,0.0,0.0,0.0,0.0,0.0,0.0,0.0,0.0,0.0,0.0,0.0,0.0,0.0,0.0,0.0,0.0,0.0,0.0,0.0,0.0,0.0,0.0,0.0,0.0,0.0
0.0,0.0,0.0,0.0,0.0,0.0,0.0,0.0,0.0,0.0,0.0,0.0,0.0,0.0,0.0,0.0,0.0,0.0,0.0,0.0,0.0,0.0,0.0,0.0,0.0,0.0,0.0,0.0,0.0,0.0,0.0,0.0,0.0,0.0,0.0,0.0,0.0,0.0,0.0,0.0,0.0,0.0,0.0,0.0,0.0,0.0,0.0,0.0,0.0,0.0,0.0,0.0,0.0,0.0,0.0,0.0,0.0,0.0,0.0,0.0,0.0,0.0,0.0,0.0,0.0,0.0,0.0,0.0,0.0,0.0,0.0,0.0,0.0,0.0,0.0,0.0,0.0,0.0,0.0,0.0,0.0,0.0,0.0,0.0,0.0
0.0,0.0,0.0,0.0,0.0,0.0,0.0,0.0,0.0,0.0,0.0,0.0,0.0,0.0,0.0,0.0,0.0,0.0,0.0,0.0,0.0,0.0,0.0,0.0,0.0,0.0,0.0,0.0,0.0,0.0,0.0,0.0,0.0,0.0,0.0,0.0,0.0,0.0,0.0,0.0,0.0,0.0,0.0,0.0,0.0,0.0,0.0,0.0,0.0,0.0,0.0,0.0,0.0,0.0,0.0,0.0,0.0,0.0,0.0,0.0,0.0,0.0,0.0,0.0,0.0,0.0,0.0,0.0,0.0,0.0,0.0,0.0,0.0,0.0,0.0,0.0,0.0,0.0,0.0,0.0,0.0,0.0,0.0,0.0,0.0
0.0,0.0,0.0,0.0,0.0,0.0,0.0,0.0,0.0,0.0,0.0,0.0,0.0,0.0,0.0,0.0,0.0,0.0,0.0,0.0,0.0,0.0,0.0,0.0,0.0,0.0,0.0,0.0,0.0,0.0,0.0,0.0,0.0,0.0,0.0,0.0,0.0,0.0,0.0,0.0,0.0,0.0,0.0,0.0,0.0,0.0,0.0,0.0,0.0,0.0,0.0,0.0,0.0,0.0,0.0,0.0,0.0,0.0,0.0,0.0,0.0,0.0,0.0,0.0,0.0,0.0,0.0,0.0,0.0,0.0,0.0,0.0,0.0,0.0,0.0,0.0,0.0,0.0,0.0,0.0,0.0,0.0,0.0,0.0,0.0
0.0,0.0,0.0,0.0,0.0,0.0,0.0,0.0,0.0,0.0,0.0,0.0,0.0,0.0,0.0,0.0,0.0,0.0,0.0,0.0,0.0,0.0,0.0,0.0,0.0,0.0,0.0,0.0,0.0,0.0,0.0,0.0,0.0,0.0,0.0,0.0,0.0,0.0,0.0,0.0,0.0,0.0,0.0,0.0,0.0,0.0,0.0,0.0,0.0,0.0,0.0,0.0,0.0,0.0,0.0,0.0,0.0,0.0,0.0,0.0,0.0,0.0,0.0,0.0,0.0,0.0,0.0,0.0,0.0,0.0,0.0,0.0,0.0,0.0,0.0,0.0,0.0,0.0,0.0,0.0,0.0,0.0,0.0,0.0,0.0
0.0,0.0,0.0,0.0,0.0,0.0,0.0,0.0,0.0,0.0,0.0,0.0,0.0,0.0,0.0,0.0,0.0,0.0,0.0,0.0,0.0,0.0,0.0,0.0,0.0,0.0,0.0,0.0,0.0,0.0,0.0,0.0,0.0,0.0,0.0,0.0,0.0,0.0,0.0,0.0,0.0,0.0,0.0,0.0,0.0,0.0,0.0,0.0,0.0,0.0,0.0,0.0,0.0,0.0,0.0,0.0,0.0,0.0,0.0,0.0,0.0,0.0,0.0,0.0,0.0,0.0,0.0,0.0,0.0,0.0,0.0,0.0,0.0,0.0,0.0,0.0,0.0,0.0,0.0,0.0,0.0,0.0,0.0,0.0,0.0
0.0,0.0,0.0,0.0,0.0,0.0,0.0,0.0,0.0,0.0,0.0,0.0,0.0,0.0,0.0,0.0,0.0,0.0,0.0,0.0,0.0,0.0,0.0,0.0,0.0,0.0,0.0,0.0,0.0,0.0,0.0,0.0,0.0,0.0,0.0,0.0,0.0,0.0,0.0,0.0,0.0,0.0,0.0,0.0,0.0,0.0,0.0,0.0,0.0,0.0,0.0,0.0,0.0,0.0,0.0,0.0,0.0,0.0,0.0,0.0,0.0,0.0,0.0,0.0,0.0,0.0,0.0,0.0,0.0,0.0,0.0,0.0,0.0,0.0,0.0,0.0,0.0,0.0,0.0,0.0,0.0,0.0,0.0,0.0,0.0
0.0,0.0,0.0,0.0,0.0,0.0,0.0,0.0,0.0,0.0,0.0,0.0,0.0,0.0,0.0,0.0,0.0,0.0,0.0,0.0,0.0,0.0,0.0,0.0,0.0,0.0,0.0,0.0,0.0,0.0,0.0,0.0,0.0,0.0,0.0,0.0,0.0,0.0,0.0,0.0,0.0,0.0,0.0,0.0,0.0,0.0,0.0,0.0,0.0,0.0,0.0,0.0,0.0,0.0,0.0,0.0,0.0,0.0,0.0,0.0,0.0,0.0,0.0,0.0,0.0,0.0,0.0,0.0,0.0,0.0,0.0,0.0,0.0,0.0,0.0,0.0,0.0,0.0,0.0,0.0,0.0,0.0,0.0,0.0,0.0
0.0,0.0,0.0,0.0,0.0,0.0,0.0,0.0,0.0,0.0,0.0,0.0,0.0,0.0,0.0,0.0,0.0,0.0,0.0,0.0,0.0,0.0,0.0,0.0,0.0,0.0,0.0,0.0,0.0,0.0,0.0,0.0,0.0,0.0,0.0,0.0,0.0,0.0,0.0,0.0,0.0,0.0,0.0,0.0,0.0,0.0,0.0,0.0,0.0,0.0,0.0,0.0,0.0,0.0,0.0,0.0,0.0,0.0,0.0,0.0,0.0,0.0,0.0,0.0,0.0,0.0,0.0,0.0,0.0,0.0,0.0,0.0,0.0,0.0,0.0,0.0,0.0,0.0,0.0,0.0,0.0,0.0,0.0,0.0,0.0
0.0,0.0,0.0,0.0,0.0,0.0,0.0,0.0,0.0,0.0,0.0,0.0,0.0,0.0,0.0,0.0,0.0,0.0,0.0,0.0,0.0,0.0,0.0,0.0,0.0,0.0,0.0,0.0,0.0,0.0,0.0,0.0,0.0,0.0,0.0,0.0,0.0,0.0,0.0,0.0,0.0,0.0,0.0,0.0,0.0,0.0,0.0,0.0,0.0,0.0,0.0,0.0,0.0,0.0,0.0,0.0,0.0,0.0,0.0,0.0,0.0,0.0,0.0,0.0,0.0,0.0,0.0,0.0,0.0,0.0,0.0,0.0,0.0,0.0,0.0,0.0,0.0,0.0,0.0,0.0,0.0,0.0,0.0,0.0,0.0
0.0,0.0,0.0,0.0,0.0,0.0,0.0,0.0,0.0,0.0,0.0,0.0,0.0,0.0,0.0,0.0,0.0,0.0,0.0,0.0,0.0,0.0,0.0,0.0,0.0,0.0,0.0,0.0,0.0,0.0,0.0,0.0,0.0,0.0,0.0,0.0,0.0,0.0,0.0,0.0,0.0,0.0,0.0,0.0,0.0,0.0,0.0,0.0,0.0,0.0,0.0,0.0,0.0,0.0,0.0,0.0,0.0,0.0,0.0,0.0,0.0,0.0,0.0,0.0,0.0,0.0,0.0,0.0,0.0,0.0,0.0,0.0,0.0,0.0,0.0,0.0,0.0,0.0,0.0,0.0,0.0,0.0,0.0,0.0,0.0
0.0,0.0,0.0,0.0,0.0,0.0,0.0,0.0,0.0,0.0,0.0,0.0,0.0,0.0,0.0,0.0,0.0,0.0,0.0,0.0,0.0,0.0,0.0,0.0,0.0,0.0,0.0,0.0,0.0,0.0,0.0,0.0,0.0,0.0,0.0,0.0,0.0,0.0,0.0,0.0,0.0,0.0,0.0,0.0,0.0,0.0,0.0,0.0,0.0,0.0,0.0,0.0,0.0,0.0,0.0,0.0,0.0,0.0,0.0,0.0,0.0,0.0,0.0,0.0,0.0,0.0,0.0,0.0,0.0,0.0,0.0,0.0,0.0,0.0,0.0,0.0,0.0,0.0,0.0,0.0,0.0,0.0,0.0,0.0,0.0
0.0,0.0,0.0,0.0,0.0,0.0,0.0,0.0,0.0,0.0,0.0,0.0,0.0,0.0,0.0,0.0,0.0,0.0,0.0,0.0,0.0,0.0,0.0,0.0,0.0,0.0,0.0,0.0,0.0,0.0,0.0,0.0,0.0,0.0,0.0,0.0,0.0,0.0,0.0,0.0,0.0,0.0,0.0,0.0,0.0,0.0,0.0,0.0,0.0,0.0,0.0,0.0,0.0,0.0,0.0,0.0,0.0,0.0,0.0,0.0,0.0,0.0,0.0,0.0,0.0,0.0,0.0,0.0,0.0,0.0,0.0,0.0,0.0,0.0,0.0,0.0,0.0,0.0,0.0,0.0,0.0,0.0,0.0,0.0,0.0
0.0,0.0,0.0,0.0,0.0,0.0,0.0,0.0,0.0,0.0,0.0,0.0,0.0,0.0,0.0,0.0,0.0,0.0,0.0,0.0,0.0,0.0,0.0,0.0,0.0,0.0,0.0,0.0,0.0,0.0,0.0,0.0,0.0,0.0,0.0,0.0,0.0,0.0,0.0,0.0,0.0,0.0,0.0,0.0,0.0,0.0,0.0,0.0,0.0,0.0,0.0,0.0,0.0,0.0,0.0,0.0,0.0,0.0,0.0,0.0,0.0,0.0,0.0,0.0,0.0,0.0,0.0,0.0,0.0,0.0,0.0,0.0,0.0,0.0,0.0,0.0,0.0,0.0,0.0,0.0,0.0,0.0,0.0,0.0,0.0
0.0,0.0,0.0,0.0,0.0,0.0,0.0,0.0,0.0,0.0,0.0,0.0,0.0,0.0,0.0,0.0,0.0,0.0,0.0,0.0,0.0,0.0,0.0,0.0,0.0,0.0,0.0,0.0,0.0,0.0,0.0,0.0,0.0,0.0,0.0,0.0,0.0,0.0,0.0,0.0,0.0,0.0,0.0,0.0,0.0,0.0,0.0,0.0,0.0,0.0,0.0,0.0,0.0,0.0,0.0,0.0,0.0,0.0,0.0,0.0,0.0,0.0,0.0,0.0,0.0,0.0,0.0,0.0,0.0,0.0,0.0,0.0,0.0,0.0,0.0,0.0,0.0,0.0,0.0,0.0,0.0,0.0,0.0,0.0,0.0
0.0,0.0,0.0,0.0,0.0,0.0,0.0,0.0,0.0,0.0,0.0,0.0,0.0,0.0,0.0,0.0,0.0,0.0,0.0,0.0,0.0,0.0,0.0,0.0,0.0,0.0,0.0,0.0,0.0,0.0,0.0,0.0,0.0,0.0,0.0,0.0,0.0,0.0,0.0,0.0,0.0,0.0,0.0,0.0,0.0,0.0,0.0,0.0,0.0,0.0,0.0,0.0,0.0,0.0,0.0,0.0,0.0,0.0,0.0,0.0,0.0,0.0,0.0,0.0,0.0,0.0,0.0,0.0,0.0,0.0,0.0,0.0,0.0,0.0,0.0,0.0,0.0,0.0,0.0,0.0,0.0,0.0,0.0,0.0,0.0
0.0,0.0,0.0,0.0,0.0,0.0,0.0,0.0,0.0,0.0,0.0,0.0,0.0,0.0,0.0,0.0,0.0,0.0,0.0,0.0,0.0,0.0,0.0,0.0,0.0,0.0,0.0,0.0,0.0,0.0,0.0,0.0,0.0,0.0,0.0,0.0,0.0,0.0,0.0,0.0,0.0,0.0,0.0,0.0,0.0,0.0,0.0,0.0,0.0,0.0,0.0,0.0,0.0,0.0,0.0,0.0,0.0,0.0,0.0,0.0,0.0,0.0,0.0,0.0,0.0,0.0,0.0,0.0,0.0,0.0,0.0,0.0,0.0,0.0,0.0,0.0,0.0,0.0,0.0,0.0,0.0,0.0,0.0,0.0,0.0
0.0,0.0,0.0,0.0,0.0,0.0,0.0,0.0,0.0,0.0,0.0,0.0,0.0,0.0,0.0,0.0,0.0,0.0,0.0,0.0,0.0,0.0,0.0,0.0,0.0,0.0,0.0,0.0,0.0,0.0,0.0,0.0,0.0,0.0,0.0,0.0,0.0,0.0,0.0,0.0,0.0,0.0,0.0,0.0,0.0,0.0,0.0,0.0,0.0,0.0,0.0,0.0,0.0,0.0,0.0,0.0,0.0,0.0,0.0,0.0,0.0,0.0,0.0,0.0,0.0,0.0,0.0,0.0,0.0,0.0,0.0,0.0,0.0,0.0,0.0,0.0,0.0,0.0,0.0,0.0,0.0,0.0,0.0,0.0,0.0
0.0,0.0,0.0,0.0,0.0,0.0,0.0,0.0,0.0,0.0,0.0,0.0,0.0,0.0,0.0,0.0,0.0,0.0,0.0,0.0,0.0,0.0,0.0,0.0,0.0,0.0,0.0,0.0,0.0,0.0,0.0,0.0,0.0,0.0,0.0,0.0,0.0,0.0,0.0,0.0,0.0,0.0,0.0,0.0,0.0,0.0,0.0,0.0,0.0,0.0,0.0,0.0,0.0,0.0,0.0,0.0,0.0,0.0,0.0,0.0,0.0,0.0,0.0,0.0,0.0,0.0,0.0,0.0,0.0,0.0,0.0,0.0,0.0,0.0,0.0,0.0,0.0,0.0,0.0,0.0,0.0,0.0,0.0,0.0,0.0
0.0,0.0,0.0,0.0,0.0,0.0,0.0,0.0,0.0,0.0,0.0,0.0,0.0,0.0,0.0,0.0,0.0,0.0,0.0,0.0,0.0,0.0,0.0,0.0,0.0,0.0,0.0,0.0,0.0,0.0,0.0,0.0,0.0,0.0,0.0,0.0,0.0,0.0,0.0,0.0,0.0,0.0,0.0,0.0,0.0,0.0,0.0,0.0,0.0,0.0,0.0,0.0,0.0,0.0,0.0,0.0,0.0,0.0,0.0,0.0,0.0,0.0,0.0,0.0,0.0,0.0,0.0,0.0,0.0,0.0,0.0,0.0,0.0,0.0,0.0,0.0,0.0,0.0,0.0,0.0,0.0,0.0,0.0,0.0,0.0
0.0,0.0,0.0,0.0,0.0,0.0,0.0,0.0,0.0,0.0,0.0,0.0,0.0,0.0,0.0,0.0,0.0,0.0,0.0,0.0,0.0,0.0,0.0,0.0,0.0,0.0,0.0,0.0,0.0,0.0,0.0,0.0,0.0,0.0,0.0,0.0,0.0,0.0,0.0,0.0,0.0,0.0,0.0,0.0,0.0,0.0,0.0,0.0,0.0,0.0,0.0,0.0,0.0,0.0,0.0,0.0,0.0,0.0,0.0,0.0,0.0,0.0,0.0,0.0,0.0,0.0,0.0,0.0,0.0,0.0,0.0,0.0,0.0,0.0,0.0,0.0,0.0,0.0,0.0,0.0,0.0,0.0,0.0,0.0,0.0
0.0,0.0,0.0,0.0,0.0,0.0,0.0,0.0,0.0,0.0,0.0,0.0,0.0,0.0,0.0,0.0,0.0,0.0,0.0,0.0,0.0,0.0,0.0,0.0,0.0,0.0,0.0,0.0,0.0,0.0,0.0,0.0,0.0,0.0,0.0,0.0,0.0,0.0,0.0,0.0,0.0,0.0,0.0,0.0,0.0,0.0,0.0,0.0,0.0,0.0,0.0,0.0,0.0,0.0,0.0,0.0,0.0,0.0,0.0,0.0,0.0,0.0,0.0,0.0,0.0,0.0,0.0,0.0,0.0,0.0,0.0,0.0,0.0,0.0,0.0,0.0,0.0,0.0,0.0,0.0,0.0,0.0,0.0,0.0,0.0
0.0,0.0,0.0,0.0,0.0,0.0,0.0,0.0,0.0,0.0,0.0,0.0,0.0,0.0,0.0,0.0,0.0,0.0,0.0,0.0,0.0,0.0,0.0,0.0,0.0,0.0,0.0,0.0,0.0,0.0,0.0,0.0,0.0,0.0,0.0,0.0,0.0,0.0,0.0,0.0,0.0,0.0,0.0,0.0,0.0,0.0,0.0,0.0,0.0,0.0,0.0,0.0,0.0,0.0,0.0,0.0,0.0,0.0,0.0,0.0,0.0,0.0,0.0,0.0,0.0,0.0,0.0,0.0,0.0,0.0,0.0,0.0,0.0,0.0,0.0,0.0,0.0,0.0,0.0,0.0,0.0,0.0,0.0,0.0,0.0
0.0,0.0,0.0,0.0,0.0,0.0,0.0,0.0,0.0,0.0,0.0,0.0,0.0,0.0,0.0,0.0,0.0,0.0,0.0,0.0,0.0,0.0,0.0,0.0,0.0,0.0,0.0,0.0,0.0,0.0,0.0,0.0,0.0,0.0,0.0,0.0,0.0,0.0,0.0,0.0,0.0,0.0,0.0,0.0,0.0,0.0,0.0,0.0,0.0,0.0,0.0,0.0,0.0,0.0,0.0,0.0,0.0,0.0,0.0,0.0,0.0,0.0,0.0,0.0,0.0,0.0,0.0,0.0,0.0,0.0,0.0,0.0,0.0,0.0,0.0,0.0,0.0,0.0,0.0,0.0,0.0,0.0,0.0,0.0,0.0
0.0,0.0,0.0,0.0,0.0,0.0,0.0,0.0,0.0,0.0,0.0,0.0,0.0,0.0,0.0,0.0,0.0,0.0,0.0,0.0,0.0,0.0,0.0,0.0,0.0,0.0,0.0,0.0,0.0,0.0,0.0,0.0,0.0,0.0,0.0,0.0,0.0,0.0,0.0,0.0,0.0,0.0,0.0,0.0,0.0,0.0,0.0,0.0,0.0,0.0,0.0,0.0,0.0,0.0,0.0,0.0,0.0,0.0,0.0,0.0,0.0,0.0,0.0,0.0,0.0,0.0,0.0,0.0,0.0,0.0,0.0,0.0,0.0,0.0,0.0,0.0,0.0,0.0,0.0,0.0,0.0,0.0,0.0,0.0,0.0
0.0,0.0,0.0,0.0,0.0,0.0,0.0,0.0,0.0,0.0,0.0,0.0,0.0,0.0,0.0,0.0,0.0,0.0,0.0,0.0,0.0,0.0,0.0,0.0,0.0,0.0,0.0,0.0,0.0,0.0,0.0,0.0,0.0,0.0,0.0,0.0,0.0,0.0,0.0,0.0,0.0,0.0,0.0,0.0,0.0,0.0,0.0,0.0,0.0,0.0,0.0,0.0,0.0,0.0,0.0,0.0,0.0,0.0,0.0,0.0,0.0,0.0,0.0,0.0,0.0,0.0,0.0,0.0,0.0,0.0,0.0,0.0,0.0,0.0,0.0,0.0,0.0,0.0,0.0,0.0,0.0,0.0,0.0,0.0,0.0
0.0,0.0,0.0,0.0,0.0,0.0,0.0,0.0,0.0,0.0,0.0,0.0,0.0,0.0,0.0,0.0,0.0,0.0,0.0,0.0,0.0,0.0,0.0,0.0,0.0,0.0,0.0,0.0,0.0,0.0,0.0,0.0,0.0,0.0,0.0,0.0,0.0,0.0,0.0,0.0,0.0,0.0,0.0,0.0,0.0,0.0,0.0,0.0,0.0,0.0,0.0,0.0,0.0,0.0,0.0,0.0,0.0,0.0,0.0,0.0,0.0,0.0,0.0,0.0,0.0,0.0,0.0,0.0,0.0,0.0,0.0,0.0,0.0,0.0,0.0,0.0,0.0,0.0,0.0,0.0,0.0,0.0,0.0,0.0,0.0
0.0,0.0,0.0,0.0,0.0,0.0,0.0,0.0,0.0,0.0,0.0,0.0,0.0,0.0,0.0,0.0,0.0,0.0,0.0,0.0,0.0,0.0,0.0,0.0,0.0,0.0,0.0,0.0,0.0,0.0,0.0,0.0,0.0,0.0,0.0,0.0,0.0,0.0,0.0,0.0,0.0,0.0,0.0,0.0,0.0,0.0,0.0,0.0,0.0,0.0,0.0,0.0,0.0,0.0,0.0,0.0,0.0,0.0,0.0,0.0,0.0,0.0,0.0,0.0,0.0,0.0,0.0,0.0,0.0,0.0,0.0,0.0,0.0,0.0,0.0,0.0,0.0,0.0,0.0,0.0,0.0,0.0,0.0,0.0,0.0
0.0,0.0,0.0,0.0,0.0,0.0,0.0,0.0,0.0,0.0,0.0,0.0,0.0,0.0,0.0,0.0,0.0,0.0,0.0,0.0,0.0,0.0,0.0,0.0,0.0,0.0,0.0,0.0,0.0,0.0,0.0,0.0,0.0,0.0,0.0,0.0,0.0,0.0,0.0,0.0,0.0,0.0,0.0,0.0,0.0,0.0,0.0,0.0,0.0,0.0,0.0,0.0,0.0,0.0,0.0,0.0,0.0,0.0,0.0,0.0,0.0,0.0,0.0,0.0,0.0,0.0,0.0,0.0,0.0,0.0,0.0,0.0,0.0,0.0,0.0,0.0,0.0,0.0,0.0,0.0,0.0,0.0,0.0,0.0,0.0
0.0,0.0,0.0,0.0,0.0,0.0,0.0,0.0,0.0,0.0,0.0,0.0,0.0,0.0,0.0,0.0,0.0,0.0,0.0,0.0,0.0,0.0,0.0,0.0,0.0,0.0,0.0,0.0,0.0,0.0,0.0,0.0,0.0,0.0,0.0,0.0,0.0,0.0,0.0,0.0,0.0,0.0,0.0,0.0,0.0,0.0,0.0,0.0,0.0,0.0,0.0,0.0,0.0,0.0,0.0,0.0,0.0,0.0,0.0,0.0,0.0,0.0,0.0,0.0,0.0,0.0,0.0,0.0,0.0,0.0,0.0,0.0,0.0,0.0,0.0,0.0,0.0,0.0,0.0,0.0,0.0,0.0,0.0,0.0,0.0
0.0,0.0,0.0,0.0,0.0,0.0,0.0,0.0,0.0,0.0,0.0,0.0,0.0,0.0,0.0,0.0,0.0,0.0,0.0,0.0,0.0,0.0,0.0,0.0,0.0,0.0,0.0,0.0,0.0,0.0,0.0,0.0,0.0,0.0,0.0,0.0,0.0,0.0,0.0,0.0,0.0,0.0,0.0,0.0,0.0,0.0,0.0,0.0,0.0,0.0,0.0,0.0,0.0,0.0,0.0,0.0,0.0,0.0,0.0,0.0,0.0,0.0,0.0,0.0,0.0,0.0,0.0,0.0,0.0,0.0,0.0,0.0,0.0,0.0,0.0,0.0,0.0,0.0,0.0,0.0,0.0,0.0,0.0,0.0,0.0
0.0,0.0,0.0,0.0,0.0,0.0,0.0,0.0,0.0,0.0,0.0,0.0,0.0,0.0,0.0,0.0,0.0,0.0,0.0,0.0,0.0,0.0,0.0,0.0,0.0,0.0,0.0,0.0,0.0,0.0,0.0,0.0,0.0,0.0,0.0,0.0,0.0,0.0,0.0,0.0,0.0,0.0,0.0,0.0,0.0,0.0,0.0,0.0,0.0,0.0,0.0,0.0,0.0,0.0,0.0,0.0,0.0,0.0,0.0,0.0,0.0,0.0,0.0,0.0,0.0,0.0,0.0,0.0,0.0,0.0,0.0,0.0,0.0,0.0,0.0,0.0,0.0,0.0,0.0,0.0,0.0,0.0,0.0,0.0,0.0
0.0,0.0,0.0,0.0,0.0,0.0,0.0,0.0,0.0,0.0,0.0,0.0,0.0,0.0,0.0,0.0,0.0,0.0,0.0,0.0,0.0,0.0,0.0,0.0,0.0,0.0,0.0,0.0,0.0,0.0,0.0,0.0,0.0,0.0,0.0,0.0,0.0,0.0,0.0,0.0,0.0,0.0,0.0,0.0,0.0,0.0,0.0,0.0,0.0,0.0,0.0,0.0,0.0,0.0,0.0,0.0,0.0,0.0,0.0,0.0,0.0,0.0,0.0,0.0,0.0,0.0,0.0,0.0,0.0,0.0,0.0,0.0,0.0,0.0,0.0,0.0,0.0,0.0,0.0,0.0,0.0,0.0,0.0,0.0,0.0
0.0,0.0,0.0,0.0,0.0,0.0,0.0,0.0,0.0,0.0,0.0,0.0,0.0,0.0,0.0,0.0,0.0,0.0,0.0,0.0,0.0,0.0,0.0,0.0,0.0,0.0,0.0,0.0,0.0,0.0,0.0,0.0,0.0,0.0,0.0,0.0,0.0,0.0,0.0,0.0,0.0,0.0,0.0,0.0,0.0,0.0,0.0,0.0,0.0,0.0,0.0,0.0,0.0,0.0,0.0,0.0,0.0,0.0,0.0,0.0,0.0,0.0,0.0,0.0,0.0,0.0,0.0,0.0,0.0,0.0,0.0,0.0,0.0,0.0,0.0,0.0,0.0,0.0,0.0,0.0,0.0,0.0,0.0,0.0,0.0
0.0,0.0,0.0,0.0,0.0,0.0,0.0,0.0,0.0,0.0,0.0,0.0,0.0,0.0,0.0,0.0,0.0,0.0,0.0,0.0,0.0,0.0,0.0,0.0,0.0,0.0,0.0,0.0,0.0,0.0,0.0,0.0,0.0,0.0,0.0,0.0,0.0,0.0,0.0,0.0,0.0,0.0,0.0,0.0,0.0,0.0,0.0,0.0,0.0,0.0,0.0,0.0,0.0,0.0,0.0,0.0,0.0,0.0,0.0,0.0,0.0,0.0,0.0,0.0,0.0,0.0,0.0,0.0,0.0,0.0,0.0,0.0,0.0,0.0,0.0,0.0,0.0,0.0,0.0,0.0,0.0,0.0,0.0,0.0,0.0
0.0,0.0,0.0,0.0,0.0,0.0,0.0,0.0,0.0,0.0,0.0,0.0,0.0,0.0,0.0,0.0,0.0,0.0,0.0,0.0,0.0,0.0,0.0,0.0,0.0,0.0,0.0,0.0,0.0,0.0,0.0,0.0,0.0,0.0,0.0,0.0,0.0,0.0,0.0,0.0,0.0,0.0,0.0,0.0,0.0,0.0,0.0,0.0,0.0,0.0,0.0,0.0,0.0,0.0,0.0,0.0,0.0,0.0,0.0,0.0,0.0,0.0,0.0,0.0,0.0,0.0,0.0,0.0,0.0,0.0,0.0,0.0,0.0,0.0,0.0,0.0,0.0,0.0,0.0,0.0,0.0,0.0,0.0,0.0,0.0
0.0,0.0,0.0,0.0,0.0,0.0,0.0,0.0,0.0,0.0,0.0,0.0,0.0,0.0,0.0,0.0,0.0,0.0,0.0,0.0,0.0,0.0,0.0,0.0,0.0,0.0,0.0,0.0,0.0,0.0,0.0,0.0,0.0,0.0,0.0,0.0,0.0,0.0,0.0,0.0,0.0,0.0,0.0,0.0,0.0,0.0,0.0,0.0,0.0,0.0,0.0,0.0,0.0,0.0,0.0,0.0,0.0,0.0,0.0,0.0,0.0,0.0,0.0,0.0,0.0,0.0,0.0,0.0,0.0,0.0,0.0,0.0,0.0,0.0,0.0,0.0,0.0,0.0,0.0,0.0,0.0,0.0,0.0,0.0,0.0
0.0,0.0,0.0,0.0,0.0,0.0,0.0,0.0,0.0,0.0,0.0,0.0,0.0,0.0,0.0,0.0,0.0,0.0,0.0,0.0,0.0,0.0,0.0,0.0,0.0,0.0,0.0,0.0,0.0,0.0,0.0,0.0,0.0,0.0,0.0,0.0,0.0,0.0,0.0,0.0,0.0,0.0,0.0,0.0,0.0,0.0,0.0,0.0,0.0,0.0,0.0,0.0,0.0,0.0,0.0,0.0,0.0,0.0,0.0,0.0,0.0,0.0,0.0,0.0,0.0,0.0,0.0,0.0,0.0,0.0,0.0,0.0,0.0,0.0,0.0,0.0,0.0,0.0,0.0,0.0,0.0,0.0,0.0,0.0,0.0
0.0,0.0,0.0,0.0,0.0,0.0,0.0,0.0,0.0,0.0,0.0,0.0,0.0,0.0,0.0,0.0,0.0,0.0,0.0,0.0,0.0,0.0,0.0,0.0,0.0,0.0,0.0,0.0,0.0,0.0,0.0,0.0,0.0,0.0,0.0,0.0,0.0,0.0,0.0,0.0,0.0,0.0,0.0,0.0,0.0,0.0,0.0,0.0,0.0,0.0,0.0,0.0,0.0,0.0,0.0,0.0,0.0,0.0,0.0,0.0,0.0,0.0,0.0,0.0,0.0,0.0,0.0,0.0,0.0,0.0,0.0,0.0,0.0,0.0,0.0,0.0,0.0,0.0,0.0,0.0,0.0,0.0,0.0,0.0,0.0
0.0,0.0,0.0,0.0,0.0,0.0,0.0,0.0,0.0,0.0,0.0,0.0,0.0,0.0,0.0,0.0,0.0,0.0,0.0,0.0,0.0,0.0,0.0,0.0,0.0,0.0,0.0,0.0,0.0,0.0,0.0,0.0,0.0,0.0,0.0,0.0,0.0,0.0,0.0,0.0,0.0,0.0,0.0,0.0,0.0,0.0,0.0,0.0,0.0,0.0,0.0,0.0,0.0,0.0,0.0,0.0,0.0,0.0,0.0,0.0,0.0,0.0,0.0,0.0,0.0,0.0,0.0,0.0,0.0,0.0,0.0,0.0,0.0,0.0,0.0,0.0,0.0,0.0,0.0,0.0,0.0,0.0,0.0,0.0,0.0
0.0,0.0,0.0,0.0,0.0,0.0,0.0,0.0,0.0,0.0,0.0,0.0,0.0,0.0,0.0,0.0,0.0,0.0,0.0,0.0,0.0,0.0,0.0,0.0,0.0,0.0,0.0,0.0,0.0,0.0,0.0,0.0,0.0,0.0,0.0,0.0,0.0,0.0,0.0,0.0,0.0,0.0,0.0,0.0,0.0,0.0,0.0,0.0,0.0,0.0,0.0,0.0,0.0,0.0,0.0,0.0,0.0,0.0,0.0,0.0,0.0,0.0,0.0,0.0,0.0,0.0,0.0,0.0,0.0,0.0,0.0,0.0,0.0,0.0,0.0,0.0,0.0,0.0,0.0,0.0,0.0,0.0,0.0,0.0,0.0
0.0,0.0,0.0,0.0,0.0,0.0,0.0,0.0,0.0,0.0,0.0,0.0,0.0,0.0,0.0,0.0,0.0,0.0,0.0,0.0,0.0,0.0,0.0,0.0,0.0,0.0,0.0,0.0,0.0,0.0,0.0,0.0,0.0,0.0,0.0,0.0,0.0,0.0,0.0,0.0,0.0,0.0,0.0,0.0,0.0,0.0,0.0,0.0,0.0,0.0,0.0,0.0,0.0,0.0,0.0,0.0,0.0,0.0,0.0,0.0,0.0,0.0,0.0,0.0,0.0,0.0,0.0,0.0,0.0,0.0,0.0,0.0,0.0,0.0,0.0,0.0,0.0,0.0,0.0,0.0,0.0,0.0,0.0,0.0,0.0
0.0,0.0,0.0,0.0,0.0,0.0,0.0,0.0,0.0,0.0,0.0,0.0,0.0,0.0,0.0,0.0,0.0,0.0,0.0,0.0,0.0,0.0,0.0,0.0,0.0,0.0,0.0,0.0,0.0,0.0,0.0,0.0,0.0,0.0,0.0,0.0,0.0,0.0,0.0,0.0,0.0,0.0,0.0,0.0,0.0,0.0,0.0,0.0,0.0,0.0,0.0,0.0,0.0,0.0,0.0,0.0,0.0,0.0,0.0,0.0,0.0,0.0,0.0,0.0,0.0,0.0,0.0,0.0,0.0,0.0,0.0,0.0,0.0,0.0,0.0,0.0,0.0,0.0,0.0,0.0,0.0,0.0,0.0,0.0,0.0
0.0,0.0,0.0,0.0,0.0,0.0,0.0,0.0,0.0,0.0,0.0,0.0,0.0,0.0,0.0,0.0,0.0,0.0,0.0,0.0,0.0,0.0,0.0,0.0,0.0,0.0,0.0,0.0,0.0,0.0,0.0,0.0,0.0,0.0,0.0,0.0,0.0,0.0,0.0,0.0,0.0,0.0,0.0,0.0,0.0,0.0,0.0,0.0,0.0,0.0,0.0,0.0,0.0,0.0,0.0,0.0,0.0,0.0,0.0,0.0,0.0,0.0,0.0,0.0,0.0,0.0,0.0,0.0,0.0,0.0,0.0,0.0,0.0,0.0,0.0,0.0,0.0,0.0,0.0,0.0,0.0,0.0,0.0,0.0,0.0
0.0,0.0,0.0,0.0,0.0,0.0,0.0,0.0,0.0,0.0,0.0,0.0,0.0,0.0,0.0,0.0,0.0,0.0,0.0,0.0,0.0,0.0,0.0,0.0,0.0,0.0,0.0,0.0,0.0,0.0,0.0,0.0,0.0,0.0,0.0,0.0,0.0,0.0,0.0,0.0,0.0,0.0,0.0,0.0,0.0,0.0,0.0,0.0,0.0,0.0,0.0,0.0,0.0,0.0,0.0,0.0,0.0,0.0,0.0,0.0,0.0,0.0,0.0,0.0,0.0,0.0,0.0,0.0,0.0,0.0,0.0,0.0,0.0,0.0,0.0,0.0,0.0,0.0,0.0,0.0,0.0,0.0,0.0,0.0,0.0
0.0,0.0,0.0,0.0,0.0,0.0,0.0,0.0,0.0,0.0,0.0,0.0,0.0,0.0,0.0,0.0,0.0,0.0,0.0,0.0,0.0,0.0,0.0,0.0,0.0,0.0,0.0,0.0,0.0,0.0,0.0,0.0,0.0,0.0,0.0,0.0,0.0,0.0,0.0,0.0,0.0,0.0,0.0,0.0,0.0,0.0,0.0,0.0,0.0,0.0,0.0,0.0,0.0,0.0,0.0,0.0,0.0,0.0,0.0,0.0,0.0,0.0,0.0,0.0,0.0,0.0,0.0,0.0,0.0,0.0,0.0,0.0,0.0,0.0,0.0,0.0,0.0,0.0,0.0,0.0,0.0,0.0,0.0,0.0,0.0
0.0,0.0,0.0,0.0,0.0,0.0,0.0,0.0,0.0,0.0,0.0,0.0,0.0,0.0,0.0,0.0,0.0,0.0,0.0,0.0,0.0,0.0,0.0,0.0,0.0,0.0,0.0,0.0,0.0,0.0,0.0,0.0,0.0,0.0,0.0,0.0,0.0,0.0,0.0,0.0,0.0,0.0,0.0,0.0,0.0,0.0,0.0,0.0,0.0,0.0,0.0,0.0,0.0,0.0,0.0,0.0,0.0,0.0,0.0,0.0,0.0,0.0,0.0,0.0,0.0,0.0,0.0,0.0,0.0,0.0,0.0,0.0,0.0,0.0,0.0,0.0,0.0,0.0,0.0,0.0,0.0,0.0,0.0,0.0,0.0
0.0,0.0,0.0,0.0,0.0,0.0,0.0,0.0,0.0,0.0,0.0,0.0,0.0,0.0,0.0,0.0,0.0,0.0,0.0,0.0,0.0,0.0,0.0,0.0,0.0,0.0,0.0,0.0,0.0,0.0,0.0,0.0,0.0,0.0,0.0,0.0,0.0,0.0,0.0,0.0,0.0,0.0,0.0,0.0,0.0,0.0,0.0,0.0,0.0,0.0,0.0,0.0,0.0,0.0,0.0,0.0,0.0,0.0,0.0,0.0,0.0,0.0,0.0,0.0,0.0,0.0,0.0,0.0,0.0,0.0,0.0,0.0,0.0,0.0,0.0,0.0,0.0,0.0,0.0,0.0,0.0,0.0,0.0,0.0,0.0
0.0,0.0,0.0,0.0,0.0,0.0,0.0,0.0,0.0,0.0,0.0,0.0,0.0,0.0,0.0,0.0,0.0,0.0,0.0,0.0,0.0,0.0,0.0,0.0,0.0,0.0,0.0,0.0,0.0,0.0,0.0,0.0,0.0,0.0,0.0,0.0,0.0,0.0,0.0,0.0,0.0,0.0,0.0,0.0,0.0,0.0,0.0,0.0,0.0,0.0,0.0,0.0,0.0,0.0,0.0,0.0,0.0,0.0,0.0,0.0,0.0,0.0,0.0,0.0,0.0,0.0,0.0,0.0,0.0,0.0,0.0,0.0,0.0,0.0,0.0,0.0,0.0,0.0,0.0,0.0,0.0,0.0,0.0,0.0,0.0
0.0,0.0,0.0,0.0,0.0,0.0,0.0,0.0,0.0,0.0,0.0,0.0,0.0,0.0,0.0,0.0,0.0,0.0,0.0,0.0,0.0,0.0,0.0,0.0,0.0,0.0,0.0,0.0,0.0,0.0,0.0,0.0,0.0,0.0,0.0,0.0,0.0,0.0,0.0,0.0,0.0,0.0,0.0,0.0,0.0,0.0,0.0,0.0,0.0,0.0,0.0,0.0,0.0,0.0,0.0,0.0,0.0,0.0,0.0,0.0,0.0,0.0,0.0,0.0,0.0,0.0,0.0,0.0,0.0,0.0,0.0,0.0,0.0,0.0,0.0,0.0,0.0,0.0,0.0,0.0,0.0,0.0,0.0,0.0,0.0
0.0,0.0,0.0,0.0,0.0,0.0,0.0,0.0,0.0,0.0,0.0,0.0,0.0,0.0,0.0,0.0,0.0,0.0,0.0,0.0,0.0,0.0,0.0,0.0,0.0,0.0,0.0,0.0,0.0,0.0,0.0,0.0,0.0,0.0,0.0,0.0,0.0,0.0,0.0,0.0,0.0,0.0,0.0,0.0,0.0,0.0,0.0,0.0,0.0,0.0,0.0,0.0,0.0,0.0,0.0,0.0,0.0,0.0,0.0,0.0,0.0,0.0,0.0,0.0,0.0,0.0,0.0,0.0,0.0,0.0,0.0,0.0,0.0,0.0,0.0,0.0,0.0,0.0,0.0,0.0,0.0,0.0,0.0,0.0,0.0
0.0,0.0,0.0,0.0,0.0,0.0,0.0,0.0,0.0,0.0,0.0,0.0,0.0,0.0,0.0,0.0,0.0,0.0,0.0,0.0,0.0,0.0,0.0,0.0,0.0,0.0,0.0,0.0,0.0,0.0,0.0,0.0,0.0,0.0,0.0,0.0,0.0,0.0,0.0,0.0,0.0,0.0,0.0,0.0,0.0,0.0,0.0,0.0,0.0,0.0,0.0,0.0,0.0,0.0,0.0,0.0,0.0,0.0,0.0,0.0,0.0,0.0,0.0,0.0,0.0,0.0,0.0,0.0,0.0,0.0,0.0,0.0,0.0,0.0,0.0,0.0,0.0,0.0,0.0,0.0,0.0,0.0,0.0,0.0,0.0
0.0,0.0,0.0,0.0,0.0,0.0,0.0,0.0,0.0,0.0,0.0,0.0,0.0,0.0,0.0,0.0,0.0,0.0,0.0,0.0,0.0,0.0,0.0,0.0,0.0,0.0,0.0,0.0,0.0,0.0,0.0,0.0,0.0,0.0,0.0,0.0,0.0,0.0,0.0,0.0,0.0,0.0,0.0,0.0,0.0,0.0,0.0,0.0,0.0,0.0,0.0,0.0,0.0,0.0,0.0,0.0,0.0,0.0,0.0,0.0,0.0,0.0,0.0,0.0,0.0,0.0,0.0,0.0,0.0,0.0,0.0,0.0,0.0,0.0,0.0,0.0,0.0,0.0,0.0,0.0,0.0,0.0,0.0,0.0,0.0
0.0,0.0,0.0,0.0,0.0,0.0,0.0,0.0,0.0,0.0,0.0,0.0,0.0,0.0,0.0,0.0,0.0,0.0,0.0,0.0,0.0,0.0,0.0,0.0,0.0,0.0,0.0,0.0,0.0,0.0,0.0,0.0,0.0,0.0,0.0,0.0,0.0,0.0,0.0,0.0,0.0,0.0,0.0,0.0,0.0,0.0,0.0,0.0,0.0,0.0,0.0,0.0,0.0,0.0,0.0,0.0,0.0,0.0,0.0,0.0,0.0,0.0,0.0,0.0,0.0,0.0,0.0,0.0,0.0,0.0,0.0,0.0,0.0,0.0,0.0,0.0,0.0,0.0,0.0,0.0,0.0,0.0,0.0,0.0,0.0
0.0,0.0,0.0,0.0,0.0,0.0,0.0,0.0,0.0,0.0,0.0,0.0,0.0,0.0,0.0,0.0,0.0,0.0,0.0,0.0,0.0,0.0,0.0,0.0,0.0,0.0,0.0,0.0,0.0,0.0,0.0,0.0,0.0,0.0,0.0,0.0,0.0,0.0,0.0,0.0,0.0,0.0,0.0,0.0,0.0,0.0,0.0,0.0,0.0,0.0,0.0,0.0,0.0,0.0,0.0,0.0,0.0,0.0,0.0,0.0,0.0,0.0,0.0,0.0,0.0,0.0,0.0,0.0,0.0,0.0,0.0,0.0,0.0,0.0,0.0,0.0,0.0,0.0,0.0,0.0,0.0,0.0,0.0,0.0,0.0
0.0,0.0,0.0,0.0,0.0,0.0,0.0,0.0,0.0,0.0,0.0,0.0,0.0,0.0,0.0,0.0,0.0,0.0,0.0,0.0,0.0,0.0,0.0,0.0,0.0,0.0,0.0,0.0,0.0,0.0,0.0,0.0,0.0,0.0,0.0,0.0,0.0,0.0,0.0,0.0,0.0,0.0,0.0,0.0,0.0,0.0,0.0,0.0,0.0,0.0,0.0,0.0,0.0,0.0,0.0,0.0,0.0,0.0,0.0,0.0,0.0,0.0,0.0,0.0,0.0,0.0,0.0,0.0,0.0,0.0,0.0,0.0,0.0,0.0,0.0,0.0,0.0,0.0,0.0,0.0,0.0,0.0,0.0,0.0,0.0
0.0,0.0,0.0,0.0,0.0,0.0,0.0,0.0,0.0,0.0,0.0,0.0,0.0,0.0,0.0,0.0,0.0,0.0,0.0,0.0,0.0,0.0,0.0,0.0,0.0,0.0,0.0,0.0,0.0,0.0,0.0,0.0,0.0,0.0,0.0,0.0,0.0,0.0,0.0,0.0,0.0,0.0,0.0,0.0,0.0,0.0,0.0,0.0,0.0,0.0,0.0,0.0,0.0,0.0,0.0,0.0,0.0,0.0,0.0,0.0,0.0,0.0,0.0,0.0,0.0,0.0,0.0,0.0,0.0,0.0,0.0,0.0,0.0,0.0,0.0,0.0,0.0,0.0,0.0,0.0,0.0,0.0,0.0,0.0,0.0
0.0,0.0,0.0,0.0,0.0,0.0,0.0,0.0,0.0,0.0,0.0,0.0,0.0,0.0,0.0,0.0,0.0,0.0,0.0,0.0,0.0,0.0,0.0,0.0,0.0,0.0,0.0,0.0,0.0,0.0,0.0,0.0,0.0,0.0,0.0,0.0,0.0,0.0,0.0,0.0,0.0,0.0,0.0,0.0,0.0,0.0,0.0,0.0,0.0,0.0,0.0,0.0,0.0,0.0,0.0,0.0,0.0,0.0,0.0,0.0,0.0,0.0,0.0,0.0,0.0,0.0,0.0,0.0,0.0,0.0,0.0,0.0,0.0,0.0,0.0,0.0,0.0,0.0,0.0,0.0,0.0,0.0,0.0,0.0,0.0
0.0,0.0,0.0,0.0,0.0,0.0,0.0,0.0,0.0,0.0,0.0,0.0,0.0,0.0,0.0,0.0,0.0,0.0,0.0,0.0,0.0,0.0,0.0,0.0,0.0,0.0,0.0,0.0,0.0,0.0,0.0,0.0,0.0,0.0,0.0,0.0,0.0,0.0,0.0,0.0,0.0,0.0,0.0,0.0,0.0,0.0,0.0,0.0,0.0,0.0,0.0,0.0,0.0,0.0,0.0,0.0,0.0,0.0,0.0,0.0,0.0,0.0,0.0,0.0,0.0,0.0,0.0,0.0,0.0,0.0,0.0,0.0,0.0,0.0,0.0,0.0,0.0,0.0,0.0,0.0,0.0,0.0,0.0,0.0,0.0
0.0,0.0,0.0,0.0,0.0,0.0,0.0,0.0,0.0,0.0,0.0,0.0,0.0,0.0,0.0,0.0,0.0,0.0,0.0,0.0,0.0,0.0,0.0,0.0,0.0,0.0,0.0,0.0,0.0,0.0,0.0,0.0,0.0,0.0,0.0,0.0,0.0,0.0,0.0,0.0,0.0,0.0,0.0,0.0,0.0,0.0,0.0,0.0,0.0,0.0,0.0,0.0,0.0,0.0,0.0,0.0,0.0,0.0,0.0,0.0,0.0,0.0,0.0,0.0,0.0,0.0,0.0,0.0,0.0,0.0,0.0,0.0,0.0,0.0,0.0,0.0,0.0,0.0,0.0,0.0,0.0,0.0,0.0,0.0,0.0
0.0,0.0,0.0,0.0,0.0,0.0,0.0,0.0,0.0,0.0,0.0,0.0,0.0,0.0,0.0,0.0,0.0,0.0,0.0,0.0,0.0,0.0,0.0,0.0,0.0,0.0,0.0,0.0,0.0,0.0,0.0,0.0,0.0,0.0,0.0,0.0,0.0,0.0,0.0,0.0,0.0,0.0,0.0,0.0,0.0,0.0,0.0,0.0,0.0,0.0,0.0,0.0,0.0,0.0,0.0,0.0,0.0,0.0,0.0,0.0,0.0,0.0,0.0,0.0,0.0,0.0,0.0,0.0,0.0,0.0,0.0,0.0,0.0,0.0,0.0,0.0,0.0,0.0,0.0,0.0,0.0,0.0,0.0,0.0,0.0
0.0,0.0,0.0,0.0,0.0,0.0,0.0,0.0,0.0,0.0,0.0,0.0,0.0,0.0,0.0,0.0,0.0,0.0,0.0,0.0,0.0,0.0,0.0,0.0,0.0,0.0,0.0,0.0,0.0,0.0,0.0,0.0,0.0,0.0,0.0,0.0,0.0,0.0,0.0,0.0,0.0,0.0,0.0,0.0,0.0,0.0,0.0,0.0,0.0,0.0,0.0,0.0,0.0,0.0,0.0,0.0,0.0,0.0,0.0,0.0,0.0,0.0,0.0,0.0,0.0,0.0,0.0,0.0,0.0,0.0,0.0,0.0,0.0,0.0,0.0,0.0,0.0,0.0,0.0,0.0,0.0,0.0,0.0,0.0,0.0
0.0,0.0,0.0,0.0,0.0,0.0,0.0,0.0,0.0,0.0,0.0,0.0,0.0,0.0,0.0,0.0,0.0,0.0,0.0,0.0,0.0,0.0,0.0,0.0,0.0,0.0,0.0,0.0,0.0,0.0,0.0,0.0,0.0,0.0,0.0,0.0,0.0,0.0,0.0,0.0,0.0,0.0,0.0,0.0,0.0,0.0,0.0,0.0,0.0,0.0,0.0,0.0,0.0,0.0,0.0,0.0,0.0,0.0,0.0,0.0,0.0,0.0,0.0,0.0,0.0,0.0,0.0,0.0,0.0,0.0,0.0,0.0,0.0,0.0,0.0,0.0,0.0,0.0,0.0,0.0,0.0,0.0,0.0,0.0,0.0
0.0,0.0,0.0,0.0,0.0,0.0,0.0,0.0,0.0,0.0,0.0,0.0,0.0,0.0,0.0,0.0,0.0,0.0,0.0,0.0,0.0,0.0,0.0,0.0,0.0,0.0,0.0,0.0,0.0,0.0,0.0,0.0,0.0,0.0,0.0,0.0,0.0,0.0,0.0,0.0,0.0,0.0,0.0,0.0,0.0,0.0,0.0,0.0,0.0,0.0,0.0,0.0,0.0,0.0,0.0,0.0,0.0,0.0,0.0,0.0,0.0,0.0,0.0,0.0,0.0,0.0,0.0,0.0,0.0,0.0,0.0,0.0,0.0,0.0,0.0,0.0,0.0,0.0,0.0,0.0,0.0,0.0,0.0,0.0,0.0
0.0,0.0,0.0,0.0,0.0,0.0,0.0,0.0,0.0,0.0,0.0,0.0,0.0,0.0,0.0,0.0,0.0,0.0,0.0,0.0,0.0,0.0,0.0,0.0,0.0,0.0,0.0,0.0,0.0,0.0,0.0,0.0,0.0,0.0,0.0,0.0,0.0,0.0,0.0,0.0,0.0,0.0,0.0,0.0,0.0,0.0,0.0,0.0,0.0,0.0,0.0,0.0,0.0,0.0,0.0,0.0,0.0,0.0,0.0,0.0,0.0,0.0,0.0,0.0,0.0,0.0,0.0,0.0,0.0,0.0,0.0,0.0,0.0,0.0,0.0,0.0,0.0,0.0,0.0,0.0,0.0,0.0,0.0,0.0,0.0
0.0,0.0,0.0,0.0,0.0,0.0,0.0,0.0,0.0,0.0,0.0,0.0,0.0,0.0,0.0,0.0,0.0,0.0,0.0,0.0,0.0,0.0,0.0,0.0,0.0,0.0,0.0,0.0,0.0,0.0,0.0,0.0,0.0,0.0,0.0,0.0,0.0,0.0,0.0,0.0,0.0,0.0,0.0,0.0,0.0,0.0,0.0,0.0,0.0,0.0,0.0,0.0,0.0,0.0,0.0,0.0,0.0,0.0,0.0,0.0,0.0,0.0,0.0,0.0,0.0,0.0,0.0,0.0,0.0,0.0,0.0,0.0,0.0,0.0,0.0,0.0,0.0,0.0,0.0,0.0,0.0,0.0,0.0,0.0,0.0
0.0,0.0,0.0,0.0,0.0,0.0,0.0,0.0,0.0,0.0,0.0,0.0,0.0,0.0,0.0,0.0,0.0,0.0,0.0,0.0,0.0,0.0,0.0,0.0,0.0,0.0,0.0,0.0,0.0,0.0,0.0,0.0,0.0,0.0,0.0,0.0,0.0,0.0,0.0,0.0,0.0,0.0,0.0,0.0,0.0,0.0,0.0,0.0,0.0,0.0,0.0,0.0,0.0,0.0,0.0,0.0,0.0,0.0,0.0,0.0,0.0,0.0,0.0,0.0,0.0,0.0,0.0,0.0,0.0,0.0,0.0,0.0,0.0,0.0,0.0,0.0,0.0,0.0,0.0,0.0,0.0,0.0,0.0,0.0,0.0
0.0,0.0,0.0,0.0,0.0,0.0,0.0,0.0,0.0,0.0,0.0,0.0,0.0,0.0,0.0,0.0,0.0,0.0,0.0,0.0,0.0,0.0,0.0,0.0,0.0,0.0,0.0,0.0,0.0,0.0,0.0,0.0,0.0,0.0,0.0,0.0,0.0,0.0,0.0,0.0,0.0,0.0,0.0,0.0,0.0,0.0,0.0,0.0,0.0,0.0,0.0,0.0,0.0,0.0,0.0,0.0,0.0,0.0,0.0,0.0,0.0,0.0,0.0,0.0,0.0,0.0,0.0,0.0,0.0,0.0,0.0,0.0,0.0,0.0,0.0,0.0,0.0,0.0,0.0,0.0,0.0,0.0,0.0,0.0,0.0
0.0,0.0,0.0,0.0,0.0,0.0,0.0,0.0,0.0,0.0,0.0,0.0,0.0,0.0,0.0,0.0,0.0,0.0,0.0,0.0,0.0,0.0,0.0,0.0,0.0,0.0,0.0,0.0,0.0,0.0,0.0,0.0,0.0,0.0,0.0,0.0,0.0,0.0,0.0,0.0,0.0,0.0,0.0,0.0,0.0,0.0,0.0,0.0,0.0,0.0,0.0,0.0,0.0,0.0,0.0,0.0,0.0,0.0,0.0,0.0,0.0,0.0,0.0,0.0,0.0,0.0,0.0,0.0,0.0,0.0,0.0,0.0,0.0,0.0,0.0,0.0,0.0,0.0,0.0,0.0,0.0,0.0,0.0,0.0,0.0
0.0,0.0,0.0,0.0,0.0,0.0,0.0,0.0,0.0,0.0,0.0,0.0,0.0,0.0,0.0,0.0,0.0,0.0,0.0,0.0,0.0,0.0,0.0,0.0,0.0,0.0,0.0,0.0,0.0,0.0,0.0,0.0,0.0,0.0,0.0,0.0,0.0,0.0,0.0,0.0,0.0,0.0,0.0,0.0,0.0,0.0,0.0,0.0,0.0,0.0,0.0,0.0,0.0,0.0,0.0,0.0,0.0,0.0,0.0,0.0,0.0,0.0,0.0,0.0,0.0,0.0,0.0,0.0,0.0,0.0,0.0,0.0,0.0,0.0,0.0,0.0,0.0,0.0,0.0,0.0,0.0,0.0,0.0,0.0,0.0
0.0,0.0,0.0,0.0,0.0,0.0,0.0,0.0,0.0,0.0,0.0,0.0,0.0,0.0,0.0,0.0,0.0,0.0,0.0,0.0,0.0,0.0,0.0,0.0,0.0,0.0,0.0,0.0,0.0,0.0,0.0,0.0,0.0,0.0,0.0,0.0,0.0,0.0,0.0,0.0,0.0,0.0,0.0,0.0,0.0,0.0,0.0,0.0,0.0,0.0,0.0,0.0,0.0,0.0,0.0,0.0,0.0,0.0,0.0,0.0,0.0,0.0,0.0,0.0,0.0,0.0,0.0,0.0,0.0,0.0,0.0,0.0,0.0,0.0,0.0,0.0,0.0,0.0,0.0,0.0,0.0,0.0,0.0,0.0,0.0
0.0,0.0,0.0,0.0,0.0,0.0,0.0,0.0,0.0,0.0,0.0,0.0,0.0,0.0,0.0,0.0,0.0,0.0,0.0,0.0,0.0,0.0,0.0,0.0,0.0,0.0,0.0,0.0,0.0,0.0,0.0,0.0,0.0,0.0,0.0,0.0,0.0,0.0,0.0,0.0,0.0,0.0,0.0,0.0,0.0,0.0,0.0,0.0,0.0,0.0,0.0,0.0,0.0,0.0,0.0,0.0,0.0,0.0,0.0,0.0,0.0,0.0,0.0,0.0,0.0,0.0,0.0,0.0,0.0,0.0,0.0,0.0,0.0,0.0,0.0,0.0,0.0,0.0,0.0,0.0,0.0,0.0,0.0,0.0,0.0
0.0,0.0,0.0,0.0,0.0,0.0,0.0,0.0,0.0,0.0,0.0,0.0,0.0,0.0,0.0,0.0,0.0,0.0,0.0,0.0,0.0,0.0,0.0,0.0,0.0,0.0,0.0,0.0,0.0,0.0,0.0,0.0,0.0,0.0,0.0,0.0,0.0,0.0,0.0,0.0,0.0,0.0,0.0,0.0,0.0,0.0,0.0,0.0,0.0,0.0,0.0,0.0,0.0,0.0,0.0,0.0,0.0,0.0,0.0,0.0,0.0,0.0,0.0,0.0,0.0,0.0,0.0,0.0,0.0,0.0,0.0,0.0,0.0,0.0,0.0,0.0,0.0,0.0,0.0,0.0,0.0,0.0,0.0,0.0,0.0
0.0,0.0,0.0,0.0,0.0,0.0,0.0,0.0,0.0,0.0,0.0,0.0,0.0,0.0,0.0,0.0,0.0,0.0,0.0,0.0,0.0,0.0,0.0,0.0,0.0,0.0,0.0,0.0,0.0,0.0,0.0,0.0,0.0,0.0,0.0,0.0,0.0,0.0,0.0,0.0,0.0,0.0,0.0,0.0,0.0,0.0,0.0,0.0,0.0,0.0,0.0,0.0,0.0,0.0,0.0,0.0,0.0,0.0,0.0,0.0,0.0,0.0,0.0,0.0,0.0,0.0,0.0,0.0,0.0,0.0,0.0,0.0,0.0,0.0,0.0,0.0,0.0,0.0,0.0,0.0,0.0,0.0,0.0,0.0,0.0
0.0,0.0,0.0,0.0,0.0,0.0,0.0,0.0,0.0,0.0,0.0,0.0,0.0,0.0,0.0,0.0,0.0,0.0,0.0,0.0,0.0,0.0,0.0,0.0,0.0,0.0,0.0,0.0,0.0,0.0,0.0,0.0,0.0,0.0,0.0,0.0,0.0,0.0,0.0,0.0,0.0,0.0,0.0,0.0,0.0,0.0,0.0,0.0,0.0,0.0,0.0,0.0,0.0,0.0,0.0,0.0,0.0,0.0,0.0,0.0,0.0,0.0,0.0,0.0,0.0,0.0,0.0,0.0,0.0,0.0,0.0,0.0,0.0,0.0,0.0,0.0,0.0,0.0,0.0,0.0,0.0,0.0,0.0,0.0,0.0
0.0,0.0,0.0,0.0,0.0,0.0,0.0,0.0,0.0,0.0,0.0,0.0,0.0,0.0,0.0,0.0,0.0,0.0,0.0,0.0,0.0,0.0,0.0,0.0,0.0,0.0,0.0,0.0,0.0,0.0,0.0,0.0,0.0,0.0,0.0,0.0,0.0,0.0,0.0,0.0,0.0,0.0,0.0,0.0,0.0,0.0,0.0,0.0,0.0,0.0,0.0,0.0,0.0,0.0,0.0,0.0,0.0,0.0,0.0,0.0,0.0,0.0,0.0,0.0,0.0,0.0,0.0,0.0,0.0,0.0,0.0,0.0,0.0,0.0,0.0,0.0,0.0,0.0,0.0,0.0,0.0,0.0,0.0,0.0,0.0
0.0,0.0,0.0,0.0,0.0,0.0,0.0,0.0,0.0,0.0,0.0,0.0,0.0,0.0,0.0,0.0,0.0,0.0,0.0,0.0,0.0,0.0,0.0,0.0,0.0,0.0,0.0,0.0,0.0,0.0,0.0,0.0,0.0,0.0,0.0,0.0,0.0,0.0,0.0,0.0,0.0,0.0,0.0,0.0,0.0,0.0,0.0,0.0,0.0,0.0,0.0,0.0,0.0,0.0,0.0,0.0,0.0,0.0,0.0,0.0,0.0,0.0,0.0,0.0,0.0,0.0,0.0,0.0,0.0,0.0,0.0,0.0,0.0,0.0,0.0,0.0,0.0,0.0,0.0,0.0,0.0,0.0,0.0,0.0,0.0
0.0,0.0,0.0,0.0,0.0,0.0,0.0,0.0,0.0,0.0,0.0,0.0,0.0,0.0,0.0,0.0,0.0,0.0,0.0,0.0,0.0,0.0,0.0,0.0,0.0,0.0,0.0,0.0,0.0,0.0,0.0,0.0,0.0,0.0,0.0,0.0,0.0,0.0,0.0,0.0,0.0,0.0,0.0,0.0,0.0,0.0,0.0,0.0,0.0,0.0,0.0,0.0,0.0,0.0,0.0,0.0,0.0,0.0,0.0,0.0,0.0,0.0,0.0,0.0,0.0,0.0,0.0,0.0,0.0,0.0,0.0,0.0,0.0,0.0,0.0,0.0,0.0,0.0,0.0,0.0,0.0,0.0,0.0,0.0,0.0
0.0,0.0,0.0,0.0,0.0,0.0,0.0,0.0,0.0,0.0,0.0,0.0,0.0,0.0,0.0,0.0,0.0,0.0,0.0,0.0,0.0,0.0,0.0,0.0,0.0,0.0,0.0,0.0,0.0,0.0,0.0,0.0,0.0,0.0,0.0,0.0,0.0,0.0,0.0,0.0,0.0,0.0,0.0,0.0,0.0,0.0,0.0,0.0,0.0,0.0,0.0,0.0,0.0,0.0,0.0,0.0,0.0,0.0,0.0,0.0,0.0,0.0,0.0,0.0,0.0,0.0,0.0,0.0,0.0,0.0,0.0,0.0,0.0,0.0,0.0,0.0,0.0,0.0,0.0,0.0,0.0,0.0,0.0,0.0,0.0
0.0,0.0,0.0,0.0,0.0,0.0,0.0,0.0,0.0,0.0,0.0,0.0,0.0,0.0,0.0,0.0,0.0,0.0,0.0,0.0,0.0,0.0,0.0,0.0,0.0,0.0,0.0,0.0,0.0,0.0,0.0,0.0,0.0,0.0,0.0,0.0,0.0,0.0,0.0,0.0,0.0,0.0,0.0,0.0,0.0,0.0,0.0,0.0,0.0,0.0,0.0,0.0,0.0,0.0,0.0,0.0,0.0,0.0,0.0,0.0,0.0,0.0,0.0,0.0,0.0,0.0,0.0,0.0,0.0,0.0,0.0,0.0,0.0,0.0,0.0,0.0,0.0,0.0,0.0,0.0,0.0,0.0,0.0,0.0,0.0
0.0,0.0,0.0,0.0,0.0,0.0,0.0,0.0,0.0,0.0,0.0,0.0,0.0,0.0,0.0,0.0,0.0,0.0,0.0,0.0,0.0,0.0,0.0,0.0,0.0,0.0,0.0,0.0,0.0,0.0,0.0,0.0,0.0,0.0,0.0,0.0,0.0,0.0,0.0,0.0,0.0,0.0,0.0,0.0,0.0,0.0,0.0,0.0,0.0,0.0,0.0,0.0,0.0,0.0,0.0,0.0,0.0,0.0,0.0,0.0,0.0,0.0,0.0,0.0,0.0,0.0,0.0,0.0,0.0,0.0,0.0,0.0,0.0,0.0,0.0,0.0,0.0,0.0,0.0,0.0,0.0,0.0,0.0,0.0,0.0
0.0,0.0,0.0,0.0,0.0,0.0,0.0,0.0,0.0,0.0,0.0,0.0,0.0,0.0,0.0,0.0,0.0,0.0,0.0,0.0,0.0,0.0,0.0,0.0,0.0,0.0,0.0,0.0,0.0,0.0,0.0,0.0,0.0,0.0,0.0,0.0,0.0,0.0,0.0,0.0,0.0,0.0,0.0,0.0,0.0,0.0,0.0,0.0,0.0,0.0,0.0,0.0,0.0,0.0,0.0,0.0,0.0,0.0,0.0,0.0,0.0,0.0,0.0,0.0,0.0,0.0,0.0,0.0,0.0,0.0,0.0,0.0,0.0,0.0,0.0,0.0,0.0,0.0,0.0,0.0,0.0,0.0,0.0,0.0,0.0
0.0,0.0,0.0,0.0,0.0,0.0,0.0,0.0,0.0,0.0,0.0,0.0,0.0,0.0,0.0,0.0,0.0,0.0,0.0,0.0,0.0,0.0,0.0,0.0,0.0,0.0,0.0,0.0,0.0,0.0,0.0,0.0,0.0,0.0,0.0,0.0,0.0,0.0,0.0,0.0,0.0,0.0,0.0,0.0,0.0,0.0,0.0,0.0,0.0,0.0,0.0,0.0,0.0,0.0,0.0,0.0,0.0,0.0,0.0,0.0,0.0,0.0,0.0,0.0,0.0,0.0,0.0,0.0,0.0,0.0,0.0,0.0,0.0,0.0,0.0,0.0,0.0,0.0,0.0,0.0,0.0,0.0,0.0,0.0,0.0
0.0,0.0,0.0,0.0,0.0,0.0,0.0,0.0,0.0,0.0,0.0,0.0,0.0,0.0,0.0,0.0,0.0,0.0,0.0,0.0,0.0,0.0,0.0,0.0,0.0,0.0,0.0,0.0,0.0,0.0,0.0,0.0,0.0,0.0,0.0,0.0,0.0,0.0,0.0,0.0,0.0,0.0,0.0,0.0,0.0,0.0,0.0,0.0,0.0,0.0,0.0,0.0,0.0,0.0,0.0,0.0,0.0,0.0,0.0,0.0,0.0,0.0,0.0,0.0,0.0,0.0,0.0,0.0,0.0,0.0,0.0,0.0,0.0,0.0,0.0,0.0,0.0,0.0,0.0,0.0,0.0,0.0,0.0,0.0,0.0
0.0,0.0,0.0,0.0,0.0,0.0,0.0,0.0,0.0,0.0,0.0,0.0,0.0,0.0,0.0,0.0,0.0,0.0,0.0,0.0,0.0,0.0,0.0,0.0,0.0,0.0,0.0,0.0,0.0,0.0,0.0,0.0,0.0,0.0,0.0,0.0,0.0,0.0,0.0,0.0,0.0,0.0,0.0,0.0,0.0,0.0,0.0,0.0,0.0,0.0,0.0,0.0,0.0,0.0,0.0,0.0,0.0,0.0,0.0,0.0,0.0,0.0,0.0,0.0,0.0,0.0,0.0,0.0,0.0,0.0,0.0,0.0,0.0,0.0,0.0,0.0,0.0,0.0,0.0,0.0,0.0,0.0,0.0,0.0,0.0
0.0,0.0,0.0,0.0,0.0,0.0,0.0,0.0,0.0,0.0,0.0,0.0,0.0,0.0,0.0,0.0,0.0,0.0,0.0,0.0,0.0,0.0,0.0,0.0,0.0,0.0,0.0,0.0,0.0,0.0,0.0,0.0,0.0,0.0,0.0,0.0,0.0,0.0,0.0,0.0,0.0,0.0,0.0,0.0,0.0,0.0,0.0,0.0,0.0,0.0,0.0,0.0,0.0,0.0,0.0,0.0,0.0,0.0,0.0,0.0,0.0,0.0,0.0,0.0,0.0,0.0,0.0,0.0,0.0,0.0,0.0,0.0,0.0,0.0,0.0,0.0,0.0,0.0,0.0,0.0,0.0,0.0,0.0,0.0,0.0
0.0,0.0,0.0,0.0,0.0,0.0,0.0,0.0,0.0,0.0,0.0,0.0,0.0,0.0,0.0,0.0,0.0,0.0,0.0,0.0,0.0,0.0,0.0,0.0,0.0,0.0,0.0,0.0,0.0,0.0,0.0,0.0,0.0,0.0,0.0,0.0,0.0,0.0,0.0,0.0,0.0,0.0,0.0,0.0,0.0,0.0,0.0,0.0,0.0,0.0,0.0,0.0,0.0,0.0,0.0,0.0,0.0,0.0,0.0,0.0,0.0,0.0,0.0,0.0,0.0,0.0,0.0,0.0,0.0,0.0,0.0,0.0,0.0,0.0,0.0,0.0,0.0,0.0,0.0,0.0,0.0,0.0,0.0,0.0,0.0
0.0,0.0,0.0,0.0,0.0,0.0,0.0,0.0,0.0,0.0,0.0,0.0,0.0,0.0,0.0,0.0,0.0,0.0,0.0,0.0,0.0,0.0,0.0,0.0,0.0,0.0,0.0,0.0,0.0,0.0,0.0,0.0,0.0,0.0,0.0,0.0,0.0,0.0,0.0,0.0,0.0,0.0,0.0,0.0,0.0,0.0,0.0,0.0,0.0,0.0,0.0,0.0,0.0,0.0,0.0,0.0,0.0,0.0,0.0,0.0,0.0,0.0,0.0,0.0,0.0,0.0,0.0,0.0,0.0,0.0,0.0,0.0,0.0,0.0,0.0,0.0,0.0,0.0,0.0,0.0,0.0,0.0,0.0,0.0,0.0
0.0,0.0,0.0,0.0,0.0,0.0,0.0,0.0,0.0,0.0,0.0,0.0,0.0,0.0,0.0,0.0,0.0,0.0,0.0,0.0,0.0,0.0,0.0,0.0,0.0,0.0,0.0,0.0,0.0,0.0,0.0,0.0,0.0,0.0,0.0,0.0,0.0,0.0,0.0,0.0,0.0,0.0,0.0,0.0,0.0,0.0,0.0,0.0,0.0,0.0,0.0,0.0,0.0,0.0,0.0,0.0,0.0,0.0,0.0,0.0,0.0,0.0,0.0,0.0,0.0,0.0,0.0,0.0,0.0,0.0,0.0,0.0,0.0,0.0,0.0,0.0,0.0,0.0,0.0,0.0,0.0,0.0,0.0,0.0,0.0
0.0,0.0,0.0,0.0,0.0,0.0,0.0,0.0,0.0,0.0,0.0,0.0,0.0,0.0,0.0,0.0,0.0,0.0,0.0,0.0,0.0,0.0,0.0,0.0,0.0,0.0,0.0,0.0,0.0,0.0,0.0,0.0,0.0,0.0,0.0,0.0,0.0,0.0,0.0,0.0,0.0,0.0,0.0,0.0,0.0,0.0,0.0,0.0,0.0,0.0,0.0,0.0,0.0,0.0,0.0,0.0,0.0,0.0,0.0,0.0,0.0,0.0,0.0,0.0,0.0,0.0,0.0,0.0,0.0,0.0,0.0,0.0,0.0,0.0,0.0,0.0,0.0,0.0,0.0,0.0,0.0,0.0,0.0,0.0,0.0
0.0,0.0,0.0,0.0,0.0,0.0,0.0,0.0,0.0,0.0,0.0,0.0,0.0,0.0,0.0,0.0,0.0,0.0,0.0,0.0,0.0,0.0,0.0,0.0,0.0,0.0,0.0,0.0,0.0,0.0,0.0,0.0,0.0,0.0,0.0,0.0,0.0,0.0,0.0,0.0,0.0,0.0,0.0,0.0,0.0,0.0,0.0,0.0,0.0,0.0,0.0,0.0,0.0,0.0,0.0,0.0,0.0,0.0,0.0,0.0,0.0,0.0,0.0,0.0,0.0,0.0,0.0,0.0,0.0,0.0,0.0,0.0,0.0,0.0,0.0,0.0,0.0,0.0,0.0,0.0,0.0,0.0,0.0,0.0,0.0
0.0,0.0,0.0,0.0,0.0,0.0,0.0,0.0,0.0,0.0,0.0,0.0,0.0,0.0,0.0,0.0,0.0,0.0,0.0,0.0,0.0,0.0,0.0,0.0,0.0,0.0,0.0,0.0,0.0,0.0,0.0,0.0,0.0,0.0,0.0,0.0,0.0,0.0,0.0,0.0,0.0,0.0,0.0,0.0,0.0,0.0,0.0,0.0,0.0,0.0,0.0,0.0,0.0,0.0,0.0,0.0,0.0,0.0,0.0,0.0,0.0,0.0,0.0,0.0,0.0,0.0,0.0,0.0,0.0,0.0,0.0,0.0,0.0,0.0,0.0,0.0,0.0,0.0,0.0,0.0,0.0,0.0,0.0,0.0,0.0
0.0,0.0,0.0,0.0,0.0,0.0,0.0,0.0,0.0,0.0,0.0,0.0,0.0,0.0,0.0,0.0,0.0,0.0,0.0,0.0,0.0,0.0,0.0,0.0,0.0,0.0,0.0,0.0,0.0,0.0,0.0,0.0,0.0,0.0,0.0,0.0,0.0,0.0,0.0,0.0,0.0,0.0,0.0,0.0,0.0,0.0,0.0,0.0,0.0,0.0,0.0,0.0,0.0,0.0,0.0,0.0,0.0,0.0,0.0,0.0,0.0,0.0,0.0,0.0,0.0,0.0,0.0,0.0,0.0,0.0,0.0,0.0,0.0,0.0,0.0,0.0,0.0,0.0,0.0,0.0,0.0,0.0,0.0,0.0,0.0
0.0,0.0,0.0,0.0,0.0,0.0,0.0,0.0,0.0,0.0,0.0,0.0,0.0,0.0,0.0,0.0,0.0,0.0,0.0,0.0,0.0,0.0,0.0,0.0,0.0,0.0,0.0,0.0,0.0,0.0,0.0,0.0,0.0,0.0,0.0,0.0,0.0,0.0,0.0,0.0,0.0,0.0,0.0,0.0,0.0,0.0,0.0,0.0,0.0,0.0,0.0,0.0,0.0,0.0,0.0,0.0,0.0,0.0,0.0,0.0,0.0,0.0,0.0,0.0,0.0,0.0,0.0,0.0,0.0,0.0,0.0,0.0,0.0,0.0,0.0,0.0,0.0,0.0,0.0,0.0,0.0,0.0,0.0,0.0,0.0
0.0,0.0,0.0,0.0,0.0,0.0,0.0,0.0,0.0,0.0,0.0,0.0,0.0,0.0,0.0,0.0,0.0,0.0,0.0,0.0,0.0,0.0,0.0,0.0,0.0,0.0,0.0,0.0,0.0,0.0,0.0,0.0,0.0,0.0,0.0,0.0,0.0,0.0,0.0,0.0,0.0,0.0,0.0,0.0,0.0,0.0,0.0,0.0,0.0,0.0,0.0,0.0,0.0,0.0,0.0,0.0,0.0,0.0,0.0,0.0,0.0,0.0,0.0,0.0,0.0,0.0,0.0,0.0,0.0,0.0,0.0,0.0,0.0,0.0,0.0,0.0,0.0,0.0,0.0,0.0,0.0,0.0,0.0,0.0,0.0
0.0,0.0,0.0,0.0,0.0,0.0,0.0,0.0,0.0,0.0,0.0,0.0,0.0,0.0,0.0,0.0,0.0,0.0,0.0,0.0,0.0,0.0,0.0,0.0,0.0,0.0,0.0,0.0,0.0,0.0,0.0,0.0,0.0,0.0,0.0,0.0,0.0,0.0,0.0,0.0,0.0,0.0,0.0,0.0,0.0,0.0,0.0,0.0,0.0,0.0,0.0,0.0,0.0,0.0,0.0,0.0,0.0,0.0,0.0,0.0,0.0,0.0,0.0,0.0,0.0,0.0,0.0,0.0,0.0,0.0,0.0,0.0,0.0,0.0,0.0,0.0,0.0,0.0,0.0,0.0,0.0,0.0,0.0,0.0,0.0
0.0,0.0,0.0,0.0,0.0,0.0,0.0,0.0,0.0,0.0,0.0,0.0,0.0,0.0,0.0,0.0,0.0,0.0,0.0,0.0,0.0,0.0,0.0,0.0,0.0,0.0,0.0,0.0,0.0,0.0,0.0,0.0,0.0,0.0,0.0,0.0,0.0,0.0,0.0,0.0,0.0,0.0,0.0,0.0,0.0,0.0,0.0,0.0,0.0,0.0,0.0,0.0,0.0,0.0,0.0,0.0,0.0,0.0,0.0,0.0,0.0,0.0,0.0,0.0,0.0,0.0,0.0,0.0,0.0,0.0,0.0,0.0,0.0,0.0,0.0,0.0,0.0,0.0,0.0,0.0,0.0,0.0,0.0,0.0,0.0
0.0,0.0,0.0,0.0,0.0,0.0,0.0,0.0,0.0,0.0,0.0,0.0,0.0,0.0,0.0,0.0,0.0,0.0,0.0,0.0,0.0,0.0,0.0,0.0,0.0,0.0,0.0,0.0,0.0,0.0,0.0,0.0,0.0,0.0,0.0,0.0,0.0,0.0,0.0,0.0,0.0,0.0,0.0,0.0,0.0,0.0,0.0,0.0,0.0,0.0,0.0,0.0,0.0,0.0,0.0,0.0,0.0,0.0,0.0,0.0,0.0,0.0,0.0,0.0,0.0,0.0,0.0,0.0,0.0,0.0,0.0,0.0,0.0,0.0,0.0,0.0,0.0,0.0,0.0,0.0,0.0,0.0,0.0,0.0,0.0
0.0,0.0,0.0,0.0,0.0,0.0,0.0,0.0,0.0,0.0,0.0,0.0,0.0,0.0,0.0,0.0,0.0,0.0,0.0,0.0,0.0,0.0,0.0,0.0,0.0,0.0,0.0,0.0,0.0,0.0,0.0,0.0,0.0,0.0,0.0,0.0,0.0,0.0,0.0,0.0,0.0,0.0,0.0,0.0,0.0,0.0,0.0,0.0,0.0,0.0,0.0,0.0,0.0,0.0,0.0,0.0,0.0,0.0,0.0,0.0,0.0,0.0,0.0,0.0,0.0,0.0,0.0,0.0,0.0,0.0,0.0,0.0,0.0,0.0,0.0,0.0,0.0,0.0,0.0,0.0,0.0,0.0,0.0,0.0,0.0
0.0,0.0,0.0,0.0,0.0,0.0,0.0,0.0,0.0,0.0,0.0,0.0,0.0,0.0,0.0,0.0,0.0,0.0,0.0,0.0,0.0,0.0,0.0,0.0,0.0,0.0,0.0,0.0,0.0,0.0,0.0,0.0,0.0,0.0,0.0,0.0,0.0,0.0,0.0,0.0,0.0,0.0,0.0,0.0,0.0,0.0,0.0,0.0,0.0,0.0,0.0,0.0,0.0,0.0,0.0,0.0,0.0,0.0,0.0,0.0,0.0,0.0,0.0,0.0,0.0,0.0,0.0,0.0,0.0,0.0,0.0,0.0,0.0,0.0,0.0,0.0,0.0,0.0,0.0,0.0,0.0,0.0,0.0,0.0,0.0
0.0,0.0,0.0,0.0,0.0,0.0,0.0,0.0,0.0,0.0,0.0,0.0,0.0,0.0,0.0,0.0,0.0,0.0,0.0,0.0,0.0,0.0,0.0,0.0,0.0,0.0,0.0,0.0,0.0,0.0,0.0,0.0,0.0,0.0,0.0,0.0,0.0,0.0,0.0,0.0,0.0,0.0,0.0,0.0,0.0,0.0,0.0,0.0,0.0,0.0,0.0,0.0,0.0,0.0,0.0,0.0,0.0,0.0,0.0,0.0,0.0,0.0,0.0,0.0,0.0,0.0,0.0,0.0,0.0,0.0,0.0,0.0,0.0,0.0,0.0,0.0,0.0,0.0,0.0,0.0,0.0,0.0,0.0,0.0,0.0
20230823.0,2.023082313025509e+16,5.894,5.893,5.892,5.891,5.89,102900.0,384900.0,288800.0,835700.0,735700.0,5.367,5.955,5.895,5.887,267900.0,864900.0,192600.0,380000.0,445000.0,5.896,5.897,5.898,5.899,5.9,267900.0,500000.0,140700.0,100000.0,278700.0,5.93,5.963,-0.0680000000000005,0.0,483090417.3,81762400.0,6.559,-267900.0,-500000.0,-140700.0,-100000.0,68700.0,0.0,0.0,0.0,-0.0010000000000003,0.0,364900.0,51900.0,280000.0,513700.0,0.0020000000000006,0.0010000000000003,5.895,0.0,0.0,34.751025,6685090053760000.0,0.0,0.0,5.895,0.0,0.0,4.317475592618969e-05,5.895,5.895,1303.0,5.895,0.0003392705682781,0.0006785411365564,0.0,159922.0,1287300.0,2348000.0,-1060700.0,3635300.0,0.1727738767619124,0.2210874235880932,0.0,1060700.0,0.0,5.89455501618123,5.897706051425464,5.891268994889266
20230823.0,2.023082313035511e+16,5.894,5.893,5.892,5.891,5.89,42100.0,139900.0,63900.0,82200.0,517000.0,5.367,5.955,5.894,5.887,-718700.0,37100.0,220100.0,-421500.0,-758800.0,5.895,5.896,5.897,5.898,5.899,697900.0,285700.0,55000.0,298700.0,310100.0,5.93,5.963,-0.0689999999999999,-0.0009999999999994,484981272.5,82083200.0,6.559,657900.0,-262200.0,-245000.0,68000.0,210100.0,0.0002222222222219,69672.22222222388,1890855.199999988,-0.0010000000000003,-60800.0,-225100.0,-24900.0,-353500.0,-548700.0,0.0020000000000006,0.0010000000000003,5.894,0.0,1.0,34.748405222222225,1.2053724525439e+17,14.0,4.0,5.895,0.0,59900.0,-0.000112512448912,5.894,5.8945,1304.0,5.895,0.0001696496734242,0.0005089490202731,-1389772.6501519275,159922.0,1647400.0,845100.0,802300.0,2492500.0,0.1656097964518709,0.2137438752894679,320800.0,802300.0,5.894187032418915,5.894056891891891,5.896537088745903,5.890944385279848
20230823.0,2.023082313045505e+16,5.894,5.893,5.892,5.891,5.89,99800.0,385000.0,269000.0,117900.0,425700.0,5.367,5.955,5.895,5.887,799800.0,745700.0,599100.0,397900.0,584400.0,5.897,5.898,5.899,5.9,5.901,700000.0,360700.0,330100.0,280000.0,158700.0,5.93,5.963,-0.0680000000000005,0.0009999999999994,492827807.0,83414400.0,6.559,-700000.0,-360700.0,-330100.0,-280000.0,-158700.0,0.0001875000000008,156250.0,6419597.100000024,-0.0009999999999994,99800.0,385000.0,269000.0,117900.0,425700.0,0.0019999999999997,0.0010000000000003,5.895,2.0,1.0,34.7488145625,1.1044403300408e+17,13.0,3.0,5.895,0.0,464800.0,9.050031011259564e-05,5.894,5.8955,1305.0,5.894,0.0005088626918836,0.0008481044864727,1410485.3609692308,159922.0,1829500.0,1297400.0,532100.0,3126900.0,0.1673500974559431,0.2079072468225221,1089100.0,532100.0,5.894405564227365,5.894374343585896,5.898364143208527,5.891703483890859
20230823.0,2.023082313055516e+16,5.893,5.892,5.891,5.89,5.889,19900.0,478900.0,97200.0,87000.0,278700.0,5.367,5.955,5.894,5.887,130100.0,-1189600.0,92700.0,-155000.0,-93600.0,5.895,5.896,5.897,5.898,5.899,50000.0,950700.0,290100.0,428700.0,125000.0,5.93,5.963,-0.0689999999999999,-0.0009999999999994,495292583.4,83832600.0,6.559,-150000.0,710700.0,-189900.0,68000.0,-185100.0,0.0009473684210528,187300.0,2464776.399999976,-0.0010000000000003,-19900.0,-478900.0,-97200.0,-87000.0,-278700.0,0.0019999999999997,0.0009999999999994,5.894,1.0,2.0,34.73861615789474,1.3281393717747e+17,13.0,6.0,5.895,0.0015,322650.0,-0.0001295402252703,5.893,5.894,1306.0,5.895,0.0003393281303019,0.0006786562606039,-1413080.5952958022,159922.0,1844500.0,961700.0,882800.0,2806200.0,0.1247130851502213,0.134759904513232,418200.0,882800.0,5.893774270683826,5.893569384835479,5.896798319327731,5.890869293958615
20230823.0,2.0230823130655144e+16,5.891,5.89,5.889,5.888,5.887,11600.0,498500.0,63000.0,172800.0,402600.0,5.367,5.955,5.892,5.887,-35000.0,-1158500.0,-762100.0,-417900.0,-691300.0,5.892,5.893,5.894,5.895,5.896,23400.0,660000.0,699100.0,245100.0,288700.0,5.93,5.963,-0.0709999999999997,-0.0019999999999997,495784591.6,83916100.0,6.559,23400.0,660000.0,699100.0,245100.0,288700.0,0.0009473684210528,16184.210526317358,492008.2000000477,-0.0009999999999994,-11600.0,-498500.0,-63000.0,-172800.0,-402600.0,0.0019999999999997,0.0010000000000003,5.892,2.0,3.0,34.72807063157895,1.3362446103925e+17,11.0,8.0,5.894,0.0019999999999997,29550.0,-0.0005011641101841,5.891,5.891500000000001,1307.0,5.894,0.000169736060426,0.0005092081812781,-2846902.20004871,159922.0,1916300.0,1148500.0,767800.0,3064800.0,0.1019350167896252,0.0970885326226601,83500.0,767800.0,5.892313772455661,5.891331428571428,5.894060376767729,5.888602699172833
20230823.0,2.023082313075508e+16,5.892,5.891,5.89,5.889,5.888,195000.0,316600.0,162700.0,83000.0,411500.0,5.367,5.955,5.893,5.887,223700.0,586500.0,432700.0,563700.0,560300.0,5.893,5.894,5.895,5.896,5.897,28700.0,269900.0,270000.0,480700.0,148800.0,5.93,5.963,-0.0700000000000002,0.0009999999999994,496117506.1,83972600.0,6.559,-28700.0,-269900.0,-270000.0,-480700.0,-148800.0,0.0003157894736842,5210.526315793395,156154.5,-0.0010000000000003,195000.0,316600.0,162700.0,83000.0,411500.0,0.0020000000000006,0.0010000000000003,5.893,1.0,0.0,34.71938557894738,1.3394053275829e+17,6.0,13.0,5.893,0.0009999999999994,16500.0,0.0002818707486405,5.892,5.8925,1308.0,5.892,0.000169707254985,0.0005091217649554,1424955.0313923887,159922.0,1198100.0,1168800.0,29300.0,2366900.0,0.1050358005993719,0.086931864624711,26500.0,29300.0,5.892622641509434,5.892871703173893,5.895376429346466,5.889829397672827
20230823.0,2.023082313085249e+16,5.887,5.886,5.885,5.884,5.883,249200.0,300000.0,141100.0,317000.0,81800.0,5.367,5.955,5.888,5.887,-266400.0,-594200.0,-989900.0,-587000.0,-372500.0,5.888,5.889,5.89,5.891,5.892,17200.0,294200.0,848800.0,270000.0,290700.0,5.93,5.963,-0.0750000000000001,-0.0049999999999998,496542744.1,84044800.0,6.559,17200.0,294200.0,848800.0,270000.0,290700.0,0.0008181818181816,5463.636363640428,425238.0,-0.0010000000000003,-249200.0,-300000.0,-141100.0,-317000.0,-81800.0,0.0019999999999997,0.0009999999999994,5.888,0.0,3.0,34.70174009090909,7.762124437964e+16,8.0,3.0,5.892,0.0010000000000012,7900.0,-0.0008109950769841,5.888,5.887499999999999,1309.0,5.892,0.0001698513800425,0.0005095541401274,-5706995.524487666,159922.0,1720900.0,1089100.0,631800.0,2810000.0,0.1171302780474609,0.1074278829975782,72200.0,631800.0,5.889722991689751,5.887935435435435,5.890303794526121,5.885291800569277
20230823.0,2.023082313095511e+16,5.889,5.888,5.887,5.886,5.885,425000.0,65000.0,150800.0,399800.0,65400.0,5.367,5.955,5.887,5.887,475000.0,174900.0,605800.0,959900.0,349800.0,5.89,5.891,5.892,5.893,5.894,50000.0,109900.0,455000.0,560100.0,284400.0,5.93,5.963,-0.0760000000000005,-0.0010000000000003,497341071.1,84180400.0,6.559,-50000.0,-109900.0,-455000.0,-560100.0,-284400.0,0.0002777777777787,20222.22222222388,425047.7000000477,-0.0010000000000003,425000.0,65000.0,150800.0,399800.0,65400.0,0.0020000000000006,0.0010000000000003,5.887,1.0,2.0,34.66003983333332,1.2749285248842e+17,5.0,13.0,5.888,0.00075,46000.0,0.0003939278850102,5.887,5.8895,1310.0,5.888,0.0001697937006536,0.0005093811019611,-1429726.3169913052,159922.0,1459400.0,1106000.0,353400.0,2565400.0,0.1052574219726297,0.1117880808807733,72200.0,353400.0,5.887087257618389,5.8898947368421055,5.892629710840072,5.887347558770344
20230823.0,2.0230823131055124e+16,5.889,5.888,5.887,5.886,5.885,190000.0,242600.0,121100.0,595900.0,361200.0,5.367,5.955,5.891,5.887,69900.0,662800.0,188300.0,644800.0,310900.0,5.891,5.892,5.893,5.894,5.895,69900.0,500200.0,370600.0,248700.0,255100.0,5.93,5.963,-0.072,0.0019999999999997,497857697.0,84268100.0,6.559,-69900.0,-500200.0,-370600.0,-248700.0,-255100.0,0.0005789473684192,14321.052631571887,355267.3000000119,-0.0010000000000003,0.0,162600.0,-182300.0,396100.0,55800.0,0.0020000000000006,0.0010000000000003,5.891,2.0,2.0,34.69706094736842,1.3487529702908e+17,11.0,8.0,5.892,0.0010000000000003,10200.0,0.0001138233785611,5.889,5.890000000000001,1311.0,5.889,0.0003395585738539,0.000679117147708,2859587.369188044,159922.0,1444500.0,1510800.0,-66300.0,2955300.0,0.1128316417678044,0.104854835614913,60300.0,66300.0,5.891663349917279,5.890462100808003,5.893082312218761,5.886539515488483
0.0,0.0,0.0,0.0,0.0,0.0,0.0,0.0,0.0,0.0,0.0,0.0,0.0,0.0,0.0,0.0,0.0,0.0,0.0,0.0,0.0,0.0,0.0,0.0,0.0,0.0,0.0,0.0,0.0,0.0,0.0,0.0,0.0,0.0,0.0,0.0,0.0,0.0,0.0,0.0,0.0,0.0,0.0,0.0,0.0,0.0,0.0,0.0,0.0,0.0,0.0,0.0,0.0,0.0,0.0,0.0,0.0,0.0,0.0,0.0,0.0,0.0,0.0,0.0,0.0,0.0,0.0,0.0,0.0,0.0,0.0,0.0,0.0,0.0,0.0,0.0,0.0,0.0,0.0,0.0,0.0,0.0,0.0,0.0,0.0
20230823.0,2.0230823131252668e+16,5.896,5.895,5.894,5.893,5.892,20000.0,449600.0,270700.0,340000.0,951300.0,5.367,5.955,5.897,5.887,70000.0,734600.0,773458.0,544300.0,1266300.0,5.898,5.899,5.9,5.901,5.902,50000.0,285000.0,502758.0,204300.0,315000.0,5.93,5.963,-0.0659999999999998,0.008,498180488.6,84322900.0,6.559,-50000.0,-285000.0,-502758.0,-204300.0,-315000.0,0.000928571428572,1757.1428571492434,186755.70000004768,-0.0010000000000003,20000.0,449600.0,270700.0,340000.0,951300.0,0.0020000000000006,0.0010000000000003,5.897,2.0,0.0,34.7266105,9.952947330434e+16,3.0,11.0,5.897,0.0,0.0,0.0008411652898134,5.892,5.897,1313.0,5.892,0.0003391555027979,0.0006783110055961,7151084.017792998,159922.0,1357058.0,2031600.0,-674542.0,3388658.0,0.1322650646136669,0.128527663128272,31700.0,674542.0,5.891347003156079,5.896571428571429,5.900331083859348,5.893137133293956
20230823.0,2.023082313133448e+16,5.904,5.903,5.902,5.901,5.9,19900.0,59900.0,357300.0,230000.0,726800.0,5.367,5.955,5.902,5.887,96900.0,329900.0,721600.0,650000.0,926900.0,5.905,5.906,5.907,5.908,5.909,77000.0,270000.0,364300.0,420000.0,200100.0,5.93,5.963,-0.0609999999999999,0.0049999999999998,499971761.7,84626500.0,6.559,-77000.0,-270000.0,-364300.0,-420000.0,-200100.0,0.0020000000000002,56533.333333328366,1791273.0999999642,-0.0009999999999994,19900.0,59900.0,357300.0,230000.0,726800.0,0.0019999999999997,0.0010000000000003,5.902,5.0,1.0,34.81000333333333,8.560146956122e+16,8.0,4.0,5.902,0.0032500000000004,81100.0,0.001228793324367,5.897,5.9045000000000005,1314.0,5.897,0.0001693623507494,0.0005080870522483,7156375.083207674,159922.0,1331400.0,1393900.0,-62500.0,2725300.0,0.1496885536600997,0.1350218632443922,303600.0,62500.0,5.90010902503282,5.904205366357069,5.907297581493165,5.9008636917999855
20230823.0,2.0230823131416536e+16,5.91,5.909,5.908,5.907,5.906,209800.0,159700.0,302900.0,390800.0,488700.0,5.367,5.955,5.91,5.887,711000.0,479700.0,488500.0,780100.0,663700.0,5.913,5.914,5.915,5.916,5.917,501200.0,320000.0,185600.0,389300.0,175000.0,5.93,5.963,-0.0529999999999999,0.0070000000000005,501176532.8,84830500.0,6.559,-501200.0,-320000.0,-185600.0,-389300.0,-175000.0,0.0021666666666666,15033.333333328366,458536.3000000119,-0.0009999999999994,209800.0,159700.0,302900.0,390800.0,488700.0,0.0019999999999997,0.0010000000000003,5.91,2.0,0.0,34.90250116666667,4.314488690076e+16,3.0,3.0,5.91,0.0030000000000001,23100.0,0.0008837086270099,5.903,5.9115,1315.0,5.903,0.0005074854097944,0.000845809016324,10046967.023552837,159922.0,1571100.0,1551900.0,19200.0,3123000.0,0.1715338589606008,0.1702625852352264,77600.0,19200.0,5.908972938144483,5.910885232067511,5.914628858761378,5.907491655390167
20230823.0,2.0230823131510344e+16,5.907,5.906,5.905,5.904,5.903,15000.0,190000.0,40000.0,705800.0,324100.0,5.367,5.955,5.908,5.887,-34900.0,-869900.0,-358200.0,-1015800.0,-562800.0,5.908,5.909,5.91,5.911,5.912,19900.0,679900.0,318200.0,310000.0,238700.0,5.93,5.963,-0.0549999999999997,-0.0009999999999994,506423346.2,85718500.0,6.559,19900.0,679900.0,318200.0,310000.0,238700.0,0.0002500000000003,67025.0,3002114.800000012,-0.0009999999999994,-15000.0,-190000.0,-40000.0,-705800.0,-324100.0,0.0019999999999997,0.0010000000000003,5.908,0.0,1.0,34.907418250000006,2.934475458691e+16,1.0,3.0,5.909,0.0002500000000003,67025.0,-0.0002464156618202,5.908,5.907500000000001,1316.0,5.909,0.000169276343631,0.0005078290308929,-1450888.625591613,159922.0,1566700.0,1274900.0,291800.0,2841600.0,0.1772363211317928,0.1914523004296027,508100.0,291800.0,5.908511710293273,5.907429799426934,5.910043211846556,5.904110518472037
20230823.0,2.023082313162211e+16,5.902,5.901,5.9,5.899,5.898,346100.0,72600.0,507500.0,832600.0,248700.0,5.367,5.955,5.903,5.887,-726100.0,-366200.0,-758100.0,-1387600.0,-348400.0,5.904,5.905,5.906,5.907,5.908,380000.0,293600.0,250600.0,555000.0,99700.0,5.93,5.963,-0.0600000000000005,-0.0040000000000004,508061506.2,85996000.0,6.559,380000.0,293600.0,250600.0,555000.0,99700.0,0.0010000000000003,122500.0,1549555.0,-0.0010000000000003,-346100.0,-72600.0,-507500.0,-832600.0,-248700.0,0.0020000000000006,0.0010000000000003,5.903,0.0,2.0,34.857218,4.423728908826e+16,1.0,3.0,5.907,0.0010000000000003,237225.0,-0.0002011954147045,5.903,5.9030000000000005,1317.0,5.907,0.0003388107741825,0.0006776215483653,-5813557.976239825,159922.0,1578900.0,2007500.0,-428600.0,3586400.0,0.1796188359363402,0.1968226613604891,262500.0,428600.0,5.903066666666667,5.902953312215948,5.905810500981696,5.899718455790785
20230823.0,2.0230823131755784e+16,5.912,5.911,5.91,5.909,5.908,190000.0,486200.0,300000.0,420600.0,290000.0,5.367,5.955,5.912,5.887,245000.0,979900.0,641000.0,710600.0,580100.0,5.914,5.915,5.916,5.917,5.918,55000.0,493700.0,341000.0,290000.0,290100.0,5.93,5.963,-0.0510000000000001,0.008,509493428.2,86238400.0,6.559,-55000.0,-493700.0,-341000.0,-290000.0,-290100.0,0.0001111111111118,9050.0,1083586.0999999642,-0.0010000000000003,190000.0,486200.0,300000.0,420600.0,290000.0,0.0020000000000006,0.0010000000000003,5.912,4.0,0.0,34.90315488888889,1.3358867417526e+17,14.0,4.0,5.912,0.0,13575.0,0.001476503069322,5.904,5.913,1318.0,5.904,0.0003382377811601,0.0006764755623203,11665038.396387368,159922.0,1469800.0,1686800.0,-217000.0,3156600.0,0.1773333701326037,0.1905306016249695,183400.0,217000.0,5.908321155943098,5.913551020408163,5.9161813171860125,5.909920322504149
20230823.0,2.0230823131855224e+16,5.905,5.904,5.903,5.902,5.901,40000.0,616200.0,902100.0,255200.0,108700.0,5.367,5.955,5.907,5.887,-614900.0,-697300.0,-1330700.0,-385200.0,-307500.0,5.908,5.909,5.91,5.911,5.912,574900.0,81100.0,428600.0,130000.0,198800.0,5.93,5.963,-0.056,-0.0049999999999998,510625027.9,86429900.0,6.559,574900.0,81100.0,428600.0,130000.0,198800.0,0.0016842105263146,40442.10526315868,1011586.0999999642,-0.0009999999999994,-40000.0,-616200.0,-902100.0,-255200.0,-108700.0,0.0019999999999997,0.0010000000000003,5.907,0.0,1.0,34.91255300000001,1.4173298726635e+17,8.0,11.0,5.911,0.0039999999999995,101200.0,-0.0013114076239839,5.907,5.9065,1319.0,5.911,0.0005079150088885,0.0008465250148141,-5846534.619941797,159922.0,1413400.0,1922200.0,-508800.0,3335600.0,0.1889511243031107,0.1867848573189446,171200.0,508800.0,5.908797313083904,5.905195153683525,5.909502405546908,5.90311632504422
0.0,0.0,0.0,0.0,0.0,0.0,0.0,0.0,0.0,0.0,0.0,0.0,0.0,0.0,0.0,0.0,0.0,0.0,0.0,0.0,0.0,0.0,0.0,0.0,0.0,0.0,0.0,0.0,0.0,0.0,0.0,0.0,0.0,0.0,0.0,0.0,0.0,0.0,0.0,0.0,0.0,0.0,0.0,0.0,0.0,0.0,0.0,0.0,0.0,0.0,0.0,0.0,0.0,0.0,0.0,0.0,0.0,0.0,0.0,0.0,0.0,0.0,0.0,0.0,0.0,0.0,0.0,0.0,0.0,0.0,0.0,0.0,0.0,0.0,0.0,0.0,0.0,0.0,0.0,0.0,0.0,0.0,0.0,0.0,0.0
20230823.0,2.0230823132046176e+16,5.896,5.895,5.894,5.893,5.892,140000.0,195600.0,700000.0,370200.0,191300.0,5.367,5.955,5.897,5.887,-356700.0,-271600.0,-1168400.0,-410200.0,-482100.0,5.898,5.899,5.9,5.901,5.902,216700.0,76000.0,468400.0,40000.0,290800.0,5.93,5.963,-0.0659999999999998,-0.008,512909956.9,86817100.0,6.559,216700.0,76000.0,468400.0,40000.0,290800.0,0.0019999999999997,96800.0,1935431.399999976,-0.0010000000000003,-140000.0,-195600.0,-700000.0,-370200.0,-191300.0,0.0020000000000006,0.0010000000000003,5.897,2.0,6.0,34.821806124999995,1.2017832040556e+17,6.0,7.0,5.905,0.0039999999999995,206100.0,-0.0013644117839828,5.897,5.897,1321.0,5.905,0.0003391555027979,0.0006783110055961,-11756385.97904155,159922.0,1091900.0,1597100.0,-505200.0,2689000.0,0.1898344878464612,0.1920793409542218,328000.0,505200.0,5.900705487804806,5.896784973366976,5.900102756662697,5.893826435414188
20230823.0,2.023082313214011e+16,5.893,5.892,5.891,5.89,5.889,500.0,86800.0,345000.0,377000.0,346500.0,5.367,5.955,5.894,5.887,-17300.0,-127800.0,-719700.0,-762800.0,-675200.0,5.894,5.895,5.896,5.897,5.898,16800.0,41000.0,374700.0,385800.0,328700.0,5.93,5.963,-0.0689999999999999,-0.0039999999999995,514716198.1,87123500.0,6.559,16800.0,41000.0,374700.0,385800.0,328700.0,0.0005000000000006,63657.14285714924,1786188.0,-0.0009999999999994,-500.0,-86800.0,-345000.0,-377000.0,-346500.0,0.0019999999999988,0.0009999999999994,5.894,0.0,2.0,34.745130928571434,1.0611196903918e+17,4.0,10.0,5.896,0.00075,148700.0,-0.0005636656154477,5.894,5.8935,1322.0,5.896,0.0001696784593196,0.0005090353779586,-2952661.2497920906,159922.0,1147000.0,1155800.0,-8800.0,2302800.0,0.1632816182412405,0.1560573651139537,303000.0,8800.0,5.895009900990099,5.893028901734104,5.896844463818658,5.890150198996366
20230823.0,2.0230823132258056e+16,5.891,5.89,5.889,5.888,5.887,46800.0,161200.0,377600.0,140700.0,327700.0,5.367,5.955,5.891,5.887,-406900.0,-611900.0,-508700.0,-479400.0,-367700.0,5.893,5.894,5.895,5.896,5.897,360100.0,450700.0,131100.0,338700.0,40000.0,5.93,5.963,-0.072,-0.0019999999999997,515196949.1,87205100.0,6.559,360100.0,450700.0,131100.0,338700.0,40000.0,0.0009000000000014,15805.0,381748.60000002384,-0.0010000000000003,-46800.0,-161200.0,-377600.0,-140700.0,-327700.0,0.0020000000000006,0.0010000000000003,5.891,1.0,3.0,34.71448650000001,1.5202238606225e+17,10.0,10.0,5.893,0.0019999999999997,28550.0,-0.0002138067057273,5.891,5.892,1323.0,5.893,0.0003394433129666,0.0006788866259335,-2960179.892598785,159922.0,1320600.0,1054000.0,266600.0,2374600.0,0.1265303143162632,0.1197432099971229,64800.0,266600.0,5.8911820987658,5.891230031948882,5.894430410419506,5.888486432637571
0.0,0.0,0.0,0.0,0.0,0.0,0.0,0.0,0.0,0.0,0.0,0.0,0.0,0.0,0.0,0.0,0.0,0.0,0.0,0.0,0.0,0.0,0.0,0.0,0.0,0.0,0.0,0.0,0.0,0.0,0.0,0.0,0.0,0.0,0.0,0.0,0.0,0.0,0.0,0.0,0.0,0.0,0.0,0.0,0.0,0.0,0.0,0.0,0.0,0.0,0.0,0.0,0.0,0.0,0.0,0.0,0.0,0.0,0.0,0.0,0.0,0.0,0.0,0.0,0.0,0.0,0.0,0.0,0.0,0.0,0.0,0.0,0.0,0.0,0.0,0.0,0.0,0.0,0.0,0.0,0.0,0.0,0.0,0.0,0.0
20230823.0,2.0230823132440024e+16,5.889,5.888,5.887,5.886,5.885,190700.0,148900.0,156000.0,450400.0,125400.0,5.367,5.955,5.889,5.887,368500.0,37600.0,-362400.0,-1400.0,-601100.0,5.891,5.892,5.893,5.894,5.895,10200.0,350900.0,555100.0,305700.0,81000.0,5.93,5.963,-0.0739999999999998,-0.0009999999999994,516344920.8,87400000.0,6.559,-179800.0,0.0,245100.0,85700.0,-18700.0,0.0003571428571431,19164.285714283586,246749.10000002384,-0.0010000000000003,188700.0,37600.0,-117300.0,84300.0,-619800.0,0.0020000000000006,0.0010000000000003,5.889,0.0,1.0,34.68452778571428,1.0689575166677e+17,5.0,9.0,5.89,0.0009999999999994,41900.0,0.0003187837845155,5.889,5.890000000000001,1325.0,5.89,0.0003395585738539,0.000679117147708,-1483623.705212287,159922.0,1302900.0,1071400.0,231500.0,2374300.0,0.1141348710459189,0.1158072053900654,41900.0,231500.0,5.889000000000569,5.890898456943753,5.893073988794228,5.886840489079709
20230823.0,2.0230823132534104e+16,5.886,5.885,5.884,5.883,5.882,40300.0,291800.0,257900.0,331800.0,838900.0,5.367,5.955,5.887,5.887,-47300.0,-331800.0,-577600.0,-682500.0,-1027700.0,5.887,5.888,5.889,5.89,5.891,7000.0,40000.0,319700.0,350700.0,188800.0,5.93,5.963,-0.0760000000000005,-0.0040000000000004,516658715.3,87453300.0,6.559,7000.0,40000.0,319700.0,350700.0,188800.0,0.0005000000000006,12541.666666671634,309670.8000000119,-0.0010000000000003,-40300.0,-291800.0,-257900.0,-331800.0,-838900.0,0.0020000000000006,0.0010000000000003,5.887,0.0,2.0,34.66265683333333,9.172965364461e+16,4.0,8.0,5.889,0.0010000000000003,14875.0,-0.0003979105796145,5.887,5.8865,1326.0,5.889,0.0001698802344346,0.0005096407033041,-2969707.063995165,159922.0,906200.0,1760700.0,-854500.0,2666900.0,0.1046521602208914,0.1058579803555201,52600.0,854500.0,5.887277566540151,5.88685200845666,5.889744096225998,5.883070142556937
20230823.0,2.023082313264608e+16,5.887,5.886,5.885,5.884,5.883,22000.0,259000.0,61700.0,477900.0,750500.0,5.367,5.955,5.887,5.886,-5700.0,159000.0,-273000.0,112100.0,471800.0,5.888,5.889,5.89,5.891,5.892,27700.0,100000.0,334700.0,365800.0,278700.0,5.93,5.963,-0.0760000000000005,0.0009999999999994,516858278.6,87487200.0,6.559,27700.0,100000.0,334700.0,365800.0,278700.0,0.0002499999999994,6725.0,158360.30000001192,-0.0010000000000003,22000.0,259000.0,61700.0,477900.0,750500.0,0.0019999999999997,0.0009999999999994,5.887,1.0,0.0,34.64793924999999,1.2240768956844e+17,4.0,12.0,5.887,0.0002500000000003,6725.0,0.0002281970576518,5.886,5.887499999999999,1327.0,5.886,0.0001698513800425,0.0005095541401274,1486108.374383413,159922.0,1106900.0,1571100.0,-464200.0,2678000.0,0.1034829051605906,0.0915850477142245,26900.0,464200.0,5.887000000000443,5.887442655935614,5.890693648929442,5.88393329514353
20230823.0,2.023082313275509e+16,5.89,5.889,5.888,5.887,5.886,20000.0,229900.0,95100.0,101100.0,402000.0,5.367,5.955,5.891,5.886,47200.0,610800.0,460200.0,316800.0,481700.0,5.891,5.892,5.893,5.894,5.895,27200.0,380900.0,365100.0,215700.0,79700.0,5.93,5.963,-0.072,0.0040000000000004,516898900.0,87494100.0,6.559,-27200.0,-380900.0,-365100.0,-215700.0,-79700.0,0.0018421052631589,184.210526317358,2355.899999976158,-0.0010000000000003,20000.0,229900.0,95100.0,101100.0,402000.0,0.0019999999999997,0.0009999999999994,5.891,3.0,0.0,34.67846368421053,1.454484157111e+17,12.0,7.0,5.891,0.0030000000000001,300.0,0.0005413255130115,5.887,5.890499999999999,1328.0,5.887,0.0001697648756472,0.0005092946269417,5942118.203472098,159922.0,1068600.0,848100.0,220500.0,1916700.0,0.1022837759687644,0.1005687296115523,400.0,220500.0,5.889749999940396,5.890423728813559,5.892943664607897,5.887251031717957
20230823.0,2.023082313285504e+16,5.891,5.89,5.889,5.888,5.887,39900.0,286900.0,510000.0,815700.0,154100.0,5.367,5.955,5.892,5.886,309900.0,416600.0,642900.0,1215700.0,382900.0,5.893,5.894,5.895,5.896,5.897,270000.0,129700.0,132900.0,400000.0,228800.0,5.93,5.963,-0.0709999999999997,0.0010000000000003,517269452.6,87557000.0,6.559,-270000.0,-129700.0,-132900.0,-400000.0,-228800.0,5.263157894752624e-05,23215.78947368264,370552.60000002384,-0.0010000000000003,39900.0,286900.0,510000.0,815700.0,154100.0,0.0020000000000006,0.0010000000000003,5.892,2.0,1.0,34.70326136842106,1.4553731694861e+17,14.0,5.0,5.892,0.0005000000000006,41350.0,0.000141537288542,5.89,5.892,1329.0,5.891,0.0003394433129666,0.0006788866259335,1486255.0404816256,159922.0,1161400.0,1806600.0,-645200.0,2968000.0,0.1223140163891096,0.1040580444103199,62900.0,645200.0,5.891138314785753,5.891257502420135,5.895161787497847,5.88858087014281
20230823.0,2.023082313294908e+16,5.89,5.889,5.888,5.887,5.886,233200.0,320000.0,435700.0,704100.0,275700.0,5.367,5.955,5.891,5.886,-244900.0,-639700.0,-516900.0,-1240100.0,-495700.0,5.892,5.893,5.894,5.895,5.896,11700.0,319700.0,81200.0,536000.0,220000.0,5.93,5.963,-0.072,-0.0019999999999997,517976593.1,87677000.0,6.559,11700.0,319700.0,81200.0,536000.0,220000.0,0.0009411764705884,1811.7647058814764,589869.8000000119,-0.0009999999999994,-233200.0,-320000.0,-435700.0,-704100.0,-275700.0,0.0019999999999988,0.0009999999999994,5.891,1.0,2.0,34.73993123529412,1.3058586424565e+17,11.0,6.0,5.895,0.0019999999999997,0.0,-0.0001452486506332,5.891,5.891,1330.0,5.892,0.0003395009336276,0.000679001867255,-1490867.8105075108,159922.0,1168600.0,1968700.0,-800100.0,3137300.0,0.1515087563098665,0.1160014489863046,100100.0,800100.0,5.892805194805314,5.891904450796244,5.894541588225227,5.887761720932595
20230823.0,2.023082313305812e+16,5.89,5.889,5.888,5.887,5.886,225000.0,75700.0,520000.0,706100.0,276700.0,5.367,5.955,5.891,5.886,-59600.0,142000.0,-110000.0,-38000.0,-69000.0,5.892,5.893,5.894,5.895,5.896,69900.0,169800.0,280000.0,365100.0,355700.0,5.93,5.963,-0.072,-0.0010000000000003,518142720.9,87705200.0,6.559,59600.0,-190200.0,170000.0,-20000.0,120000.0,5.000000000077165e-05,1300.0,157879.0,-0.0009999999999994,0.0,-48200.0,60000.0,-58000.0,51000.0,0.0019999999999988,0.0009999999999994,5.891,0.0,1.0,34.715074850000015,1.5375529795408e+17,19.0,1.0,5.892,0.0,0.0,-6.560244624509437e-05,5.891,5.891,1331.0,5.892,0.0003395009336276,0.000679001867255,-1488799.8642001238,159922.0,1240500.0,1803500.0,-563000.0,3044000.0,0.1653650125336289,0.1201967114629513,26800.0,563000.0,5.891007462686567,5.8915259409969485,5.894618218460298,5.887593124480177
20230823.0,2.023082313315887e+16,5.888,5.887,5.886,5.885,5.884,26600.0,112400.0,841700.0,802400.0,240900.0,5.367,5.955,5.888,5.886,-232900.0,-225600.0,-1231400.0,-893100.0,-729700.0,5.889,5.89,5.891,5.892,5.893,206300.0,113200.0,389700.0,90700.0,488800.0,5.93,5.963,-0.0750000000000001,-0.0030000000000001,518626204.2,87787300.0,6.559,206300.0,113200.0,389700.0,90700.0,488800.0,5.263157894752624e-05,3900.0,483483.3000000119,-0.0009999999999994,-26600.0,-112400.0,-841700.0,-802400.0,-240900.0,0.0019999999999997,0.0010000000000003,5.888,0.0,3.0,34.69148047368421,1.4623117872698e+17,16.0,3.0,5.891,0.0,0.0,-0.0005792586088881,5.888,5.8885000000000005,1332.0,5.891,0.0001698225354505,0.0005094676063513,-4470545.349345214,159922.0,1288700.0,2024000.0,-735300.0,3312700.0,0.1534835637032955,0.1154704636769339,82100.0,735300.0,5.888956151035468,5.8881142121082,5.891420966865834,5.8854473320158105
20230823.0,2.023082313325812e+16,5.891,5.89,5.889,5.888,5.887,40000.0,665000.0,371500.0,220000.0,255900.0,5.367,5.955,5.892,5.886,249900.0,1005400.0,631500.0,418700.0,610900.0,5.894,5.895,5.896,5.897,5.898,209900.0,340400.0,260000.0,198700.0,355000.0,5.93,5.963,-0.0709999999999997,0.0040000000000004,520422079.3,88092200.0,6.559,-209900.0,-340400.0,-260000.0,-198700.0,-355000.0,0.0008421052631595,67794.73684211075,1795875.1000000238,-0.0009999999999994,40000.0,665000.0,371500.0,220000.0,255900.0,0.0019999999999997,0.0010000000000003,5.892,3.0,1.0,34.7057432631579,1.4721781703881e+17,13.0,6.0,5.893,0.0025000000000003,96950.0,0.0005714933714604,5.889,5.8925,1333.0,5.889,0.0005091217649554,0.0008485362749257,4481767.394123594,159922.0,1364000.0,1552400.0,-188400.0,2916400.0,0.1710848629097619,0.1605713998058364,304900.0,188400.0,5.890046244670462,5.891480192076831,5.896108870967742,5.889008502963154
0.0,0.0,0.0,0.0,0.0,0.0,0.0,0.0,0.0,0.0,0.0,0.0,0.0,0.0,0.0,0.0,0.0,0.0,0.0,0.0,0.0,0.0,0.0,0.0,0.0,0.0,0.0,0.0,0.0,0.0,0.0,0.0,0.0,0.0,0.0,0.0,0.0,0.0,0.0,0.0,0.0,0.0,0.0,0.0,0.0,0.0,0.0,0.0,0.0,0.0,0.0,0.0,0.0,0.0,0.0,0.0,0.0,0.0,0.0,0.0,0.0,0.0,0.0,0.0,0.0,0.0,0.0,0.0,0.0,0.0,0.0,0.0,0.0,0.0,0.0,0.0,0.0,0.0,0.0,0.0,0.0,0.0,0.0,0.0,0.0
20230823.0,2.0230823133458148e+16,5.891,5.89,5.889,5.888,5.887,849900.0,886600.0,132200.0,250000.0,213900.0,5.367,5.955,5.891,5.886,854928.0,944000.0,417200.0,379700.0,458400.0,5.893,5.894,5.895,5.896,5.897,5028.0,57400.0,285000.0,129700.0,244500.0,5.93,5.963,-0.072,0.0,521242697.1,88231500.0,6.559,-5028.0,-57400.0,-285000.0,-129700.0,-244500.0,0.0002500000000003,3665.0,158444.0,-0.0010000000000003,849900.0,886600.0,132200.0,250000.0,213900.0,0.0020000000000006,0.0010000000000003,5.891,1.0,1.0,34.70093575000001,1.5568301860749e+17,15.0,5.0,5.891,0.0002500000000003,3000.0,0.0003400859317728,5.89,5.892,1335.0,5.891,0.0003394433129666,0.0006788866259335,-237.3004891637247,159922.0,721628.0,2332600.0,-1610972.0,3054228.0,0.1504524766602102,0.1466080014619822,26900.0,1610972.0,5.890111524163569,5.892988237605974,5.895763889427794,5.889818228586127
20230823.0,2.023082313355813e+16,5.896,5.895,5.894,5.893,5.892,15000.0,210800.0,717500.0,760000.0,328700.0,5.367,5.955,5.896,5.886,34900.0,460700.0,936100.0,940100.0,683700.0,5.897,5.898,5.899,5.9,5.901,19900.0,249900.0,218600.0,180100.0,355000.0,5.93,5.963,-0.0670000000000001,0.0049999999999998,523283547.904,88577628.0,6.559,-19900.0,-249900.0,-218600.0,-180100.0,-355000.0,0.0013999999999994,102100.0,2040850.8039999604,-0.0009999999999994,15000.0,210800.0,717500.0,760000.0,328700.0,0.0019999999999997,0.0010000000000003,5.896,4.0,4.0,34.76989550000001,1.564679066172213e+17,9.0,11.0,5.899,0.00225,137925.0,0.0005838391526891,5.893,5.8965,1336.0,5.893,0.0001695921309251,0.0005087763927753,4488359.770672392,159922.0,1023500.0,2032000.0,-1008500.0,3055500.0,0.1844529582190858,0.2157494621821712,346128.0,1008500.0,5.896231463504717,5.896429799426934,5.89958661455789,5.893420964566929
20230823.0,2.0230823133658016e+16,5.895,5.894,5.893,5.892,5.891,300.0,34900.0,230000.0,879000.0,148700.0,5.367,5.955,5.895,5.886,-410400.0,125000.0,-462100.0,-1088900.0,47600.0,5.897,5.898,5.899,5.9,5.901,430000.0,90000.0,450700.0,390000.0,158700.0,5.93,5.963,-0.0680000000000005,-0.0010000000000003,524325827.904,88754428.0,6.559,410100.0,-159900.0,232100.0,209900.0,-196300.0,0.0004999999999979,85770.0,1042280.0,-0.0009999999999994,-300.0,-34900.0,-230000.0,-879000.0,-148700.0,0.0019999999999988,0.0009999999999994,5.895,2.0,2.0,34.756920700000016,1.5723116739567008e+17,8.0,12.0,5.897,0.0010000000000003,160275.0,-0.0002422784875604,5.895,5.896,1337.0,5.896,0.0003392130257803,0.0006784260515603,-1504013.967952012,159922.0,1519400.0,1292900.0,226500.0,2812300.0,0.1608075926718757,0.1586421687791235,176800.0,226500.0,5.895248868778281,5.895001394376017,5.898840331709885,5.892117565163586
20230823.0,2.023082313375824e+16,5.889,5.888,5.887,5.886,5.885,399700.0,1115000.0,141100.0,278700.0,175300.0,5.367,5.955,5.89,5.886,-401900.0,-1155000.0,-181100.0,-740500.0,-429600.0,5.89,5.891,5.892,5.893,5.894,2200.0,40000.0,40000.0,461800.0,254300.0,5.93,5.963,-0.0730000000000004,-0.0049999999999998,524468462.004,88778628.0,6.559,2200.0,40000.0,40000.0,461800.0,254300.0,0.0004999999999997,8605.0,142634.10000002384,-0.0010000000000003,-399700.0,-1115000.0,-141100.0,-278700.0,-175300.0,0.0020000000000006,0.0010000000000003,5.89,0.0,2.0,34.739238,1.575989686905961e+17,8.0,12.0,5.895,0.0009999999999994,19900.0,-0.0008497022331779,5.89,5.8895,1338.0,5.895,0.0001697937006536,0.0005093811019611,-7535285.068029658,159922.0,798300.0,2109800.0,-1311500.0,2908100.0,0.1428836623332561,0.1474282070012806,24200.0,1311500.0,5.893971074381151,5.889994526001493,5.8931599649254665,5.887609109868235
20230823.0,2.023082313385801e+16,5.892,5.891,5.89,5.889,5.888,312500.0,915000.0,235700.0,142000.0,288700.0,5.367,5.955,5.894,5.886,315800.0,989600.0,758300.0,700700.0,553800.0,5.895,5.896,5.897,5.898,5.899,3300.0,74600.0,522600.0,558700.0,265100.0,5.93,5.963,-0.0689999999999999,0.0040000000000004,524855013.304,88844228.0,6.559,-3300.0,-74600.0,-522600.0,-558700.0,-265100.0,0.000700000000001,17220.0,386551.3000000119,-0.0010000000000003,312500.0,915000.0,235700.0,142000.0,288700.0,0.0020000000000006,0.0010000000000003,5.894,3.0,2.0,34.7192011,1.5780387090087328e+17,10.0,10.0,5.894,0.0009999999999994,23225.0,0.0008441477947991,5.89,5.8935,1339.0,5.89,0.0005090353779586,0.0008483922965979,6028277.826414622,159922.0,1424300.0,1893900.0,-469600.0,3318200.0,0.1740207399551966,0.1930563865370635,65600.0,469600.0,5.89255030487823,5.894968651044965,5.89770750544127,5.890433285812344
20230823.0,2.023082313395805e+16,5.889,5.888,5.887,5.886,5.885,597500.0,1190700.0,65400.0,238700.0,175300.0,5.367,5.955,5.891,5.886,-615200.0,-1235100.0,-140300.0,-702900.0,-681200.0,5.891,5.892,5.893,5.894,5.895,17700.0,44400.0,74900.0,464200.0,505900.0,5.93,5.963,-0.072,-0.0030000000000001,525233238.704,88908428.0,6.559,17700.0,44400.0,74900.0,464200.0,505900.0,0.0014000000000002,20020.0,378225.39999997616,-0.0010000000000003,-597500.0,-1190700.0,-65400.0,-238700.0,-175300.0,0.0020000000000006,0.0010000000000003,5.891,0.0,2.0,34.72273620000001,1.5794243385866208e+17,8.0,12.0,5.894,0.0019999999999997,18700.0,-0.0006832214204059,5.891,5.890000000000001,1340.0,5.894,0.0003395585738539,0.000679117147708,-4525668.300189524,159922.0,1107100.0,2267600.0,-1160500.0,3374700.0,0.1662102853151814,0.1662697788553547,64200.0,1160500.0,5.891361370716139,5.890942457737321,5.894261132689008,5.887792203210442
20230823.0,2.023082313405835e+16,5.889,5.888,5.887,5.886,5.885,165500.0,620400.0,721100.0,228700.0,215300.0,5.367,5.955,5.889,5.886,-432000.0,-775800.0,418800.0,1100.0,393800.0,5.891,5.892,5.893,5.894,5.895,17700.0,249900.0,311800.0,453100.0,152100.0,5.93,5.963,-0.0739999999999998,-0.0019999999999997,525404608.704,88937528.0,6.559,0.0,205500.0,236900.0,-11100.0,-353800.0,0.0005499999999996,2295.0,171370.0,-0.0010000000000003,-432000.0,-570300.0,655700.0,-10000.0,40000.0,0.0020000000000006,0.0010000000000003,5.889,1.0,2.0,34.68679955,1.5811798309639206e+17,10.0,10.0,5.891,0.0009999999999994,100.0,-2.303379163293151e-05,5.889,5.890000000000001,1341.0,5.891,0.0003395585738539,0.000679117147708,-3020298.039964252,159922.0,1184600.0,1951000.0,-766400.0,3135600.0,0.1423645565212327,0.1440279119105859,29100.0,766400.0,5.889003436426117,5.890806768558952,5.893398446733074,5.887149718093284
20230823.0,2.023082313415804e+16,5.892,5.891,5.89,5.889,5.888,695300.0,450700.0,840200.0,234700.0,108700.0,5.367,5.955,5.894,5.886,695900.0,513900.0,1302000.0,434700.0,733100.0,5.894,5.895,5.896,5.897,5.898,600.0,63200.0,461800.0,200000.0,624400.0,5.93,5.963,-0.0689999999999999,0.0049999999999998,525792913.004,89003428.0,6.559,-600.0,-63200.0,-461800.0,-200000.0,-624400.0,0.0010500000000002,18420.0,388304.3000000119,-0.0009999999999994,695300.0,450700.0,840200.0,234700.0,108700.0,0.0019999999999997,0.0010000000000003,5.894,3.0,0.0,34.71625555000001,1.5832621161873008e+17,7.0,13.0,5.894,0.0030000000000001,48200.0,0.0005416308749142,5.889,5.893000000000001,1342.0,5.889,0.0003393857118614,0.0006787714237229,7550277.318693538,159922.0,1350000.0,2329600.0,-979600.0,3679600.0,0.1325548086154395,0.128541604310479,65900.0,979600.0,5.8923262518969945,5.8939982756143126,5.897025481481481,5.890596325549451
20230823.0,2.0230823134258016e+16,5.892,5.891,5.89,5.889,5.888,40200.0,595300.0,651700.0,80100.0,248700.0,5.367,5.955,5.893,5.886,-674800.0,48100.0,-309300.0,-124700.0,275700.0,5.894,5.895,5.896,5.897,5.898,20300.0,159700.0,582600.0,170100.0,488700.0,5.93,5.963,-0.0700000000000002,-0.0010000000000003,525931987.804,89027028.0,6.559,19700.0,96500.0,120800.0,-29900.0,-135700.0,0.0004499999999998,9470.0,139074.80000001192,-0.0009999999999994,-655100.0,144600.0,-188500.0,-154600.0,140000.0,0.0019999999999997,0.0010000000000003,5.893,0.0,1.0,34.73275314999999,1.5846592286935008e+17,9.0,11.0,5.894,0.0010000000000003,23600.0,-0.0001135711232529,5.893,5.893000000000001,1343.0,5.894,0.0003393857118614,0.0006787714237229,-1510327.9823524477,159922.0,1421400.0,1616000.0,-194600.0,3037400.0,0.1044954918237731,0.1031102326332097,23600.0,194600.0,5.893000000000505,5.893328925619835,5.896666385253975,5.890060767326732
0.0,0.0,0.0,0.0,0.0,0.0,0.0,0.0,0.0,0.0,0.0,0.0,0.0,0.0,0.0,0.0,0.0,0.0,0.0,0.0,0.0,0.0,0.0,0.0,0.0,0.0,0.0,0.0,0.0,0.0,0.0,0.0,0.0,0.0,0.0,0.0,0.0,0.0,0.0,0.0,0.0,0.0,0.0,0.0,0.0,0.0,0.0,0.0,0.0,0.0,0.0,0.0,0.0,0.0,0.0,0.0,0.0,0.0,0.0,0.0,0.0,0.0,0.0,0.0,0.0,0.0,0.0,0.0,0.0,0.0,0.0,0.0,0.0,0.0,0.0,0.0,0.0,0.0,0.0,0.0,0.0,0.0,0.0,0.0,0.0
20230823.0,2.0230823134458016e+16,5.889,5.888,5.887,5.886,5.885,40100.0,607300.0,685400.0,322400.0,215300.0,5.367,5.955,5.89,5.886,-66900.0,-667200.0,-947300.0,-754900.0,-754000.0,5.89,5.891,5.892,5.893,5.894,26800.0,59900.0,261900.0,432500.0,538700.0,5.93,5.963,-0.0730000000000004,-0.0010000000000003,526299624.104,89089428.0,6.559,26800.0,59900.0,261900.0,432500.0,538700.0,0.0005999999999994,7640.0,226841.39999997616,-0.0010000000000003,-40100.0,-607300.0,-685400.0,-322400.0,-215300.0,0.0020000000000006,0.0010000000000003,5.89,1.0,1.0,34.708594600000005,1.5871023475629088e+17,12.0,8.0,5.892,0.0010000000000003,300.0,-0.0001225932376656,5.89,5.8895,1345.0,5.891,0.0001697937006536,0.0005093811019611,-1513082.6571327914,159922.0,1319800.0,1870500.0,-550700.0,3190300.0,0.133648497587357,0.1194174821160033,38500.0,550700.0,5.891984415583797,5.889599402092676,5.893058039096833,5.886964982624966
20230823.0,2.0230823134558064e+16,5.892,5.891,5.89,5.889,5.888,200000.0,407300.0,895900.0,149900.0,288700.0,5.367,5.955,5.892,5.886,319900.0,769300.0,1192800.0,465600.0,537400.0,5.894,5.895,5.896,5.897,5.898,119900.0,362000.0,296900.0,315700.0,248700.0,5.93,5.963,-0.0709999999999997,0.0020000000000006,526613614.104,89142728.0,6.559,-119900.0,-362000.0,-296900.0,-315700.0,-248700.0,9.999999999976694e-05,3785.0,313990.0,-0.0009999999999994,200000.0,407300.0,895900.0,149900.0,288700.0,0.0019999999999997,0.0010000000000003,5.892,1.0,0.0,34.69327819999999,1.588205529942505e+17,1.0,19.0,5.892,0.0,0.0,0.0006197123506566,5.89,5.893000000000001,1346.0,5.89,0.0003393857118614,0.0006787714237229,3025890.29192226,159922.0,1343200.0,1941800.0,-598600.0,3285000.0,0.1317322502178135,0.1150997395716986,53300.0,598600.0,5.890994371482177,5.8932503907471085,5.896157310899345,5.89004119888763
20230823.0,2.023082313465834e+16,5.898,5.897,5.896,5.895,5.894,3600.0,201000.0,397300.0,675700.0,238700.0,5.367,5.955,5.897,5.886,163600.0,762500.0,804200.0,1183500.0,377400.0,5.899,5.9,5.901,5.902,5.903,160000.0,561500.0,406900.0,507800.0,138700.0,5.93,5.963,-0.0659999999999998,0.0049999999999998,529968050.604,89711428.0,6.559,-160000.0,-561500.0,-406900.0,-507800.0,-138700.0,0.0030499999999991,204640.0,3354436.5,-0.0010000000000003,3600.0,201000.0,397300.0,675700.0,238700.0,0.0019999999999997,0.0009999999999994,5.897,7.0,3.0,34.762235649999994,1.5966023824016845e+17,12.0,8.0,5.9,0.0069999999999996,289825.0,0.0008093468191099,5.892,5.8985,1347.0,5.892,0.0001695346274477,0.0005086038823429,7552599.20916504,159922.0,1774900.0,1516300.0,258600.0,3291200.0,0.136355185675681,0.1310822396858512,568700.0,258600.0,5.898428872867944,5.898022004889976,5.900945743422165,5.895376838356526
20230823.0,2.023082313475807e+16,5.896,5.895,5.894,5.893,5.892,197300.0,985800.0,255700.0,130000.0,248700.0,5.367,5.955,5.899,5.886,-240400.0,-804100.0,-264400.0,55600.0,-248700.0,5.899,5.9,5.901,5.902,5.903,203100.0,379800.0,415600.0,322200.0,138700.0,5.93,5.963,-0.064,0.0019999999999997,530117268.304,89736728.0,6.559,43100.0,-181700.0,8700.0,-185600.0,0.0,0.0001499999999996,1095.0,149217.70000004768,-0.0010000000000003,-197300.0,-985800.0,-255700.0,-130000.0,-248700.0,0.0020000000000006,0.0010000000000003,5.899,2.0,2.0,34.79643154999999,1.6101123724156806e+17,18.0,2.0,5.899,0.0,1900.0,-9.21933193740454e-05,5.897,5.8975,1348.0,5.899,0.0005086901229334,0.0008478168715558,-1052.2433905578218,159922.0,1459400.0,1817500.0,-358100.0,3276900.0,0.1320633931760897,0.1367234418857129,25300.0,358100.0,5.897932806325995,5.897478271728271,5.900872276277922,5.894414305364512
20230823.0,2.0230823134807136e+16,5.895,5.894,5.893,5.892,5.891,12000.0,575300.0,391500.0,238700.0,125000.0,5.367,5.955,5.896,5.886,-497200.0,-1180300.0,-830200.0,-278700.0,-397100.0,5.898,5.899,5.9,5.901,5.902,485200.0,605000.0,438700.0,40000.0,272100.0,5.93,5.963,-0.0670000000000001,-0.0030000000000001,530353108.304,89776728.0,6.559,485200.0,605000.0,438700.0,40000.0,272100.0,0.0009999999999994,17933.333333328366,235840.0,-0.0010000000000003,-12000.0,-575300.0,-391500.0,-238700.0,-125000.0,0.0019999999999997,0.0009999999999994,5.896,0.0,1.0,34.774611,2.416992448566515e+16,1.0,2.0,5.899,0.0015,20000.0,-0.0004080315373444,5.896,5.8965,1349.0,5.899,0.0005087763927753,0.0008479606546256,-4567313.161465573,159922.0,1841000.0,1342500.0,498500.0,3183500.0,0.1332755833010363,0.140103794755714,40000.0,498500.0,5.896,5.895072405470636,5.899461596958175,5.893082383612663
0.0,0.0,0.0,0.0,0.0,0.0,0.0,0.0,0.0,0.0,0.0,0.0,0.0,0.0,0.0,0.0,0.0,0.0,0.0,0.0,0.0,0.0,0.0,0.0,0.0,0.0,0.0,0.0,0.0,0.0,0.0,0.0,0.0,0.0,0.0,0.0,0.0,0.0,0.0,0.0,0.0,0.0,0.0,0.0,0.0,0.0,0.0,0.0,0.0,0.0,0.0,0.0,0.0,0.0,0.0,0.0,0.0,0.0,0.0,0.0,0.0,0.0,0.0,0.0,0.0,0.0,0.0,0.0,0.0,0.0,0.0,0.0,0.0,0.0,0.0,0.0,0.0,0.0,0.0,0.0,0.0,0.0,0.0,0.0,0.0
20230823.0,2.023082313505938e+16,5.891,5.89,5.889,5.888,5.887,152000.0,886100.0,95800.0,270000.0,213900.0,5.367,5.955,5.891,5.886,-171900.0,-1236000.0,-464700.0,-545700.0,-424000.0,5.893,5.894,5.895,5.896,5.897,19900.0,349900.0,368900.0,275700.0,210100.0,5.93,5.963,-0.072,-0.0049999999999998,530850578.904,89861128.0,6.559,19900.0,349900.0,368900.0,275700.0,210100.0,8.881784197001252e-16,0.0,497470.5999999642,-0.0010000000000003,-152000.0,-886100.0,-95800.0,-270000.0,-213900.0,0.0020000000000006,0.0010000000000003,5.891,0.0,0.0,34.703881,2.422506697629715e+16,0.0,3.0,5.891,0.0,0.0,-0.0003909003325686,5.891,5.892,1351.0,5.891,0.0003394433129666,0.0006788866259335,0.0,159922.0,1224500.0,1617800.0,-393300.0,2842300.0,0.1842890120723632,0.2073126467782654,84400.0,393300.0,5.894201421800524,5.892768470040721,5.895250061249491,5.889304302138707
20230823.0,2.0230823135113264e+16,5.895,5.894,5.893,5.892,5.891,190000.0,201100.0,555800.0,525700.0,130000.0,5.367,5.955,5.894,5.886,309900.0,364400.0,1348400.0,768700.0,205000.0,5.897,5.898,5.899,5.9,5.901,119900.0,163300.0,792600.0,243000.0,75000.0,5.93,5.963,-0.0689999999999999,0.0030000000000001,532041166.904,90063128.0,6.559,-119900.0,-163300.0,-792600.0,-243000.0,-75000.0,0.0,0.0,1190588.0,-0.0009999999999994,190000.0,201100.0,555800.0,525700.0,130000.0,0.0019999999999988,0.0009999999999994,5.894,0.0,0.0,34.739236,4.055683512572192e+16,0.0,0.0,5.894,0.0,0.0,0.0005866033797226,5.894,5.896,1352.0,5.894,0.0003392130257803,0.0006784260515603,0.0,159922.0,1393800.0,1602600.0,-208800.0,2996400.0,0.2362407418570787,0.2792805487939653,202000.0,208800.0,5.894,5.896226202000645,5.8989927536231885,5.892872332459754
0.0,0.0,0.0,0.0,0.0,0.0,0.0,0.0,0.0,0.0,0.0,0.0,0.0,0.0,0.0,0.0,0.0,0.0,0.0,0.0,0.0,0.0,0.0,0.0,0.0,0.0,0.0,0.0,0.0,0.0,0.0,0.0,0.0,0.0,0.0,0.0,0.0,0.0,0.0,0.0,0.0,0.0,0.0,0.0,0.0,0.0,0.0,0.0,0.0,0.0,0.0,0.0,0.0,0.0,0.0,0.0,0.0,0.0,0.0,0.0,0.0,0.0,0.0,0.0,0.0,0.0,0.0,0.0,0.0,0.0,0.0,0.0,0.0,0.0,0.0,0.0,0.0,0.0,0.0,0.0,0.0,0.0,0.0,0.0,0.0
20230823.0,2.023082313535888e+16,5.899,5.898,5.897,5.896,5.895,200000.0,185000.0,894000.0,215700.0,249700.0,5.367,5.955,5.899,5.886,220000.0,244200.0,1256000.0,508200.0,728500.0,5.9,5.901,5.902,5.903,5.904,20000.0,59200.0,362000.0,292500.0,478800.0,5.93,5.963,-0.064,0.0049999999999998,534887103.504,90545728.0,6.559,-20000.0,-59200.0,-362000.0,-292500.0,-478800.0,0.0005499999999987,28010.0,2845936.600000024,-0.0009999999999994,200000.0,185000.0,894000.0,215700.0,249700.0,0.0019999999999997,0.0010000000000003,5.899,3.0,1.0,34.79171425,1.6375231086915248e+17,15.0,5.0,5.9,0.0004999999999997,37975.0,0.0006244229888281,5.896,5.8995,1354.0,5.896,0.0001695058903297,0.000508517670989,4601190.511136692,159922.0,1212500.0,1744400.0,-531900.0,2956900.0,0.1599505969133764,0.1840545915696182,482600.0,531900.0,5.897092001657737,5.899909090909091,5.902949195876289,5.896925418481999
20230823.0,2.023082313545861e+16,5.902,5.901,5.9,5.899,5.898,1228200.0,272000.0,323600.0,237800.0,190200.0,5.367,5.955,5.902,5.886,1266100.0,353100.0,573600.0,870300.0,569000.0,5.904,5.905,5.906,5.907,5.908,37900.0,81100.0,250000.0,632500.0,378800.0,5.93,5.963,-0.0609999999999999,0.0030000000000001,535891092.304,90715828.0,6.559,-37900.0,-81100.0,-250000.0,-632500.0,-378800.0,0.0002499999999985,14760.0,1003988.800000012,-0.0010000000000003,1228200.0,272000.0,323600.0,237800.0,190200.0,0.0020000000000006,0.0010000000000003,5.902,3.0,2.0,34.84245795000001,1.6443068108485248e+17,13.0,7.0,5.904,0.0009999999999994,15475.0,0.0006830043798562,5.902,5.9030000000000005,1355.0,5.902,0.0003388107741825,0.0006776215483653,-2330.430834597908,159922.0,1380300.0,2251800.0,-871500.0,3632100.0,0.1553046712708301,0.1652847479684123,170100.0,871500.0,5.902344503233462,5.903940131111287,5.906893428964718,5.900937116973088
0.0,0.0,0.0,0.0,0.0,0.0,0.0,0.0,0.0,0.0,0.0,0.0,0.0,0.0,0.0,0.0,0.0,0.0,0.0,0.0,0.0,0.0,0.0,0.0,0.0,0.0,0.0,0.0,0.0,0.0,0.0,0.0,0.0,0.0,0.0,0.0,0.0,0.0,0.0,0.0,0.0,0.0,0.0,0.0,0.0,0.0,0.0,0.0,0.0,0.0,0.0,0.0,0.0,0.0,0.0,0.0,0.0,0.0,0.0,0.0,0.0,0.0,0.0,0.0,0.0,0.0,0.0,0.0,0.0,0.0,0.0,0.0,0.0,0.0,0.0,0.0,0.0,0.0,0.0,0.0,0.0,0.0,0.0,0.0,0.0
20230823.0,2.0230823135658056e+16,5.91,5.909,5.908,5.907,5.906,40000.0,1242600.0,443800.0,120000.0,248700.0,5.367,5.955,5.912,5.886,-146300.0,1458800.0,94800.0,-170000.0,389300.0,5.912,5.913,5.914,5.915,5.916,19900.0,456800.0,402000.0,75600.0,429300.0,5.93,5.963,-0.0510000000000001,0.0019999999999997,538461789.304,91150828.0,6.559,-19900.0,-456800.0,-402000.0,-75600.0,-429300.0,0.0005555555555556,47238.88888889551,925978.8000000716,-0.0010000000000003,-166200.0,1002000.0,-307200.0,-245600.0,-40000.0,0.0020000000000006,0.0010000000000003,5.912,2.0,2.0,34.958313777777775,1.493976124505337e+17,7.0,11.0,5.914,0.0010000000000003,110700.0,7.165700380373785e-05,5.912,5.911,1357.0,5.912,0.0003383522246658,0.0006767044493318,-3754.571165249916,159922.0,1383600.0,2095100.0,-711500.0,3478700.0,0.1751838384757615,0.2133004922225472,156600.0,711500.0,5.91301915708858,5.911335559265442,5.914316276380457,5.908336594911938
20230823.0,2.0230823135755016e+16,5.907,5.906,5.905,5.904,5.903,211600.0,885700.0,310000.0,125600.0,108800.0,5.367,5.955,5.907,5.886,-221500.0,-1244000.0,-792500.0,-514400.0,-248800.0,5.909,5.91,5.911,5.912,5.913,9900.0,358300.0,482500.0,388800.0,140000.0,5.93,5.963,-0.056,-0.0049999999999998,538672703.804,91186528.0,6.559,9900.0,358300.0,482500.0,388800.0,140000.0,0.0002857142857157,4221.428571432829,210914.5,-0.0010000000000003,-211600.0,-885700.0,-310000.0,-125600.0,-108800.0,0.0020000000000006,0.0010000000000003,5.907,0.0,3.0,34.912906285714286,1.1636411882042018e+17,10.0,4.0,5.912,0.0015,13750.0,-0.0004103044528906,5.907,5.908,1358.0,5.912,0.0003385240352064,0.000677048070413,-7714767.958975557,159922.0,1379500.0,1641700.0,-262200.0,3021200.0,0.1731192403065406,0.2038793877224204,35700.0,262200.0,5.90796918767507,5.908910609480812,5.911210728524828,5.905588231711031
20230823.0,2.0230823135855004e+16,5.913,5.912,5.911,5.91,5.909,20000.0,518600.0,474700.0,370900.0,130000.0,5.367,5.955,5.912,5.886,236900.0,909100.0,822200.0,791000.0,334700.0,5.915,5.916,5.917,5.918,5.919,216900.0,390500.0,347500.0,420100.0,204700.0,5.93,5.963,-0.0510000000000001,0.0049999999999998,539146786.204,91266728.0,6.559,-216900.0,-390500.0,-347500.0,-420100.0,-204700.0,0.0009999999999967,25631.578947365284,474082.39999997616,-0.0010000000000003,20000.0,518600.0,474700.0,370900.0,130000.0,0.0020000000000006,0.0010000000000003,5.912,3.0,0.0,34.939923736842104,1.581738384610217e+17,12.0,7.0,5.912,0.0010000000000003,68100.0,0.0007470428177127,5.907,5.914,1359.0,5.907,0.0003381805884341,0.0006763611768685,7715843.846115298,159922.0,1579700.0,1514200.0,65500.0,3093900.0,0.171314218108897,0.2092722350481266,80200.0,65500.0,5.911251870323892,5.913168847615027,5.917003291764259,5.910952252014264
20230823.0,2.023082313595499e+16,5.908,5.907,5.906,5.905,5.904,282600.0,512100.0,550500.0,108800.0,265000.0,5.367,5.955,5.909,5.886,-302500.0,-922000.0,-1136300.0,-214400.0,-525700.0,5.91,5.911,5.912,5.913,5.914,19900.0,409900.0,585800.0,105600.0,260700.0,5.93,5.963,-0.0540000000000002,-0.0030000000000001,540954174.104,91572328.0,6.559,19900.0,409900.0,585800.0,105600.0,260700.0,0.0013684210526321,72784.21052631736,1807387.899999976,-0.0009999999999994,-282600.0,-512100.0,-550500.0,-108800.0,-265000.0,0.0019999999999997,0.0010000000000003,5.909,1.0,4.0,34.95610363157895,1.589563122252913e+17,11.0,8.0,5.916,0.0030000000000001,67900.0,-0.0006987221990624,5.909,5.909000000000001,1400.0,5.914,0.0003384667456422,0.0006769334912844,-7746092.199142821,159922.0,1381900.0,1719000.0,-337100.0,3100900.0,0.1768327491232779,0.2003014349407041,305600.0,337100.0,5.914227421465891,5.909868429752066,5.91212830161372,5.906255090168703
20230823.0,2.023082314005503e+16,5.907,5.906,5.905,5.904,5.903,87500.0,240000.0,789900.0,482000.0,115700.0,5.367,5.955,5.907,5.886,-277500.0,-274500.0,-1241400.0,-630700.0,-490800.0,5.908,5.909,5.91,5.911,5.912,190000.0,34500.0,451500.0,148700.0,375100.0,5.93,5.963,-0.056,-0.0019999999999997,542434340.304,91822928.0,6.559,190000.0,34500.0,451500.0,148700.0,375100.0,1.7763568394002505e-15,51484.21052631736,1480166.2000000477,-0.0009999999999994,-87500.0,-240000.0,-789900.0,-482000.0,-115700.0,0.0019999999999997,0.0010000000000003,5.907,1.0,2.0,34.89264931578948,1.5997446442784128e+17,18.0,1.0,5.908,0.0,61800.0,-0.0002312601637535,5.905,5.907500000000001,1401.0,5.908,0.000169276343631,0.0005078290308929,-1552515.5930245956,159922.0,1199800.0,1715100.0,-515300.0,2914900.0,0.1702392914009212,0.168535288972176,250600.0,515300.0,5.906489225858131,5.907315315315316,5.910403733955659,5.904826015975745
20230823.0,2.0230823140158044e+16,5.898,5.897,5.896,5.895,5.894,205000.0,1040200.0,400000.0,166700.0,289700.0,5.367,5.955,5.9,5.886,-255700.0,-1424000.0,-662000.0,-296700.0,-703500.0,5.9,5.901,5.902,5.903,5.904,50700.0,383800.0,262000.0,130000.0,413800.0,5.93,5.963,-0.0629999999999997,-0.0069999999999996,544394896.904,92155028.0,6.559,50700.0,383800.0,262000.0,130000.0,413800.0,0.0023999999999997,107900.0,1960556.600000024,-0.0009999999999994,-205000.0,-1040200.0,-400000.0,-166700.0,-289700.0,0.0019999999999988,0.0009999999999994,5.9,2.0,6.0,34.8383337,1.6945374198518768e+17,8.0,12.0,5.908,0.0039999999999995,158000.0,-0.0013063314888128,5.899,5.899,1402.0,5.907,0.0003390405153416,0.000678081030683,-10916093.130697122,159922.0,1240300.0,2101600.0,-861300.0,3341900.0,0.1670197711966869,0.1653973243978723,332100.0,861300.0,5.903512797350268,5.899603441533047,5.902380875594615,5.896335030452988
20230823.0,2.0230823140257964e+16,5.893,5.892,5.891,5.89,5.889,339900.0,360800.0,368500.0,237400.0,198800.0,5.367,5.955,5.894,5.886,-344900.0,-380700.0,-400400.0,-811300.0,-473200.0,5.894,5.895,5.896,5.897,5.898,5000.0,19900.0,31900.0,573900.0,274400.0,5.93,5.963,-0.0689999999999999,-0.0060000000000002,544790453.204,92222128.0,6.559,5000.0,19900.0,31900.0,573900.0,274400.0,0.0023999999999997,23520.0,395556.2999999523,-0.0009999999999994,-339900.0,-360800.0,-368500.0,-237400.0,-198800.0,0.0019999999999988,0.0009999999999994,5.894,0.0,5.0,34.77343499999999,1.6994047199583808e+17,9.0,11.0,5.9,0.0050000000000007,44300.0,-0.0009527106532229,5.894,5.8935,1403.0,5.9,0.0001696784593196,0.0005090353779586,-9379529.644602066,159922.0,905100.0,1505400.0,-600300.0,2410500.0,0.1626063346981053,0.156580697987656,67100.0,600300.0,5.895026825632672,5.893985503044361,5.897207380399956,5.891269430051813
20230823.0,2.023082314035805e+16,5.89,5.889,5.888,5.887,5.886,19400.0,20100.0,675700.0,384200.0,227200.0,5.367,5.955,5.891,5.886,-24600.0,-269900.0,-1089600.0,-526600.0,-369300.0,5.891,5.892,5.893,5.894,5.895,5200.0,249800.0,413900.0,142400.0,142100.0,5.93,5.963,-0.072,-0.0030000000000001,545202321.404,92292028.0,6.559,5200.0,249800.0,413900.0,142400.0,142100.0,0.0005714285714297,10921.428571432829,411868.2000000477,-0.0010000000000003,-19400.0,-20100.0,-675700.0,-384200.0,-227200.0,0.0019999999999997,0.0009999999999994,5.891,0.0,3.0,34.732501285714285,1.1911001451482978e+17,10.0,4.0,5.894,0.00075,20400.0,-0.000542545016781,5.891,5.890499999999999,1404.0,5.894,0.0001697648756472,0.0005092946269417,-4697992.120068846,159922.0,953400.0,1326600.0,-373200.0,2280000.0,0.1538550009001288,0.1479463075454065,69900.0,373200.0,5.892248927039309,5.890788617886178,5.893174533249423,5.887412256897331
20230823.0,2.023082314045797e+16,5.89,5.889,5.888,5.887,5.886,211100.0,80100.0,345800.0,958500.0,307200.0,5.367,5.955,5.891,5.886,183800.0,249900.0,-289900.0,416700.0,84400.0,5.891,5.892,5.893,5.894,5.895,13100.0,59900.0,373900.0,300000.0,137700.0,5.93,5.963,-0.072,0.0,545557037.204,92352228.0,6.559,7900.0,-189900.0,-40000.0,157600.0,-4400.0,0.0002999999999984,7280.0,354715.7999999523,-0.0010000000000003,191700.0,60000.0,-329900.0,574300.0,80000.0,0.0019999999999997,0.0009999999999994,5.891,1.0,2.0,34.71919960000002,1.7051337853347808e+17,7.0,13.0,5.893,0.0009999999999994,10000.0,2.5964291857416555e-05,5.891,5.890499999999999,1405.0,5.892,0.0001697648756472,0.0005092946269417,-1568119.0238532207,159922.0,884600.0,1902700.0,-1018100.0,2787300.0,0.143147845091075,0.1582687609373526,60200.0,1018100.0,5.892289036544058,5.890941570026762,5.893553131358805,5.887437325905292
20230823.0,2.023082314055796e+16,5.888,5.887,5.886,5.885,5.884,800.0,201900.0,457900.0,946800.0,340900.0,5.367,5.955,5.89,5.886,-209600.0,-585700.0,-615600.0,-1116900.0,-579600.0,5.89,5.891,5.892,5.893,5.894,208800.0,383800.0,157700.0,170100.0,238700.0,5.93,5.963,-0.0730000000000004,-0.0010000000000003,545971742.004,92422628.0,6.559,208800.0,383800.0,157700.0,170100.0,238700.0,0.0007000000000001,29890.0,414704.7999999523,-0.0010000000000003,-800.0,-201900.0,-457900.0,-946800.0,-340900.0,0.0020000000000006,0.0010000000000003,5.89,2.0,2.0,34.695634600000005,1.7070982491604848e+17,9.0,11.0,5.891,0.0010000000000003,56875.0,-0.0004981660840768,5.889,5.888999999999999,1406.0,5.891,0.0003396162336559,0.000679232467312,-1569000.0789910068,159922.0,1159100.0,1948300.0,-789200.0,3107400.0,0.1261424000038868,0.1349233029484989,70400.0,789200.0,5.890693181817505,5.888007633587786,5.891867224570787,5.885268541805677
20230823.0,2.0230823140657984e+16,5.888,5.887,5.886,5.885,5.884,21700.0,147100.0,383500.0,882700.0,292600.0,5.367,5.955,5.89,5.886,39700.0,-104900.0,-74400.0,-24100.0,-8300.0,5.89,5.891,5.892,5.893,5.894,190000.0,433900.0,157700.0,130100.0,198700.0,5.93,5.963,-0.0730000000000004,0.0,546153728.204,92453528.0,6.559,-18800.0,50100.0,0.0,-40000.0,-40000.0,0.0014999999999991,2655.0,181986.20000004768,-0.0010000000000003,20900.0,-54800.0,-74400.0,-64100.0,-48300.0,0.0020000000000006,0.0010000000000003,5.89,1.0,2.0,34.697991599999995,1.7094257665905926e+17,7.0,13.0,5.892,0.0020000000000006,1650.0,3.3520708865086846e-05,5.889,5.888999999999999,1407.0,5.89,0.0003396162336559,0.000679232467312,-1793.6521543893032,159922.0,1110400.0,1727600.0,-617200.0,2838000.0,0.1330790874360595,0.1300937396705965,30900.0,617200.0,5.889521035600248,5.8882050070854985,5.891742074927954,5.885260592729799
20230823.0,2.0230823140754936e+16,5.891,5.89,5.889,5.888,5.887,800.0,52000.0,269900.0,406400.0,704400.0,5.367,5.955,5.891,5.886,190800.0,362000.0,775600.0,548500.0,1044400.0,5.892,5.893,5.894,5.895,5.896,190000.0,310000.0,505700.0,142100.0,340000.0,5.93,5.963,-0.072,0.0010000000000003,551640341.004,93384928.0,6.559,-190000.0,-310000.0,-505700.0,-142100.0,-340000.0,0.0001538461538457,63153.84615384042,5486612.799999952,-0.0009999999999994,800.0,52000.0,269900.0,406400.0,704400.0,0.0019999999999997,0.0010000000000003,5.891,1.0,1.0,34.702068538461546,1.132095357769502e+17,11.0,2.0,5.891,0.0,0.0,0.0004752756813797,5.89,5.891500000000001,1408.0,5.891,0.000169736060426,0.0005092081812781,4393.011157131987,159922.0,1487800.0,1433500.0,54300.0,2921300.0,0.1299336676934164,0.1281227454687691,931400.0,54300.0,5.890715911530977,5.891004192872118,5.894088788815702,5.887771119637252
20230823.0,2.0230823140855028e+16,5.886,5.885,5.884,5.883,5.882,1000.0,302900.0,83900.0,603400.0,240200.0,5.367,5.955,5.888,5.886,-35400.0,-1222900.0,-331600.0,-793500.0,-628900.0,5.888,5.889,5.89,5.891,5.892,34400.0,920000.0,247700.0,190100.0,388700.0,5.93,5.963,-0.0750000000000001,-0.0030000000000001,554784724.204,93918928.0,6.559,34400.0,920000.0,247700.0,190100.0,388700.0,0.0010000000000003,97900.0,3144383.200000048,-0.0010000000000003,-1000.0,-302900.0,-83900.0,-603400.0,-240200.0,0.0020000000000006,0.0010000000000003,5.888,1.0,2.0,34.6685458,8.802381468135584e+16,2.0,5.0,5.891,0.0010000000000003,39300.0,-0.0008398294339746,5.887,5.8870000000000005,1409.0,5.891,0.0003397316120264,0.000679463224053,-4775351.181853232,159922.0,1780900.0,1231400.0,549500.0,3012300.0,0.1494688291822042,0.1234131588636038,534000.0,549500.0,5.888358052434546,5.886056497175141,5.889988039755179,5.883367467922689
20230823.0,2.0230823140954988e+16,5.886,5.885,5.884,5.883,5.882,19900.0,135600.0,253900.0,271800.0,513100.0,5.367,5.955,5.886,5.886,279200.0,492100.0,428300.0,214300.0,-48400.0,5.888,5.889,5.89,5.891,5.892,260300.0,565700.0,252000.0,290100.0,298700.0,5.93,5.963,-0.0769999999999999,-0.0019999999999997,555193221.004,93988328.0,6.559,-260300.0,-565700.0,-252000.0,-290100.0,-298700.0,0.0003333333333337,21166.66666667164,408496.7999999523,-0.0010000000000003,18900.0,-73600.0,176300.0,-75800.0,-347100.0,0.0020000000000006,0.0010000000000003,5.886,1.0,1.0,34.64892066666667,1.589197623889173e+17,3.0,15.0,5.888,0.0,40325.0,2.173553001960649e-05,5.886,5.8870000000000005,1410.0,5.886,0.0003397316120264,0.000679463224053,-1947.3325152536847,159922.0,1666800.0,1194300.0,472500.0,2861100.0,0.1491652144052949,0.1113631764439572,69400.0,472500.0,5.8861210374632895,5.886142041399001,5.889880729541637,5.883060035167043
20230823.0,2.0230823141054984e+16,5.886,5.885,5.884,5.883,5.882,100.0,9900.0,215900.0,36800.0,1127300.0,5.367,5.955,5.887,5.886,-248100.0,190200.0,28100.0,64500.0,1208700.0,5.887,5.888,5.889,5.89,5.891,298200.0,480000.0,317800.0,320000.0,168700.0,5.93,5.963,-0.0760000000000005,0.0009999999999994,556995196.004,94294428.0,6.559,248200.0,-180300.0,187800.0,-27700.0,-81400.0,0.0008947368421052,145515.78947368264,1801975.0,-0.0010000000000003,100.0,9900.0,215900.0,36800.0,1127300.0,0.0020000000000006,0.0010000000000003,5.887,3.0,2.0,34.65553015789473,1.683985821103449e+17,13.0,6.0,5.888,0.0009999999999994,284850.0,1.5031460198100532e-05,5.886,5.8865,1411.0,5.886,0.0001698802344346,0.0005096407033041,1598008.0063337276,159922.0,1584700.0,1390000.0,194700.0,2974700.0,0.1625245640860308,0.1125780712764472,306100.0,194700.0,5.886883371447239,5.886000335232986,5.888735596642898,5.882358776978417
