TradeDate,OrigTime,BidPx1,BidPx2,BidPx3,BidPx4,BidPx5,BidSize1,BidSize2,BidSize3,BidSize4,BidSize5,DownLimitPx,HighPx,LastPx,LowPx,OFI1,OFI2,OFI3,OFI4,OFI5,OfferPx1,OfferPx2,OfferPx3,OfferPx4,OfferPx5,OfferSize1,OfferSize2,OfferSize3,OfferSize4,OfferSize5,OpenPx,PreClosePx,PxChange1,PxChange2,TotalValueTrade,TotalVolumeTrade,UpLimitPx,aOF1,aOF2,aOF3,aOF4,aOF5,abs_diff,abs_diff_v,amount,ask_spread,bOF1,bOF2,bOF3,bOF4,bOF5,bid_ask_spread,bid_spread,close,df_max,df_min,energy,energy_v,f_max,f_min,high,iqr_p,iqr_p_v,log_return,low,mid,minute,open,price_spread,price_spread2,tendency,ticker,total_ask_qty,total_bid_qty,total_qty_diff,total_volume,volatility,volatility_QMLE,volume,volume_imbalance,vwap,wap1,weighted_ask_prc,weighted_bid_prc
0.0,0.0,0.0,0.0,0.0,0.0,0.0,0.0,0.0,0.0,0.0,0.0,0.0,0.0,0.0,0.0,0.0,0.0,0.0,0.0,0.0,0.0,0.0,0.0,0.0,0.0,0.0,0.0,0.0,0.0,0.0,0.0,0.0,0.0,0.0,0.0,0.0,0.0,0.0,0.0,0.0,0.0,0.0,0.0,0.0,0.0,0.0,0.0,0.0,0.0,0.0,0.0,0.0,0.0,0.0,0.0,0.0,0.0,0.0,0.0,0.0,0.0,0.0,0.0,0.0,0.0,0.0,0.0,0.0,0.0,0.0,0.0,0.0,0.0,0.0,0.0,0.0,0.0,0.0,0.0,0.0,0.0,0.0,0.0,0.0
0.0,0.0,0.0,0.0,0.0,0.0,0.0,0.0,0.0,0.0,0.0,0.0,0.0,0.0,0.0,0.0,0.0,0.0,0.0,0.0,0.0,0.0,0.0,0.0,0.0,0.0,0.0,0.0,0.0,0.0,0.0,0.0,0.0,0.0,0.0,0.0,0.0,0.0,0.0,0.0,0.0,0.0,0.0,0.0,0.0,0.0,0.0,0.0,0.0,0.0,0.0,0.0,0.0,0.0,0.0,0.0,0.0,0.0,0.0,0.0,0.0,0.0,0.0,0.0,0.0,0.0,0.0,0.0,0.0,0.0,0.0,0.0,0.0,0.0,0.0,0.0,0.0,0.0,0.0,0.0,0.0,0.0,0.0,0.0,0.0
0.0,0.0,0.0,0.0,0.0,0.0,0.0,0.0,0.0,0.0,0.0,0.0,0.0,0.0,0.0,0.0,0.0,0.0,0.0,0.0,0.0,0.0,0.0,0.0,0.0,0.0,0.0,0.0,0.0,0.0,0.0,0.0,0.0,0.0,0.0,0.0,0.0,0.0,0.0,0.0,0.0,0.0,0.0,0.0,0.0,0.0,0.0,0.0,0.0,0.0,0.0,0.0,0.0,0.0,0.0,0.0,0.0,0.0,0.0,0.0,0.0,0.0,0.0,0.0,0.0,0.0,0.0,0.0,0.0,0.0,0.0,0.0,0.0,0.0,0.0,0.0,0.0,0.0,0.0,0.0,0.0,0.0,0.0,0.0,0.0
0.0,0.0,0.0,0.0,0.0,0.0,0.0,0.0,0.0,0.0,0.0,0.0,0.0,0.0,0.0,0.0,0.0,0.0,0.0,0.0,0.0,0.0,0.0,0.0,0.0,0.0,0.0,0.0,0.0,0.0,0.0,0.0,0.0,0.0,0.0,0.0,0.0,0.0,0.0,0.0,0.0,0.0,0.0,0.0,0.0,0.0,0.0,0.0,0.0,0.0,0.0,0.0,0.0,0.0,0.0,0.0,0.0,0.0,0.0,0.0,0.0,0.0,0.0,0.0,0.0,0.0,0.0,0.0,0.0,0.0,0.0,0.0,0.0,0.0,0.0,0.0,0.0,0.0,0.0,0.0,0.0,0.0,0.0,0.0,0.0
0.0,0.0,0.0,0.0,0.0,0.0,0.0,0.0,0.0,0.0,0.0,0.0,0.0,0.0,0.0,0.0,0.0,0.0,0.0,0.0,0.0,0.0,0.0,0.0,0.0,0.0,0.0,0.0,0.0,0.0,0.0,0.0,0.0,0.0,0.0,0.0,0.0,0.0,0.0,0.0,0.0,0.0,0.0,0.0,0.0,0.0,0.0,0.0,0.0,0.0,0.0,0.0,0.0,0.0,0.0,0.0,0.0,0.0,0.0,0.0,0.0,0.0,0.0,0.0,0.0,0.0,0.0,0.0,0.0,0.0,0.0,0.0,0.0,0.0,0.0,0.0,0.0,0.0,0.0,0.0,0.0,0.0,0.0,0.0,0.0
0.0,0.0,0.0,0.0,0.0,0.0,0.0,0.0,0.0,0.0,0.0,0.0,0.0,0.0,0.0,0.0,0.0,0.0,0.0,0.0,0.0,0.0,0.0,0.0,0.0,0.0,0.0,0.0,0.0,0.0,0.0,0.0,0.0,0.0,0.0,0.0,0.0,0.0,0.0,0.0,0.0,0.0,0.0,0.0,0.0,0.0,0.0,0.0,0.0,0.0,0.0,0.0,0.0,0.0,0.0,0.0,0.0,0.0,0.0,0.0,0.0,0.0,0.0,0.0,0.0,0.0,0.0,0.0,0.0,0.0,0.0,0.0,0.0,0.0,0.0,0.0,0.0,0.0,0.0,0.0,0.0,0.0,0.0,0.0,0.0
0.0,0.0,0.0,0.0,0.0,0.0,0.0,0.0,0.0,0.0,0.0,0.0,0.0,0.0,0.0,0.0,0.0,0.0,0.0,0.0,0.0,0.0,0.0,0.0,0.0,0.0,0.0,0.0,0.0,0.0,0.0,0.0,0.0,0.0,0.0,0.0,0.0,0.0,0.0,0.0,0.0,0.0,0.0,0.0,0.0,0.0,0.0,0.0,0.0,0.0,0.0,0.0,0.0,0.0,0.0,0.0,0.0,0.0,0.0,0.0,0.0,0.0,0.0,0.0,0.0,0.0,0.0,0.0,0.0,0.0,0.0,0.0,0.0,0.0,0.0,0.0,0.0,0.0,0.0,0.0,0.0,0.0,0.0,0.0,0.0
0.0,0.0,0.0,0.0,0.0,0.0,0.0,0.0,0.0,0.0,0.0,0.0,0.0,0.0,0.0,0.0,0.0,0.0,0.0,0.0,0.0,0.0,0.0,0.0,0.0,0.0,0.0,0.0,0.0,0.0,0.0,0.0,0.0,0.0,0.0,0.0,0.0,0.0,0.0,0.0,0.0,0.0,0.0,0.0,0.0,0.0,0.0,0.0,0.0,0.0,0.0,0.0,0.0,0.0,0.0,0.0,0.0,0.0,0.0,0.0,0.0,0.0,0.0,0.0,0.0,0.0,0.0,0.0,0.0,0.0,0.0,0.0,0.0,0.0,0.0,0.0,0.0,0.0,0.0,0.0,0.0,0.0,0.0,0.0,0.0
0.0,0.0,0.0,0.0,0.0,0.0,0.0,0.0,0.0,0.0,0.0,0.0,0.0,0.0,0.0,0.0,0.0,0.0,0.0,0.0,0.0,0.0,0.0,0.0,0.0,0.0,0.0,0.0,0.0,0.0,0.0,0.0,0.0,0.0,0.0,0.0,0.0,0.0,0.0,0.0,0.0,0.0,0.0,0.0,0.0,0.0,0.0,0.0,0.0,0.0,0.0,0.0,0.0,0.0,0.0,0.0,0.0,0.0,0.0,0.0,0.0,0.0,0.0,0.0,0.0,0.0,0.0,0.0,0.0,0.0,0.0,0.0,0.0,0.0,0.0,0.0,0.0,0.0,0.0,0.0,0.0,0.0,0.0,0.0,0.0
0.0,0.0,0.0,0.0,0.0,0.0,0.0,0.0,0.0,0.0,0.0,0.0,0.0,0.0,0.0,0.0,0.0,0.0,0.0,0.0,0.0,0.0,0.0,0.0,0.0,0.0,0.0,0.0,0.0,0.0,0.0,0.0,0.0,0.0,0.0,0.0,0.0,0.0,0.0,0.0,0.0,0.0,0.0,0.0,0.0,0.0,0.0,0.0,0.0,0.0,0.0,0.0,0.0,0.0,0.0,0.0,0.0,0.0,0.0,0.0,0.0,0.0,0.0,0.0,0.0,0.0,0.0,0.0,0.0,0.0,0.0,0.0,0.0,0.0,0.0,0.0,0.0,0.0,0.0,0.0,0.0,0.0,0.0,0.0,0.0
0.0,0.0,0.0,0.0,0.0,0.0,0.0,0.0,0.0,0.0,0.0,0.0,0.0,0.0,0.0,0.0,0.0,0.0,0.0,0.0,0.0,0.0,0.0,0.0,0.0,0.0,0.0,0.0,0.0,0.0,0.0,0.0,0.0,0.0,0.0,0.0,0.0,0.0,0.0,0.0,0.0,0.0,0.0,0.0,0.0,0.0,0.0,0.0,0.0,0.0,0.0,0.0,0.0,0.0,0.0,0.0,0.0,0.0,0.0,0.0,0.0,0.0,0.0,0.0,0.0,0.0,0.0,0.0,0.0,0.0,0.0,0.0,0.0,0.0,0.0,0.0,0.0,0.0,0.0,0.0,0.0,0.0,0.0,0.0,0.0
0.0,0.0,0.0,0.0,0.0,0.0,0.0,0.0,0.0,0.0,0.0,0.0,0.0,0.0,0.0,0.0,0.0,0.0,0.0,0.0,0.0,0.0,0.0,0.0,0.0,0.0,0.0,0.0,0.0,0.0,0.0,0.0,0.0,0.0,0.0,0.0,0.0,0.0,0.0,0.0,0.0,0.0,0.0,0.0,0.0,0.0,0.0,0.0,0.0,0.0,0.0,0.0,0.0,0.0,0.0,0.0,0.0,0.0,0.0,0.0,0.0,0.0,0.0,0.0,0.0,0.0,0.0,0.0,0.0,0.0,0.0,0.0,0.0,0.0,0.0,0.0,0.0,0.0,0.0,0.0,0.0,0.0,0.0,0.0,0.0
0.0,0.0,0.0,0.0,0.0,0.0,0.0,0.0,0.0,0.0,0.0,0.0,0.0,0.0,0.0,0.0,0.0,0.0,0.0,0.0,0.0,0.0,0.0,0.0,0.0,0.0,0.0,0.0,0.0,0.0,0.0,0.0,0.0,0.0,0.0,0.0,0.0,0.0,0.0,0.0,0.0,0.0,0.0,0.0,0.0,0.0,0.0,0.0,0.0,0.0,0.0,0.0,0.0,0.0,0.0,0.0,0.0,0.0,0.0,0.0,0.0,0.0,0.0,0.0,0.0,0.0,0.0,0.0,0.0,0.0,0.0,0.0,0.0,0.0,0.0,0.0,0.0,0.0,0.0,0.0,0.0,0.0,0.0,0.0,0.0
0.0,0.0,0.0,0.0,0.0,0.0,0.0,0.0,0.0,0.0,0.0,0.0,0.0,0.0,0.0,0.0,0.0,0.0,0.0,0.0,0.0,0.0,0.0,0.0,0.0,0.0,0.0,0.0,0.0,0.0,0.0,0.0,0.0,0.0,0.0,0.0,0.0,0.0,0.0,0.0,0.0,0.0,0.0,0.0,0.0,0.0,0.0,0.0,0.0,0.0,0.0,0.0,0.0,0.0,0.0,0.0,0.0,0.0,0.0,0.0,0.0,0.0,0.0,0.0,0.0,0.0,0.0,0.0,0.0,0.0,0.0,0.0,0.0,0.0,0.0,0.0,0.0,0.0,0.0,0.0,0.0,0.0,0.0,0.0,0.0
0.0,0.0,0.0,0.0,0.0,0.0,0.0,0.0,0.0,0.0,0.0,0.0,0.0,0.0,0.0,0.0,0.0,0.0,0.0,0.0,0.0,0.0,0.0,0.0,0.0,0.0,0.0,0.0,0.0,0.0,0.0,0.0,0.0,0.0,0.0,0.0,0.0,0.0,0.0,0.0,0.0,0.0,0.0,0.0,0.0,0.0,0.0,0.0,0.0,0.0,0.0,0.0,0.0,0.0,0.0,0.0,0.0,0.0,0.0,0.0,0.0,0.0,0.0,0.0,0.0,0.0,0.0,0.0,0.0,0.0,0.0,0.0,0.0,0.0,0.0,0.0,0.0,0.0,0.0,0.0,0.0,0.0,0.0,0.0,0.0
0.0,0.0,0.0,0.0,0.0,0.0,0.0,0.0,0.0,0.0,0.0,0.0,0.0,0.0,0.0,0.0,0.0,0.0,0.0,0.0,0.0,0.0,0.0,0.0,0.0,0.0,0.0,0.0,0.0,0.0,0.0,0.0,0.0,0.0,0.0,0.0,0.0,0.0,0.0,0.0,0.0,0.0,0.0,0.0,0.0,0.0,0.0,0.0,0.0,0.0,0.0,0.0,0.0,0.0,0.0,0.0,0.0,0.0,0.0,0.0,0.0,0.0,0.0,0.0,0.0,0.0,0.0,0.0,0.0,0.0,0.0,0.0,0.0,0.0,0.0,0.0,0.0,0.0,0.0,0.0,0.0,0.0,0.0,0.0,0.0
0.0,0.0,0.0,0.0,0.0,0.0,0.0,0.0,0.0,0.0,0.0,0.0,0.0,0.0,0.0,0.0,0.0,0.0,0.0,0.0,0.0,0.0,0.0,0.0,0.0,0.0,0.0,0.0,0.0,0.0,0.0,0.0,0.0,0.0,0.0,0.0,0.0,0.0,0.0,0.0,0.0,0.0,0.0,0.0,0.0,0.0,0.0,0.0,0.0,0.0,0.0,0.0,0.0,0.0,0.0,0.0,0.0,0.0,0.0,0.0,0.0,0.0,0.0,0.0,0.0,0.0,0.0,0.0,0.0,0.0,0.0,0.0,0.0,0.0,0.0,0.0,0.0,0.0,0.0,0.0,0.0,0.0,0.0,0.0,0.0
0.0,0.0,0.0,0.0,0.0,0.0,0.0,0.0,0.0,0.0,0.0,0.0,0.0,0.0,0.0,0.0,0.0,0.0,0.0,0.0,0.0,0.0,0.0,0.0,0.0,0.0,0.0,0.0,0.0,0.0,0.0,0.0,0.0,0.0,0.0,0.0,0.0,0.0,0.0,0.0,0.0,0.0,0.0,0.0,0.0,0.0,0.0,0.0,0.0,0.0,0.0,0.0,0.0,0.0,0.0,0.0,0.0,0.0,0.0,0.0,0.0,0.0,0.0,0.0,0.0,0.0,0.0,0.0,0.0,0.0,0.0,0.0,0.0,0.0,0.0,0.0,0.0,0.0,0.0,0.0,0.0,0.0,0.0,0.0,0.0
0.0,0.0,0.0,0.0,0.0,0.0,0.0,0.0,0.0,0.0,0.0,0.0,0.0,0.0,0.0,0.0,0.0,0.0,0.0,0.0,0.0,0.0,0.0,0.0,0.0,0.0,0.0,0.0,0.0,0.0,0.0,0.0,0.0,0.0,0.0,0.0,0.0,0.0,0.0,0.0,0.0,0.0,0.0,0.0,0.0,0.0,0.0,0.0,0.0,0.0,0.0,0.0,0.0,0.0,0.0,0.0,0.0,0.0,0.0,0.0,0.0,0.0,0.0,0.0,0.0,0.0,0.0,0.0,0.0,0.0,0.0,0.0,0.0,0.0,0.0,0.0,0.0,0.0,0.0,0.0,0.0,0.0,0.0,0.0,0.0
0.0,0.0,0.0,0.0,0.0,0.0,0.0,0.0,0.0,0.0,0.0,0.0,0.0,0.0,0.0,0.0,0.0,0.0,0.0,0.0,0.0,0.0,0.0,0.0,0.0,0.0,0.0,0.0,0.0,0.0,0.0,0.0,0.0,0.0,0.0,0.0,0.0,0.0,0.0,0.0,0.0,0.0,0.0,0.0,0.0,0.0,0.0,0.0,0.0,0.0,0.0,0.0,0.0,0.0,0.0,0.0,0.0,0.0,0.0,0.0,0.0,0.0,0.0,0.0,0.0,0.0,0.0,0.0,0.0,0.0,0.0,0.0,0.0,0.0,0.0,0.0,0.0,0.0,0.0,0.0,0.0,0.0,0.0,0.0,0.0
0.0,0.0,0.0,0.0,0.0,0.0,0.0,0.0,0.0,0.0,0.0,0.0,0.0,0.0,0.0,0.0,0.0,0.0,0.0,0.0,0.0,0.0,0.0,0.0,0.0,0.0,0.0,0.0,0.0,0.0,0.0,0.0,0.0,0.0,0.0,0.0,0.0,0.0,0.0,0.0,0.0,0.0,0.0,0.0,0.0,0.0,0.0,0.0,0.0,0.0,0.0,0.0,0.0,0.0,0.0,0.0,0.0,0.0,0.0,0.0,0.0,0.0,0.0,0.0,0.0,0.0,0.0,0.0,0.0,0.0,0.0,0.0,0.0,0.0,0.0,0.0,0.0,0.0,0.0,0.0,0.0,0.0,0.0,0.0,0.0
0.0,0.0,0.0,0.0,0.0,0.0,0.0,0.0,0.0,0.0,0.0,0.0,0.0,0.0,0.0,0.0,0.0,0.0,0.0,0.0,0.0,0.0,0.0,0.0,0.0,0.0,0.0,0.0,0.0,0.0,0.0,0.0,0.0,0.0,0.0,0.0,0.0,0.0,0.0,0.0,0.0,0.0,0.0,0.0,0.0,0.0,0.0,0.0,0.0,0.0,0.0,0.0,0.0,0.0,0.0,0.0,0.0,0.0,0.0,0.0,0.0,0.0,0.0,0.0,0.0,0.0,0.0,0.0,0.0,0.0,0.0,0.0,0.0,0.0,0.0,0.0,0.0,0.0,0.0,0.0,0.0,0.0,0.0,0.0,0.0
0.0,0.0,0.0,0.0,0.0,0.0,0.0,0.0,0.0,0.0,0.0,0.0,0.0,0.0,0.0,0.0,0.0,0.0,0.0,0.0,0.0,0.0,0.0,0.0,0.0,0.0,0.0,0.0,0.0,0.0,0.0,0.0,0.0,0.0,0.0,0.0,0.0,0.0,0.0,0.0,0.0,0.0,0.0,0.0,0.0,0.0,0.0,0.0,0.0,0.0,0.0,0.0,0.0,0.0,0.0,0.0,0.0,0.0,0.0,0.0,0.0,0.0,0.0,0.0,0.0,0.0,0.0,0.0,0.0,0.0,0.0,0.0,0.0,0.0,0.0,0.0,0.0,0.0,0.0,0.0,0.0,0.0,0.0,0.0,0.0
0.0,0.0,0.0,0.0,0.0,0.0,0.0,0.0,0.0,0.0,0.0,0.0,0.0,0.0,0.0,0.0,0.0,0.0,0.0,0.0,0.0,0.0,0.0,0.0,0.0,0.0,0.0,0.0,0.0,0.0,0.0,0.0,0.0,0.0,0.0,0.0,0.0,0.0,0.0,0.0,0.0,0.0,0.0,0.0,0.0,0.0,0.0,0.0,0.0,0.0,0.0,0.0,0.0,0.0,0.0,0.0,0.0,0.0,0.0,0.0,0.0,0.0,0.0,0.0,0.0,0.0,0.0,0.0,0.0,0.0,0.0,0.0,0.0,0.0,0.0,0.0,0.0,0.0,0.0,0.0,0.0,0.0,0.0,0.0,0.0
0.0,0.0,0.0,0.0,0.0,0.0,0.0,0.0,0.0,0.0,0.0,0.0,0.0,0.0,0.0,0.0,0.0,0.0,0.0,0.0,0.0,0.0,0.0,0.0,0.0,0.0,0.0,0.0,0.0,0.0,0.0,0.0,0.0,0.0,0.0,0.0,0.0,0.0,0.0,0.0,0.0,0.0,0.0,0.0,0.0,0.0,0.0,0.0,0.0,0.0,0.0,0.0,0.0,0.0,0.0,0.0,0.0,0.0,0.0,0.0,0.0,0.0,0.0,0.0,0.0,0.0,0.0,0.0,0.0,0.0,0.0,0.0,0.0,0.0,0.0,0.0,0.0,0.0,0.0,0.0,0.0,0.0,0.0,0.0,0.0
0.0,0.0,0.0,0.0,0.0,0.0,0.0,0.0,0.0,0.0,0.0,0.0,0.0,0.0,0.0,0.0,0.0,0.0,0.0,0.0,0.0,0.0,0.0,0.0,0.0,0.0,0.0,0.0,0.0,0.0,0.0,0.0,0.0,0.0,0.0,0.0,0.0,0.0,0.0,0.0,0.0,0.0,0.0,0.0,0.0,0.0,0.0,0.0,0.0,0.0,0.0,0.0,0.0,0.0,0.0,0.0,0.0,0.0,0.0,0.0,0.0,0.0,0.0,0.0,0.0,0.0,0.0,0.0,0.0,0.0,0.0,0.0,0.0,0.0,0.0,0.0,0.0,0.0,0.0,0.0,0.0,0.0,0.0,0.0,0.0
0.0,0.0,0.0,0.0,0.0,0.0,0.0,0.0,0.0,0.0,0.0,0.0,0.0,0.0,0.0,0.0,0.0,0.0,0.0,0.0,0.0,0.0,0.0,0.0,0.0,0.0,0.0,0.0,0.0,0.0,0.0,0.0,0.0,0.0,0.0,0.0,0.0,0.0,0.0,0.0,0.0,0.0,0.0,0.0,0.0,0.0,0.0,0.0,0.0,0.0,0.0,0.0,0.0,0.0,0.0,0.0,0.0,0.0,0.0,0.0,0.0,0.0,0.0,0.0,0.0,0.0,0.0,0.0,0.0,0.0,0.0,0.0,0.0,0.0,0.0,0.0,0.0,0.0,0.0,0.0,0.0,0.0,0.0,0.0,0.0
0.0,0.0,0.0,0.0,0.0,0.0,0.0,0.0,0.0,0.0,0.0,0.0,0.0,0.0,0.0,0.0,0.0,0.0,0.0,0.0,0.0,0.0,0.0,0.0,0.0,0.0,0.0,0.0,0.0,0.0,0.0,0.0,0.0,0.0,0.0,0.0,0.0,0.0,0.0,0.0,0.0,0.0,0.0,0.0,0.0,0.0,0.0,0.0,0.0,0.0,0.0,0.0,0.0,0.0,0.0,0.0,0.0,0.0,0.0,0.0,0.0,0.0,0.0,0.0,0.0,0.0,0.0,0.0,0.0,0.0,0.0,0.0,0.0,0.0,0.0,0.0,0.0,0.0,0.0,0.0,0.0,0.0,0.0,0.0,0.0
0.0,0.0,0.0,0.0,0.0,0.0,0.0,0.0,0.0,0.0,0.0,0.0,0.0,0.0,0.0,0.0,0.0,0.0,0.0,0.0,0.0,0.0,0.0,0.0,0.0,0.0,0.0,0.0,0.0,0.0,0.0,0.0,0.0,0.0,0.0,0.0,0.0,0.0,0.0,0.0,0.0,0.0,0.0,0.0,0.0,0.0,0.0,0.0,0.0,0.0,0.0,0.0,0.0,0.0,0.0,0.0,0.0,0.0,0.0,0.0,0.0,0.0,0.0,0.0,0.0,0.0,0.0,0.0,0.0,0.0,0.0,0.0,0.0,0.0,0.0,0.0,0.0,0.0,0.0,0.0,0.0,0.0,0.0,0.0,0.0
0.0,0.0,0.0,0.0,0.0,0.0,0.0,0.0,0.0,0.0,0.0,0.0,0.0,0.0,0.0,0.0,0.0,0.0,0.0,0.0,0.0,0.0,0.0,0.0,0.0,0.0,0.0,0.0,0.0,0.0,0.0,0.0,0.0,0.0,0.0,0.0,0.0,0.0,0.0,0.0,0.0,0.0,0.0,0.0,0.0,0.0,0.0,0.0,0.0,0.0,0.0,0.0,0.0,0.0,0.0,0.0,0.0,0.0,0.0,0.0,0.0,0.0,0.0,0.0,0.0,0.0,0.0,0.0,0.0,0.0,0.0,0.0,0.0,0.0,0.0,0.0,0.0,0.0,0.0,0.0,0.0,0.0,0.0,0.0,0.0
0.0,0.0,0.0,0.0,0.0,0.0,0.0,0.0,0.0,0.0,0.0,0.0,0.0,0.0,0.0,0.0,0.0,0.0,0.0,0.0,0.0,0.0,0.0,0.0,0.0,0.0,0.0,0.0,0.0,0.0,0.0,0.0,0.0,0.0,0.0,0.0,0.0,0.0,0.0,0.0,0.0,0.0,0.0,0.0,0.0,0.0,0.0,0.0,0.0,0.0,0.0,0.0,0.0,0.0,0.0,0.0,0.0,0.0,0.0,0.0,0.0,0.0,0.0,0.0,0.0,0.0,0.0,0.0,0.0,0.0,0.0,0.0,0.0,0.0,0.0,0.0,0.0,0.0,0.0,0.0,0.0,0.0,0.0,0.0,0.0
0.0,0.0,0.0,0.0,0.0,0.0,0.0,0.0,0.0,0.0,0.0,0.0,0.0,0.0,0.0,0.0,0.0,0.0,0.0,0.0,0.0,0.0,0.0,0.0,0.0,0.0,0.0,0.0,0.0,0.0,0.0,0.0,0.0,0.0,0.0,0.0,0.0,0.0,0.0,0.0,0.0,0.0,0.0,0.0,0.0,0.0,0.0,0.0,0.0,0.0,0.0,0.0,0.0,0.0,0.0,0.0,0.0,0.0,0.0,0.0,0.0,0.0,0.0,0.0,0.0,0.0,0.0,0.0,0.0,0.0,0.0,0.0,0.0,0.0,0.0,0.0,0.0,0.0,0.0,0.0,0.0,0.0,0.0,0.0,0.0
0.0,0.0,0.0,0.0,0.0,0.0,0.0,0.0,0.0,0.0,0.0,0.0,0.0,0.0,0.0,0.0,0.0,0.0,0.0,0.0,0.0,0.0,0.0,0.0,0.0,0.0,0.0,0.0,0.0,0.0,0.0,0.0,0.0,0.0,0.0,0.0,0.0,0.0,0.0,0.0,0.0,0.0,0.0,0.0,0.0,0.0,0.0,0.0,0.0,0.0,0.0,0.0,0.0,0.0,0.0,0.0,0.0,0.0,0.0,0.0,0.0,0.0,0.0,0.0,0.0,0.0,0.0,0.0,0.0,0.0,0.0,0.0,0.0,0.0,0.0,0.0,0.0,0.0,0.0,0.0,0.0,0.0,0.0,0.0,0.0
0.0,0.0,0.0,0.0,0.0,0.0,0.0,0.0,0.0,0.0,0.0,0.0,0.0,0.0,0.0,0.0,0.0,0.0,0.0,0.0,0.0,0.0,0.0,0.0,0.0,0.0,0.0,0.0,0.0,0.0,0.0,0.0,0.0,0.0,0.0,0.0,0.0,0.0,0.0,0.0,0.0,0.0,0.0,0.0,0.0,0.0,0.0,0.0,0.0,0.0,0.0,0.0,0.0,0.0,0.0,0.0,0.0,0.0,0.0,0.0,0.0,0.0,0.0,0.0,0.0,0.0,0.0,0.0,0.0,0.0,0.0,0.0,0.0,0.0,0.0,0.0,0.0,0.0,0.0,0.0,0.0,0.0,0.0,0.0,0.0
0.0,0.0,0.0,0.0,0.0,0.0,0.0,0.0,0.0,0.0,0.0,0.0,0.0,0.0,0.0,0.0,0.0,0.0,0.0,0.0,0.0,0.0,0.0,0.0,0.0,0.0,0.0,0.0,0.0,0.0,0.0,0.0,0.0,0.0,0.0,0.0,0.0,0.0,0.0,0.0,0.0,0.0,0.0,0.0,0.0,0.0,0.0,0.0,0.0,0.0,0.0,0.0,0.0,0.0,0.0,0.0,0.0,0.0,0.0,0.0,0.0,0.0,0.0,0.0,0.0,0.0,0.0,0.0,0.0,0.0,0.0,0.0,0.0,0.0,0.0,0.0,0.0,0.0,0.0,0.0,0.0,0.0,0.0,0.0,0.0
0.0,0.0,0.0,0.0,0.0,0.0,0.0,0.0,0.0,0.0,0.0,0.0,0.0,0.0,0.0,0.0,0.0,0.0,0.0,0.0,0.0,0.0,0.0,0.0,0.0,0.0,0.0,0.0,0.0,0.0,0.0,0.0,0.0,0.0,0.0,0.0,0.0,0.0,0.0,0.0,0.0,0.0,0.0,0.0,0.0,0.0,0.0,0.0,0.0,0.0,0.0,0.0,0.0,0.0,0.0,0.0,0.0,0.0,0.0,0.0,0.0,0.0,0.0,0.0,0.0,0.0,0.0,0.0,0.0,0.0,0.0,0.0,0.0,0.0,0.0,0.0,0.0,0.0,0.0,0.0,0.0,0.0,0.0,0.0,0.0
0.0,0.0,0.0,0.0,0.0,0.0,0.0,0.0,0.0,0.0,0.0,0.0,0.0,0.0,0.0,0.0,0.0,0.0,0.0,0.0,0.0,0.0,0.0,0.0,0.0,0.0,0.0,0.0,0.0,0.0,0.0,0.0,0.0,0.0,0.0,0.0,0.0,0.0,0.0,0.0,0.0,0.0,0.0,0.0,0.0,0.0,0.0,0.0,0.0,0.0,0.0,0.0,0.0,0.0,0.0,0.0,0.0,0.0,0.0,0.0,0.0,0.0,0.0,0.0,0.0,0.0,0.0,0.0,0.0,0.0,0.0,0.0,0.0,0.0,0.0,0.0,0.0,0.0,0.0,0.0,0.0,0.0,0.0,0.0,0.0
0.0,0.0,0.0,0.0,0.0,0.0,0.0,0.0,0.0,0.0,0.0,0.0,0.0,0.0,0.0,0.0,0.0,0.0,0.0,0.0,0.0,0.0,0.0,0.0,0.0,0.0,0.0,0.0,0.0,0.0,0.0,0.0,0.0,0.0,0.0,0.0,0.0,0.0,0.0,0.0,0.0,0.0,0.0,0.0,0.0,0.0,0.0,0.0,0.0,0.0,0.0,0.0,0.0,0.0,0.0,0.0,0.0,0.0,0.0,0.0,0.0,0.0,0.0,0.0,0.0,0.0,0.0,0.0,0.0,0.0,0.0,0.0,0.0,0.0,0.0,0.0,0.0,0.0,0.0,0.0,0.0,0.0,0.0,0.0,0.0
0.0,0.0,0.0,0.0,0.0,0.0,0.0,0.0,0.0,0.0,0.0,0.0,0.0,0.0,0.0,0.0,0.0,0.0,0.0,0.0,0.0,0.0,0.0,0.0,0.0,0.0,0.0,0.0,0.0,0.0,0.0,0.0,0.0,0.0,0.0,0.0,0.0,0.0,0.0,0.0,0.0,0.0,0.0,0.0,0.0,0.0,0.0,0.0,0.0,0.0,0.0,0.0,0.0,0.0,0.0,0.0,0.0,0.0,0.0,0.0,0.0,0.0,0.0,0.0,0.0,0.0,0.0,0.0,0.0,0.0,0.0,0.0,0.0,0.0,0.0,0.0,0.0,0.0,0.0,0.0,0.0,0.0,0.0,0.0,0.0
0.0,0.0,0.0,0.0,0.0,0.0,0.0,0.0,0.0,0.0,0.0,0.0,0.0,0.0,0.0,0.0,0.0,0.0,0.0,0.0,0.0,0.0,0.0,0.0,0.0,0.0,0.0,0.0,0.0,0.0,0.0,0.0,0.0,0.0,0.0,0.0,0.0,0.0,0.0,0.0,0.0,0.0,0.0,0.0,0.0,0.0,0.0,0.0,0.0,0.0,0.0,0.0,0.0,0.0,0.0,0.0,0.0,0.0,0.0,0.0,0.0,0.0,0.0,0.0,0.0,0.0,0.0,0.0,0.0,0.0,0.0,0.0,0.0,0.0,0.0,0.0,0.0,0.0,0.0,0.0,0.0,0.0,0.0,0.0,0.0
0.0,0.0,0.0,0.0,0.0,0.0,0.0,0.0,0.0,0.0,0.0,0.0,0.0,0.0,0.0,0.0,0.0,0.0,0.0,0.0,0.0,0.0,0.0,0.0,0.0,0.0,0.0,0.0,0.0,0.0,0.0,0.0,0.0,0.0,0.0,0.0,0.0,0.0,0.0,0.0,0.0,0.0,0.0,0.0,0.0,0.0,0.0,0.0,0.0,0.0,0.0,0.0,0.0,0.0,0.0,0.0,0.0,0.0,0.0,0.0,0.0,0.0,0.0,0.0,0.0,0.0,0.0,0.0,0.0,0.0,0.0,0.0,0.0,0.0,0.0,0.0,0.0,0.0,0.0,0.0,0.0,0.0,0.0,0.0,0.0
0.0,0.0,0.0,0.0,0.0,0.0,0.0,0.0,0.0,0.0,0.0,0.0,0.0,0.0,0.0,0.0,0.0,0.0,0.0,0.0,0.0,0.0,0.0,0.0,0.0,0.0,0.0,0.0,0.0,0.0,0.0,0.0,0.0,0.0,0.0,0.0,0.0,0.0,0.0,0.0,0.0,0.0,0.0,0.0,0.0,0.0,0.0,0.0,0.0,0.0,0.0,0.0,0.0,0.0,0.0,0.0,0.0,0.0,0.0,0.0,0.0,0.0,0.0,0.0,0.0,0.0,0.0,0.0,0.0,0.0,0.0,0.0,0.0,0.0,0.0,0.0,0.0,0.0,0.0,0.0,0.0,0.0,0.0,0.0,0.0
0.0,0.0,0.0,0.0,0.0,0.0,0.0,0.0,0.0,0.0,0.0,0.0,0.0,0.0,0.0,0.0,0.0,0.0,0.0,0.0,0.0,0.0,0.0,0.0,0.0,0.0,0.0,0.0,0.0,0.0,0.0,0.0,0.0,0.0,0.0,0.0,0.0,0.0,0.0,0.0,0.0,0.0,0.0,0.0,0.0,0.0,0.0,0.0,0.0,0.0,0.0,0.0,0.0,0.0,0.0,0.0,0.0,0.0,0.0,0.0,0.0,0.0,0.0,0.0,0.0,0.0,0.0,0.0,0.0,0.0,0.0,0.0,0.0,0.0,0.0,0.0,0.0,0.0,0.0,0.0,0.0,0.0,0.0,0.0,0.0
0.0,0.0,0.0,0.0,0.0,0.0,0.0,0.0,0.0,0.0,0.0,0.0,0.0,0.0,0.0,0.0,0.0,0.0,0.0,0.0,0.0,0.0,0.0,0.0,0.0,0.0,0.0,0.0,0.0,0.0,0.0,0.0,0.0,0.0,0.0,0.0,0.0,0.0,0.0,0.0,0.0,0.0,0.0,0.0,0.0,0.0,0.0,0.0,0.0,0.0,0.0,0.0,0.0,0.0,0.0,0.0,0.0,0.0,0.0,0.0,0.0,0.0,0.0,0.0,0.0,0.0,0.0,0.0,0.0,0.0,0.0,0.0,0.0,0.0,0.0,0.0,0.0,0.0,0.0,0.0,0.0,0.0,0.0,0.0,0.0
0.0,0.0,0.0,0.0,0.0,0.0,0.0,0.0,0.0,0.0,0.0,0.0,0.0,0.0,0.0,0.0,0.0,0.0,0.0,0.0,0.0,0.0,0.0,0.0,0.0,0.0,0.0,0.0,0.0,0.0,0.0,0.0,0.0,0.0,0.0,0.0,0.0,0.0,0.0,0.0,0.0,0.0,0.0,0.0,0.0,0.0,0.0,0.0,0.0,0.0,0.0,0.0,0.0,0.0,0.0,0.0,0.0,0.0,0.0,0.0,0.0,0.0,0.0,0.0,0.0,0.0,0.0,0.0,0.0,0.0,0.0,0.0,0.0,0.0,0.0,0.0,0.0,0.0,0.0,0.0,0.0,0.0,0.0,0.0,0.0
0.0,0.0,0.0,0.0,0.0,0.0,0.0,0.0,0.0,0.0,0.0,0.0,0.0,0.0,0.0,0.0,0.0,0.0,0.0,0.0,0.0,0.0,0.0,0.0,0.0,0.0,0.0,0.0,0.0,0.0,0.0,0.0,0.0,0.0,0.0,0.0,0.0,0.0,0.0,0.0,0.0,0.0,0.0,0.0,0.0,0.0,0.0,0.0,0.0,0.0,0.0,0.0,0.0,0.0,0.0,0.0,0.0,0.0,0.0,0.0,0.0,0.0,0.0,0.0,0.0,0.0,0.0,0.0,0.0,0.0,0.0,0.0,0.0,0.0,0.0,0.0,0.0,0.0,0.0,0.0,0.0,0.0,0.0,0.0,0.0
0.0,0.0,0.0,0.0,0.0,0.0,0.0,0.0,0.0,0.0,0.0,0.0,0.0,0.0,0.0,0.0,0.0,0.0,0.0,0.0,0.0,0.0,0.0,0.0,0.0,0.0,0.0,0.0,0.0,0.0,0.0,0.0,0.0,0.0,0.0,0.0,0.0,0.0,0.0,0.0,0.0,0.0,0.0,0.0,0.0,0.0,0.0,0.0,0.0,0.0,0.0,0.0,0.0,0.0,0.0,0.0,0.0,0.0,0.0,0.0,0.0,0.0,0.0,0.0,0.0,0.0,0.0,0.0,0.0,0.0,0.0,0.0,0.0,0.0,0.0,0.0,0.0,0.0,0.0,0.0,0.0,0.0,0.0,0.0,0.0
0.0,0.0,0.0,0.0,0.0,0.0,0.0,0.0,0.0,0.0,0.0,0.0,0.0,0.0,0.0,0.0,0.0,0.0,0.0,0.0,0.0,0.0,0.0,0.0,0.0,0.0,0.0,0.0,0.0,0.0,0.0,0.0,0.0,0.0,0.0,0.0,0.0,0.0,0.0,0.0,0.0,0.0,0.0,0.0,0.0,0.0,0.0,0.0,0.0,0.0,0.0,0.0,0.0,0.0,0.0,0.0,0.0,0.0,0.0,0.0,0.0,0.0,0.0,0.0,0.0,0.0,0.0,0.0,0.0,0.0,0.0,0.0,0.0,0.0,0.0,0.0,0.0,0.0,0.0,0.0,0.0,0.0,0.0,0.0,0.0
0.0,0.0,0.0,0.0,0.0,0.0,0.0,0.0,0.0,0.0,0.0,0.0,0.0,0.0,0.0,0.0,0.0,0.0,0.0,0.0,0.0,0.0,0.0,0.0,0.0,0.0,0.0,0.0,0.0,0.0,0.0,0.0,0.0,0.0,0.0,0.0,0.0,0.0,0.0,0.0,0.0,0.0,0.0,0.0,0.0,0.0,0.0,0.0,0.0,0.0,0.0,0.0,0.0,0.0,0.0,0.0,0.0,0.0,0.0,0.0,0.0,0.0,0.0,0.0,0.0,0.0,0.0,0.0,0.0,0.0,0.0,0.0,0.0,0.0,0.0,0.0,0.0,0.0,0.0,0.0,0.0,0.0,0.0,0.0,0.0
0.0,0.0,0.0,0.0,0.0,0.0,0.0,0.0,0.0,0.0,0.0,0.0,0.0,0.0,0.0,0.0,0.0,0.0,0.0,0.0,0.0,0.0,0.0,0.0,0.0,0.0,0.0,0.0,0.0,0.0,0.0,0.0,0.0,0.0,0.0,0.0,0.0,0.0,0.0,0.0,0.0,0.0,0.0,0.0,0.0,0.0,0.0,0.0,0.0,0.0,0.0,0.0,0.0,0.0,0.0,0.0,0.0,0.0,0.0,0.0,0.0,0.0,0.0,0.0,0.0,0.0,0.0,0.0,0.0,0.0,0.0,0.0,0.0,0.0,0.0,0.0,0.0,0.0,0.0,0.0,0.0,0.0,0.0,0.0,0.0
0.0,0.0,0.0,0.0,0.0,0.0,0.0,0.0,0.0,0.0,0.0,0.0,0.0,0.0,0.0,0.0,0.0,0.0,0.0,0.0,0.0,0.0,0.0,0.0,0.0,0.0,0.0,0.0,0.0,0.0,0.0,0.0,0.0,0.0,0.0,0.0,0.0,0.0,0.0,0.0,0.0,0.0,0.0,0.0,0.0,0.0,0.0,0.0,0.0,0.0,0.0,0.0,0.0,0.0,0.0,0.0,0.0,0.0,0.0,0.0,0.0,0.0,0.0,0.0,0.0,0.0,0.0,0.0,0.0,0.0,0.0,0.0,0.0,0.0,0.0,0.0,0.0,0.0,0.0,0.0,0.0,0.0,0.0,0.0,0.0
0.0,0.0,0.0,0.0,0.0,0.0,0.0,0.0,0.0,0.0,0.0,0.0,0.0,0.0,0.0,0.0,0.0,0.0,0.0,0.0,0.0,0.0,0.0,0.0,0.0,0.0,0.0,0.0,0.0,0.0,0.0,0.0,0.0,0.0,0.0,0.0,0.0,0.0,0.0,0.0,0.0,0.0,0.0,0.0,0.0,0.0,0.0,0.0,0.0,0.0,0.0,0.0,0.0,0.0,0.0,0.0,0.0,0.0,0.0,0.0,0.0,0.0,0.0,0.0,0.0,0.0,0.0,0.0,0.0,0.0,0.0,0.0,0.0,0.0,0.0,0.0,0.0,0.0,0.0,0.0,0.0,0.0,0.0,0.0,0.0
0.0,0.0,0.0,0.0,0.0,0.0,0.0,0.0,0.0,0.0,0.0,0.0,0.0,0.0,0.0,0.0,0.0,0.0,0.0,0.0,0.0,0.0,0.0,0.0,0.0,0.0,0.0,0.0,0.0,0.0,0.0,0.0,0.0,0.0,0.0,0.0,0.0,0.0,0.0,0.0,0.0,0.0,0.0,0.0,0.0,0.0,0.0,0.0,0.0,0.0,0.0,0.0,0.0,0.0,0.0,0.0,0.0,0.0,0.0,0.0,0.0,0.0,0.0,0.0,0.0,0.0,0.0,0.0,0.0,0.0,0.0,0.0,0.0,0.0,0.0,0.0,0.0,0.0,0.0,0.0,0.0,0.0,0.0,0.0,0.0
0.0,0.0,0.0,0.0,0.0,0.0,0.0,0.0,0.0,0.0,0.0,0.0,0.0,0.0,0.0,0.0,0.0,0.0,0.0,0.0,0.0,0.0,0.0,0.0,0.0,0.0,0.0,0.0,0.0,0.0,0.0,0.0,0.0,0.0,0.0,0.0,0.0,0.0,0.0,0.0,0.0,0.0,0.0,0.0,0.0,0.0,0.0,0.0,0.0,0.0,0.0,0.0,0.0,0.0,0.0,0.0,0.0,0.0,0.0,0.0,0.0,0.0,0.0,0.0,0.0,0.0,0.0,0.0,0.0,0.0,0.0,0.0,0.0,0.0,0.0,0.0,0.0,0.0,0.0,0.0,0.0,0.0,0.0,0.0,0.0
0.0,0.0,0.0,0.0,0.0,0.0,0.0,0.0,0.0,0.0,0.0,0.0,0.0,0.0,0.0,0.0,0.0,0.0,0.0,0.0,0.0,0.0,0.0,0.0,0.0,0.0,0.0,0.0,0.0,0.0,0.0,0.0,0.0,0.0,0.0,0.0,0.0,0.0,0.0,0.0,0.0,0.0,0.0,0.0,0.0,0.0,0.0,0.0,0.0,0.0,0.0,0.0,0.0,0.0,0.0,0.0,0.0,0.0,0.0,0.0,0.0,0.0,0.0,0.0,0.0,0.0,0.0,0.0,0.0,0.0,0.0,0.0,0.0,0.0,0.0,0.0,0.0,0.0,0.0,0.0,0.0,0.0,0.0,0.0,0.0
0.0,0.0,0.0,0.0,0.0,0.0,0.0,0.0,0.0,0.0,0.0,0.0,0.0,0.0,0.0,0.0,0.0,0.0,0.0,0.0,0.0,0.0,0.0,0.0,0.0,0.0,0.0,0.0,0.0,0.0,0.0,0.0,0.0,0.0,0.0,0.0,0.0,0.0,0.0,0.0,0.0,0.0,0.0,0.0,0.0,0.0,0.0,0.0,0.0,0.0,0.0,0.0,0.0,0.0,0.0,0.0,0.0,0.0,0.0,0.0,0.0,0.0,0.0,0.0,0.0,0.0,0.0,0.0,0.0,0.0,0.0,0.0,0.0,0.0,0.0,0.0,0.0,0.0,0.0,0.0,0.0,0.0,0.0,0.0,0.0
0.0,0.0,0.0,0.0,0.0,0.0,0.0,0.0,0.0,0.0,0.0,0.0,0.0,0.0,0.0,0.0,0.0,0.0,0.0,0.0,0.0,0.0,0.0,0.0,0.0,0.0,0.0,0.0,0.0,0.0,0.0,0.0,0.0,0.0,0.0,0.0,0.0,0.0,0.0,0.0,0.0,0.0,0.0,0.0,0.0,0.0,0.0,0.0,0.0,0.0,0.0,0.0,0.0,0.0,0.0,0.0,0.0,0.0,0.0,0.0,0.0,0.0,0.0,0.0,0.0,0.0,0.0,0.0,0.0,0.0,0.0,0.0,0.0,0.0,0.0,0.0,0.0,0.0,0.0,0.0,0.0,0.0,0.0,0.0,0.0
0.0,0.0,0.0,0.0,0.0,0.0,0.0,0.0,0.0,0.0,0.0,0.0,0.0,0.0,0.0,0.0,0.0,0.0,0.0,0.0,0.0,0.0,0.0,0.0,0.0,0.0,0.0,0.0,0.0,0.0,0.0,0.0,0.0,0.0,0.0,0.0,0.0,0.0,0.0,0.0,0.0,0.0,0.0,0.0,0.0,0.0,0.0,0.0,0.0,0.0,0.0,0.0,0.0,0.0,0.0,0.0,0.0,0.0,0.0,0.0,0.0,0.0,0.0,0.0,0.0,0.0,0.0,0.0,0.0,0.0,0.0,0.0,0.0,0.0,0.0,0.0,0.0,0.0,0.0,0.0,0.0,0.0,0.0,0.0,0.0
0.0,0.0,0.0,0.0,0.0,0.0,0.0,0.0,0.0,0.0,0.0,0.0,0.0,0.0,0.0,0.0,0.0,0.0,0.0,0.0,0.0,0.0,0.0,0.0,0.0,0.0,0.0,0.0,0.0,0.0,0.0,0.0,0.0,0.0,0.0,0.0,0.0,0.0,0.0,0.0,0.0,0.0,0.0,0.0,0.0,0.0,0.0,0.0,0.0,0.0,0.0,0.0,0.0,0.0,0.0,0.0,0.0,0.0,0.0,0.0,0.0,0.0,0.0,0.0,0.0,0.0,0.0,0.0,0.0,0.0,0.0,0.0,0.0,0.0,0.0,0.0,0.0,0.0,0.0,0.0,0.0,0.0,0.0,0.0,0.0
0.0,0.0,0.0,0.0,0.0,0.0,0.0,0.0,0.0,0.0,0.0,0.0,0.0,0.0,0.0,0.0,0.0,0.0,0.0,0.0,0.0,0.0,0.0,0.0,0.0,0.0,0.0,0.0,0.0,0.0,0.0,0.0,0.0,0.0,0.0,0.0,0.0,0.0,0.0,0.0,0.0,0.0,0.0,0.0,0.0,0.0,0.0,0.0,0.0,0.0,0.0,0.0,0.0,0.0,0.0,0.0,0.0,0.0,0.0,0.0,0.0,0.0,0.0,0.0,0.0,0.0,0.0,0.0,0.0,0.0,0.0,0.0,0.0,0.0,0.0,0.0,0.0,0.0,0.0,0.0,0.0,0.0,0.0,0.0,0.0
0.0,0.0,0.0,0.0,0.0,0.0,0.0,0.0,0.0,0.0,0.0,0.0,0.0,0.0,0.0,0.0,0.0,0.0,0.0,0.0,0.0,0.0,0.0,0.0,0.0,0.0,0.0,0.0,0.0,0.0,0.0,0.0,0.0,0.0,0.0,0.0,0.0,0.0,0.0,0.0,0.0,0.0,0.0,0.0,0.0,0.0,0.0,0.0,0.0,0.0,0.0,0.0,0.0,0.0,0.0,0.0,0.0,0.0,0.0,0.0,0.0,0.0,0.0,0.0,0.0,0.0,0.0,0.0,0.0,0.0,0.0,0.0,0.0,0.0,0.0,0.0,0.0,0.0,0.0,0.0,0.0,0.0,0.0,0.0,0.0
0.0,0.0,0.0,0.0,0.0,0.0,0.0,0.0,0.0,0.0,0.0,0.0,0.0,0.0,0.0,0.0,0.0,0.0,0.0,0.0,0.0,0.0,0.0,0.0,0.0,0.0,0.0,0.0,0.0,0.0,0.0,0.0,0.0,0.0,0.0,0.0,0.0,0.0,0.0,0.0,0.0,0.0,0.0,0.0,0.0,0.0,0.0,0.0,0.0,0.0,0.0,0.0,0.0,0.0,0.0,0.0,0.0,0.0,0.0,0.0,0.0,0.0,0.0,0.0,0.0,0.0,0.0,0.0,0.0,0.0,0.0,0.0,0.0,0.0,0.0,0.0,0.0,0.0,0.0,0.0,0.0,0.0,0.0,0.0,0.0
0.0,0.0,0.0,0.0,0.0,0.0,0.0,0.0,0.0,0.0,0.0,0.0,0.0,0.0,0.0,0.0,0.0,0.0,0.0,0.0,0.0,0.0,0.0,0.0,0.0,0.0,0.0,0.0,0.0,0.0,0.0,0.0,0.0,0.0,0.0,0.0,0.0,0.0,0.0,0.0,0.0,0.0,0.0,0.0,0.0,0.0,0.0,0.0,0.0,0.0,0.0,0.0,0.0,0.0,0.0,0.0,0.0,0.0,0.0,0.0,0.0,0.0,0.0,0.0,0.0,0.0,0.0,0.0,0.0,0.0,0.0,0.0,0.0,0.0,0.0,0.0,0.0,0.0,0.0,0.0,0.0,0.0,0.0,0.0,0.0
0.0,0.0,0.0,0.0,0.0,0.0,0.0,0.0,0.0,0.0,0.0,0.0,0.0,0.0,0.0,0.0,0.0,0.0,0.0,0.0,0.0,0.0,0.0,0.0,0.0,0.0,0.0,0.0,0.0,0.0,0.0,0.0,0.0,0.0,0.0,0.0,0.0,0.0,0.0,0.0,0.0,0.0,0.0,0.0,0.0,0.0,0.0,0.0,0.0,0.0,0.0,0.0,0.0,0.0,0.0,0.0,0.0,0.0,0.0,0.0,0.0,0.0,0.0,0.0,0.0,0.0,0.0,0.0,0.0,0.0,0.0,0.0,0.0,0.0,0.0,0.0,0.0,0.0,0.0,0.0,0.0,0.0,0.0,0.0,0.0
0.0,0.0,0.0,0.0,0.0,0.0,0.0,0.0,0.0,0.0,0.0,0.0,0.0,0.0,0.0,0.0,0.0,0.0,0.0,0.0,0.0,0.0,0.0,0.0,0.0,0.0,0.0,0.0,0.0,0.0,0.0,0.0,0.0,0.0,0.0,0.0,0.0,0.0,0.0,0.0,0.0,0.0,0.0,0.0,0.0,0.0,0.0,0.0,0.0,0.0,0.0,0.0,0.0,0.0,0.0,0.0,0.0,0.0,0.0,0.0,0.0,0.0,0.0,0.0,0.0,0.0,0.0,0.0,0.0,0.0,0.0,0.0,0.0,0.0,0.0,0.0,0.0,0.0,0.0,0.0,0.0,0.0,0.0,0.0,0.0
0.0,0.0,0.0,0.0,0.0,0.0,0.0,0.0,0.0,0.0,0.0,0.0,0.0,0.0,0.0,0.0,0.0,0.0,0.0,0.0,0.0,0.0,0.0,0.0,0.0,0.0,0.0,0.0,0.0,0.0,0.0,0.0,0.0,0.0,0.0,0.0,0.0,0.0,0.0,0.0,0.0,0.0,0.0,0.0,0.0,0.0,0.0,0.0,0.0,0.0,0.0,0.0,0.0,0.0,0.0,0.0,0.0,0.0,0.0,0.0,0.0,0.0,0.0,0.0,0.0,0.0,0.0,0.0,0.0,0.0,0.0,0.0,0.0,0.0,0.0,0.0,0.0,0.0,0.0,0.0,0.0,0.0,0.0,0.0,0.0
0.0,0.0,0.0,0.0,0.0,0.0,0.0,0.0,0.0,0.0,0.0,0.0,0.0,0.0,0.0,0.0,0.0,0.0,0.0,0.0,0.0,0.0,0.0,0.0,0.0,0.0,0.0,0.0,0.0,0.0,0.0,0.0,0.0,0.0,0.0,0.0,0.0,0.0,0.0,0.0,0.0,0.0,0.0,0.0,0.0,0.0,0.0,0.0,0.0,0.0,0.0,0.0,0.0,0.0,0.0,0.0,0.0,0.0,0.0,0.0,0.0,0.0,0.0,0.0,0.0,0.0,0.0,0.0,0.0,0.0,0.0,0.0,0.0,0.0,0.0,0.0,0.0,0.0,0.0,0.0,0.0,0.0,0.0,0.0,0.0
0.0,0.0,0.0,0.0,0.0,0.0,0.0,0.0,0.0,0.0,0.0,0.0,0.0,0.0,0.0,0.0,0.0,0.0,0.0,0.0,0.0,0.0,0.0,0.0,0.0,0.0,0.0,0.0,0.0,0.0,0.0,0.0,0.0,0.0,0.0,0.0,0.0,0.0,0.0,0.0,0.0,0.0,0.0,0.0,0.0,0.0,0.0,0.0,0.0,0.0,0.0,0.0,0.0,0.0,0.0,0.0,0.0,0.0,0.0,0.0,0.0,0.0,0.0,0.0,0.0,0.0,0.0,0.0,0.0,0.0,0.0,0.0,0.0,0.0,0.0,0.0,0.0,0.0,0.0,0.0,0.0,0.0,0.0,0.0,0.0
0.0,0.0,0.0,0.0,0.0,0.0,0.0,0.0,0.0,0.0,0.0,0.0,0.0,0.0,0.0,0.0,0.0,0.0,0.0,0.0,0.0,0.0,0.0,0.0,0.0,0.0,0.0,0.0,0.0,0.0,0.0,0.0,0.0,0.0,0.0,0.0,0.0,0.0,0.0,0.0,0.0,0.0,0.0,0.0,0.0,0.0,0.0,0.0,0.0,0.0,0.0,0.0,0.0,0.0,0.0,0.0,0.0,0.0,0.0,0.0,0.0,0.0,0.0,0.0,0.0,0.0,0.0,0.0,0.0,0.0,0.0,0.0,0.0,0.0,0.0,0.0,0.0,0.0,0.0,0.0,0.0,0.0,0.0,0.0,0.0
0.0,0.0,0.0,0.0,0.0,0.0,0.0,0.0,0.0,0.0,0.0,0.0,0.0,0.0,0.0,0.0,0.0,0.0,0.0,0.0,0.0,0.0,0.0,0.0,0.0,0.0,0.0,0.0,0.0,0.0,0.0,0.0,0.0,0.0,0.0,0.0,0.0,0.0,0.0,0.0,0.0,0.0,0.0,0.0,0.0,0.0,0.0,0.0,0.0,0.0,0.0,0.0,0.0,0.0,0.0,0.0,0.0,0.0,0.0,0.0,0.0,0.0,0.0,0.0,0.0,0.0,0.0,0.0,0.0,0.0,0.0,0.0,0.0,0.0,0.0,0.0,0.0,0.0,0.0,0.0,0.0,0.0,0.0,0.0,0.0
0.0,0.0,0.0,0.0,0.0,0.0,0.0,0.0,0.0,0.0,0.0,0.0,0.0,0.0,0.0,0.0,0.0,0.0,0.0,0.0,0.0,0.0,0.0,0.0,0.0,0.0,0.0,0.0,0.0,0.0,0.0,0.0,0.0,0.0,0.0,0.0,0.0,0.0,0.0,0.0,0.0,0.0,0.0,0.0,0.0,0.0,0.0,0.0,0.0,0.0,0.0,0.0,0.0,0.0,0.0,0.0,0.0,0.0,0.0,0.0,0.0,0.0,0.0,0.0,0.0,0.0,0.0,0.0,0.0,0.0,0.0,0.0,0.0,0.0,0.0,0.0,0.0,0.0,0.0,0.0,0.0,0.0,0.0,0.0,0.0
0.0,0.0,0.0,0.0,0.0,0.0,0.0,0.0,0.0,0.0,0.0,0.0,0.0,0.0,0.0,0.0,0.0,0.0,0.0,0.0,0.0,0.0,0.0,0.0,0.0,0.0,0.0,0.0,0.0,0.0,0.0,0.0,0.0,0.0,0.0,0.0,0.0,0.0,0.0,0.0,0.0,0.0,0.0,0.0,0.0,0.0,0.0,0.0,0.0,0.0,0.0,0.0,0.0,0.0,0.0,0.0,0.0,0.0,0.0,0.0,0.0,0.0,0.0,0.0,0.0,0.0,0.0,0.0,0.0,0.0,0.0,0.0,0.0,0.0,0.0,0.0,0.0,0.0,0.0,0.0,0.0,0.0,0.0,0.0,0.0
0.0,0.0,0.0,0.0,0.0,0.0,0.0,0.0,0.0,0.0,0.0,0.0,0.0,0.0,0.0,0.0,0.0,0.0,0.0,0.0,0.0,0.0,0.0,0.0,0.0,0.0,0.0,0.0,0.0,0.0,0.0,0.0,0.0,0.0,0.0,0.0,0.0,0.0,0.0,0.0,0.0,0.0,0.0,0.0,0.0,0.0,0.0,0.0,0.0,0.0,0.0,0.0,0.0,0.0,0.0,0.0,0.0,0.0,0.0,0.0,0.0,0.0,0.0,0.0,0.0,0.0,0.0,0.0,0.0,0.0,0.0,0.0,0.0,0.0,0.0,0.0,0.0,0.0,0.0,0.0,0.0,0.0,0.0,0.0,0.0
0.0,0.0,0.0,0.0,0.0,0.0,0.0,0.0,0.0,0.0,0.0,0.0,0.0,0.0,0.0,0.0,0.0,0.0,0.0,0.0,0.0,0.0,0.0,0.0,0.0,0.0,0.0,0.0,0.0,0.0,0.0,0.0,0.0,0.0,0.0,0.0,0.0,0.0,0.0,0.0,0.0,0.0,0.0,0.0,0.0,0.0,0.0,0.0,0.0,0.0,0.0,0.0,0.0,0.0,0.0,0.0,0.0,0.0,0.0,0.0,0.0,0.0,0.0,0.0,0.0,0.0,0.0,0.0,0.0,0.0,0.0,0.0,0.0,0.0,0.0,0.0,0.0,0.0,0.0,0.0,0.0,0.0,0.0,0.0,0.0
0.0,0.0,0.0,0.0,0.0,0.0,0.0,0.0,0.0,0.0,0.0,0.0,0.0,0.0,0.0,0.0,0.0,0.0,0.0,0.0,0.0,0.0,0.0,0.0,0.0,0.0,0.0,0.0,0.0,0.0,0.0,0.0,0.0,0.0,0.0,0.0,0.0,0.0,0.0,0.0,0.0,0.0,0.0,0.0,0.0,0.0,0.0,0.0,0.0,0.0,0.0,0.0,0.0,0.0,0.0,0.0,0.0,0.0,0.0,0.0,0.0,0.0,0.0,0.0,0.0,0.0,0.0,0.0,0.0,0.0,0.0,0.0,0.0,0.0,0.0,0.0,0.0,0.0,0.0,0.0,0.0,0.0,0.0,0.0,0.0
0.0,0.0,0.0,0.0,0.0,0.0,0.0,0.0,0.0,0.0,0.0,0.0,0.0,0.0,0.0,0.0,0.0,0.0,0.0,0.0,0.0,0.0,0.0,0.0,0.0,0.0,0.0,0.0,0.0,0.0,0.0,0.0,0.0,0.0,0.0,0.0,0.0,0.0,0.0,0.0,0.0,0.0,0.0,0.0,0.0,0.0,0.0,0.0,0.0,0.0,0.0,0.0,0.0,0.0,0.0,0.0,0.0,0.0,0.0,0.0,0.0,0.0,0.0,0.0,0.0,0.0,0.0,0.0,0.0,0.0,0.0,0.0,0.0,0.0,0.0,0.0,0.0,0.0,0.0,0.0,0.0,0.0,0.0,0.0,0.0
0.0,0.0,0.0,0.0,0.0,0.0,0.0,0.0,0.0,0.0,0.0,0.0,0.0,0.0,0.0,0.0,0.0,0.0,0.0,0.0,0.0,0.0,0.0,0.0,0.0,0.0,0.0,0.0,0.0,0.0,0.0,0.0,0.0,0.0,0.0,0.0,0.0,0.0,0.0,0.0,0.0,0.0,0.0,0.0,0.0,0.0,0.0,0.0,0.0,0.0,0.0,0.0,0.0,0.0,0.0,0.0,0.0,0.0,0.0,0.0,0.0,0.0,0.0,0.0,0.0,0.0,0.0,0.0,0.0,0.0,0.0,0.0,0.0,0.0,0.0,0.0,0.0,0.0,0.0,0.0,0.0,0.0,0.0,0.0,0.0
0.0,0.0,0.0,0.0,0.0,0.0,0.0,0.0,0.0,0.0,0.0,0.0,0.0,0.0,0.0,0.0,0.0,0.0,0.0,0.0,0.0,0.0,0.0,0.0,0.0,0.0,0.0,0.0,0.0,0.0,0.0,0.0,0.0,0.0,0.0,0.0,0.0,0.0,0.0,0.0,0.0,0.0,0.0,0.0,0.0,0.0,0.0,0.0,0.0,0.0,0.0,0.0,0.0,0.0,0.0,0.0,0.0,0.0,0.0,0.0,0.0,0.0,0.0,0.0,0.0,0.0,0.0,0.0,0.0,0.0,0.0,0.0,0.0,0.0,0.0,0.0,0.0,0.0,0.0,0.0,0.0,0.0,0.0,0.0,0.0
0.0,0.0,0.0,0.0,0.0,0.0,0.0,0.0,0.0,0.0,0.0,0.0,0.0,0.0,0.0,0.0,0.0,0.0,0.0,0.0,0.0,0.0,0.0,0.0,0.0,0.0,0.0,0.0,0.0,0.0,0.0,0.0,0.0,0.0,0.0,0.0,0.0,0.0,0.0,0.0,0.0,0.0,0.0,0.0,0.0,0.0,0.0,0.0,0.0,0.0,0.0,0.0,0.0,0.0,0.0,0.0,0.0,0.0,0.0,0.0,0.0,0.0,0.0,0.0,0.0,0.0,0.0,0.0,0.0,0.0,0.0,0.0,0.0,0.0,0.0,0.0,0.0,0.0,0.0,0.0,0.0,0.0,0.0,0.0,0.0
0.0,0.0,0.0,0.0,0.0,0.0,0.0,0.0,0.0,0.0,0.0,0.0,0.0,0.0,0.0,0.0,0.0,0.0,0.0,0.0,0.0,0.0,0.0,0.0,0.0,0.0,0.0,0.0,0.0,0.0,0.0,0.0,0.0,0.0,0.0,0.0,0.0,0.0,0.0,0.0,0.0,0.0,0.0,0.0,0.0,0.0,0.0,0.0,0.0,0.0,0.0,0.0,0.0,0.0,0.0,0.0,0.0,0.0,0.0,0.0,0.0,0.0,0.0,0.0,0.0,0.0,0.0,0.0,0.0,0.0,0.0,0.0,0.0,0.0,0.0,0.0,0.0,0.0,0.0,0.0,0.0,0.0,0.0,0.0,0.0
0.0,0.0,0.0,0.0,0.0,0.0,0.0,0.0,0.0,0.0,0.0,0.0,0.0,0.0,0.0,0.0,0.0,0.0,0.0,0.0,0.0,0.0,0.0,0.0,0.0,0.0,0.0,0.0,0.0,0.0,0.0,0.0,0.0,0.0,0.0,0.0,0.0,0.0,0.0,0.0,0.0,0.0,0.0,0.0,0.0,0.0,0.0,0.0,0.0,0.0,0.0,0.0,0.0,0.0,0.0,0.0,0.0,0.0,0.0,0.0,0.0,0.0,0.0,0.0,0.0,0.0,0.0,0.0,0.0,0.0,0.0,0.0,0.0,0.0,0.0,0.0,0.0,0.0,0.0,0.0,0.0,0.0,0.0,0.0,0.0
0.0,0.0,0.0,0.0,0.0,0.0,0.0,0.0,0.0,0.0,0.0,0.0,0.0,0.0,0.0,0.0,0.0,0.0,0.0,0.0,0.0,0.0,0.0,0.0,0.0,0.0,0.0,0.0,0.0,0.0,0.0,0.0,0.0,0.0,0.0,0.0,0.0,0.0,0.0,0.0,0.0,0.0,0.0,0.0,0.0,0.0,0.0,0.0,0.0,0.0,0.0,0.0,0.0,0.0,0.0,0.0,0.0,0.0,0.0,0.0,0.0,0.0,0.0,0.0,0.0,0.0,0.0,0.0,0.0,0.0,0.0,0.0,0.0,0.0,0.0,0.0,0.0,0.0,0.0,0.0,0.0,0.0,0.0,0.0,0.0
0.0,0.0,0.0,0.0,0.0,0.0,0.0,0.0,0.0,0.0,0.0,0.0,0.0,0.0,0.0,0.0,0.0,0.0,0.0,0.0,0.0,0.0,0.0,0.0,0.0,0.0,0.0,0.0,0.0,0.0,0.0,0.0,0.0,0.0,0.0,0.0,0.0,0.0,0.0,0.0,0.0,0.0,0.0,0.0,0.0,0.0,0.0,0.0,0.0,0.0,0.0,0.0,0.0,0.0,0.0,0.0,0.0,0.0,0.0,0.0,0.0,0.0,0.0,0.0,0.0,0.0,0.0,0.0,0.0,0.0,0.0,0.0,0.0,0.0,0.0,0.0,0.0,0.0,0.0,0.0,0.0,0.0,0.0,0.0,0.0
0.0,0.0,0.0,0.0,0.0,0.0,0.0,0.0,0.0,0.0,0.0,0.0,0.0,0.0,0.0,0.0,0.0,0.0,0.0,0.0,0.0,0.0,0.0,0.0,0.0,0.0,0.0,0.0,0.0,0.0,0.0,0.0,0.0,0.0,0.0,0.0,0.0,0.0,0.0,0.0,0.0,0.0,0.0,0.0,0.0,0.0,0.0,0.0,0.0,0.0,0.0,0.0,0.0,0.0,0.0,0.0,0.0,0.0,0.0,0.0,0.0,0.0,0.0,0.0,0.0,0.0,0.0,0.0,0.0,0.0,0.0,0.0,0.0,0.0,0.0,0.0,0.0,0.0,0.0,0.0,0.0,0.0,0.0,0.0,0.0
0.0,0.0,0.0,0.0,0.0,0.0,0.0,0.0,0.0,0.0,0.0,0.0,0.0,0.0,0.0,0.0,0.0,0.0,0.0,0.0,0.0,0.0,0.0,0.0,0.0,0.0,0.0,0.0,0.0,0.0,0.0,0.0,0.0,0.0,0.0,0.0,0.0,0.0,0.0,0.0,0.0,0.0,0.0,0.0,0.0,0.0,0.0,0.0,0.0,0.0,0.0,0.0,0.0,0.0,0.0,0.0,0.0,0.0,0.0,0.0,0.0,0.0,0.0,0.0,0.0,0.0,0.0,0.0,0.0,0.0,0.0,0.0,0.0,0.0,0.0,0.0,0.0,0.0,0.0,0.0,0.0,0.0,0.0,0.0,0.0
0.0,0.0,0.0,0.0,0.0,0.0,0.0,0.0,0.0,0.0,0.0,0.0,0.0,0.0,0.0,0.0,0.0,0.0,0.0,0.0,0.0,0.0,0.0,0.0,0.0,0.0,0.0,0.0,0.0,0.0,0.0,0.0,0.0,0.0,0.0,0.0,0.0,0.0,0.0,0.0,0.0,0.0,0.0,0.0,0.0,0.0,0.0,0.0,0.0,0.0,0.0,0.0,0.0,0.0,0.0,0.0,0.0,0.0,0.0,0.0,0.0,0.0,0.0,0.0,0.0,0.0,0.0,0.0,0.0,0.0,0.0,0.0,0.0,0.0,0.0,0.0,0.0,0.0,0.0,0.0,0.0,0.0,0.0,0.0,0.0
0.0,0.0,0.0,0.0,0.0,0.0,0.0,0.0,0.0,0.0,0.0,0.0,0.0,0.0,0.0,0.0,0.0,0.0,0.0,0.0,0.0,0.0,0.0,0.0,0.0,0.0,0.0,0.0,0.0,0.0,0.0,0.0,0.0,0.0,0.0,0.0,0.0,0.0,0.0,0.0,0.0,0.0,0.0,0.0,0.0,0.0,0.0,0.0,0.0,0.0,0.0,0.0,0.0,0.0,0.0,0.0,0.0,0.0,0.0,0.0,0.0,0.0,0.0,0.0,0.0,0.0,0.0,0.0,0.0,0.0,0.0,0.0,0.0,0.0,0.0,0.0,0.0,0.0,0.0,0.0,0.0,0.0,0.0,0.0,0.0
0.0,0.0,0.0,0.0,0.0,0.0,0.0,0.0,0.0,0.0,0.0,0.0,0.0,0.0,0.0,0.0,0.0,0.0,0.0,0.0,0.0,0.0,0.0,0.0,0.0,0.0,0.0,0.0,0.0,0.0,0.0,0.0,0.0,0.0,0.0,0.0,0.0,0.0,0.0,0.0,0.0,0.0,0.0,0.0,0.0,0.0,0.0,0.0,0.0,0.0,0.0,0.0,0.0,0.0,0.0,0.0,0.0,0.0,0.0,0.0,0.0,0.0,0.0,0.0,0.0,0.0,0.0,0.0,0.0,0.0,0.0,0.0,0.0,0.0,0.0,0.0,0.0,0.0,0.0,0.0,0.0,0.0,0.0,0.0,0.0
0.0,0.0,0.0,0.0,0.0,0.0,0.0,0.0,0.0,0.0,0.0,0.0,0.0,0.0,0.0,0.0,0.0,0.0,0.0,0.0,0.0,0.0,0.0,0.0,0.0,0.0,0.0,0.0,0.0,0.0,0.0,0.0,0.0,0.0,0.0,0.0,0.0,0.0,0.0,0.0,0.0,0.0,0.0,0.0,0.0,0.0,0.0,0.0,0.0,0.0,0.0,0.0,0.0,0.0,0.0,0.0,0.0,0.0,0.0,0.0,0.0,0.0,0.0,0.0,0.0,0.0,0.0,0.0,0.0,0.0,0.0,0.0,0.0,0.0,0.0,0.0,0.0,0.0,0.0,0.0,0.0,0.0,0.0,0.0,0.0
0.0,0.0,0.0,0.0,0.0,0.0,0.0,0.0,0.0,0.0,0.0,0.0,0.0,0.0,0.0,0.0,0.0,0.0,0.0,0.0,0.0,0.0,0.0,0.0,0.0,0.0,0.0,0.0,0.0,0.0,0.0,0.0,0.0,0.0,0.0,0.0,0.0,0.0,0.0,0.0,0.0,0.0,0.0,0.0,0.0,0.0,0.0,0.0,0.0,0.0,0.0,0.0,0.0,0.0,0.0,0.0,0.0,0.0,0.0,0.0,0.0,0.0,0.0,0.0,0.0,0.0,0.0,0.0,0.0,0.0,0.0,0.0,0.0,0.0,0.0,0.0,0.0,0.0,0.0,0.0,0.0,0.0,0.0,0.0,0.0
0.0,0.0,0.0,0.0,0.0,0.0,0.0,0.0,0.0,0.0,0.0,0.0,0.0,0.0,0.0,0.0,0.0,0.0,0.0,0.0,0.0,0.0,0.0,0.0,0.0,0.0,0.0,0.0,0.0,0.0,0.0,0.0,0.0,0.0,0.0,0.0,0.0,0.0,0.0,0.0,0.0,0.0,0.0,0.0,0.0,0.0,0.0,0.0,0.0,0.0,0.0,0.0,0.0,0.0,0.0,0.0,0.0,0.0,0.0,0.0,0.0,0.0,0.0,0.0,0.0,0.0,0.0,0.0,0.0,0.0,0.0,0.0,0.0,0.0,0.0,0.0,0.0,0.0,0.0,0.0,0.0,0.0,0.0,0.0,0.0
0.0,0.0,0.0,0.0,0.0,0.0,0.0,0.0,0.0,0.0,0.0,0.0,0.0,0.0,0.0,0.0,0.0,0.0,0.0,0.0,0.0,0.0,0.0,0.0,0.0,0.0,0.0,0.0,0.0,0.0,0.0,0.0,0.0,0.0,0.0,0.0,0.0,0.0,0.0,0.0,0.0,0.0,0.0,0.0,0.0,0.0,0.0,0.0,0.0,0.0,0.0,0.0,0.0,0.0,0.0,0.0,0.0,0.0,0.0,0.0,0.0,0.0,0.0,0.0,0.0,0.0,0.0,0.0,0.0,0.0,0.0,0.0,0.0,0.0,0.0,0.0,0.0,0.0,0.0,0.0,0.0,0.0,0.0,0.0,0.0
0.0,0.0,0.0,0.0,0.0,0.0,0.0,0.0,0.0,0.0,0.0,0.0,0.0,0.0,0.0,0.0,0.0,0.0,0.0,0.0,0.0,0.0,0.0,0.0,0.0,0.0,0.0,0.0,0.0,0.0,0.0,0.0,0.0,0.0,0.0,0.0,0.0,0.0,0.0,0.0,0.0,0.0,0.0,0.0,0.0,0.0,0.0,0.0,0.0,0.0,0.0,0.0,0.0,0.0,0.0,0.0,0.0,0.0,0.0,0.0,0.0,0.0,0.0,0.0,0.0,0.0,0.0,0.0,0.0,0.0,0.0,0.0,0.0,0.0,0.0,0.0,0.0,0.0,0.0,0.0,0.0,0.0,0.0,0.0,0.0
0.0,0.0,0.0,0.0,0.0,0.0,0.0,0.0,0.0,0.0,0.0,0.0,0.0,0.0,0.0,0.0,0.0,0.0,0.0,0.0,0.0,0.0,0.0,0.0,0.0,0.0,0.0,0.0,0.0,0.0,0.0,0.0,0.0,0.0,0.0,0.0,0.0,0.0,0.0,0.0,0.0,0.0,0.0,0.0,0.0,0.0,0.0,0.0,0.0,0.0,0.0,0.0,0.0,0.0,0.0,0.0,0.0,0.0,0.0,0.0,0.0,0.0,0.0,0.0,0.0,0.0,0.0,0.0,0.0,0.0,0.0,0.0,0.0,0.0,0.0,0.0,0.0,0.0,0.0,0.0,0.0,0.0,0.0,0.0,0.0
0.0,0.0,0.0,0.0,0.0,0.0,0.0,0.0,0.0,0.0,0.0,0.0,0.0,0.0,0.0,0.0,0.0,0.0,0.0,0.0,0.0,0.0,0.0,0.0,0.0,0.0,0.0,0.0,0.0,0.0,0.0,0.0,0.0,0.0,0.0,0.0,0.0,0.0,0.0,0.0,0.0,0.0,0.0,0.0,0.0,0.0,0.0,0.0,0.0,0.0,0.0,0.0,0.0,0.0,0.0,0.0,0.0,0.0,0.0,0.0,0.0,0.0,0.0,0.0,0.0,0.0,0.0,0.0,0.0,0.0,0.0,0.0,0.0,0.0,0.0,0.0,0.0,0.0,0.0,0.0,0.0,0.0,0.0,0.0,0.0
0.0,0.0,0.0,0.0,0.0,0.0,0.0,0.0,0.0,0.0,0.0,0.0,0.0,0.0,0.0,0.0,0.0,0.0,0.0,0.0,0.0,0.0,0.0,0.0,0.0,0.0,0.0,0.0,0.0,0.0,0.0,0.0,0.0,0.0,0.0,0.0,0.0,0.0,0.0,0.0,0.0,0.0,0.0,0.0,0.0,0.0,0.0,0.0,0.0,0.0,0.0,0.0,0.0,0.0,0.0,0.0,0.0,0.0,0.0,0.0,0.0,0.0,0.0,0.0,0.0,0.0,0.0,0.0,0.0,0.0,0.0,0.0,0.0,0.0,0.0,0.0,0.0,0.0,0.0,0.0,0.0,0.0,0.0,0.0,0.0
0.0,0.0,0.0,0.0,0.0,0.0,0.0,0.0,0.0,0.0,0.0,0.0,0.0,0.0,0.0,0.0,0.0,0.0,0.0,0.0,0.0,0.0,0.0,0.0,0.0,0.0,0.0,0.0,0.0,0.0,0.0,0.0,0.0,0.0,0.0,0.0,0.0,0.0,0.0,0.0,0.0,0.0,0.0,0.0,0.0,0.0,0.0,0.0,0.0,0.0,0.0,0.0,0.0,0.0,0.0,0.0,0.0,0.0,0.0,0.0,0.0,0.0,0.0,0.0,0.0,0.0,0.0,0.0,0.0,0.0,0.0,0.0,0.0,0.0,0.0,0.0,0.0,0.0,0.0,0.0,0.0,0.0,0.0,0.0,0.0
0.0,0.0,0.0,0.0,0.0,0.0,0.0,0.0,0.0,0.0,0.0,0.0,0.0,0.0,0.0,0.0,0.0,0.0,0.0,0.0,0.0,0.0,0.0,0.0,0.0,0.0,0.0,0.0,0.0,0.0,0.0,0.0,0.0,0.0,0.0,0.0,0.0,0.0,0.0,0.0,0.0,0.0,0.0,0.0,0.0,0.0,0.0,0.0,0.0,0.0,0.0,0.0,0.0,0.0,0.0,0.0,0.0,0.0,0.0,0.0,0.0,0.0,0.0,0.0,0.0,0.0,0.0,0.0,0.0,0.0,0.0,0.0,0.0,0.0,0.0,0.0,0.0,0.0,0.0,0.0,0.0,0.0,0.0,0.0,0.0
0.0,0.0,0.0,0.0,0.0,0.0,0.0,0.0,0.0,0.0,0.0,0.0,0.0,0.0,0.0,0.0,0.0,0.0,0.0,0.0,0.0,0.0,0.0,0.0,0.0,0.0,0.0,0.0,0.0,0.0,0.0,0.0,0.0,0.0,0.0,0.0,0.0,0.0,0.0,0.0,0.0,0.0,0.0,0.0,0.0,0.0,0.0,0.0,0.0,0.0,0.0,0.0,0.0,0.0,0.0,0.0,0.0,0.0,0.0,0.0,0.0,0.0,0.0,0.0,0.0,0.0,0.0,0.0,0.0,0.0,0.0,0.0,0.0,0.0,0.0,0.0,0.0,0.0,0.0,0.0,0.0,0.0,0.0,0.0,0.0
0.0,0.0,0.0,0.0,0.0,0.0,0.0,0.0,0.0,0.0,0.0,0.0,0.0,0.0,0.0,0.0,0.0,0.0,0.0,0.0,0.0,0.0,0.0,0.0,0.0,0.0,0.0,0.0,0.0,0.0,0.0,0.0,0.0,0.0,0.0,0.0,0.0,0.0,0.0,0.0,0.0,0.0,0.0,0.0,0.0,0.0,0.0,0.0,0.0,0.0,0.0,0.0,0.0,0.0,0.0,0.0,0.0,0.0,0.0,0.0,0.0,0.0,0.0,0.0,0.0,0.0,0.0,0.0,0.0,0.0,0.0,0.0,0.0,0.0,0.0,0.0,0.0,0.0,0.0,0.0,0.0,0.0,0.0,0.0,0.0
0.0,0.0,0.0,0.0,0.0,0.0,0.0,0.0,0.0,0.0,0.0,0.0,0.0,0.0,0.0,0.0,0.0,0.0,0.0,0.0,0.0,0.0,0.0,0.0,0.0,0.0,0.0,0.0,0.0,0.0,0.0,0.0,0.0,0.0,0.0,0.0,0.0,0.0,0.0,0.0,0.0,0.0,0.0,0.0,0.0,0.0,0.0,0.0,0.0,0.0,0.0,0.0,0.0,0.0,0.0,0.0,0.0,0.0,0.0,0.0,0.0,0.0,0.0,0.0,0.0,0.0,0.0,0.0,0.0,0.0,0.0,0.0,0.0,0.0,0.0,0.0,0.0,0.0,0.0,0.0,0.0,0.0,0.0,0.0,0.0
0.0,0.0,0.0,0.0,0.0,0.0,0.0,0.0,0.0,0.0,0.0,0.0,0.0,0.0,0.0,0.0,0.0,0.0,0.0,0.0,0.0,0.0,0.0,0.0,0.0,0.0,0.0,0.0,0.0,0.0,0.0,0.0,0.0,0.0,0.0,0.0,0.0,0.0,0.0,0.0,0.0,0.0,0.0,0.0,0.0,0.0,0.0,0.0,0.0,0.0,0.0,0.0,0.0,0.0,0.0,0.0,0.0,0.0,0.0,0.0,0.0,0.0,0.0,0.0,0.0,0.0,0.0,0.0,0.0,0.0,0.0,0.0,0.0,0.0,0.0,0.0,0.0,0.0,0.0,0.0,0.0,0.0,0.0,0.0,0.0
0.0,0.0,0.0,0.0,0.0,0.0,0.0,0.0,0.0,0.0,0.0,0.0,0.0,0.0,0.0,0.0,0.0,0.0,0.0,0.0,0.0,0.0,0.0,0.0,0.0,0.0,0.0,0.0,0.0,0.0,0.0,0.0,0.0,0.0,0.0,0.0,0.0,0.0,0.0,0.0,0.0,0.0,0.0,0.0,0.0,0.0,0.0,0.0,0.0,0.0,0.0,0.0,0.0,0.0,0.0,0.0,0.0,0.0,0.0,0.0,0.0,0.0,0.0,0.0,0.0,0.0,0.0,0.0,0.0,0.0,0.0,0.0,0.0,0.0,0.0,0.0,0.0,0.0,0.0,0.0,0.0,0.0,0.0,0.0,0.0
0.0,0.0,0.0,0.0,0.0,0.0,0.0,0.0,0.0,0.0,0.0,0.0,0.0,0.0,0.0,0.0,0.0,0.0,0.0,0.0,0.0,0.0,0.0,0.0,0.0,0.0,0.0,0.0,0.0,0.0,0.0,0.0,0.0,0.0,0.0,0.0,0.0,0.0,0.0,0.0,0.0,0.0,0.0,0.0,0.0,0.0,0.0,0.0,0.0,0.0,0.0,0.0,0.0,0.0,0.0,0.0,0.0,0.0,0.0,0.0,0.0,0.0,0.0,0.0,0.0,0.0,0.0,0.0,0.0,0.0,0.0,0.0,0.0,0.0,0.0,0.0,0.0,0.0,0.0,0.0,0.0,0.0,0.0,0.0,0.0
0.0,0.0,0.0,0.0,0.0,0.0,0.0,0.0,0.0,0.0,0.0,0.0,0.0,0.0,0.0,0.0,0.0,0.0,0.0,0.0,0.0,0.0,0.0,0.0,0.0,0.0,0.0,0.0,0.0,0.0,0.0,0.0,0.0,0.0,0.0,0.0,0.0,0.0,0.0,0.0,0.0,0.0,0.0,0.0,0.0,0.0,0.0,0.0,0.0,0.0,0.0,0.0,0.0,0.0,0.0,0.0,0.0,0.0,0.0,0.0,0.0,0.0,0.0,0.0,0.0,0.0,0.0,0.0,0.0,0.0,0.0,0.0,0.0,0.0,0.0,0.0,0.0,0.0,0.0,0.0,0.0,0.0,0.0,0.0,0.0
0.0,0.0,0.0,0.0,0.0,0.0,0.0,0.0,0.0,0.0,0.0,0.0,0.0,0.0,0.0,0.0,0.0,0.0,0.0,0.0,0.0,0.0,0.0,0.0,0.0,0.0,0.0,0.0,0.0,0.0,0.0,0.0,0.0,0.0,0.0,0.0,0.0,0.0,0.0,0.0,0.0,0.0,0.0,0.0,0.0,0.0,0.0,0.0,0.0,0.0,0.0,0.0,0.0,0.0,0.0,0.0,0.0,0.0,0.0,0.0,0.0,0.0,0.0,0.0,0.0,0.0,0.0,0.0,0.0,0.0,0.0,0.0,0.0,0.0,0.0,0.0,0.0,0.0,0.0,0.0,0.0,0.0,0.0,0.0,0.0
0.0,0.0,0.0,0.0,0.0,0.0,0.0,0.0,0.0,0.0,0.0,0.0,0.0,0.0,0.0,0.0,0.0,0.0,0.0,0.0,0.0,0.0,0.0,0.0,0.0,0.0,0.0,0.0,0.0,0.0,0.0,0.0,0.0,0.0,0.0,0.0,0.0,0.0,0.0,0.0,0.0,0.0,0.0,0.0,0.0,0.0,0.0,0.0,0.0,0.0,0.0,0.0,0.0,0.0,0.0,0.0,0.0,0.0,0.0,0.0,0.0,0.0,0.0,0.0,0.0,0.0,0.0,0.0,0.0,0.0,0.0,0.0,0.0,0.0,0.0,0.0,0.0,0.0,0.0,0.0,0.0,0.0,0.0,0.0,0.0
0.0,0.0,0.0,0.0,0.0,0.0,0.0,0.0,0.0,0.0,0.0,0.0,0.0,0.0,0.0,0.0,0.0,0.0,0.0,0.0,0.0,0.0,0.0,0.0,0.0,0.0,0.0,0.0,0.0,0.0,0.0,0.0,0.0,0.0,0.0,0.0,0.0,0.0,0.0,0.0,0.0,0.0,0.0,0.0,0.0,0.0,0.0,0.0,0.0,0.0,0.0,0.0,0.0,0.0,0.0,0.0,0.0,0.0,0.0,0.0,0.0,0.0,0.0,0.0,0.0,0.0,0.0,0.0,0.0,0.0,0.0,0.0,0.0,0.0,0.0,0.0,0.0,0.0,0.0,0.0,0.0,0.0,0.0,0.0,0.0
0.0,0.0,0.0,0.0,0.0,0.0,0.0,0.0,0.0,0.0,0.0,0.0,0.0,0.0,0.0,0.0,0.0,0.0,0.0,0.0,0.0,0.0,0.0,0.0,0.0,0.0,0.0,0.0,0.0,0.0,0.0,0.0,0.0,0.0,0.0,0.0,0.0,0.0,0.0,0.0,0.0,0.0,0.0,0.0,0.0,0.0,0.0,0.0,0.0,0.0,0.0,0.0,0.0,0.0,0.0,0.0,0.0,0.0,0.0,0.0,0.0,0.0,0.0,0.0,0.0,0.0,0.0,0.0,0.0,0.0,0.0,0.0,0.0,0.0,0.0,0.0,0.0,0.0,0.0,0.0,0.0,0.0,0.0,0.0,0.0
0.0,0.0,0.0,0.0,0.0,0.0,0.0,0.0,0.0,0.0,0.0,0.0,0.0,0.0,0.0,0.0,0.0,0.0,0.0,0.0,0.0,0.0,0.0,0.0,0.0,0.0,0.0,0.0,0.0,0.0,0.0,0.0,0.0,0.0,0.0,0.0,0.0,0.0,0.0,0.0,0.0,0.0,0.0,0.0,0.0,0.0,0.0,0.0,0.0,0.0,0.0,0.0,0.0,0.0,0.0,0.0,0.0,0.0,0.0,0.0,0.0,0.0,0.0,0.0,0.0,0.0,0.0,0.0,0.0,0.0,0.0,0.0,0.0,0.0,0.0,0.0,0.0,0.0,0.0,0.0,0.0,0.0,0.0,0.0,0.0
0.0,0.0,0.0,0.0,0.0,0.0,0.0,0.0,0.0,0.0,0.0,0.0,0.0,0.0,0.0,0.0,0.0,0.0,0.0,0.0,0.0,0.0,0.0,0.0,0.0,0.0,0.0,0.0,0.0,0.0,0.0,0.0,0.0,0.0,0.0,0.0,0.0,0.0,0.0,0.0,0.0,0.0,0.0,0.0,0.0,0.0,0.0,0.0,0.0,0.0,0.0,0.0,0.0,0.0,0.0,0.0,0.0,0.0,0.0,0.0,0.0,0.0,0.0,0.0,0.0,0.0,0.0,0.0,0.0,0.0,0.0,0.0,0.0,0.0,0.0,0.0,0.0,0.0,0.0,0.0,0.0,0.0,0.0,0.0,0.0
0.0,0.0,0.0,0.0,0.0,0.0,0.0,0.0,0.0,0.0,0.0,0.0,0.0,0.0,0.0,0.0,0.0,0.0,0.0,0.0,0.0,0.0,0.0,0.0,0.0,0.0,0.0,0.0,0.0,0.0,0.0,0.0,0.0,0.0,0.0,0.0,0.0,0.0,0.0,0.0,0.0,0.0,0.0,0.0,0.0,0.0,0.0,0.0,0.0,0.0,0.0,0.0,0.0,0.0,0.0,0.0,0.0,0.0,0.0,0.0,0.0,0.0,0.0,0.0,0.0,0.0,0.0,0.0,0.0,0.0,0.0,0.0,0.0,0.0,0.0,0.0,0.0,0.0,0.0,0.0,0.0,0.0,0.0,0.0,0.0
0.0,0.0,0.0,0.0,0.0,0.0,0.0,0.0,0.0,0.0,0.0,0.0,0.0,0.0,0.0,0.0,0.0,0.0,0.0,0.0,0.0,0.0,0.0,0.0,0.0,0.0,0.0,0.0,0.0,0.0,0.0,0.0,0.0,0.0,0.0,0.0,0.0,0.0,0.0,0.0,0.0,0.0,0.0,0.0,0.0,0.0,0.0,0.0,0.0,0.0,0.0,0.0,0.0,0.0,0.0,0.0,0.0,0.0,0.0,0.0,0.0,0.0,0.0,0.0,0.0,0.0,0.0,0.0,0.0,0.0,0.0,0.0,0.0,0.0,0.0,0.0,0.0,0.0,0.0,0.0,0.0,0.0,0.0,0.0,0.0
0.0,0.0,0.0,0.0,0.0,0.0,0.0,0.0,0.0,0.0,0.0,0.0,0.0,0.0,0.0,0.0,0.0,0.0,0.0,0.0,0.0,0.0,0.0,0.0,0.0,0.0,0.0,0.0,0.0,0.0,0.0,0.0,0.0,0.0,0.0,0.0,0.0,0.0,0.0,0.0,0.0,0.0,0.0,0.0,0.0,0.0,0.0,0.0,0.0,0.0,0.0,0.0,0.0,0.0,0.0,0.0,0.0,0.0,0.0,0.0,0.0,0.0,0.0,0.0,0.0,0.0,0.0,0.0,0.0,0.0,0.0,0.0,0.0,0.0,0.0,0.0,0.0,0.0,0.0,0.0,0.0,0.0,0.0,0.0,0.0
0.0,0.0,0.0,0.0,0.0,0.0,0.0,0.0,0.0,0.0,0.0,0.0,0.0,0.0,0.0,0.0,0.0,0.0,0.0,0.0,0.0,0.0,0.0,0.0,0.0,0.0,0.0,0.0,0.0,0.0,0.0,0.0,0.0,0.0,0.0,0.0,0.0,0.0,0.0,0.0,0.0,0.0,0.0,0.0,0.0,0.0,0.0,0.0,0.0,0.0,0.0,0.0,0.0,0.0,0.0,0.0,0.0,0.0,0.0,0.0,0.0,0.0,0.0,0.0,0.0,0.0,0.0,0.0,0.0,0.0,0.0,0.0,0.0,0.0,0.0,0.0,0.0,0.0,0.0,0.0,0.0,0.0,0.0,0.0,0.0
0.0,0.0,0.0,0.0,0.0,0.0,0.0,0.0,0.0,0.0,0.0,0.0,0.0,0.0,0.0,0.0,0.0,0.0,0.0,0.0,0.0,0.0,0.0,0.0,0.0,0.0,0.0,0.0,0.0,0.0,0.0,0.0,0.0,0.0,0.0,0.0,0.0,0.0,0.0,0.0,0.0,0.0,0.0,0.0,0.0,0.0,0.0,0.0,0.0,0.0,0.0,0.0,0.0,0.0,0.0,0.0,0.0,0.0,0.0,0.0,0.0,0.0,0.0,0.0,0.0,0.0,0.0,0.0,0.0,0.0,0.0,0.0,0.0,0.0,0.0,0.0,0.0,0.0,0.0,0.0,0.0,0.0,0.0,0.0,0.0
0.0,0.0,0.0,0.0,0.0,0.0,0.0,0.0,0.0,0.0,0.0,0.0,0.0,0.0,0.0,0.0,0.0,0.0,0.0,0.0,0.0,0.0,0.0,0.0,0.0,0.0,0.0,0.0,0.0,0.0,0.0,0.0,0.0,0.0,0.0,0.0,0.0,0.0,0.0,0.0,0.0,0.0,0.0,0.0,0.0,0.0,0.0,0.0,0.0,0.0,0.0,0.0,0.0,0.0,0.0,0.0,0.0,0.0,0.0,0.0,0.0,0.0,0.0,0.0,0.0,0.0,0.0,0.0,0.0,0.0,0.0,0.0,0.0,0.0,0.0,0.0,0.0,0.0,0.0,0.0,0.0,0.0,0.0,0.0,0.0
0.0,0.0,0.0,0.0,0.0,0.0,0.0,0.0,0.0,0.0,0.0,0.0,0.0,0.0,0.0,0.0,0.0,0.0,0.0,0.0,0.0,0.0,0.0,0.0,0.0,0.0,0.0,0.0,0.0,0.0,0.0,0.0,0.0,0.0,0.0,0.0,0.0,0.0,0.0,0.0,0.0,0.0,0.0,0.0,0.0,0.0,0.0,0.0,0.0,0.0,0.0,0.0,0.0,0.0,0.0,0.0,0.0,0.0,0.0,0.0,0.0,0.0,0.0,0.0,0.0,0.0,0.0,0.0,0.0,0.0,0.0,0.0,0.0,0.0,0.0,0.0,0.0,0.0,0.0,0.0,0.0,0.0,0.0,0.0,0.0
0.0,0.0,0.0,0.0,0.0,0.0,0.0,0.0,0.0,0.0,0.0,0.0,0.0,0.0,0.0,0.0,0.0,0.0,0.0,0.0,0.0,0.0,0.0,0.0,0.0,0.0,0.0,0.0,0.0,0.0,0.0,0.0,0.0,0.0,0.0,0.0,0.0,0.0,0.0,0.0,0.0,0.0,0.0,0.0,0.0,0.0,0.0,0.0,0.0,0.0,0.0,0.0,0.0,0.0,0.0,0.0,0.0,0.0,0.0,0.0,0.0,0.0,0.0,0.0,0.0,0.0,0.0,0.0,0.0,0.0,0.0,0.0,0.0,0.0,0.0,0.0,0.0,0.0,0.0,0.0,0.0,0.0,0.0,0.0,0.0
0.0,0.0,0.0,0.0,0.0,0.0,0.0,0.0,0.0,0.0,0.0,0.0,0.0,0.0,0.0,0.0,0.0,0.0,0.0,0.0,0.0,0.0,0.0,0.0,0.0,0.0,0.0,0.0,0.0,0.0,0.0,0.0,0.0,0.0,0.0,0.0,0.0,0.0,0.0,0.0,0.0,0.0,0.0,0.0,0.0,0.0,0.0,0.0,0.0,0.0,0.0,0.0,0.0,0.0,0.0,0.0,0.0,0.0,0.0,0.0,0.0,0.0,0.0,0.0,0.0,0.0,0.0,0.0,0.0,0.0,0.0,0.0,0.0,0.0,0.0,0.0,0.0,0.0,0.0,0.0,0.0,0.0,0.0,0.0,0.0
0.0,0.0,0.0,0.0,0.0,0.0,0.0,0.0,0.0,0.0,0.0,0.0,0.0,0.0,0.0,0.0,0.0,0.0,0.0,0.0,0.0,0.0,0.0,0.0,0.0,0.0,0.0,0.0,0.0,0.0,0.0,0.0,0.0,0.0,0.0,0.0,0.0,0.0,0.0,0.0,0.0,0.0,0.0,0.0,0.0,0.0,0.0,0.0,0.0,0.0,0.0,0.0,0.0,0.0,0.0,0.0,0.0,0.0,0.0,0.0,0.0,0.0,0.0,0.0,0.0,0.0,0.0,0.0,0.0,0.0,0.0,0.0,0.0,0.0,0.0,0.0,0.0,0.0,0.0,0.0,0.0,0.0,0.0,0.0,0.0
0.0,0.0,0.0,0.0,0.0,0.0,0.0,0.0,0.0,0.0,0.0,0.0,0.0,0.0,0.0,0.0,0.0,0.0,0.0,0.0,0.0,0.0,0.0,0.0,0.0,0.0,0.0,0.0,0.0,0.0,0.0,0.0,0.0,0.0,0.0,0.0,0.0,0.0,0.0,0.0,0.0,0.0,0.0,0.0,0.0,0.0,0.0,0.0,0.0,0.0,0.0,0.0,0.0,0.0,0.0,0.0,0.0,0.0,0.0,0.0,0.0,0.0,0.0,0.0,0.0,0.0,0.0,0.0,0.0,0.0,0.0,0.0,0.0,0.0,0.0,0.0,0.0,0.0,0.0,0.0,0.0,0.0,0.0,0.0,0.0
20230823.0,2.023082313025509e+16,3.86,3.859,3.858,3.857,3.856,155100.0,1962000.0,2138200.0,657400.0,1398300.0,3.504,3.889,3.86,3.857,-1025000.0,-2662000.0,-3950200.0,-757400.0,-2028300.0,3.861,3.862,3.863,3.864,3.865,869900.0,700000.0,1812000.0,100000.0,630000.0,3.882,3.893,-0.0329999999999999,-0.0020000000000002,514546253.2,132999900.0,4.282,869900.0,700000.0,1812000.0,100000.0,630000.0,0.0,0.0,1801409.300000012,-0.0009999999999998,-155100.0,-1962000.0,-2138200.0,-657400.0,-1398300.0,0.0019999999999997,0.0009999999999998,3.86,0.0,0.0,14.8996,1.768897340001e+16,0.0,0.0,3.86,0.0,0.0,-0.0005161583304504,3.86,3.8605,1303.0,3.86,0.0002590338039114,0.0007771014117342,0.0,159919.0,4111900.0,6311000.0,-2199100.0,10422900.0,0.1652438931582457,0.1647922531768373,466500.0,2199100.0,3.861541907824249,3.860151317073171,3.86273739633746,3.857812739660909
20230823.0,2.023082313035511e+16,3.859,3.858,3.857,3.856,3.855,27600.0,1691000.0,3050500.0,1198300.0,401200.0,3.504,3.889,3.86,3.857,-1600400.0,-1339100.0,2093100.0,1373000.0,-1272600.0,3.86,3.861,3.862,3.863,3.864,1119700.0,911800.0,1400000.0,330000.0,1567000.0,3.882,3.893,-0.0329999999999999,0.0,524545973.5,135590400.0,4.282,266000.0,-8100.0,400000.0,-1473000.0,1167000.0,0.0008421052631577,549284.2105263174,9400262.300000012,-0.0010000000000003,-1334400.0,-1347200.0,2493100.0,-100000.0,-105600.0,0.0020000000000002,0.0009999999999998,3.86,3.0,3.0,14.90081952631579,3.4430928407527994e+17,7.0,12.0,3.861,0.0010000000000003,1059550.0,-0.0001530445187907,3.859,3.8595,1304.0,3.86,0.0002591009198082,0.0007773027594248,-21180.810785729904,159919.0,5328500.0,6368600.0,-1040100.0,11697100.0,0.1398008782810978,0.1301239638595101,2435200.0,1040100.0,3.860160274310123,3.859024056480432,3.862058703199775,3.8569600383129736
20230823.0,2.023082313045505e+16,3.859,3.858,3.857,3.856,3.855,71100.0,1488500.0,2224400.0,1403900.0,1706400.0,3.504,3.889,3.859,3.857,-420600.0,1294500.0,2477400.0,1773900.0,2313400.0,3.86,3.861,3.862,3.863,3.864,1400000.0,902800.0,1550000.0,30000.0,1070000.0,3.882,3.893,-0.0339999999999998,0.0,529801263.4,136952200.0,4.282,491700.0,194000.0,-253000.0,-370000.0,-607000.0,0.0003999999999995,479224.0,4796057.5,-0.0010000000000003,71100.0,1488500.0,2224400.0,1403900.0,1706400.0,0.0020000000000002,0.0009999999999998,3.859,4.0,4.0,14.8949686,4.6385271632422e+17,10.0,15.0,3.86,0.0009999999999998,945000.0,-9.919722087281536e-05,3.859,3.8595,1305.0,3.859,0.0002591009198082,0.0007773027594248,-27983.761129016988,159919.0,4952800.0,6894300.0,-1941500.0,11847100.0,0.1207807341869278,0.1141753940171697,1242800.0,1941500.0,3.8590742677824266,3.859048331180749,3.861690518494589,3.856537879117532
20230823.0,2.023082313055516e+16,3.858,3.857,3.856,3.855,3.854,1347400.0,2823800.0,1804200.0,307000.0,1289700.0,3.504,3.889,3.859,3.857,-1486900.0,-4043300.0,-3343000.0,-1657000.0,-1319700.0,3.859,3.86,3.861,3.862,3.863,139500.0,1219500.0,1538800.0,1350000.0,30000.0,3.882,3.893,-0.0339999999999998,-0.0009999999999998,532889859.4,137752500.0,4.282,139500.0,1219500.0,1538800.0,1350000.0,30000.0,0.0001034482758615,167489.65517240763,3041504.0,-0.0009999999999998,-1347400.0,-2823800.0,-1804200.0,-307000.0,-1289700.0,0.0019999999999997,0.0009999999999998,3.859,0.0,1.0,14.892679517241378,5.4850138894241e+17,3.0,26.0,3.86,0.0,321600.0,-2.5160178939831468e-05,3.859,3.8585,1306.0,3.86,0.0002591680704936,0.000777504211481,-3556512.0497534303,159919.0,4277800.0,7572100.0,-3294300.0,11849900.0,0.1047734276774176,0.1002214605456169,788100.0,3294300.0,3.859286892526329,3.858906180644293,3.860979311795783,3.8563476182300818
20230823.0,2.0230823130655144e+16,3.858,3.857,3.856,3.855,3.854,777300.0,2733800.0,1654200.0,857000.0,1292700.0,3.504,3.889,3.859,3.857,-2739300.0,-340500.0,-290300.0,2153000.0,-197000.0,3.859,3.86,3.861,3.862,3.863,1014500.0,1137500.0,1702800.0,550000.0,330000.0,3.882,3.893,-0.0339999999999998,0.0,535139002.8,138335300.0,4.282,975000.0,844700.0,840300.0,-1703000.0,200000.0,0.0004516129032254,59667.74193549156,1863243.400000036,-0.0009999999999998,-1764300.0,504200.0,550000.0,450000.0,3000.0,0.0019999999999997,0.0009999999999998,3.859,3.0,3.0,14.896114,5.9137564686797e+17,17.0,14.0,3.86,0.0009999999999998,165500.0,-0.0001427645451119,3.859,3.8585,1307.0,3.859,0.0002591680704936,0.000777504211481,-7299.819948520977,159919.0,4734800.0,7315000.0,-2580200.0,12049800.0,0.0847256712496623,0.0801072968280126,482800.0,2580200.0,3.859244821872485,3.8584338095769617,3.8605867829686575,3.856115652768284
20230823.0,2.023082313075508e+16,3.859,3.858,3.857,3.856,3.855,316500.0,2825300.0,2069300.0,873700.0,1342000.0,3.504,3.889,3.86,3.857,1389400.0,3325100.0,4031300.0,1173700.0,1622000.0,3.86,3.861,3.862,3.863,3.864,1072900.0,499800.0,1962000.0,300000.0,280000.0,3.882,3.893,-0.0329999999999999,0.0009999999999998,538488919.4,139203300.0,4.282,-1072900.0,-499800.0,-1962000.0,-300000.0,-280000.0,0.0002903225806449,120070.96774193645,3349916.599999964,-0.0010000000000003,316500.0,2825300.0,2069300.0,873700.0,1342000.0,0.0020000000000002,0.0009999999999998,3.86,5.0,4.0,14.894121999999998,5.9644511975204e+17,9.0,22.0,3.86,0.0009999999999998,313000.0,0.0002131290718609,3.859,3.8595,1308.0,3.859,0.0002591009198082,0.0007773027594248,3594789.1001047366,159919.0,4114700.0,7426800.0,-3312100.0,11541500.0,0.080633118352018,0.0739479172008502,868000.0,3312100.0,3.8593509216589448,3.859227796171009,3.861566043696989,3.85698661603921
20230823.0,2.023082313085249e+16,3.857,3.856,3.855,3.854,3.853,127600.0,1624700.0,2906200.0,793700.0,328000.0,3.504,3.889,3.857,3.857,-1869200.0,-3561200.0,-4056200.0,-1105700.0,-478000.0,3.858,3.859,3.86,3.861,3.862,1741600.0,1936500.0,1150000.0,312000.0,150000.0,3.882,3.893,-0.0359999999999995,-0.0029999999999996,541814520.7,140065300.0,4.282,1741600.0,1936500.0,1150000.0,312000.0,150000.0,0.0002352941176457,113211.76470589638,3325601.3000000715,-0.0009999999999998,-127600.0,-1624700.0,-2906200.0,-793700.0,-328000.0,0.0020000000000002,0.0010000000000003,3.857,1.0,3.0,14.890065352941177,3.306550769407399e+17,14.0,3.0,3.859,0.0,172100.0,-0.0005511234118524,3.857,3.8575,1309.0,3.859,0.0002592352559947,0.0007777057679844,-7251458.869613591,159919.0,5290100.0,5780200.0,-490100.0,11070300.0,0.0774684037973142,0.0774684037973142,862000.0,490100.0,3.8580061484919614,3.857068264498181,3.8590911892024726,3.855074426490433
20230823.0,2.023082313095511e+16,3.856,3.855,3.854,3.853,3.852,806700.0,3335600.0,1546700.0,284000.0,1341600.0,3.504,3.889,3.857,3.857,-1820400.0,-4162100.0,-43700.0,-284000.0,-1571600.0,3.858,3.859,3.86,3.861,3.862,2041500.0,1810000.0,550000.0,312000.0,1607000.0,3.882,3.893,-0.0359999999999995,0.0,545425533.1,141001500.0,4.282,1013700.0,826500.0,-1503000.0,0.0,230000.0,0.0004799999999995,95620.0,2932926.0,-0.0009999999999998,-806700.0,-3335600.0,-1546700.0,-284000.0,-1341600.0,0.0019999999999997,0.0009999999999998,3.857,2.0,2.0,14.880460799999998,4.956783468705598e+17,13.0,12.0,3.858,0.0009999999999998,51400.0,-0.0001709858340182,3.857,3.857,1310.0,3.857,0.0005185377236194,0.0010370754472387,-3532.2237324956805,159919.0,6320500.0,7314600.0,-994100.0,13635100.0,0.0867159865494556,0.0918001697699481,760400.0,994100.0,3.857083114150447,3.8565664630292815,3.859625504311368,3.854270937576901
20230823.0,2.02308231310551e+16,3.857,3.856,3.855,3.854,3.853,493400.0,2433100.0,2544400.0,1111900.0,1114000.0,3.504,3.889,3.858,3.857,1524900.0,3318600.0,4512400.0,1423900.0,1794000.0,3.858,3.859,3.86,3.861,3.862,1031500.0,885500.0,1968000.0,312000.0,680000.0,3.882,3.893,-0.0349999999999997,0.0,546276222.0,141222000.0,4.282,-1031500.0,-885500.0,-1968000.0,-312000.0,-680000.0,7.999999999963592e-05,60888.0,849531.5,-0.0009999999999998,493400.0,2433100.0,2544400.0,1111900.0,1114000.0,0.0020000000000002,0.0010000000000003,3.858,1.0,1.0,14.8835468,4.980861582314501e+17,23.0,2.0,3.858,0.0,155800.0,0.0002384086676914,3.857,3.8575,1311.0,3.858,0.0002592352559947,0.0007777057679844,-684.595464636106,159919.0,4877000.0,7696800.0,-2819800.0,12573800.0,0.0800314603263121,0.0761330435382866,220200.0,2819800.0,3.8579995458673935,3.8573235622008,3.859738261226164,3.8550103939299447
0.0,0.0,0.0,0.0,0.0,0.0,0.0,0.0,0.0,0.0,0.0,0.0,0.0,0.0,0.0,0.0,0.0,0.0,0.0,0.0,0.0,0.0,0.0,0.0,0.0,0.0,0.0,0.0,0.0,0.0,0.0,0.0,0.0,0.0,0.0,0.0,0.0,0.0,0.0,0.0,0.0,0.0,0.0,0.0,0.0,0.0,0.0,0.0,0.0,0.0,0.0,0.0,0.0,0.0,0.0,0.0,0.0,0.0,0.0,0.0,0.0,0.0,0.0,0.0,0.0,0.0,0.0,0.0,0.0,0.0,0.0,0.0,0.0,0.0,0.0,0.0,0.0,0.0,0.0,0.0,0.0,0.0,0.0,0.0,0.0
20230823.0,2.0230823131252668e+16,3.861,3.86,3.859,3.858,3.857,329900.0,2844900.0,1510200.0,1010100.0,1076800.0,3.504,3.889,3.861,3.857,593800.0,4439200.0,3263200.0,1610100.0,1256900.0,3.862,3.863,3.864,3.865,3.866,263900.0,1594300.0,1753000.0,600000.0,180100.0,3.882,3.893,-0.0319999999999995,0.0030000000000001,554351984.8,143314500.0,4.282,-263900.0,-1594300.0,-1753000.0,-600000.0,-180100.0,0.0001428571428565,64803.57142856717,3191685.5999999046,-0.0009999999999998,329900.0,2844900.0,1510200.0,1010100.0,1076800.0,0.0020000000000002,0.0010000000000003,3.861,3.0,1.0,14.89849757142857,5.708257233651098e+17,20.0,8.0,3.861,0.0009999999999998,91600.0,0.0006976079252778,3.859,3.8615,1313.0,3.859,0.000258966722776,0.0007769001683283,7401572.057944732,159919.0,4391300.0,6771900.0,-2380600.0,11163200.0,0.0842016403743877,0.0845661005328438,826800.0,2380600.0,3.860287373004239,3.861555574267431,3.86373540864892,3.8590503551440514
20230823.0,2.023082313133448e+16,3.865,3.864,3.863,3.862,3.861,861500.0,2847300.0,1230000.0,859300.0,263800.0,3.504,3.889,3.866,3.857,921500.0,4001200.0,3053200.0,2579300.0,484500.0,3.866,3.867,3.868,3.869,3.87,60000.0,1153900.0,1823200.0,1720000.0,220700.0,3.882,3.893,-0.0269999999999996,0.0049999999999998,571495270.3,147753000.0,4.282,-60000.0,-1153900.0,-1823200.0,-1720000.0,-220700.0,0.0018888888888883,1152672.222222209,10476738.0,-0.0009999999999998,861500.0,2847300.0,1230000.0,859300.0,263800.0,0.0020000000000002,0.0010000000000003,3.866,5.0,1.0,14.923631666666669,3.8685943774631e+17,9.0,9.0,3.866,0.0037500000000001,2508525.0,0.0012816824146275,3.86,3.8655,1314.0,3.861,0.000258698745311,0.0007760962359332,19037494.08692223,159919.0,4977800.0,6061900.0,-1084100.0,11039700.0,0.1047651179831297,0.1061222413972632,2712300.0,1084100.0,3.862676695055857,3.865934888768313,3.868178291614769,3.863525148880714
20230823.0,2.0230823131416536e+16,3.868,3.867,3.866,3.865,3.864,11400.0,1400500.0,2097700.0,1103000.0,1483300.0,3.504,3.889,3.868,3.857,599200.0,3041100.0,3407700.0,2396000.0,1840500.0,3.869,3.87,3.871,3.872,3.873,587800.0,1640600.0,1310000.0,1293000.0,357200.0,3.882,3.893,-0.0249999999999999,0.0009999999999998,581567442.6,150357800.0,4.282,-587800.0,-1640600.0,-1310000.0,-1293000.0,-357200.0,0.0006666666666674,186483.33333334327,4741110.399999976,-0.0009999999999998,11400.0,1400500.0,2097700.0,1103000.0,1483300.0,0.0019999999999997,0.0009999999999998,3.868,2.0,1.0,14.964003333333332,1.3508574260085e+17,3.0,3.0,3.869,0.0010000000000003,295075.0,3.272818136634825e-05,3.867,3.8685,1315.0,3.867,0.0002584981258886,0.0007754943776657,3867913.5395416,159919.0,5188600.0,6095900.0,-907300.0,11284500.0,0.1178265020472424,0.1166808696048996,1225800.0,907300.0,3.8677683145700574,3.868019025367156,3.870844119801102,3.86556588854804
20230823.0,2.0230823131510344e+16,3.867,3.866,3.865,3.864,3.863,300000.0,812900.0,2253300.0,1656800.0,331200.0,3.504,3.889,3.866,3.857,-1268400.0,-1994800.0,-3890600.0,-2457800.0,-1442000.0,3.868,3.869,3.87,3.871,3.872,968400.0,1181900.0,1637300.0,801000.0,1110800.0,3.882,3.893,-0.0269999999999996,-0.0019999999999997,583526729.9,150864400.0,4.282,968400.0,1181900.0,1637300.0,801000.0,1110800.0,0.00075,7775.0,119484.19999992847,-0.0010000000000003,-300000.0,-812900.0,-2253300.0,-1656800.0,-331200.0,0.0020000000000002,0.0009999999999998,3.866,0.0,2.0,14.95949125,9.101881759041e+16,3.0,1.0,3.869,0.00075,7975.0,-0.000326296999739,3.866,3.8675,1316.0,3.869,0.0002585649644472,0.0007756948933419,-11704469.843158867,159919.0,5699400.0,5354200.0,345200.0,11053600.0,0.131935723997848,0.1229182012315841,30900.0,345200.0,3.866802588994449,3.867236518448439,3.86998313857599,3.8648307310149046
20230823.0,2.023082313162211e+16,3.864,3.863,3.862,3.861,3.86,1800.0,2391000.0,2083300.0,701600.0,1543500.0,3.504,3.889,3.865,3.857,-374200.0,-4244500.0,-3383200.0,-1880900.0,-1576200.0,3.865,3.866,3.867,3.868,3.869,372400.0,1853500.0,1299900.0,1179300.0,32700.0,3.882,3.893,-0.0279999999999995,0.0,585457713.4,151363800.0,4.282,372400.0,1853500.0,1299900.0,1179300.0,32700.0,0.0001666666666668,7400.0,283706.2999999523,-0.0009999999999998,-1800.0,-2391000.0,-2083300.0,-701600.0,-1543500.0,0.0019999999999997,0.0009999999999998,3.865,0.0,1.0,14.939513500000002,1.3743930273088e+17,1.0,5.0,3.866,0.0,625.0,-0.000517422397853,3.865,3.8645,1317.0,3.866,0.0002587656876699,0.0007762970630094,-3916059.508408365,159919.0,4737800.0,6721200.0,-1983400.0,11459000.0,0.1348755201545296,0.126151244545605,73400.0,1983400.0,3.865208446865835,3.864004810261892,3.8667142977753386,3.861792596560138
20230823.0,2.0230823131755784e+16,3.871,3.87,3.869,3.868,3.867,325700.0,2838800.0,1856200.0,690000.0,1300000.0,3.504,3.889,3.871,3.857,469200.0,4950400.0,2976200.0,2149200.0,2597800.0,3.872,3.873,3.874,3.875,3.876,143500.0,2111600.0,1120000.0,1459200.0,1297800.0,3.882,3.893,-0.0219999999999997,0.0049999999999998,594579546.3,153722100.0,4.282,-143500.0,-2111600.0,-1120000.0,-1459200.0,-1297800.0,0.0010000000000001,279350.0,6580893.099999905,-0.0010000000000003,325700.0,2838800.0,1856200.0,690000.0,1300000.0,0.0020000000000002,0.0009999999999998,3.871,7.0,2.0,14.965294388888893,4.196971176559699e+17,10.0,8.0,3.871,0.0017500000000003,466100.0,0.0015131815994231,3.866,3.8715,1318.0,3.866,0.0002582978173834,0.0007748934521503,19745739.37823908,159919.0,6132100.0,7010700.0,-878600.0,13142800.0,0.1252112012950682,0.1582292405790779,1701000.0,878600.0,3.8688378012933007,3.871694160272805,3.874270086919653,3.86902855634958
20230823.0,2.0230823131855224e+16,3.867,3.866,3.865,3.864,3.863,300000.0,45700.0,3125300.0,1565300.0,1033200.0,3.504,3.889,3.868,3.857,-2579900.0,-1524400.0,-3914300.0,-2165300.0,-1098800.0,3.868,3.869,3.87,3.871,3.872,2279900.0,1478700.0,789000.0,600000.0,65600.0,3.882,3.893,-0.0249999999999999,-0.004,600227630.1,155182400.0,4.282,2279900.0,1478700.0,789000.0,600000.0,65600.0,0.0005263157894734,136973.68421053886,5613623.0,-0.0010000000000003,-300000.0,-45700.0,-3125300.0,-1565300.0,-1033200.0,0.0020000000000002,0.0009999999999998,3.868,4.0,5.0,14.96549705263158,4.5323961854774e+17,9.0,10.0,3.871,0.0010000000000003,307300.0,-0.0010789676039384,3.867,3.8675,1319.0,3.871,0.0002585649644472,0.0007756948933419,-11935310.05973905,159919.0,5213200.0,6069500.0,-856300.0,11282700.0,0.1306269641344738,0.1596597657730197,1451400.0,856300.0,3.867729778145239,3.867116283576883,3.868981949666232,3.8645080319630942
0.0,0.0,0.0,0.0,0.0,0.0,0.0,0.0,0.0,0.0,0.0,0.0,0.0,0.0,0.0,0.0,0.0,0.0,0.0,0.0,0.0,0.0,0.0,0.0,0.0,0.0,0.0,0.0,0.0,0.0,0.0,0.0,0.0,0.0,0.0,0.0,0.0,0.0,0.0,0.0,0.0,0.0,0.0,0.0,0.0,0.0,0.0,0.0,0.0,0.0,0.0,0.0,0.0,0.0,0.0,0.0,0.0,0.0,0.0,0.0,0.0,0.0,0.0,0.0,0.0,0.0,0.0,0.0,0.0,0.0,0.0,0.0,0.0,0.0,0.0,0.0,0.0,0.0,0.0,0.0,0.0,0.0,0.0,0.0,0.0
20230823.0,2.0230823132046176e+16,3.864,3.863,3.862,3.861,3.86,100100.0,924100.0,920500.0,1955800.0,626700.0,3.504,3.889,3.864,3.857,-1601700.0,-2721600.0,-2056000.0,-2208800.0,-2456700.0,3.865,3.866,3.867,3.868,3.869,1501600.0,1797500.0,1135500.0,253000.0,1830000.0,3.882,3.893,-0.0289999999999999,-0.004,611292094.7,158044900.0,4.282,1501600.0,1797500.0,1135500.0,253000.0,1830000.0,0.0015,611787.5,9231786.700000048,-0.0009999999999998,-100100.0,-924100.0,-920500.0,-1955800.0,-626700.0,0.0019999999999997,0.0009999999999998,3.864,2.0,4.0,14.943542187500002,3.9242068686416e+17,6.0,10.0,3.868,0.0024999999999999,1497025.0,-0.0008268931388621,3.864,3.8645,1321.0,3.868,0.0002587656876699,0.0007762970630094,-16213732.682819225,159919.0,6517600.0,4527200.0,1990400.0,11044800.0,0.147883004754332,0.1582068363537699,2388600.0,1990400.0,3.864936238800991,3.864062496097896,3.86686379955812,3.861539472521647
20230823.0,2.023082313214011e+16,3.86,3.859,3.858,3.857,3.856,238700.0,1595900.0,3151200.0,159200.0,1230000.0,3.504,3.889,3.86,3.857,-2708300.0,-3067200.0,-4431100.0,-174200.0,-2836900.0,3.862,3.863,3.864,3.865,3.866,2469600.0,1471300.0,1279900.0,15000.0,1606900.0,3.882,3.893,-0.0329999999999999,-0.0020000000000002,617231562.1,159582800.0,4.282,2469600.0,1471300.0,1279900.0,15000.0,1606900.0,0.0014285714285717,260735.7142857015,4084741.0,-0.0009999999999998,-238700.0,-1595900.0,-3151200.0,-159200.0,-1230000.0,0.0019999999999997,0.0009999999999998,3.86,1.0,4.0,14.910632857142854,3.546868623395e+17,5.0,9.0,3.864,0.0020000000000002,618225.0,-0.0006933880387438,3.86,3.861,1322.0,3.864,0.0005180005180005,0.001036001036001,-16479666.290558849,159919.0,6842700.0,6375000.0,467700.0,13217700.0,0.1534642000072914,0.1383549770522564,1057800.0,467700.0,3.861543770088864,3.860176272938744,3.863535022724948,3.8579143686274513
20230823.0,2.0230823132258056e+16,3.859,3.858,3.857,3.856,3.855,20100.0,2579600.0,2293800.0,1774000.0,436400.0,3.504,3.889,3.86,3.857,-715700.0,-4052700.0,-4014600.0,-2806900.0,-616400.0,3.86,3.861,3.862,3.863,3.864,695600.0,1473100.0,1720800.0,1032900.0,180000.0,3.882,3.893,-0.0329999999999999,-0.0010000000000003,618067282.0,159799300.0,4.282,695600.0,1473100.0,1720800.0,1032900.0,180000.0,0.0001500000000009,10195.0,199963.20000004768,-0.0010000000000003,-20100.0,-2579600.0,-2293800.0,-1774000.0,-436400.0,0.0020000000000002,0.0009999999999998,3.86,0.0,1.0,14.906162849999998,5.1047087647518976e+17,17.0,3.0,3.861,0.0,8250.0,-0.0002540251120093,3.86,3.8595,1323.0,3.861,0.0002591009198082,0.0007773027594248,-4139733.160623144,159919.0,5102400.0,7103900.0,-2001500.0,12206300.0,0.1458013030929668,0.1178315717041887,51800.0,2001500.0,3.8602934362943566,3.859028084392902,3.861711625901537,3.856996199270824
0.0,0.0,0.0,0.0,0.0,0.0,0.0,0.0,0.0,0.0,0.0,0.0,0.0,0.0,0.0,0.0,0.0,0.0,0.0,0.0,0.0,0.0,0.0,0.0,0.0,0.0,0.0,0.0,0.0,0.0,0.0,0.0,0.0,0.0,0.0,0.0,0.0,0.0,0.0,0.0,0.0,0.0,0.0,0.0,0.0,0.0,0.0,0.0,0.0,0.0,0.0,0.0,0.0,0.0,0.0,0.0,0.0,0.0,0.0,0.0,0.0,0.0,0.0,0.0,0.0,0.0,0.0,0.0,0.0,0.0,0.0,0.0,0.0,0.0,0.0,0.0,0.0,0.0,0.0,0.0,0.0,0.0,0.0,0.0,0.0
20230823.0,2.0230823132440024e+16,3.859,3.858,3.857,3.856,3.855,79100.0,2521600.0,2410100.0,1774100.0,348700.0,3.504,3.889,3.859,3.857,579100.0,1654100.0,2401100.0,1804100.0,438700.0,3.86,3.861,3.862,3.863,3.864,200000.0,2673100.0,1221300.0,733000.0,580000.0,3.882,3.893,-0.0339999999999998,0.0,619847057.2,160260500.0,4.282,-500000.0,867500.0,9000.0,-30000.0,-90000.0,8.881784197001252e-16,392.30769231915474,202983.40000009537,-0.0010000000000003,79100.0,2521600.0,2410100.0,1774100.0,348700.0,0.0020000000000002,0.0009999999999998,3.859,0.0,0.0,14.891881000000003,3.3387536330491994e+17,0.0,13.0,3.859,0.0,0.0,-6.152050089758276e-05,3.859,3.8595,1325.0,3.859,0.0002591009198082,0.0007773027594248,0.0,159919.0,5407400.0,7133600.0,-1726200.0,12541000.0,0.1421520705186552,0.101247444959203,52600.0,1726200.0,3.859000000001813,3.859283410963812,3.8617817620298114,3.8570291998429966
20230823.0,2.023082313253408e+16,3.856,3.855,3.854,3.853,3.852,600000.0,1529800.0,2176900.0,897500.0,1071400.0,3.504,3.889,3.857,3.855,-706000.0,-3973400.0,-3239200.0,-1752500.0,-1584400.0,3.857,3.858,3.859,3.86,3.861,106000.0,2443600.0,1062300.0,855000.0,513000.0,3.882,3.893,-0.0359999999999995,-0.0019999999999997,636460881.2,164567800.0,4.282,106000.0,2443600.0,1062300.0,855000.0,513000.0,4.440892098500626e-16,1049150.0,13789835.200000048,-0.0009999999999998,-600000.0,-1529800.0,-2176900.0,-897500.0,-1071400.0,0.0019999999999997,0.0009999999999998,3.857,2.0,4.0,14.876450166666666,3.1962832108252e+17,9.0,3.0,3.859,0.0002500000000003,2030925.0,-0.0005298987253663,3.855,3.8565,1326.0,3.859,0.0002593024763387,0.0007779074290159,-8388078.786219038,159919.0,4979900.0,6275600.0,-1295700.0,11255500.0,0.1485961965208268,0.1106637225465481,3575500.0,1295700.0,3.85675715284577,3.8568498583569406,3.858844454707926,3.853950522659188
20230823.0,2.023082313264608e+16,3.856,3.855,3.854,3.853,3.852,1309300.0,2411600.0,1808500.0,1210800.0,227400.0,3.504,3.889,3.857,3.855,1753600.0,747100.0,-1169100.0,-390000.0,400000.0,3.857,3.858,3.859,3.86,3.861,31300.0,900000.0,1865000.0,1183000.0,33000.0,3.882,3.893,-0.0359999999999995,0.0010000000000003,640484435.6,165611200.0,4.282,-759700.0,-620100.0,463700.0,330000.0,-400000.0,0.0004375000000003,51137.5,653387.8999999762,-0.0009999999999998,993900.0,127000.0,-705400.0,-60000.0,0.0,0.0019999999999997,0.0009999999999998,3.857,1.0,1.0,14.8798243125,4.3842432120132e+17,7.0,9.0,3.858,0.0009999999999998,114125.0,0.0001793232437554,3.857,3.8565,1327.0,3.857,0.0002593024763387,0.0007779074290159,-4070.3524510841817,159919.0,4012300.0,6967600.0,-2955300.0,10979900.0,0.141167079479814,0.113153874181987,169400.0,2955300.0,3.857071428571288,3.856976652245264,3.8590713805049472,3.854482892244101
20230823.0,2.023082313275509e+16,3.858,3.857,3.856,3.855,3.854,1230600.0,2139000.0,1657800.0,1245900.0,524500.0,3.504,3.889,3.858,3.855,1329600.0,3651700.0,3354500.0,2288300.0,1127500.0,3.859,3.86,3.861,3.862,3.863,99000.0,1512700.0,1696700.0,1042400.0,603000.0,3.882,3.893,-0.0349999999999997,0.0020000000000002,643309311.9,166343500.0,4.282,-99000.0,-1512700.0,-1696700.0,-1042400.0,-603000.0,0.0005263157894743,48921.05263158679,2310385.1999999285,-0.0009999999999998,1230600.0,2139000.0,1657800.0,1245900.0,524500.0,0.0019999999999997,0.0009999999999998,3.858,5.0,3.0,14.888226315789474,5.242311027172099e+17,7.0,12.0,3.86,0.0014999999999996,71400.0,0.0005125781914139,3.857,3.8585,1328.0,3.857,0.0002591680704936,0.000777504211481,4284641.365278654,159919.0,4953800.0,6797800.0,-1844000.0,11751600.0,0.1388470160714349,0.1127410102943458,598900.0,1844000.0,3.8577144765402047,3.858925541516246,3.8611085429367353,3.856339124422608
20230823.0,2.023082313285504e+16,3.859,3.858,3.857,3.856,3.855,1055000.0,2746800.0,1137300.0,1366800.0,172100.0,3.504,3.889,3.86,3.855,1937600.0,3364300.0,564300.0,599400.0,362100.0,3.86,3.861,3.862,3.863,3.864,53600.0,1250600.0,1653000.0,1100400.0,480000.0,3.882,3.893,-0.0329999999999999,0.0009999999999998,648194629.0,167609400.0,4.282,-882600.0,-617500.0,573000.0,767400.0,-190000.0,0.0008947368421052,377026.31578946114,4657636.100000024,-0.0010000000000003,1055000.0,2746800.0,1137300.0,1366800.0,172100.0,0.0020000000000002,0.0009999999999998,3.86,3.0,3.0,14.892694052631576,5.2994972073946e+17,7.0,12.0,3.86,0.0014999999999996,860350.0,0.0001596978239311,3.858,3.8595,1329.0,3.859,0.0002591009198082,0.0007773027594248,4338435.537259322,159919.0,4537600.0,6478000.0,-1940400.0,11015600.0,0.1363039259731919,0.1158613929753528,1206900.0,1940400.0,3.859173170933817,3.859951650730652,3.862154839562765,3.8574856128434702
20230823.0,2.023082313294908e+16,3.859,3.858,3.857,3.856,3.855,1888400.0,2780400.0,2202200.0,472800.0,298000.0,3.504,3.889,3.861,3.855,1172300.0,2043600.0,1602900.0,-144000.0,977700.0,3.861,3.862,3.863,3.864,3.865,776800.0,1864800.0,838000.0,450000.0,851800.0,3.882,3.893,-0.0319999999999995,0.0010000000000003,660588304.2,170819800.0,4.282,-776800.0,-1864800.0,-838000.0,-450000.0,-851800.0,0.0007058823529408,609029.4117647111,12388657.200000048,-0.0009999999999998,395500.0,178800.0,764900.0,-594000.0,125900.0,0.0019999999999997,0.0009999999999998,3.861,5.0,4.0,14.905050588235294,4.870295486846099e+17,10.0,7.0,3.862,0.0010000000000003,1211300.0,0.0001106229233955,3.859,3.86,1330.0,3.86,0.0005181347150259,0.0010362694300518,4363201.554511774,159919.0,4781400.0,7641800.0,-2860400.0,12423200.0,0.159502303697729,0.1419966209069019,3209100.0,2860400.0,3.860477143124256,3.860417079393667,3.8627354749654894,3.8577182077521
20230823.0,2.023082313305812e+16,3.859,3.858,3.857,3.856,3.855,530000.0,2278800.0,2048500.0,1428300.0,1098800.0,3.504,3.889,3.859,3.855,-1902600.0,-3367300.0,-3431300.0,-1736300.0,-1678800.0,3.86,3.861,3.862,3.863,3.864,1372600.0,1088500.0,1382800.0,308000.0,580000.0,3.882,3.893,-0.0339999999999998,-0.0020000000000002,673490318.2,174162500.0,4.282,1372600.0,1088500.0,1382800.0,308000.0,580000.0,0.0007499999999995,559750.0,11359555.5,-0.0010000000000003,-530000.0,-2278800.0,-2048500.0,-1428300.0,-1098800.0,0.0020000000000002,0.0009999999999998,3.859,2.0,2.0,14.897670549999996,5.934539671997399e+17,12.0,8.0,3.861,0.0009999999999998,1090200.0,-0.0001889715932912,3.859,3.8595,1331.0,3.859,0.0002591009198082,0.0007773027594248,-46094.87914541736,159919.0,4731900.0,7384400.0,-2652500.0,12116300.0,0.1475462772280869,0.122216497143082,2943200.0,2652500.0,3.859593469692851,3.859278566172606,3.8615000528329,3.856961120741022
20230823.0,2.023082313315887e+16,3.857,3.856,3.855,3.854,3.853,1361100.0,1004100.0,2749000.0,1288500.0,341300.0,3.504,3.889,3.857,3.855,-3028400.0,-2569600.0,-4516000.0,-1691500.0,-1124100.0,3.858,3.859,3.86,3.861,3.862,1667300.0,1565500.0,1767000.0,403000.0,782800.0,3.882,3.893,-0.0359999999999995,-0.0019999999999997,688307651.1,178002800.0,4.282,1667300.0,1565500.0,1767000.0,403000.0,782800.0,0.0007499999999995,291575.0,14817332.899999976,-0.0009999999999998,-1361100.0,-1004100.0,-2749000.0,-1288500.0,-341300.0,0.0020000000000002,0.0010000000000003,3.857,4.0,6.0,14.886093550000002,6.2337317154863e+17,8.0,12.0,3.859,0.0009999999999998,533275.0,-0.0004740664573212,3.857,3.8575,1332.0,3.859,0.0002592352559947,0.0007777057679844,-9167208.88952922,159919.0,6185600.0,6744000.0,-558400.0,12929600.0,0.1396827664599218,0.1192942944800716,3840300.0,558400.0,3.858379006848417,3.857449445251618,3.859526076694258,3.855260260972716
20230823.0,2.0230823133258104e+16,3.859,3.858,3.857,3.856,3.855,1156100.0,2331200.0,1485400.0,1181500.0,227900.0,3.504,3.889,3.86,3.855,1224000.0,4208500.0,2347100.0,2184500.0,907900.0,3.86,3.861,3.862,3.863,3.864,67900.0,1877300.0,861700.0,1003000.0,680000.0,3.882,3.893,-0.0329999999999999,0.0029999999999996,704893755.9,182300600.0,4.282,-67900.0,-1877300.0,-861700.0,-1003000.0,-680000.0,0.0005263157894739,871415.7894736826,16586104.799999952,-0.0010000000000003,1156100.0,2331200.0,1485400.0,1181500.0,227900.0,0.0020000000000002,0.0009999999999998,3.86,3.0,1.0,14.89594447368421,6.2161700047941e+17,12.0,7.0,3.861,0.0014999999999996,2016350.0,0.0006466123119681,3.858,3.8595,1333.0,3.858,0.0002591009198082,0.0007773027594248,9314388.286379203,159919.0,4489900.0,6382100.0,-1892200.0,10872000.0,0.1517750615615805,0.1518102051262198,4297800.0,1892200.0,3.8592081530085047,3.8599445261437904,3.862077930466158,3.8574710205104905
20230823.0,2.023082313335803e+16,3.859,3.858,3.857,3.856,3.855,10100.0,1287400.0,2112000.0,1667200.0,1503200.0,3.504,3.889,3.86,3.855,-1976600.0,-1313200.0,305500.0,785700.0,1475300.0,3.86,3.861,3.862,3.863,3.864,898500.0,2146700.0,1182800.0,703000.0,480000.0,3.882,3.893,-0.0329999999999999,0.0,709863143.7,183588300.0,4.282,830600.0,269400.0,321100.0,-300000.0,-200000.0,0.0004999999999999,469600.0,4969387.800000072,-0.0010000000000003,-1146000.0,-1043800.0,626600.0,485700.0,1275300.0,0.0020000000000002,0.0009999999999998,3.86,4.0,4.0,14.8934257,6.6999995255412e+17,6.0,14.0,3.861,0.0009999999999998,707100.0,-0.0002418488171125,3.857,3.8595,1334.0,3.861,0.0002591009198082,0.0007773027594248,-4711083.995553397,159919.0,5411000.0,6579900.0,-1168900.0,11990900.0,0.1240320349222411,0.1439665870519803,1287700.0,1168900.0,3.8591192047837786,3.8590111160026415,3.861578506745519,3.856488442073588
20230823.0,2.0230823133458148e+16,3.859,3.858,3.857,3.856,3.855,2168000.0,1989500.0,1123200.0,1323800.0,362800.0,3.504,3.889,3.86,3.855,2380900.0,2166500.0,447200.0,606600.0,-795400.0,3.861,3.862,3.863,3.864,3.865,223000.0,1464400.0,1436000.0,950000.0,345000.0,3.882,3.893,-0.0329999999999999,0.0,713459104.6,184520200.0,4.282,-223000.0,-1464400.0,-1436000.0,-950000.0,-345000.0,0.0005999999999999,119650.0,3595960.899999976,-0.0009999999999998,2157900.0,702100.0,-988800.0,-343400.0,-1140400.0,0.0019999999999997,0.0009999999999998,3.86,5.0,5.0,14.8949689,6.787435573336998e+17,9.0,11.0,3.861,0.0009999999999998,172350.0,0.0004669409723592,3.858,3.86,1335.0,3.86,0.0005181347150259,0.0010362694300518,14244.884361472912,159919.0,4418400.0,6967300.0,-2548900.0,11385700.0,0.1365467697149726,0.1299982623281995,931900.0,2548900.0,3.8587411739456767,3.860813467168549,3.862938801376064,3.857613738463968
20230823.0,2.023082313355813e+16,3.863,3.862,3.861,3.86,3.859,1308900.0,1870200.0,1950500.0,383100.0,1459100.0,3.504,3.889,3.864,3.855,1488900.0,3037500.0,3613800.0,518600.0,2232300.0,3.864,3.865,3.866,3.867,3.868,180000.0,1167300.0,1663300.0,135500.0,773200.0,3.882,3.893,-0.0289999999999999,0.004,719675656.5,186129500.0,4.282,-180000.0,-1167300.0,-1663300.0,-135500.0,-773200.0,0.0003999999999995,255300.0,6216551.899999976,-0.0010000000000003,1308900.0,1870200.0,1950500.0,383100.0,1459100.0,0.0020000000000002,0.0009999999999998,3.864,5.0,1.0,14.9196797,6.868604062554e+17,14.0,6.0,3.864,0.0009999999999998,437800.0,0.0007937243698479,3.86,3.8635,1336.0,3.86,0.0002588326646822,0.0007764979940468,19166126.630307566,159919.0,3919300.0,6971800.0,-3052500.0,10891100.0,0.1467163186950587,0.155550007700449,1609300.0,3052500.0,3.8628918784564568,3.8638791053798105,3.866039445819408,3.8611702142918616
20230823.0,2.0230823133658016e+16,3.862,3.861,3.86,3.859,3.858,15400.0,3011700.0,1774500.0,741700.0,1345000.0,3.504,3.889,3.862,3.855,-16500.0,-4162800.0,-3133100.0,-2193000.0,-1780500.0,3.863,3.864,3.865,3.866,3.867,1100.0,1151100.0,1358600.0,1451300.0,435500.0,3.882,3.893,-0.0309999999999996,-0.0019999999999997,722968900.8,186982100.0,4.282,1100.0,1151100.0,1358600.0,1451300.0,435500.0,0.0001499999999987,168300.0,3293244.2999999523,-0.0009999999999998,-15400.0,-3011700.0,-1774500.0,-741700.0,-1345000.0,0.0019999999999997,0.0009999999999998,3.862,3.0,4.0,14.916203049999998,6.979054781309499e+17,6.0,14.0,3.863,0.0009999999999998,349275.0,-0.0002448026424095,3.861,3.8625,1337.0,3.863,0.0002588996763753,0.0007766990291261,-4835013.165294046,159919.0,4397600.0,6888300.0,-2490700.0,11285900.0,0.1450933315043612,0.1524629870022593,852600.0,2490700.0,3.862590077410218,3.862933333333333,3.865265826814626,3.859943498395831
20230823.0,2.023082313375824e+16,3.86,3.859,3.858,3.857,3.856,6900.0,331500.0,2339300.0,1943800.0,1323800.0,3.504,3.889,3.86,3.855,-1713200.0,-2095500.0,-2472800.0,-2714800.0,-1770400.0,3.861,3.862,3.863,3.864,3.865,1706300.0,1764000.0,133500.0,771000.0,446600.0,3.882,3.893,-0.0329999999999999,-0.0020000000000002,724496506.5,187377700.0,4.282,1706300.0,1764000.0,133500.0,771000.0,446600.0,0.0004999999999992,19820.0,1527605.7000000477,-0.0009999999999998,-6900.0,-331500.0,-2339300.0,-1943800.0,-1323800.0,0.0019999999999997,0.0009999999999998,3.86,0.0,2.0,14.9111829,7.0087867864482e+17,14.0,6.0,3.862,0.0009999999999998,22200.0,-0.0007585989076812,3.86,3.8605,1338.0,3.862,0.0002590338039114,0.0007771014117342,-9702831.998074016,159919.0,4821400.0,5945300.0,-1123900.0,10766700.0,0.1537564114018155,0.1407274574632215,395600.0,1123900.0,3.861490647118422,3.860004027550783,3.862271497905173,3.8572858055943353
20230823.0,2.023082313385801e+16,3.861,3.86,3.859,3.858,3.857,1299900.0,2820600.0,1656000.0,514500.0,1193500.0,3.504,3.889,3.86,3.855,1314600.0,3360900.0,3260000.0,1831100.0,1854700.0,3.862,3.863,3.864,3.865,3.866,14700.0,540300.0,1604000.0,1316600.0,661200.0,3.882,3.893,-0.0329999999999999,0.0,726725394.6,187955100.0,4.282,-14700.0,-540300.0,-1604000.0,-1316600.0,-661200.0,0.0003499999999996,99925.0,2228888.100000024,-0.0009999999999998,1299900.0,2820600.0,1656000.0,514500.0,1193500.0,0.0020000000000002,0.0010000000000003,3.86,3.0,3.0,14.90461875,7.053536757772499e+17,12.0,8.0,3.862,0.0010000000000003,206650.0,0.0005140616998813,3.86,3.8615,1339.0,3.86,0.000258966722776,0.0007769001683283,-10502.546668975614,159919.0,4136800.0,7484500.0,-3347700.0,11621300.0,0.1512792010397783,0.1609858619533356,577400.0,3347700.0,3.8602149289920735,3.861988817891374,3.864500217559466,3.85933654886766
20230823.0,2.023082313395805e+16,3.86,3.859,3.858,3.857,3.856,110300.0,1911700.0,2158100.0,1176500.0,1433600.0,3.504,3.889,3.862,3.855,-1611500.0,-2917900.0,-1225100.0,-206500.0,-2666500.0,3.862,3.863,3.864,3.865,3.866,1515900.0,1546500.0,671000.0,346600.0,1894100.0,3.882,3.893,-0.0309999999999996,0.0020000000000002,730134354.7,188838000.0,4.282,1501200.0,1006200.0,-933000.0,-970000.0,1232900.0,0.0001999999999986,149900.0,3408960.100000024,-0.0009999999999998,-110300.0,-1911700.0,-2158100.0,-1176500.0,-1433600.0,0.0019999999999997,0.0009999999999998,3.862,4.0,3.0,14.908865799999996,7.110125809137e+17,6.0,14.0,3.862,0.0009999999999998,234550.0,-0.0004799622856737,3.86,3.861,1340.0,3.861,0.0005180005180005,0.001036001036001,4891677.147807897,159919.0,5974100.0,6790200.0,-816100.0,12764300.0,0.1467673477384091,0.1512689486544708,882900.0,816100.0,3.8610942349077177,3.860135653671135,3.8639257628764168,3.857718506082295
20230823.0,2.023082313405835e+16,3.859,3.858,3.857,3.856,3.855,27400.0,1658400.0,2349500.0,1457200.0,396800.0,3.504,3.889,3.86,3.855,-1465200.0,-2837900.0,-3679500.0,-1461700.0,-1297800.0,3.86,3.861,3.862,3.863,3.864,1437800.0,1179500.0,1330000.0,4500.0,901000.0,3.882,3.893,-0.0329999999999999,-0.0020000000000002,731729443.1,189251200.0,4.282,1437800.0,1179500.0,1330000.0,4500.0,901000.0,0.0001499999999996,75370.0,1595088.3999999762,-0.0010000000000003,-27400.0,-1658400.0,-2349500.0,-1457200.0,-396800.0,0.0020000000000002,0.0009999999999998,3.86,1.0,2.0,14.900758149999998,7.1567455670874e+17,3.0,17.0,3.861,0.0,45550.0,-0.0002893978042097,3.86,3.8595,1341.0,3.861,0.0002591009198082,0.0007773027594248,-4896707.080102499,159919.0,4852800.0,5889300.0,-1036500.0,10742100.0,0.1440760176942223,0.1296079922845137,413200.0,1036500.0,3.8603301064859057,3.8590187005187007,3.861536638641609,3.856908715806632
20230823.0,2.023082313415804e+16,3.862,3.861,3.86,3.859,3.858,10000.0,1802400.0,2308900.0,1329400.0,530600.0,3.504,3.889,3.862,3.855,510000.0,3218000.0,3667500.0,2280700.0,1863100.0,3.863,3.864,3.865,3.866,3.867,500000.0,1415600.0,1358600.0,951300.0,1332500.0,3.882,3.893,-0.0309999999999996,0.0020000000000002,738759401.0,191071300.0,4.282,-500000.0,-1415600.0,-1358600.0,-951300.0,-1332500.0,0.0006500000000011,481505.0,7029957.899999976,-0.0009999999999998,10000.0,1802400.0,2308900.0,1329400.0,530600.0,0.0019999999999997,0.0009999999999998,3.862,5.0,3.0,14.91002455,7.2130818382955e+17,8.0,12.0,3.863,0.0009999999999998,900775.0,0.0007773326217779,3.86,3.8625,1342.0,3.86,0.0002588996763753,0.0007766990291261,9791236.572811082,159919.0,5558000.0,5981300.0,-423300.0,11539300.0,0.1530139996278988,0.1551705554729147,1820100.0,423300.0,3.86240201087851,3.862019607843137,3.865216030946384,3.8599050039289113
20230823.0,2.0230823134258016e+16,3.861,3.86,3.859,3.858,3.857,3000.0,1442000.0,2261100.0,1670900.0,349300.0,3.504,3.889,3.861,3.855,-1427300.0,-2663300.0,-2641100.0,-2387500.0,-1740100.0,3.862,3.863,3.864,3.865,3.866,1424300.0,1221300.0,380000.0,716600.0,1390800.0,3.882,3.893,-0.0319999999999995,-0.0009999999999998,741319823.6,191734200.0,4.282,1424300.0,1221300.0,380000.0,716600.0,1390800.0,0.00095,81470.0,2560422.600000024,-0.0009999999999998,-3000.0,-1442000.0,-2261100.0,-1670900.0,-349300.0,0.0020000000000002,0.0010000000000003,3.861,3.0,5.0,14.91465845,7.343420168286198e+17,13.0,7.0,3.863,0.0019999999999997,150575.0,-0.0002634994479115,3.861,3.8615,1343.0,3.863,0.000258966722776,0.0007769001683283,-9927856.162461188,159919.0,5133000.0,5726300.0,-593300.0,10859300.0,0.1460122572566981,0.1318696098158547,662900.0,593300.0,3.8624567808116215,3.861002101870665,3.863888622637834,3.85883907584304
20230823.0,2.0230823134358016e+16,3.859,3.858,3.857,3.856,3.855,1581500.0,2725200.0,1299700.0,308100.0,1276500.0,3.504,3.889,3.861,3.855,-1632700.0,-4282200.0,-2571500.0,-1268100.0,-1803100.0,3.861,3.862,3.863,3.864,3.865,51200.0,1557000.0,1271800.0,960000.0,526600.0,3.882,3.893,-0.0319999999999995,0.0,743628327.2,192332200.0,4.282,51200.0,1557000.0,1271800.0,960000.0,526600.0,0.0001999999999999,145515.0,2308503.600000024,-0.0009999999999998,-1581500.0,-2725200.0,-1299700.0,-308100.0,-1276500.0,0.0019999999999997,0.0009999999999998,3.861,1.0,1.0,14.908865600000002,7.364839279727698e+17,4.0,16.0,3.862,0.0,167500.0,-1.6788546062684873e-05,3.861,3.86,1344.0,3.861,0.0005181347150259,0.0010362694300518,-2581.882509380579,159919.0,4366600.0,7191000.0,-2824400.0,11557600.0,0.1399692182933235,0.123714282911794,598000.0,2824400.0,3.860373913043518,3.860937281803148,3.863081024137773,3.857420956751495
20230823.0,2.0230823134458016e+16,3.86,3.859,3.858,3.857,3.856,800.0,1363600.0,2945200.0,1300700.0,338100.0,3.504,3.889,3.86,3.855,-1413300.0,982100.0,3645200.0,1400400.0,-178900.0,3.861,3.862,3.863,3.864,3.865,1465300.0,1938500.0,571800.0,860300.0,1043600.0,3.882,3.893,-0.0329999999999999,-0.0010000000000003,745283555.1,192761000.0,4.282,1414100.0,381500.0,-700000.0,-99700.0,517000.0,0.0002499999999998,132120.0,1655227.8999999762,-0.0009999999999998,800.0,1363600.0,2945200.0,1300700.0,338100.0,0.0019999999999997,0.0009999999999998,3.86,2.0,3.0,14.901530249999997,7.412515975958996e+17,5.0,15.0,3.861,0.0002499999999998,314200.0,-0.0002426482801198,3.86,3.8605,1345.0,3.861,0.0002590338039114,0.0007771014117342,-4989221.416370752,159919.0,5879500.0,5948400.0,-68900.0,11827900.0,0.147172636839767,0.1036282492442119,428800.0,68900.0,3.860139692164124,3.8600005456653705,3.862673169487201,3.8578971656243697
20230823.0,2.0230823134558064e+16,3.861,3.86,3.859,3.858,3.857,770700.0,3772700.0,1624600.0,557900.0,276300.0,3.504,3.889,3.862,3.855,785700.0,5340800.0,3227200.0,874500.0,871100.0,3.862,3.863,3.864,3.865,3.866,15000.0,1568100.0,1602600.0,316600.0,594800.0,3.882,3.893,-0.0309999999999996,0.0020000000000002,750093398.1,194006800.0,4.282,-15000.0,-1568100.0,-1602600.0,-316600.0,-594800.0,0.0005000000000001,462290.0,4809843.0,-0.0009999999999998,770700.0,3772700.0,1624600.0,557900.0,276300.0,0.0020000000000002,0.0010000000000003,3.862,3.0,1.0,14.9042327,7.4775609153704e+17,11.0,9.0,3.862,0.0010000000000003,923350.0,0.0005129157933188,3.86,3.8615,1346.0,3.86,0.000258966722776,0.0007769001683283,10024430.2643129,159919.0,4097100.0,7002200.0,-2905100.0,11099300.0,0.1425917724378287,0.0841469878295647,1245800.0,2905100.0,3.860846845400546,3.8619809087437953,3.863977569500378,3.85960032561195
20230823.0,2.0230823134658176e+16,3.865,3.864,3.863,3.862,3.861,221100.0,1602000.0,2353900.0,1301000.0,1454000.0,3.504,3.889,3.865,3.855,1229700.0,2651900.0,4327100.0,1634700.0,2537500.0,3.866,3.867,3.868,3.869,3.87,1008600.0,1049900.0,1973200.0,333700.0,1083500.0,3.882,3.893,-0.0279999999999995,0.0030000000000001,757916193.8,196031200.0,4.282,-1008600.0,-1049900.0,-1973200.0,-333700.0,-1083500.0,0.0013500000000004,881265.0,7822795.699999928,-0.0009999999999998,221100.0,1602000.0,2353900.0,1301000.0,1454000.0,0.0020000000000002,0.0010000000000003,3.865,5.0,2.0,14.92779405,7.6047467399763e+17,12.0,8.0,3.866,0.0030000000000001,1755700.0,0.0008279603623499,3.861,3.8655,1347.0,3.862,0.000258698745311,0.0007760962359332,15106618.74267008,159919.0,5448900.0,6932000.0,-1483100.0,12380900.0,0.1488032078521213,0.1284832577255177,2024400.0,1483100.0,3.864253951788149,3.865179799951208,3.867896052414248,3.862687709174841
20230823.0,2.023082313475807e+16,3.862,3.861,3.86,3.859,3.858,383300.0,2778700.0,1934500.0,1124300.0,381600.0,3.504,3.889,3.863,3.855,-1642400.0,-4311700.0,-2485500.0,-1759800.0,-1071700.0,3.864,3.865,3.866,3.867,3.868,1259100.0,1533000.0,551000.0,635500.0,690100.0,3.882,3.893,-0.0299999999999998,-0.0020000000000002,765413548.9,197971500.0,4.282,1259100.0,1533000.0,551000.0,635500.0,690100.0,0.0001499999999996,681900.0,7497355.100000024,-0.0010000000000003,-383300.0,-2778700.0,-1934500.0,-1124300.0,-381600.0,0.0020000000000002,0.0009999999999998,3.863,3.0,5.0,14.931655650000002,7.771532835943098e+17,6.0,14.0,3.865,0.0010000000000003,1324175.0,-0.0007021656790762,3.863,3.863,1348.0,3.865,0.0005177323323841,0.0010354646647683,-10226197.704218913,159919.0,4668700.0,6602400.0,-1933700.0,11271100.0,0.1593960775436307,0.1658536271495254,1940300.0,1933700.0,3.864018502293472,3.862466755966878,3.865564011395034,3.860251090512541
20230823.0,2.0230823134807136e+16,3.861,3.86,3.859,3.858,3.857,640200.0,3067600.0,1374700.0,1455600.0,292100.0,3.504,3.889,3.862,3.855,-649700.0,-4132000.0,-2498900.0,-2690100.0,-743100.0,3.862,3.863,3.864,3.865,3.866,9500.0,1064400.0,1124200.0,1234500.0,451000.0,3.882,3.893,-0.0309999999999996,-0.0009999999999998,765495037.1,197992600.0,4.282,9500.0,1064400.0,1124200.0,1234500.0,451000.0,0.0003333333333328,7033.333333343267,81488.20000004768,-0.0009999999999998,-640200.0,-3067600.0,-1374700.0,-1455600.0,-292100.0,0.0020000000000002,0.0010000000000003,3.862,0.0,1.0,14.920194,1.1758649927926e+17,2.0,1.0,3.863,0.0005000000000001,10550.0,-0.0001246374739471,3.862,3.8615,1349.0,3.863,0.000258966722776,0.0007769001683283,-5126685.655100419,159919.0,3883600.0,6830200.0,-2946600.0,10713800.0,0.1567954096746403,0.1638358043410301,21100.0,2946600.0,3.86200000000226,3.861985377866708,3.86427116592852,3.859337940323856
0.0,0.0,0.0,0.0,0.0,0.0,0.0,0.0,0.0,0.0,0.0,0.0,0.0,0.0,0.0,0.0,0.0,0.0,0.0,0.0,0.0,0.0,0.0,0.0,0.0,0.0,0.0,0.0,0.0,0.0,0.0,0.0,0.0,0.0,0.0,0.0,0.0,0.0,0.0,0.0,0.0,0.0,0.0,0.0,0.0,0.0,0.0,0.0,0.0,0.0,0.0,0.0,0.0,0.0,0.0,0.0,0.0,0.0,0.0,0.0,0.0,0.0,0.0,0.0,0.0,0.0,0.0,0.0,0.0,0.0,0.0,0.0,0.0,0.0,0.0,0.0,0.0,0.0,0.0,0.0,0.0,0.0,0.0,0.0,0.0
20230823.0,2.023082313505938e+16,3.86,3.859,3.858,3.857,3.856,222600.0,1428000.0,2725800.0,907600.0,1350900.0,3.504,3.889,3.861,3.855,-1401100.0,-2807500.0,-3825800.0,-1787600.0,-1732500.0,3.861,3.862,3.863,3.864,3.865,1178500.0,1379500.0,1100000.0,880000.0,381600.0,3.882,3.893,-0.0319999999999995,-0.0009999999999998,768206004.3,198694700.0,4.282,1178500.0,1379500.0,1100000.0,880000.0,381600.0,0.0,33.33333334326744,2710967.1999999285,-0.0009999999999998,-222600.0,-1428000.0,-2725800.0,-907600.0,-1350900.0,0.0019999999999997,0.0009999999999998,3.861,0.0,0.0,14.907321,1.1843871168534e+17,0.0,0.0,3.861,0.0,50.0,-0.0004730558434054,3.861,3.8605,1351.0,3.861,0.0002590338039114,0.0007771014117342,0.0,159919.0,4919600.0,6634900.0,-1715300.0,11554500.0,0.1701848714705001,0.2011756933533035,702100.0,1715300.0,3.861226605896494,3.8601588751695095,3.8625744979266607,3.857738323109617
20230823.0,2.0230823135113264e+16,3.862,3.861,3.86,3.859,3.858,107700.0,3270700.0,1809000.0,1312000.0,555500.0,3.504,3.889,3.862,3.855,157700.0,4866300.0,3302600.0,2163000.0,885500.0,3.863,3.864,3.865,3.866,3.867,50000.0,1595600.0,1493600.0,851000.0,330000.0,3.882,3.893,-0.0309999999999996,0.0009999999999998,770250686.7,199224100.0,4.282,-50000.0,-1595600.0,-1493600.0,-851000.0,-330000.0,4.440892098500626e-16,167800.0,2044682.400000096,-0.0009999999999998,107700.0,3270700.0,1809000.0,1312000.0,555500.0,0.0019999999999997,0.0009999999999998,3.862,2.0,1.0,14.9150444,1.9797114665885e+17,1.0,4.0,3.863,0.0,330000.0,0.0006536628032836,3.861,3.8625,1352.0,3.861,0.0002588996763753,0.0007766990291261,5142765.06735759,159919.0,4320200.0,7054900.0,-2734700.0,11375100.0,0.2094038209001601,0.2116309983925819,529400.0,2734700.0,3.862263694748952,3.8626829422954976,3.864957270496736,3.860150689591632
0.0,0.0,0.0,0.0,0.0,0.0,0.0,0.0,0.0,0.0,0.0,0.0,0.0,0.0,0.0,0.0,0.0,0.0,0.0,0.0,0.0,0.0,0.0,0.0,0.0,0.0,0.0,0.0,0.0,0.0,0.0,0.0,0.0,0.0,0.0,0.0,0.0,0.0,0.0,0.0,0.0,0.0,0.0,0.0,0.0,0.0,0.0,0.0,0.0,0.0,0.0,0.0,0.0,0.0,0.0,0.0,0.0,0.0,0.0,0.0,0.0,0.0,0.0,0.0,0.0,0.0,0.0,0.0,0.0,0.0,0.0,0.0,0.0,0.0,0.0,0.0,0.0,0.0,0.0,0.0,0.0,0.0,0.0,0.0,0.0
20230823.0,2.023082313535888e+16,3.865,3.864,3.863,3.862,3.861,109800.0,2328000.0,1601300.0,1918600.0,135000.0,3.504,3.889,3.866,3.855,111900.0,3820400.0,3184500.0,3062400.0,694200.0,3.866,3.867,3.868,3.869,3.87,2100.0,1492400.0,1583200.0,1143800.0,559200.0,3.882,3.893,-0.0269999999999996,0.004,785936294.3,203283600.0,4.282,-2100.0,-1492400.0,-1583200.0,-1143800.0,-559200.0,0.0010000000000001,583200.0,15685607.599999905,-0.0009999999999998,109800.0,2328000.0,1601300.0,1918600.0,135000.0,0.0020000000000002,0.0010000000000003,3.866,4.0,1.0,14.9359073,8.215454638998399e+17,12.0,8.0,3.866,0.0020000000000002,1166725.0,0.0008535216626808,3.863,3.8655,1354.0,3.863,0.000258698745311,0.0007760962359332,15719450.178327542,159919.0,4780700.0,6092700.0,-1312000.0,10873400.0,0.1517929669184005,0.1423350935346961,4059500.0,1312000.0,3.863926000738984,3.865981233243968,3.8681601439119793,3.863058922973394
20230823.0,2.023082313545861e+16,3.867,3.866,3.865,3.864,3.863,2210500.0,1315700.0,1250900.0,486800.0,267200.0,3.504,3.889,3.867,3.855,3174700.0,2455600.0,3284600.0,988700.0,927400.0,3.869,3.87,3.871,3.872,3.873,964200.0,1139900.0,2033700.0,501900.0,660200.0,3.882,3.893,-0.0259999999999998,0.0009999999999998,791640533.1,204758800.0,4.282,-964200.0,-1139900.0,-2033700.0,-501900.0,-660200.0,9.999999999976694e-05,330300.0,5704238.800000072,-0.0009999999999998,2210500.0,1315700.0,1250900.0,486800.0,267200.0,0.0019999999999997,0.0009999999999998,3.867,6.0,5.0,14.952915999999998,8.3117011566639e+17,15.0,5.0,3.868,0.0002499999999998,666625.0,0.0006235383552055,3.866,3.868,1355.0,3.866,0.000517063081696,0.0010341261633919,5254505.532049322,159919.0,5299900.0,5531100.0,-231200.0,10831000.0,0.1335701738029013,0.1353648049256955,1475200.0,231200.0,3.8667562364425647,3.868392572526538,3.870764901224552,3.865852542893818
20230823.0,2.0230823135558096e+16,3.873,3.872,3.871,3.87,3.869,45900.0,400500.0,1724900.0,2206600.0,382400.0,3.504,3.889,3.873,3.855,1424900.0,1215500.0,2491000.0,3020000.0,2187300.0,3.874,3.875,3.876,3.877,3.878,1379000.0,815000.0,766100.0,813400.0,1804900.0,3.882,3.893,-0.0199999999999995,0.0060000000000002,826786107.6,213836600.0,4.282,-1379000.0,-815000.0,-766100.0,-813400.0,-1804900.0,0.0008125000000003,1403400.0,35145574.5,-0.0009999999999998,45900.0,400500.0,1724900.0,2206600.0,382400.0,0.0020000000000002,0.0010000000000003,3.873,5.0,3.0,14.9860935625,6.9829604077093e+17,5.0,11.0,3.873,0.0012499999999997,2453100.0,0.0011986529468408,3.87,3.8735,1356.0,3.87,0.0002581644507551,0.0007744933522654,16321295.3059843,159919.0,5578400.0,4760300.0,818100.0,10338700.0,0.1399527935636324,0.1606103817943377,9077800.0,818100.0,3.87159603648461,3.873032212786862,3.8761524092929873,3.870479213494948
20230823.0,2.0230823135658056e+16,3.875,3.874,3.873,3.872,3.871,285900.0,800000.0,112000.0,941700.0,1759200.0,3.504,3.889,3.875,3.855,1793100.0,2233500.0,1092400.0,3286400.0,3353600.0,3.876,3.877,3.878,3.879,3.88,1507200.0,1433500.0,980400.0,2344700.0,1594400.0,3.882,3.893,-0.0179999999999997,0.0019999999999997,876684928.2,226715500.0,4.282,-1507200.0,-1433500.0,-980400.0,-2344700.0,-1594400.0,0.0008000000000003,3456470.0,49898820.60000002,-0.0009999999999998,285900.0,800000.0,112000.0,941700.0,1759200.0,0.0019999999999997,0.0009999999999998,3.875,5.0,4.0,15.0094264,9.6523189517064e+17,8.0,12.0,3.876,0.0012499999999997,6981025.0,0.0005490911681225,3.873,3.8755,1357.0,3.873,0.0002580312217778,0.0007740936653334,11224514.846225051,159919.0,7860200.0,3898800.0,3961400.0,11759000.0,0.1214774446348549,0.1044976134030924,12878900.0,3961400.0,3.8744629277345135,3.8751594445373936,3.878138113534008,3.872207884477275
20230823.0,2.0230823135757e+16,3.871,3.87,3.869,3.868,3.867,7500.0,1254100.0,1777900.0,1082000.0,1230000.0,3.504,3.889,3.871,3.855,-257500.0,-3529100.0,-1969400.0,-1692100.0,-1860400.0,3.872,3.873,3.874,3.875,3.876,250000.0,2275000.0,191500.0,610100.0,630400.0,3.882,3.893,-0.0219999999999997,-0.004,891459444.3,230530400.0,4.282,250000.0,2275000.0,191500.0,610100.0,630400.0,0.0008571428571424,658353.5714285672,14774516.099999905,-0.0010000000000003,-7500.0,-1254100.0,-1777900.0,-1082000.0,-1230000.0,0.0020000000000002,0.0009999999999998,3.871,4.0,7.0,14.991279714285712,1.47747596827573e+18,11.0,17.0,3.875,0.0020000000000002,712100.0,-0.0010664131598412,3.87,3.8715,1358.0,3.875,0.0002582978173834,0.0007748934521503,-23661893.35244997,159919.0,3957000.0,5351500.0,-1394500.0,9308500.0,0.1274424161309489,0.130607090245765,3814900.0,1394500.0,3.87284492385119,3.871029126213592,3.8737715188273945,3.868575277959451
20230823.0,2.0230823135857e+16,3.875,3.874,3.873,3.872,3.871,100000.0,59000.0,2335000.0,1681800.0,231000.0,3.504,3.889,3.875,3.855,889100.0,2087800.0,3048100.0,3639700.0,1081700.0,3.876,3.877,3.878,3.879,3.88,789100.0,2028800.0,713100.0,1957900.0,850700.0,3.882,3.893,-0.0179999999999997,0.004,895739255.0,231635000.0,4.282,-789100.0,-2028800.0,-713100.0,-1957900.0,-850700.0,0.0011282051282055,368846.1538461447,4279810.700000048,-0.0009999999999998,100000.0,59000.0,2335000.0,1681800.0,231000.0,0.0019999999999997,0.0009999999999998,3.875,5.0,4.0,15.006885205128205,2.08149617996942e+18,28.0,11.0,3.876,0.0019999999999997,599550.0,0.0010484261309968,3.871,3.8755,1359.0,3.871,0.0002580312217778,0.0007740936653334,23818715.91981419,159919.0,6339600.0,4406800.0,1932800.0,10746400.0,0.1354989244086881,0.1379291531527276,1104600.0,1932800.0,3.87453440159338,3.875112473287594,3.878008249731845,3.872572297358628
20230823.0,2.0230823135957e+16,3.873,3.872,3.871,3.87,3.869,7700.0,960300.0,1612500.0,1918700.0,1005000.0,3.504,3.889,3.872,3.855,-757700.0,-2272400.0,-1949300.0,-3309400.0,-2207900.0,3.874,3.875,3.876,3.877,3.878,750000.0,1312100.0,336800.0,1390700.0,1202900.0,3.882,3.893,-0.0209999999999999,-0.0030000000000001,899411012.3,232582800.0,4.282,750000.0,1312100.0,336800.0,1390700.0,1202900.0,0.0011794871794879,243361.53846153617,3555507.2999999523,-0.0009999999999998,-7700.0,-960300.0,-1612500.0,-1918700.0,-1005000.0,0.0020000000000002,0.0010000000000003,3.872,4.0,6.0,15.006487205128206,2.10275428657102e+18,23.0,16.0,3.876,0.0024999999999999,519600.0,-0.0002820705431367,3.872,3.8735,1400.0,3.875,0.0002581644507551,0.0007744933522654,-18013445.81464333,159919.0,4992500.0,5504200.0,-511700.0,10496700.0,0.1424504809613296,0.1450459587707047,917800.0,511700.0,3.873945630856344,3.873010162333377,3.876197175763645,3.8704635005995423
20230823.0,2.0230823140057e+16,3.87,3.869,3.868,3.867,3.866,62500.0,2260800.0,1805300.0,1000000.0,310900.0,3.504,3.889,3.872,3.855,-155400.0,-3264800.0,-2826200.0,-1952300.0,-872400.0,3.871,3.872,3.873,3.874,3.875,92900.0,1004000.0,1020900.0,952300.0,561500.0,3.882,3.893,-0.0209999999999999,-0.0010000000000003,901084390.4,233015100.0,4.282,92900.0,1004000.0,1020900.0,952300.0,561500.0,5.128205128235308e-05,159235.89743590355,1643556.0,-0.0009999999999998,-62500.0,-2260800.0,-1805300.0,-1000000.0,-310900.0,0.0019999999999997,0.0009999999999998,3.872,3.0,3.0,14.985038538461536,2.1141314403427103e+18,9.0,30.0,3.873,0.0,314400.0,-0.0006690746386261,3.87,3.8705,1401.0,3.873,0.0002583645523833,0.0007750936571501,-5999944.892293662,159919.0,3631600.0,5439500.0,-1807900.0,9071100.0,0.1480804757790375,0.1616385341826144,424600.0,1807900.0,3.8708337258596326,3.870402187902188,3.8732438319198152,3.868140454085853
20230823.0,2.0230823140158044e+16,3.867,3.866,3.865,3.864,3.863,50000.0,680700.0,2631100.0,1327000.0,1028600.0,3.504,3.889,3.868,3.855,-1051600.0,-1724200.0,-3024100.0,-2429300.0,-2088400.0,3.868,3.869,3.87,3.871,3.872,1001600.0,1043500.0,393000.0,1102300.0,1059800.0,3.882,3.893,-0.0249999999999999,-0.004,904427068.5,233879600.0,4.282,1001600.0,1043500.0,393000.0,1102300.0,1059800.0,0.0022222222222221,42127.77777779102,3342678.100000024,-0.0010000000000003,-50000.0,-680700.0,-2631100.0,-1327000.0,-1028600.0,0.0020000000000002,0.0009999999999998,3.868,2.0,6.0,14.963147222222224,1.95759944973706e+18,15.0,21.0,3.872,0.0032499999999999,124975.0,-0.0010043920466609,3.866,3.8675,1402.0,3.872,0.0002585649644472,0.0007756948933419,-24082032.711893056,159919.0,4600200.0,5717400.0,-1117200.0,10317600.0,0.1580123711337218,0.142561611022962,864500.0,1117200.0,3.866602776171225,3.867047546595664,3.870038085300639,3.8645446356735578
20230823.0,2.023082314025795e+16,3.864,3.863,3.862,3.861,3.86,1389900.0,2344000.0,1714000.0,105900.0,246900.0,3.504,3.889,3.864,3.855,-1782900.0,-3053000.0,-2171800.0,-1077400.0,-976800.0,3.865,3.866,3.867,3.868,3.869,393000.0,709000.0,457800.0,971500.0,729900.0,3.882,3.893,-0.0289999999999999,-0.004,906878405.8,234513700.0,4.282,393000.0,709000.0,457800.0,971500.0,729900.0,0.0011034482758622,189200.0,2451337.2999999523,-0.0009999999999998,-1389900.0,-2344000.0,-1714000.0,-105900.0,-246900.0,0.0019999999999997,0.0009999999999998,3.864,3.0,7.0,14.946757896551723,1.59122618405453e+18,15.0,14.0,3.868,0.0019999999999997,364800.0,-0.0005866592771199,3.864,3.8645,1403.0,3.868,0.0002587656876699,0.0007762970630094,-24252806.83068604,159919.0,3261200.0,5800700.0,-2539500.0,9061900.0,0.1474185489764423,0.1216850125236177,634100.0,2539500.0,3.8658528623244792,3.864779572606428,3.867287102906906,3.862779923112728
20230823.0,2.023082314035805e+16,3.864,3.863,3.862,3.861,3.86,50100.0,243600.0,2066300.0,1838900.0,1366900.0,3.504,3.889,3.865,3.855,-2139200.0,-2639700.0,-29800.0,1717600.0,404200.0,3.865,3.866,3.867,3.868,3.869,1192400.0,1248300.0,839900.0,986900.0,1445700.0,3.882,3.893,-0.0279999999999995,0.0010000000000003,909358910.2,235155500.0,4.282,799400.0,539300.0,382100.0,15400.0,715800.0,0.0001249999999997,181300.0,2480504.4000000954,-0.0009999999999998,-1339800.0,-2100400.0,352300.0,1733000.0,1120000.0,0.0019999999999997,0.0009999999999998,3.865,2.0,1.0,14.937258875,8.8239117341113e+17,14.0,2.0,3.865,0.0,277600.0,-0.0001912971675313,3.864,3.8645,1404.0,3.864,0.0002587656876699,0.0007762970630094,6066321.9769732505,159919.0,5713200.0,5565800.0,147400.0,11279000.0,0.1541713930084318,0.1292109045636586,641800.0,147400.0,3.8649180430042,3.864040321931589,3.8670429181544494,3.861240199072909
20230823.0,2.023082314045797e+16,3.864,3.863,3.862,3.861,3.86,12800.0,1413800.0,2152500.0,1506200.0,397100.0,3.504,3.889,3.865,3.855,530100.0,734200.0,402700.0,-602700.0,-354000.0,3.865,3.866,3.867,3.868,3.869,625000.0,1684300.0,523400.0,1256900.0,829900.0,3.882,3.893,-0.0279999999999995,0.0,910275979.2,235392800.0,4.282,-567400.0,436000.0,-316500.0,270000.0,-615800.0,0.0002499999999998,12515.0,917069.0,-0.0009999999999998,-37300.0,1170200.0,86200.0,-332700.0,-969800.0,0.0019999999999997,0.0009999999999998,3.865,1.0,0.0,14.93242825,1.10686836974621e+18,5.0,15.0,3.865,0.0002500000000003,21125.0,-5.241404290812213e-06,3.864,3.8645,1405.0,3.864,0.0002587656876699,0.0007762970630094,6086737.386806689,159919.0,4919500.0,5482400.0,-562900.0,10401900.0,0.1358565922418427,0.1118111344928004,237300.0,562900.0,3.864597555836494,3.864020068987143,3.866996422400651,3.8618429519918287
20230823.0,2.023082314055796e+16,3.863,3.862,3.861,3.86,3.859,2200.0,160500.0,1922300.0,2017700.0,1189300.0,3.504,3.889,3.863,3.855,-1037700.0,-1332800.0,-3072200.0,-2847600.0,-2216200.0,3.864,3.865,3.866,3.867,3.868,1035500.0,1172300.0,1149900.0,829900.0,1026900.0,3.882,3.893,-0.0299999999999998,-0.0020000000000002,911549873.4,235722600.0,4.282,1035500.0,1172300.0,1149900.0,829900.0,1026900.0,0.0010500000000002,124750.0,1273894.1999999285,-0.0010000000000003,-2200.0,-160500.0,-1922300.0,-2017700.0,-1189300.0,0.0020000000000002,0.0009999999999998,3.863,3.0,5.0,14.923156549999998,1.1098190769895598e+18,5.0,15.0,3.865,0.0012499999999997,241850.0,-0.0002634776748109,3.862,3.8635,1406.0,3.865,0.0002588326646822,0.0007764979940468,-12189534.647132732,159919.0,5214500.0,5292000.0,-77500.0,10506500.0,0.1041732836295811,0.1058960908183099,329800.0,77500.0,3.862626440266612,3.863002120073239,3.865931038450474,3.860200415721845
20230823.0,2.0230823140657984e+16,3.859,3.858,3.857,3.856,3.855,1149500.0,1364000.0,1694200.0,1360700.0,455300.0,3.504,3.889,3.86,3.855,-1155300.0,-2244000.0,-3086500.0,-2160600.0,-1335200.0,3.86,3.861,3.862,3.863,3.864,5800.0,880000.0,1392300.0,799900.0,879900.0,3.882,3.893,-0.0329999999999999,-0.0030000000000001,914456497.5,236475300.0,4.282,5800.0,880000.0,1392300.0,799900.0,879900.0,0.0009999999999994,295800.0,2906624.100000024,-0.0010000000000003,-1149500.0,-1364000.0,-1694200.0,-1360700.0,-455300.0,0.0020000000000002,0.0009999999999998,3.86,0.0,3.0,14.9150452,1.11426050234498e+18,9.0,11.0,3.863,0.0019999999999997,591600.0,-0.0007787496298174,3.86,3.8595,1407.0,3.863,0.0002591009198082,0.0007773027594248,-18350214.054505136,159919.0,3957900.0,6023700.0,-2065800.0,9981600.0,0.1091062330763478,0.0973845975448853,752700.0,2065800.0,3.861597050617808,3.859994979658963,3.8624214608757175,3.857231037402261
20230823.0,2.0230823140757e+16,3.861,3.86,3.859,3.858,3.857,5900.0,967600.0,1003300.0,1911400.0,1226900.0,3.504,3.889,3.861,3.855,1590200.0,2161200.0,1883200.0,2611400.0,1856900.0,3.862,3.863,3.864,3.865,3.866,1584300.0,1193600.0,879900.0,700000.0,630000.0,3.882,3.893,-0.0319999999999995,0.0010000000000003,914944066.6,236601600.0,4.282,-1584300.0,-1193600.0,-879900.0,-700000.0,-630000.0,0.0002121212121211,48900.0,487569.10000002384,-0.0009999999999998,5900.0,967600.0,1003300.0,1911400.0,1226900.0,0.0020000000000002,0.0010000000000003,3.861,3.0,2.0,14.905683212121213,1.8463528295302904e+18,26.0,7.0,3.861,0.0,95400.0,0.0002612953614993,3.86,3.8615,1408.0,3.86,0.000258966722776,0.0007769001683283,6122759.615554405,159919.0,4987800.0,5115100.0,-127300.0,10102900.0,0.0937555145656757,0.0937555145656757,126300.0,127300.0,3.8604045922408856,3.861003710225129,3.863518384859056,3.8583380774569407
