TradeDate,OrigTime,BidPx1,BidPx2,BidPx3,BidPx4,BidPx5,BidSize1,BidSize2,BidSize3,BidSize4,BidSize5,DownLimitPx,HighPx,LastPx,LowPx,OFI1,OFI2,OFI3,OFI4,OFI5,OfferPx1,OfferPx2,OfferPx3,OfferPx4,OfferPx5,OfferSize1,OfferSize2,OfferSize3,OfferSize4,OfferSize5,OpenPx,PreClosePx,PxChange1,PxChange2,TotalValueTrade,TotalVolumeTrade,UpLimitPx,aOF1,aOF2,aOF3,aOF4,aOF5,abs_diff,abs_diff_v,amount,ask_spread,bOF1,bOF2,bOF3,bOF4,bOF5,bid_ask_spread,bid_spread,close,df_max,df_min,energy,energy_v,f_max,f_min,high,iqr_p,iqr_p_v,log_return,low,mid,minute,open,price_spread,price_spread2,tendency,ticker,total_ask_qty,total_bid_qty,total_qty_diff,total_volume,volatility,volatility_QMLE,volume,volume_imbalance,vwap,wap1,weighted_ask_prc,weighted_bid_prc
0.0,0.0,0.0,0.0,0.0,0.0,0.0,0.0,0.0,0.0,0.0,0.0,0.0,0.0,0.0,0.0,0.0,0.0,0.0,0.0,0.0,0.0,0.0,0.0,0.0,0.0,0.0,0.0,0.0,0.0,0.0,0.0,0.0,0.0,0.0,0.0,0.0,0.0,0.0,0.0,0.0,0.0,0.0,0.0,0.0,0.0,0.0,0.0,0.0,0.0,0.0,0.0,0.0,0.0,0.0,0.0,0.0,0.0,0.0,0.0,0.0,0.0,0.0,0.0,0.0,0.0,0.0,0.0,0.0,0.0,0.0,0.0,0.0,0.0,0.0,0.0,0.0,0.0,0.0,0.0,0.0,0.0,0.0,0.0,0.0
0.0,0.0,0.0,0.0,0.0,0.0,0.0,0.0,0.0,0.0,0.0,0.0,0.0,0.0,0.0,0.0,0.0,0.0,0.0,0.0,0.0,0.0,0.0,0.0,0.0,0.0,0.0,0.0,0.0,0.0,0.0,0.0,0.0,0.0,0.0,0.0,0.0,0.0,0.0,0.0,0.0,0.0,0.0,0.0,0.0,0.0,0.0,0.0,0.0,0.0,0.0,0.0,0.0,0.0,0.0,0.0,0.0,0.0,0.0,0.0,0.0,0.0,0.0,0.0,0.0,0.0,0.0,0.0,0.0,0.0,0.0,0.0,0.0,0.0,0.0,0.0,0.0,0.0,0.0,0.0,0.0,0.0,0.0,0.0,0.0
0.0,0.0,0.0,0.0,0.0,0.0,0.0,0.0,0.0,0.0,0.0,0.0,0.0,0.0,0.0,0.0,0.0,0.0,0.0,0.0,0.0,0.0,0.0,0.0,0.0,0.0,0.0,0.0,0.0,0.0,0.0,0.0,0.0,0.0,0.0,0.0,0.0,0.0,0.0,0.0,0.0,0.0,0.0,0.0,0.0,0.0,0.0,0.0,0.0,0.0,0.0,0.0,0.0,0.0,0.0,0.0,0.0,0.0,0.0,0.0,0.0,0.0,0.0,0.0,0.0,0.0,0.0,0.0,0.0,0.0,0.0,0.0,0.0,0.0,0.0,0.0,0.0,0.0,0.0,0.0,0.0,0.0,0.0,0.0,0.0
0.0,0.0,0.0,0.0,0.0,0.0,0.0,0.0,0.0,0.0,0.0,0.0,0.0,0.0,0.0,0.0,0.0,0.0,0.0,0.0,0.0,0.0,0.0,0.0,0.0,0.0,0.0,0.0,0.0,0.0,0.0,0.0,0.0,0.0,0.0,0.0,0.0,0.0,0.0,0.0,0.0,0.0,0.0,0.0,0.0,0.0,0.0,0.0,0.0,0.0,0.0,0.0,0.0,0.0,0.0,0.0,0.0,0.0,0.0,0.0,0.0,0.0,0.0,0.0,0.0,0.0,0.0,0.0,0.0,0.0,0.0,0.0,0.0,0.0,0.0,0.0,0.0,0.0,0.0,0.0,0.0,0.0,0.0,0.0,0.0
0.0,0.0,0.0,0.0,0.0,0.0,0.0,0.0,0.0,0.0,0.0,0.0,0.0,0.0,0.0,0.0,0.0,0.0,0.0,0.0,0.0,0.0,0.0,0.0,0.0,0.0,0.0,0.0,0.0,0.0,0.0,0.0,0.0,0.0,0.0,0.0,0.0,0.0,0.0,0.0,0.0,0.0,0.0,0.0,0.0,0.0,0.0,0.0,0.0,0.0,0.0,0.0,0.0,0.0,0.0,0.0,0.0,0.0,0.0,0.0,0.0,0.0,0.0,0.0,0.0,0.0,0.0,0.0,0.0,0.0,0.0,0.0,0.0,0.0,0.0,0.0,0.0,0.0,0.0,0.0,0.0,0.0,0.0,0.0,0.0
0.0,0.0,0.0,0.0,0.0,0.0,0.0,0.0,0.0,0.0,0.0,0.0,0.0,0.0,0.0,0.0,0.0,0.0,0.0,0.0,0.0,0.0,0.0,0.0,0.0,0.0,0.0,0.0,0.0,0.0,0.0,0.0,0.0,0.0,0.0,0.0,0.0,0.0,0.0,0.0,0.0,0.0,0.0,0.0,0.0,0.0,0.0,0.0,0.0,0.0,0.0,0.0,0.0,0.0,0.0,0.0,0.0,0.0,0.0,0.0,0.0,0.0,0.0,0.0,0.0,0.0,0.0,0.0,0.0,0.0,0.0,0.0,0.0,0.0,0.0,0.0,0.0,0.0,0.0,0.0,0.0,0.0,0.0,0.0,0.0
0.0,0.0,0.0,0.0,0.0,0.0,0.0,0.0,0.0,0.0,0.0,0.0,0.0,0.0,0.0,0.0,0.0,0.0,0.0,0.0,0.0,0.0,0.0,0.0,0.0,0.0,0.0,0.0,0.0,0.0,0.0,0.0,0.0,0.0,0.0,0.0,0.0,0.0,0.0,0.0,0.0,0.0,0.0,0.0,0.0,0.0,0.0,0.0,0.0,0.0,0.0,0.0,0.0,0.0,0.0,0.0,0.0,0.0,0.0,0.0,0.0,0.0,0.0,0.0,0.0,0.0,0.0,0.0,0.0,0.0,0.0,0.0,0.0,0.0,0.0,0.0,0.0,0.0,0.0,0.0,0.0,0.0,0.0,0.0,0.0
0.0,0.0,0.0,0.0,0.0,0.0,0.0,0.0,0.0,0.0,0.0,0.0,0.0,0.0,0.0,0.0,0.0,0.0,0.0,0.0,0.0,0.0,0.0,0.0,0.0,0.0,0.0,0.0,0.0,0.0,0.0,0.0,0.0,0.0,0.0,0.0,0.0,0.0,0.0,0.0,0.0,0.0,0.0,0.0,0.0,0.0,0.0,0.0,0.0,0.0,0.0,0.0,0.0,0.0,0.0,0.0,0.0,0.0,0.0,0.0,0.0,0.0,0.0,0.0,0.0,0.0,0.0,0.0,0.0,0.0,0.0,0.0,0.0,0.0,0.0,0.0,0.0,0.0,0.0,0.0,0.0,0.0,0.0,0.0,0.0
0.0,0.0,0.0,0.0,0.0,0.0,0.0,0.0,0.0,0.0,0.0,0.0,0.0,0.0,0.0,0.0,0.0,0.0,0.0,0.0,0.0,0.0,0.0,0.0,0.0,0.0,0.0,0.0,0.0,0.0,0.0,0.0,0.0,0.0,0.0,0.0,0.0,0.0,0.0,0.0,0.0,0.0,0.0,0.0,0.0,0.0,0.0,0.0,0.0,0.0,0.0,0.0,0.0,0.0,0.0,0.0,0.0,0.0,0.0,0.0,0.0,0.0,0.0,0.0,0.0,0.0,0.0,0.0,0.0,0.0,0.0,0.0,0.0,0.0,0.0,0.0,0.0,0.0,0.0,0.0,0.0,0.0,0.0,0.0,0.0
0.0,0.0,0.0,0.0,0.0,0.0,0.0,0.0,0.0,0.0,0.0,0.0,0.0,0.0,0.0,0.0,0.0,0.0,0.0,0.0,0.0,0.0,0.0,0.0,0.0,0.0,0.0,0.0,0.0,0.0,0.0,0.0,0.0,0.0,0.0,0.0,0.0,0.0,0.0,0.0,0.0,0.0,0.0,0.0,0.0,0.0,0.0,0.0,0.0,0.0,0.0,0.0,0.0,0.0,0.0,0.0,0.0,0.0,0.0,0.0,0.0,0.0,0.0,0.0,0.0,0.0,0.0,0.0,0.0,0.0,0.0,0.0,0.0,0.0,0.0,0.0,0.0,0.0,0.0,0.0,0.0,0.0,0.0,0.0,0.0
0.0,0.0,0.0,0.0,0.0,0.0,0.0,0.0,0.0,0.0,0.0,0.0,0.0,0.0,0.0,0.0,0.0,0.0,0.0,0.0,0.0,0.0,0.0,0.0,0.0,0.0,0.0,0.0,0.0,0.0,0.0,0.0,0.0,0.0,0.0,0.0,0.0,0.0,0.0,0.0,0.0,0.0,0.0,0.0,0.0,0.0,0.0,0.0,0.0,0.0,0.0,0.0,0.0,0.0,0.0,0.0,0.0,0.0,0.0,0.0,0.0,0.0,0.0,0.0,0.0,0.0,0.0,0.0,0.0,0.0,0.0,0.0,0.0,0.0,0.0,0.0,0.0,0.0,0.0,0.0,0.0,0.0,0.0,0.0,0.0
0.0,0.0,0.0,0.0,0.0,0.0,0.0,0.0,0.0,0.0,0.0,0.0,0.0,0.0,0.0,0.0,0.0,0.0,0.0,0.0,0.0,0.0,0.0,0.0,0.0,0.0,0.0,0.0,0.0,0.0,0.0,0.0,0.0,0.0,0.0,0.0,0.0,0.0,0.0,0.0,0.0,0.0,0.0,0.0,0.0,0.0,0.0,0.0,0.0,0.0,0.0,0.0,0.0,0.0,0.0,0.0,0.0,0.0,0.0,0.0,0.0,0.0,0.0,0.0,0.0,0.0,0.0,0.0,0.0,0.0,0.0,0.0,0.0,0.0,0.0,0.0,0.0,0.0,0.0,0.0,0.0,0.0,0.0,0.0,0.0
0.0,0.0,0.0,0.0,0.0,0.0,0.0,0.0,0.0,0.0,0.0,0.0,0.0,0.0,0.0,0.0,0.0,0.0,0.0,0.0,0.0,0.0,0.0,0.0,0.0,0.0,0.0,0.0,0.0,0.0,0.0,0.0,0.0,0.0,0.0,0.0,0.0,0.0,0.0,0.0,0.0,0.0,0.0,0.0,0.0,0.0,0.0,0.0,0.0,0.0,0.0,0.0,0.0,0.0,0.0,0.0,0.0,0.0,0.0,0.0,0.0,0.0,0.0,0.0,0.0,0.0,0.0,0.0,0.0,0.0,0.0,0.0,0.0,0.0,0.0,0.0,0.0,0.0,0.0,0.0,0.0,0.0,0.0,0.0,0.0
0.0,0.0,0.0,0.0,0.0,0.0,0.0,0.0,0.0,0.0,0.0,0.0,0.0,0.0,0.0,0.0,0.0,0.0,0.0,0.0,0.0,0.0,0.0,0.0,0.0,0.0,0.0,0.0,0.0,0.0,0.0,0.0,0.0,0.0,0.0,0.0,0.0,0.0,0.0,0.0,0.0,0.0,0.0,0.0,0.0,0.0,0.0,0.0,0.0,0.0,0.0,0.0,0.0,0.0,0.0,0.0,0.0,0.0,0.0,0.0,0.0,0.0,0.0,0.0,0.0,0.0,0.0,0.0,0.0,0.0,0.0,0.0,0.0,0.0,0.0,0.0,0.0,0.0,0.0,0.0,0.0,0.0,0.0,0.0,0.0
0.0,0.0,0.0,0.0,0.0,0.0,0.0,0.0,0.0,0.0,0.0,0.0,0.0,0.0,0.0,0.0,0.0,0.0,0.0,0.0,0.0,0.0,0.0,0.0,0.0,0.0,0.0,0.0,0.0,0.0,0.0,0.0,0.0,0.0,0.0,0.0,0.0,0.0,0.0,0.0,0.0,0.0,0.0,0.0,0.0,0.0,0.0,0.0,0.0,0.0,0.0,0.0,0.0,0.0,0.0,0.0,0.0,0.0,0.0,0.0,0.0,0.0,0.0,0.0,0.0,0.0,0.0,0.0,0.0,0.0,0.0,0.0,0.0,0.0,0.0,0.0,0.0,0.0,0.0,0.0,0.0,0.0,0.0,0.0,0.0
0.0,0.0,0.0,0.0,0.0,0.0,0.0,0.0,0.0,0.0,0.0,0.0,0.0,0.0,0.0,0.0,0.0,0.0,0.0,0.0,0.0,0.0,0.0,0.0,0.0,0.0,0.0,0.0,0.0,0.0,0.0,0.0,0.0,0.0,0.0,0.0,0.0,0.0,0.0,0.0,0.0,0.0,0.0,0.0,0.0,0.0,0.0,0.0,0.0,0.0,0.0,0.0,0.0,0.0,0.0,0.0,0.0,0.0,0.0,0.0,0.0,0.0,0.0,0.0,0.0,0.0,0.0,0.0,0.0,0.0,0.0,0.0,0.0,0.0,0.0,0.0,0.0,0.0,0.0,0.0,0.0,0.0,0.0,0.0,0.0
0.0,0.0,0.0,0.0,0.0,0.0,0.0,0.0,0.0,0.0,0.0,0.0,0.0,0.0,0.0,0.0,0.0,0.0,0.0,0.0,0.0,0.0,0.0,0.0,0.0,0.0,0.0,0.0,0.0,0.0,0.0,0.0,0.0,0.0,0.0,0.0,0.0,0.0,0.0,0.0,0.0,0.0,0.0,0.0,0.0,0.0,0.0,0.0,0.0,0.0,0.0,0.0,0.0,0.0,0.0,0.0,0.0,0.0,0.0,0.0,0.0,0.0,0.0,0.0,0.0,0.0,0.0,0.0,0.0,0.0,0.0,0.0,0.0,0.0,0.0,0.0,0.0,0.0,0.0,0.0,0.0,0.0,0.0,0.0,0.0
0.0,0.0,0.0,0.0,0.0,0.0,0.0,0.0,0.0,0.0,0.0,0.0,0.0,0.0,0.0,0.0,0.0,0.0,0.0,0.0,0.0,0.0,0.0,0.0,0.0,0.0,0.0,0.0,0.0,0.0,0.0,0.0,0.0,0.0,0.0,0.0,0.0,0.0,0.0,0.0,0.0,0.0,0.0,0.0,0.0,0.0,0.0,0.0,0.0,0.0,0.0,0.0,0.0,0.0,0.0,0.0,0.0,0.0,0.0,0.0,0.0,0.0,0.0,0.0,0.0,0.0,0.0,0.0,0.0,0.0,0.0,0.0,0.0,0.0,0.0,0.0,0.0,0.0,0.0,0.0,0.0,0.0,0.0,0.0,0.0
0.0,0.0,0.0,0.0,0.0,0.0,0.0,0.0,0.0,0.0,0.0,0.0,0.0,0.0,0.0,0.0,0.0,0.0,0.0,0.0,0.0,0.0,0.0,0.0,0.0,0.0,0.0,0.0,0.0,0.0,0.0,0.0,0.0,0.0,0.0,0.0,0.0,0.0,0.0,0.0,0.0,0.0,0.0,0.0,0.0,0.0,0.0,0.0,0.0,0.0,0.0,0.0,0.0,0.0,0.0,0.0,0.0,0.0,0.0,0.0,0.0,0.0,0.0,0.0,0.0,0.0,0.0,0.0,0.0,0.0,0.0,0.0,0.0,0.0,0.0,0.0,0.0,0.0,0.0,0.0,0.0,0.0,0.0,0.0,0.0
0.0,0.0,0.0,0.0,0.0,0.0,0.0,0.0,0.0,0.0,0.0,0.0,0.0,0.0,0.0,0.0,0.0,0.0,0.0,0.0,0.0,0.0,0.0,0.0,0.0,0.0,0.0,0.0,0.0,0.0,0.0,0.0,0.0,0.0,0.0,0.0,0.0,0.0,0.0,0.0,0.0,0.0,0.0,0.0,0.0,0.0,0.0,0.0,0.0,0.0,0.0,0.0,0.0,0.0,0.0,0.0,0.0,0.0,0.0,0.0,0.0,0.0,0.0,0.0,0.0,0.0,0.0,0.0,0.0,0.0,0.0,0.0,0.0,0.0,0.0,0.0,0.0,0.0,0.0,0.0,0.0,0.0,0.0,0.0,0.0
0.0,0.0,0.0,0.0,0.0,0.0,0.0,0.0,0.0,0.0,0.0,0.0,0.0,0.0,0.0,0.0,0.0,0.0,0.0,0.0,0.0,0.0,0.0,0.0,0.0,0.0,0.0,0.0,0.0,0.0,0.0,0.0,0.0,0.0,0.0,0.0,0.0,0.0,0.0,0.0,0.0,0.0,0.0,0.0,0.0,0.0,0.0,0.0,0.0,0.0,0.0,0.0,0.0,0.0,0.0,0.0,0.0,0.0,0.0,0.0,0.0,0.0,0.0,0.0,0.0,0.0,0.0,0.0,0.0,0.0,0.0,0.0,0.0,0.0,0.0,0.0,0.0,0.0,0.0,0.0,0.0,0.0,0.0,0.0,0.0
0.0,0.0,0.0,0.0,0.0,0.0,0.0,0.0,0.0,0.0,0.0,0.0,0.0,0.0,0.0,0.0,0.0,0.0,0.0,0.0,0.0,0.0,0.0,0.0,0.0,0.0,0.0,0.0,0.0,0.0,0.0,0.0,0.0,0.0,0.0,0.0,0.0,0.0,0.0,0.0,0.0,0.0,0.0,0.0,0.0,0.0,0.0,0.0,0.0,0.0,0.0,0.0,0.0,0.0,0.0,0.0,0.0,0.0,0.0,0.0,0.0,0.0,0.0,0.0,0.0,0.0,0.0,0.0,0.0,0.0,0.0,0.0,0.0,0.0,0.0,0.0,0.0,0.0,0.0,0.0,0.0,0.0,0.0,0.0,0.0
0.0,0.0,0.0,0.0,0.0,0.0,0.0,0.0,0.0,0.0,0.0,0.0,0.0,0.0,0.0,0.0,0.0,0.0,0.0,0.0,0.0,0.0,0.0,0.0,0.0,0.0,0.0,0.0,0.0,0.0,0.0,0.0,0.0,0.0,0.0,0.0,0.0,0.0,0.0,0.0,0.0,0.0,0.0,0.0,0.0,0.0,0.0,0.0,0.0,0.0,0.0,0.0,0.0,0.0,0.0,0.0,0.0,0.0,0.0,0.0,0.0,0.0,0.0,0.0,0.0,0.0,0.0,0.0,0.0,0.0,0.0,0.0,0.0,0.0,0.0,0.0,0.0,0.0,0.0,0.0,0.0,0.0,0.0,0.0,0.0
0.0,0.0,0.0,0.0,0.0,0.0,0.0,0.0,0.0,0.0,0.0,0.0,0.0,0.0,0.0,0.0,0.0,0.0,0.0,0.0,0.0,0.0,0.0,0.0,0.0,0.0,0.0,0.0,0.0,0.0,0.0,0.0,0.0,0.0,0.0,0.0,0.0,0.0,0.0,0.0,0.0,0.0,0.0,0.0,0.0,0.0,0.0,0.0,0.0,0.0,0.0,0.0,0.0,0.0,0.0,0.0,0.0,0.0,0.0,0.0,0.0,0.0,0.0,0.0,0.0,0.0,0.0,0.0,0.0,0.0,0.0,0.0,0.0,0.0,0.0,0.0,0.0,0.0,0.0,0.0,0.0,0.0,0.0,0.0,0.0
0.0,0.0,0.0,0.0,0.0,0.0,0.0,0.0,0.0,0.0,0.0,0.0,0.0,0.0,0.0,0.0,0.0,0.0,0.0,0.0,0.0,0.0,0.0,0.0,0.0,0.0,0.0,0.0,0.0,0.0,0.0,0.0,0.0,0.0,0.0,0.0,0.0,0.0,0.0,0.0,0.0,0.0,0.0,0.0,0.0,0.0,0.0,0.0,0.0,0.0,0.0,0.0,0.0,0.0,0.0,0.0,0.0,0.0,0.0,0.0,0.0,0.0,0.0,0.0,0.0,0.0,0.0,0.0,0.0,0.0,0.0,0.0,0.0,0.0,0.0,0.0,0.0,0.0,0.0,0.0,0.0,0.0,0.0,0.0,0.0
0.0,0.0,0.0,0.0,0.0,0.0,0.0,0.0,0.0,0.0,0.0,0.0,0.0,0.0,0.0,0.0,0.0,0.0,0.0,0.0,0.0,0.0,0.0,0.0,0.0,0.0,0.0,0.0,0.0,0.0,0.0,0.0,0.0,0.0,0.0,0.0,0.0,0.0,0.0,0.0,0.0,0.0,0.0,0.0,0.0,0.0,0.0,0.0,0.0,0.0,0.0,0.0,0.0,0.0,0.0,0.0,0.0,0.0,0.0,0.0,0.0,0.0,0.0,0.0,0.0,0.0,0.0,0.0,0.0,0.0,0.0,0.0,0.0,0.0,0.0,0.0,0.0,0.0,0.0,0.0,0.0,0.0,0.0,0.0,0.0
0.0,0.0,0.0,0.0,0.0,0.0,0.0,0.0,0.0,0.0,0.0,0.0,0.0,0.0,0.0,0.0,0.0,0.0,0.0,0.0,0.0,0.0,0.0,0.0,0.0,0.0,0.0,0.0,0.0,0.0,0.0,0.0,0.0,0.0,0.0,0.0,0.0,0.0,0.0,0.0,0.0,0.0,0.0,0.0,0.0,0.0,0.0,0.0,0.0,0.0,0.0,0.0,0.0,0.0,0.0,0.0,0.0,0.0,0.0,0.0,0.0,0.0,0.0,0.0,0.0,0.0,0.0,0.0,0.0,0.0,0.0,0.0,0.0,0.0,0.0,0.0,0.0,0.0,0.0,0.0,0.0,0.0,0.0,0.0,0.0
0.0,0.0,0.0,0.0,0.0,0.0,0.0,0.0,0.0,0.0,0.0,0.0,0.0,0.0,0.0,0.0,0.0,0.0,0.0,0.0,0.0,0.0,0.0,0.0,0.0,0.0,0.0,0.0,0.0,0.0,0.0,0.0,0.0,0.0,0.0,0.0,0.0,0.0,0.0,0.0,0.0,0.0,0.0,0.0,0.0,0.0,0.0,0.0,0.0,0.0,0.0,0.0,0.0,0.0,0.0,0.0,0.0,0.0,0.0,0.0,0.0,0.0,0.0,0.0,0.0,0.0,0.0,0.0,0.0,0.0,0.0,0.0,0.0,0.0,0.0,0.0,0.0,0.0,0.0,0.0,0.0,0.0,0.0,0.0,0.0
0.0,0.0,0.0,0.0,0.0,0.0,0.0,0.0,0.0,0.0,0.0,0.0,0.0,0.0,0.0,0.0,0.0,0.0,0.0,0.0,0.0,0.0,0.0,0.0,0.0,0.0,0.0,0.0,0.0,0.0,0.0,0.0,0.0,0.0,0.0,0.0,0.0,0.0,0.0,0.0,0.0,0.0,0.0,0.0,0.0,0.0,0.0,0.0,0.0,0.0,0.0,0.0,0.0,0.0,0.0,0.0,0.0,0.0,0.0,0.0,0.0,0.0,0.0,0.0,0.0,0.0,0.0,0.0,0.0,0.0,0.0,0.0,0.0,0.0,0.0,0.0,0.0,0.0,0.0,0.0,0.0,0.0,0.0,0.0,0.0
0.0,0.0,0.0,0.0,0.0,0.0,0.0,0.0,0.0,0.0,0.0,0.0,0.0,0.0,0.0,0.0,0.0,0.0,0.0,0.0,0.0,0.0,0.0,0.0,0.0,0.0,0.0,0.0,0.0,0.0,0.0,0.0,0.0,0.0,0.0,0.0,0.0,0.0,0.0,0.0,0.0,0.0,0.0,0.0,0.0,0.0,0.0,0.0,0.0,0.0,0.0,0.0,0.0,0.0,0.0,0.0,0.0,0.0,0.0,0.0,0.0,0.0,0.0,0.0,0.0,0.0,0.0,0.0,0.0,0.0,0.0,0.0,0.0,0.0,0.0,0.0,0.0,0.0,0.0,0.0,0.0,0.0,0.0,0.0,0.0
0.0,0.0,0.0,0.0,0.0,0.0,0.0,0.0,0.0,0.0,0.0,0.0,0.0,0.0,0.0,0.0,0.0,0.0,0.0,0.0,0.0,0.0,0.0,0.0,0.0,0.0,0.0,0.0,0.0,0.0,0.0,0.0,0.0,0.0,0.0,0.0,0.0,0.0,0.0,0.0,0.0,0.0,0.0,0.0,0.0,0.0,0.0,0.0,0.0,0.0,0.0,0.0,0.0,0.0,0.0,0.0,0.0,0.0,0.0,0.0,0.0,0.0,0.0,0.0,0.0,0.0,0.0,0.0,0.0,0.0,0.0,0.0,0.0,0.0,0.0,0.0,0.0,0.0,0.0,0.0,0.0,0.0,0.0,0.0,0.0
0.0,0.0,0.0,0.0,0.0,0.0,0.0,0.0,0.0,0.0,0.0,0.0,0.0,0.0,0.0,0.0,0.0,0.0,0.0,0.0,0.0,0.0,0.0,0.0,0.0,0.0,0.0,0.0,0.0,0.0,0.0,0.0,0.0,0.0,0.0,0.0,0.0,0.0,0.0,0.0,0.0,0.0,0.0,0.0,0.0,0.0,0.0,0.0,0.0,0.0,0.0,0.0,0.0,0.0,0.0,0.0,0.0,0.0,0.0,0.0,0.0,0.0,0.0,0.0,0.0,0.0,0.0,0.0,0.0,0.0,0.0,0.0,0.0,0.0,0.0,0.0,0.0,0.0,0.0,0.0,0.0,0.0,0.0,0.0,0.0
0.0,0.0,0.0,0.0,0.0,0.0,0.0,0.0,0.0,0.0,0.0,0.0,0.0,0.0,0.0,0.0,0.0,0.0,0.0,0.0,0.0,0.0,0.0,0.0,0.0,0.0,0.0,0.0,0.0,0.0,0.0,0.0,0.0,0.0,0.0,0.0,0.0,0.0,0.0,0.0,0.0,0.0,0.0,0.0,0.0,0.0,0.0,0.0,0.0,0.0,0.0,0.0,0.0,0.0,0.0,0.0,0.0,0.0,0.0,0.0,0.0,0.0,0.0,0.0,0.0,0.0,0.0,0.0,0.0,0.0,0.0,0.0,0.0,0.0,0.0,0.0,0.0,0.0,0.0,0.0,0.0,0.0,0.0,0.0,0.0
0.0,0.0,0.0,0.0,0.0,0.0,0.0,0.0,0.0,0.0,0.0,0.0,0.0,0.0,0.0,0.0,0.0,0.0,0.0,0.0,0.0,0.0,0.0,0.0,0.0,0.0,0.0,0.0,0.0,0.0,0.0,0.0,0.0,0.0,0.0,0.0,0.0,0.0,0.0,0.0,0.0,0.0,0.0,0.0,0.0,0.0,0.0,0.0,0.0,0.0,0.0,0.0,0.0,0.0,0.0,0.0,0.0,0.0,0.0,0.0,0.0,0.0,0.0,0.0,0.0,0.0,0.0,0.0,0.0,0.0,0.0,0.0,0.0,0.0,0.0,0.0,0.0,0.0,0.0,0.0,0.0,0.0,0.0,0.0,0.0
0.0,0.0,0.0,0.0,0.0,0.0,0.0,0.0,0.0,0.0,0.0,0.0,0.0,0.0,0.0,0.0,0.0,0.0,0.0,0.0,0.0,0.0,0.0,0.0,0.0,0.0,0.0,0.0,0.0,0.0,0.0,0.0,0.0,0.0,0.0,0.0,0.0,0.0,0.0,0.0,0.0,0.0,0.0,0.0,0.0,0.0,0.0,0.0,0.0,0.0,0.0,0.0,0.0,0.0,0.0,0.0,0.0,0.0,0.0,0.0,0.0,0.0,0.0,0.0,0.0,0.0,0.0,0.0,0.0,0.0,0.0,0.0,0.0,0.0,0.0,0.0,0.0,0.0,0.0,0.0,0.0,0.0,0.0,0.0,0.0
0.0,0.0,0.0,0.0,0.0,0.0,0.0,0.0,0.0,0.0,0.0,0.0,0.0,0.0,0.0,0.0,0.0,0.0,0.0,0.0,0.0,0.0,0.0,0.0,0.0,0.0,0.0,0.0,0.0,0.0,0.0,0.0,0.0,0.0,0.0,0.0,0.0,0.0,0.0,0.0,0.0,0.0,0.0,0.0,0.0,0.0,0.0,0.0,0.0,0.0,0.0,0.0,0.0,0.0,0.0,0.0,0.0,0.0,0.0,0.0,0.0,0.0,0.0,0.0,0.0,0.0,0.0,0.0,0.0,0.0,0.0,0.0,0.0,0.0,0.0,0.0,0.0,0.0,0.0,0.0,0.0,0.0,0.0,0.0,0.0
0.0,0.0,0.0,0.0,0.0,0.0,0.0,0.0,0.0,0.0,0.0,0.0,0.0,0.0,0.0,0.0,0.0,0.0,0.0,0.0,0.0,0.0,0.0,0.0,0.0,0.0,0.0,0.0,0.0,0.0,0.0,0.0,0.0,0.0,0.0,0.0,0.0,0.0,0.0,0.0,0.0,0.0,0.0,0.0,0.0,0.0,0.0,0.0,0.0,0.0,0.0,0.0,0.0,0.0,0.0,0.0,0.0,0.0,0.0,0.0,0.0,0.0,0.0,0.0,0.0,0.0,0.0,0.0,0.0,0.0,0.0,0.0,0.0,0.0,0.0,0.0,0.0,0.0,0.0,0.0,0.0,0.0,0.0,0.0,0.0
0.0,0.0,0.0,0.0,0.0,0.0,0.0,0.0,0.0,0.0,0.0,0.0,0.0,0.0,0.0,0.0,0.0,0.0,0.0,0.0,0.0,0.0,0.0,0.0,0.0,0.0,0.0,0.0,0.0,0.0,0.0,0.0,0.0,0.0,0.0,0.0,0.0,0.0,0.0,0.0,0.0,0.0,0.0,0.0,0.0,0.0,0.0,0.0,0.0,0.0,0.0,0.0,0.0,0.0,0.0,0.0,0.0,0.0,0.0,0.0,0.0,0.0,0.0,0.0,0.0,0.0,0.0,0.0,0.0,0.0,0.0,0.0,0.0,0.0,0.0,0.0,0.0,0.0,0.0,0.0,0.0,0.0,0.0,0.0,0.0
0.0,0.0,0.0,0.0,0.0,0.0,0.0,0.0,0.0,0.0,0.0,0.0,0.0,0.0,0.0,0.0,0.0,0.0,0.0,0.0,0.0,0.0,0.0,0.0,0.0,0.0,0.0,0.0,0.0,0.0,0.0,0.0,0.0,0.0,0.0,0.0,0.0,0.0,0.0,0.0,0.0,0.0,0.0,0.0,0.0,0.0,0.0,0.0,0.0,0.0,0.0,0.0,0.0,0.0,0.0,0.0,0.0,0.0,0.0,0.0,0.0,0.0,0.0,0.0,0.0,0.0,0.0,0.0,0.0,0.0,0.0,0.0,0.0,0.0,0.0,0.0,0.0,0.0,0.0,0.0,0.0,0.0,0.0,0.0,0.0
0.0,0.0,0.0,0.0,0.0,0.0,0.0,0.0,0.0,0.0,0.0,0.0,0.0,0.0,0.0,0.0,0.0,0.0,0.0,0.0,0.0,0.0,0.0,0.0,0.0,0.0,0.0,0.0,0.0,0.0,0.0,0.0,0.0,0.0,0.0,0.0,0.0,0.0,0.0,0.0,0.0,0.0,0.0,0.0,0.0,0.0,0.0,0.0,0.0,0.0,0.0,0.0,0.0,0.0,0.0,0.0,0.0,0.0,0.0,0.0,0.0,0.0,0.0,0.0,0.0,0.0,0.0,0.0,0.0,0.0,0.0,0.0,0.0,0.0,0.0,0.0,0.0,0.0,0.0,0.0,0.0,0.0,0.0,0.0,0.0
0.0,0.0,0.0,0.0,0.0,0.0,0.0,0.0,0.0,0.0,0.0,0.0,0.0,0.0,0.0,0.0,0.0,0.0,0.0,0.0,0.0,0.0,0.0,0.0,0.0,0.0,0.0,0.0,0.0,0.0,0.0,0.0,0.0,0.0,0.0,0.0,0.0,0.0,0.0,0.0,0.0,0.0,0.0,0.0,0.0,0.0,0.0,0.0,0.0,0.0,0.0,0.0,0.0,0.0,0.0,0.0,0.0,0.0,0.0,0.0,0.0,0.0,0.0,0.0,0.0,0.0,0.0,0.0,0.0,0.0,0.0,0.0,0.0,0.0,0.0,0.0,0.0,0.0,0.0,0.0,0.0,0.0,0.0,0.0,0.0
0.0,0.0,0.0,0.0,0.0,0.0,0.0,0.0,0.0,0.0,0.0,0.0,0.0,0.0,0.0,0.0,0.0,0.0,0.0,0.0,0.0,0.0,0.0,0.0,0.0,0.0,0.0,0.0,0.0,0.0,0.0,0.0,0.0,0.0,0.0,0.0,0.0,0.0,0.0,0.0,0.0,0.0,0.0,0.0,0.0,0.0,0.0,0.0,0.0,0.0,0.0,0.0,0.0,0.0,0.0,0.0,0.0,0.0,0.0,0.0,0.0,0.0,0.0,0.0,0.0,0.0,0.0,0.0,0.0,0.0,0.0,0.0,0.0,0.0,0.0,0.0,0.0,0.0,0.0,0.0,0.0,0.0,0.0,0.0,0.0
0.0,0.0,0.0,0.0,0.0,0.0,0.0,0.0,0.0,0.0,0.0,0.0,0.0,0.0,0.0,0.0,0.0,0.0,0.0,0.0,0.0,0.0,0.0,0.0,0.0,0.0,0.0,0.0,0.0,0.0,0.0,0.0,0.0,0.0,0.0,0.0,0.0,0.0,0.0,0.0,0.0,0.0,0.0,0.0,0.0,0.0,0.0,0.0,0.0,0.0,0.0,0.0,0.0,0.0,0.0,0.0,0.0,0.0,0.0,0.0,0.0,0.0,0.0,0.0,0.0,0.0,0.0,0.0,0.0,0.0,0.0,0.0,0.0,0.0,0.0,0.0,0.0,0.0,0.0,0.0,0.0,0.0,0.0,0.0,0.0
0.0,0.0,0.0,0.0,0.0,0.0,0.0,0.0,0.0,0.0,0.0,0.0,0.0,0.0,0.0,0.0,0.0,0.0,0.0,0.0,0.0,0.0,0.0,0.0,0.0,0.0,0.0,0.0,0.0,0.0,0.0,0.0,0.0,0.0,0.0,0.0,0.0,0.0,0.0,0.0,0.0,0.0,0.0,0.0,0.0,0.0,0.0,0.0,0.0,0.0,0.0,0.0,0.0,0.0,0.0,0.0,0.0,0.0,0.0,0.0,0.0,0.0,0.0,0.0,0.0,0.0,0.0,0.0,0.0,0.0,0.0,0.0,0.0,0.0,0.0,0.0,0.0,0.0,0.0,0.0,0.0,0.0,0.0,0.0,0.0
0.0,0.0,0.0,0.0,0.0,0.0,0.0,0.0,0.0,0.0,0.0,0.0,0.0,0.0,0.0,0.0,0.0,0.0,0.0,0.0,0.0,0.0,0.0,0.0,0.0,0.0,0.0,0.0,0.0,0.0,0.0,0.0,0.0,0.0,0.0,0.0,0.0,0.0,0.0,0.0,0.0,0.0,0.0,0.0,0.0,0.0,0.0,0.0,0.0,0.0,0.0,0.0,0.0,0.0,0.0,0.0,0.0,0.0,0.0,0.0,0.0,0.0,0.0,0.0,0.0,0.0,0.0,0.0,0.0,0.0,0.0,0.0,0.0,0.0,0.0,0.0,0.0,0.0,0.0,0.0,0.0,0.0,0.0,0.0,0.0
0.0,0.0,0.0,0.0,0.0,0.0,0.0,0.0,0.0,0.0,0.0,0.0,0.0,0.0,0.0,0.0,0.0,0.0,0.0,0.0,0.0,0.0,0.0,0.0,0.0,0.0,0.0,0.0,0.0,0.0,0.0,0.0,0.0,0.0,0.0,0.0,0.0,0.0,0.0,0.0,0.0,0.0,0.0,0.0,0.0,0.0,0.0,0.0,0.0,0.0,0.0,0.0,0.0,0.0,0.0,0.0,0.0,0.0,0.0,0.0,0.0,0.0,0.0,0.0,0.0,0.0,0.0,0.0,0.0,0.0,0.0,0.0,0.0,0.0,0.0,0.0,0.0,0.0,0.0,0.0,0.0,0.0,0.0,0.0,0.0
0.0,0.0,0.0,0.0,0.0,0.0,0.0,0.0,0.0,0.0,0.0,0.0,0.0,0.0,0.0,0.0,0.0,0.0,0.0,0.0,0.0,0.0,0.0,0.0,0.0,0.0,0.0,0.0,0.0,0.0,0.0,0.0,0.0,0.0,0.0,0.0,0.0,0.0,0.0,0.0,0.0,0.0,0.0,0.0,0.0,0.0,0.0,0.0,0.0,0.0,0.0,0.0,0.0,0.0,0.0,0.0,0.0,0.0,0.0,0.0,0.0,0.0,0.0,0.0,0.0,0.0,0.0,0.0,0.0,0.0,0.0,0.0,0.0,0.0,0.0,0.0,0.0,0.0,0.0,0.0,0.0,0.0,0.0,0.0,0.0
0.0,0.0,0.0,0.0,0.0,0.0,0.0,0.0,0.0,0.0,0.0,0.0,0.0,0.0,0.0,0.0,0.0,0.0,0.0,0.0,0.0,0.0,0.0,0.0,0.0,0.0,0.0,0.0,0.0,0.0,0.0,0.0,0.0,0.0,0.0,0.0,0.0,0.0,0.0,0.0,0.0,0.0,0.0,0.0,0.0,0.0,0.0,0.0,0.0,0.0,0.0,0.0,0.0,0.0,0.0,0.0,0.0,0.0,0.0,0.0,0.0,0.0,0.0,0.0,0.0,0.0,0.0,0.0,0.0,0.0,0.0,0.0,0.0,0.0,0.0,0.0,0.0,0.0,0.0,0.0,0.0,0.0,0.0,0.0,0.0
0.0,0.0,0.0,0.0,0.0,0.0,0.0,0.0,0.0,0.0,0.0,0.0,0.0,0.0,0.0,0.0,0.0,0.0,0.0,0.0,0.0,0.0,0.0,0.0,0.0,0.0,0.0,0.0,0.0,0.0,0.0,0.0,0.0,0.0,0.0,0.0,0.0,0.0,0.0,0.0,0.0,0.0,0.0,0.0,0.0,0.0,0.0,0.0,0.0,0.0,0.0,0.0,0.0,0.0,0.0,0.0,0.0,0.0,0.0,0.0,0.0,0.0,0.0,0.0,0.0,0.0,0.0,0.0,0.0,0.0,0.0,0.0,0.0,0.0,0.0,0.0,0.0,0.0,0.0,0.0,0.0,0.0,0.0,0.0,0.0
0.0,0.0,0.0,0.0,0.0,0.0,0.0,0.0,0.0,0.0,0.0,0.0,0.0,0.0,0.0,0.0,0.0,0.0,0.0,0.0,0.0,0.0,0.0,0.0,0.0,0.0,0.0,0.0,0.0,0.0,0.0,0.0,0.0,0.0,0.0,0.0,0.0,0.0,0.0,0.0,0.0,0.0,0.0,0.0,0.0,0.0,0.0,0.0,0.0,0.0,0.0,0.0,0.0,0.0,0.0,0.0,0.0,0.0,0.0,0.0,0.0,0.0,0.0,0.0,0.0,0.0,0.0,0.0,0.0,0.0,0.0,0.0,0.0,0.0,0.0,0.0,0.0,0.0,0.0,0.0,0.0,0.0,0.0,0.0,0.0
0.0,0.0,0.0,0.0,0.0,0.0,0.0,0.0,0.0,0.0,0.0,0.0,0.0,0.0,0.0,0.0,0.0,0.0,0.0,0.0,0.0,0.0,0.0,0.0,0.0,0.0,0.0,0.0,0.0,0.0,0.0,0.0,0.0,0.0,0.0,0.0,0.0,0.0,0.0,0.0,0.0,0.0,0.0,0.0,0.0,0.0,0.0,0.0,0.0,0.0,0.0,0.0,0.0,0.0,0.0,0.0,0.0,0.0,0.0,0.0,0.0,0.0,0.0,0.0,0.0,0.0,0.0,0.0,0.0,0.0,0.0,0.0,0.0,0.0,0.0,0.0,0.0,0.0,0.0,0.0,0.0,0.0,0.0,0.0,0.0
0.0,0.0,0.0,0.0,0.0,0.0,0.0,0.0,0.0,0.0,0.0,0.0,0.0,0.0,0.0,0.0,0.0,0.0,0.0,0.0,0.0,0.0,0.0,0.0,0.0,0.0,0.0,0.0,0.0,0.0,0.0,0.0,0.0,0.0,0.0,0.0,0.0,0.0,0.0,0.0,0.0,0.0,0.0,0.0,0.0,0.0,0.0,0.0,0.0,0.0,0.0,0.0,0.0,0.0,0.0,0.0,0.0,0.0,0.0,0.0,0.0,0.0,0.0,0.0,0.0,0.0,0.0,0.0,0.0,0.0,0.0,0.0,0.0,0.0,0.0,0.0,0.0,0.0,0.0,0.0,0.0,0.0,0.0,0.0,0.0
0.0,0.0,0.0,0.0,0.0,0.0,0.0,0.0,0.0,0.0,0.0,0.0,0.0,0.0,0.0,0.0,0.0,0.0,0.0,0.0,0.0,0.0,0.0,0.0,0.0,0.0,0.0,0.0,0.0,0.0,0.0,0.0,0.0,0.0,0.0,0.0,0.0,0.0,0.0,0.0,0.0,0.0,0.0,0.0,0.0,0.0,0.0,0.0,0.0,0.0,0.0,0.0,0.0,0.0,0.0,0.0,0.0,0.0,0.0,0.0,0.0,0.0,0.0,0.0,0.0,0.0,0.0,0.0,0.0,0.0,0.0,0.0,0.0,0.0,0.0,0.0,0.0,0.0,0.0,0.0,0.0,0.0,0.0,0.0,0.0
0.0,0.0,0.0,0.0,0.0,0.0,0.0,0.0,0.0,0.0,0.0,0.0,0.0,0.0,0.0,0.0,0.0,0.0,0.0,0.0,0.0,0.0,0.0,0.0,0.0,0.0,0.0,0.0,0.0,0.0,0.0,0.0,0.0,0.0,0.0,0.0,0.0,0.0,0.0,0.0,0.0,0.0,0.0,0.0,0.0,0.0,0.0,0.0,0.0,0.0,0.0,0.0,0.0,0.0,0.0,0.0,0.0,0.0,0.0,0.0,0.0,0.0,0.0,0.0,0.0,0.0,0.0,0.0,0.0,0.0,0.0,0.0,0.0,0.0,0.0,0.0,0.0,0.0,0.0,0.0,0.0,0.0,0.0,0.0,0.0
0.0,0.0,0.0,0.0,0.0,0.0,0.0,0.0,0.0,0.0,0.0,0.0,0.0,0.0,0.0,0.0,0.0,0.0,0.0,0.0,0.0,0.0,0.0,0.0,0.0,0.0,0.0,0.0,0.0,0.0,0.0,0.0,0.0,0.0,0.0,0.0,0.0,0.0,0.0,0.0,0.0,0.0,0.0,0.0,0.0,0.0,0.0,0.0,0.0,0.0,0.0,0.0,0.0,0.0,0.0,0.0,0.0,0.0,0.0,0.0,0.0,0.0,0.0,0.0,0.0,0.0,0.0,0.0,0.0,0.0,0.0,0.0,0.0,0.0,0.0,0.0,0.0,0.0,0.0,0.0,0.0,0.0,0.0,0.0,0.0
0.0,0.0,0.0,0.0,0.0,0.0,0.0,0.0,0.0,0.0,0.0,0.0,0.0,0.0,0.0,0.0,0.0,0.0,0.0,0.0,0.0,0.0,0.0,0.0,0.0,0.0,0.0,0.0,0.0,0.0,0.0,0.0,0.0,0.0,0.0,0.0,0.0,0.0,0.0,0.0,0.0,0.0,0.0,0.0,0.0,0.0,0.0,0.0,0.0,0.0,0.0,0.0,0.0,0.0,0.0,0.0,0.0,0.0,0.0,0.0,0.0,0.0,0.0,0.0,0.0,0.0,0.0,0.0,0.0,0.0,0.0,0.0,0.0,0.0,0.0,0.0,0.0,0.0,0.0,0.0,0.0,0.0,0.0,0.0,0.0
0.0,0.0,0.0,0.0,0.0,0.0,0.0,0.0,0.0,0.0,0.0,0.0,0.0,0.0,0.0,0.0,0.0,0.0,0.0,0.0,0.0,0.0,0.0,0.0,0.0,0.0,0.0,0.0,0.0,0.0,0.0,0.0,0.0,0.0,0.0,0.0,0.0,0.0,0.0,0.0,0.0,0.0,0.0,0.0,0.0,0.0,0.0,0.0,0.0,0.0,0.0,0.0,0.0,0.0,0.0,0.0,0.0,0.0,0.0,0.0,0.0,0.0,0.0,0.0,0.0,0.0,0.0,0.0,0.0,0.0,0.0,0.0,0.0,0.0,0.0,0.0,0.0,0.0,0.0,0.0,0.0,0.0,0.0,0.0,0.0
0.0,0.0,0.0,0.0,0.0,0.0,0.0,0.0,0.0,0.0,0.0,0.0,0.0,0.0,0.0,0.0,0.0,0.0,0.0,0.0,0.0,0.0,0.0,0.0,0.0,0.0,0.0,0.0,0.0,0.0,0.0,0.0,0.0,0.0,0.0,0.0,0.0,0.0,0.0,0.0,0.0,0.0,0.0,0.0,0.0,0.0,0.0,0.0,0.0,0.0,0.0,0.0,0.0,0.0,0.0,0.0,0.0,0.0,0.0,0.0,0.0,0.0,0.0,0.0,0.0,0.0,0.0,0.0,0.0,0.0,0.0,0.0,0.0,0.0,0.0,0.0,0.0,0.0,0.0,0.0,0.0,0.0,0.0,0.0,0.0
0.0,0.0,0.0,0.0,0.0,0.0,0.0,0.0,0.0,0.0,0.0,0.0,0.0,0.0,0.0,0.0,0.0,0.0,0.0,0.0,0.0,0.0,0.0,0.0,0.0,0.0,0.0,0.0,0.0,0.0,0.0,0.0,0.0,0.0,0.0,0.0,0.0,0.0,0.0,0.0,0.0,0.0,0.0,0.0,0.0,0.0,0.0,0.0,0.0,0.0,0.0,0.0,0.0,0.0,0.0,0.0,0.0,0.0,0.0,0.0,0.0,0.0,0.0,0.0,0.0,0.0,0.0,0.0,0.0,0.0,0.0,0.0,0.0,0.0,0.0,0.0,0.0,0.0,0.0,0.0,0.0,0.0,0.0,0.0,0.0
0.0,0.0,0.0,0.0,0.0,0.0,0.0,0.0,0.0,0.0,0.0,0.0,0.0,0.0,0.0,0.0,0.0,0.0,0.0,0.0,0.0,0.0,0.0,0.0,0.0,0.0,0.0,0.0,0.0,0.0,0.0,0.0,0.0,0.0,0.0,0.0,0.0,0.0,0.0,0.0,0.0,0.0,0.0,0.0,0.0,0.0,0.0,0.0,0.0,0.0,0.0,0.0,0.0,0.0,0.0,0.0,0.0,0.0,0.0,0.0,0.0,0.0,0.0,0.0,0.0,0.0,0.0,0.0,0.0,0.0,0.0,0.0,0.0,0.0,0.0,0.0,0.0,0.0,0.0,0.0,0.0,0.0,0.0,0.0,0.0
0.0,0.0,0.0,0.0,0.0,0.0,0.0,0.0,0.0,0.0,0.0,0.0,0.0,0.0,0.0,0.0,0.0,0.0,0.0,0.0,0.0,0.0,0.0,0.0,0.0,0.0,0.0,0.0,0.0,0.0,0.0,0.0,0.0,0.0,0.0,0.0,0.0,0.0,0.0,0.0,0.0,0.0,0.0,0.0,0.0,0.0,0.0,0.0,0.0,0.0,0.0,0.0,0.0,0.0,0.0,0.0,0.0,0.0,0.0,0.0,0.0,0.0,0.0,0.0,0.0,0.0,0.0,0.0,0.0,0.0,0.0,0.0,0.0,0.0,0.0,0.0,0.0,0.0,0.0,0.0,0.0,0.0,0.0,0.0,0.0
0.0,0.0,0.0,0.0,0.0,0.0,0.0,0.0,0.0,0.0,0.0,0.0,0.0,0.0,0.0,0.0,0.0,0.0,0.0,0.0,0.0,0.0,0.0,0.0,0.0,0.0,0.0,0.0,0.0,0.0,0.0,0.0,0.0,0.0,0.0,0.0,0.0,0.0,0.0,0.0,0.0,0.0,0.0,0.0,0.0,0.0,0.0,0.0,0.0,0.0,0.0,0.0,0.0,0.0,0.0,0.0,0.0,0.0,0.0,0.0,0.0,0.0,0.0,0.0,0.0,0.0,0.0,0.0,0.0,0.0,0.0,0.0,0.0,0.0,0.0,0.0,0.0,0.0,0.0,0.0,0.0,0.0,0.0,0.0,0.0
0.0,0.0,0.0,0.0,0.0,0.0,0.0,0.0,0.0,0.0,0.0,0.0,0.0,0.0,0.0,0.0,0.0,0.0,0.0,0.0,0.0,0.0,0.0,0.0,0.0,0.0,0.0,0.0,0.0,0.0,0.0,0.0,0.0,0.0,0.0,0.0,0.0,0.0,0.0,0.0,0.0,0.0,0.0,0.0,0.0,0.0,0.0,0.0,0.0,0.0,0.0,0.0,0.0,0.0,0.0,0.0,0.0,0.0,0.0,0.0,0.0,0.0,0.0,0.0,0.0,0.0,0.0,0.0,0.0,0.0,0.0,0.0,0.0,0.0,0.0,0.0,0.0,0.0,0.0,0.0,0.0,0.0,0.0,0.0,0.0
0.0,0.0,0.0,0.0,0.0,0.0,0.0,0.0,0.0,0.0,0.0,0.0,0.0,0.0,0.0,0.0,0.0,0.0,0.0,0.0,0.0,0.0,0.0,0.0,0.0,0.0,0.0,0.0,0.0,0.0,0.0,0.0,0.0,0.0,0.0,0.0,0.0,0.0,0.0,0.0,0.0,0.0,0.0,0.0,0.0,0.0,0.0,0.0,0.0,0.0,0.0,0.0,0.0,0.0,0.0,0.0,0.0,0.0,0.0,0.0,0.0,0.0,0.0,0.0,0.0,0.0,0.0,0.0,0.0,0.0,0.0,0.0,0.0,0.0,0.0,0.0,0.0,0.0,0.0,0.0,0.0,0.0,0.0,0.0,0.0
0.0,0.0,0.0,0.0,0.0,0.0,0.0,0.0,0.0,0.0,0.0,0.0,0.0,0.0,0.0,0.0,0.0,0.0,0.0,0.0,0.0,0.0,0.0,0.0,0.0,0.0,0.0,0.0,0.0,0.0,0.0,0.0,0.0,0.0,0.0,0.0,0.0,0.0,0.0,0.0,0.0,0.0,0.0,0.0,0.0,0.0,0.0,0.0,0.0,0.0,0.0,0.0,0.0,0.0,0.0,0.0,0.0,0.0,0.0,0.0,0.0,0.0,0.0,0.0,0.0,0.0,0.0,0.0,0.0,0.0,0.0,0.0,0.0,0.0,0.0,0.0,0.0,0.0,0.0,0.0,0.0,0.0,0.0,0.0,0.0
0.0,0.0,0.0,0.0,0.0,0.0,0.0,0.0,0.0,0.0,0.0,0.0,0.0,0.0,0.0,0.0,0.0,0.0,0.0,0.0,0.0,0.0,0.0,0.0,0.0,0.0,0.0,0.0,0.0,0.0,0.0,0.0,0.0,0.0,0.0,0.0,0.0,0.0,0.0,0.0,0.0,0.0,0.0,0.0,0.0,0.0,0.0,0.0,0.0,0.0,0.0,0.0,0.0,0.0,0.0,0.0,0.0,0.0,0.0,0.0,0.0,0.0,0.0,0.0,0.0,0.0,0.0,0.0,0.0,0.0,0.0,0.0,0.0,0.0,0.0,0.0,0.0,0.0,0.0,0.0,0.0,0.0,0.0,0.0,0.0
0.0,0.0,0.0,0.0,0.0,0.0,0.0,0.0,0.0,0.0,0.0,0.0,0.0,0.0,0.0,0.0,0.0,0.0,0.0,0.0,0.0,0.0,0.0,0.0,0.0,0.0,0.0,0.0,0.0,0.0,0.0,0.0,0.0,0.0,0.0,0.0,0.0,0.0,0.0,0.0,0.0,0.0,0.0,0.0,0.0,0.0,0.0,0.0,0.0,0.0,0.0,0.0,0.0,0.0,0.0,0.0,0.0,0.0,0.0,0.0,0.0,0.0,0.0,0.0,0.0,0.0,0.0,0.0,0.0,0.0,0.0,0.0,0.0,0.0,0.0,0.0,0.0,0.0,0.0,0.0,0.0,0.0,0.0,0.0,0.0
0.0,0.0,0.0,0.0,0.0,0.0,0.0,0.0,0.0,0.0,0.0,0.0,0.0,0.0,0.0,0.0,0.0,0.0,0.0,0.0,0.0,0.0,0.0,0.0,0.0,0.0,0.0,0.0,0.0,0.0,0.0,0.0,0.0,0.0,0.0,0.0,0.0,0.0,0.0,0.0,0.0,0.0,0.0,0.0,0.0,0.0,0.0,0.0,0.0,0.0,0.0,0.0,0.0,0.0,0.0,0.0,0.0,0.0,0.0,0.0,0.0,0.0,0.0,0.0,0.0,0.0,0.0,0.0,0.0,0.0,0.0,0.0,0.0,0.0,0.0,0.0,0.0,0.0,0.0,0.0,0.0,0.0,0.0,0.0,0.0
0.0,0.0,0.0,0.0,0.0,0.0,0.0,0.0,0.0,0.0,0.0,0.0,0.0,0.0,0.0,0.0,0.0,0.0,0.0,0.0,0.0,0.0,0.0,0.0,0.0,0.0,0.0,0.0,0.0,0.0,0.0,0.0,0.0,0.0,0.0,0.0,0.0,0.0,0.0,0.0,0.0,0.0,0.0,0.0,0.0,0.0,0.0,0.0,0.0,0.0,0.0,0.0,0.0,0.0,0.0,0.0,0.0,0.0,0.0,0.0,0.0,0.0,0.0,0.0,0.0,0.0,0.0,0.0,0.0,0.0,0.0,0.0,0.0,0.0,0.0,0.0,0.0,0.0,0.0,0.0,0.0,0.0,0.0,0.0,0.0
0.0,0.0,0.0,0.0,0.0,0.0,0.0,0.0,0.0,0.0,0.0,0.0,0.0,0.0,0.0,0.0,0.0,0.0,0.0,0.0,0.0,0.0,0.0,0.0,0.0,0.0,0.0,0.0,0.0,0.0,0.0,0.0,0.0,0.0,0.0,0.0,0.0,0.0,0.0,0.0,0.0,0.0,0.0,0.0,0.0,0.0,0.0,0.0,0.0,0.0,0.0,0.0,0.0,0.0,0.0,0.0,0.0,0.0,0.0,0.0,0.0,0.0,0.0,0.0,0.0,0.0,0.0,0.0,0.0,0.0,0.0,0.0,0.0,0.0,0.0,0.0,0.0,0.0,0.0,0.0,0.0,0.0,0.0,0.0,0.0
0.0,0.0,0.0,0.0,0.0,0.0,0.0,0.0,0.0,0.0,0.0,0.0,0.0,0.0,0.0,0.0,0.0,0.0,0.0,0.0,0.0,0.0,0.0,0.0,0.0,0.0,0.0,0.0,0.0,0.0,0.0,0.0,0.0,0.0,0.0,0.0,0.0,0.0,0.0,0.0,0.0,0.0,0.0,0.0,0.0,0.0,0.0,0.0,0.0,0.0,0.0,0.0,0.0,0.0,0.0,0.0,0.0,0.0,0.0,0.0,0.0,0.0,0.0,0.0,0.0,0.0,0.0,0.0,0.0,0.0,0.0,0.0,0.0,0.0,0.0,0.0,0.0,0.0,0.0,0.0,0.0,0.0,0.0,0.0,0.0
0.0,0.0,0.0,0.0,0.0,0.0,0.0,0.0,0.0,0.0,0.0,0.0,0.0,0.0,0.0,0.0,0.0,0.0,0.0,0.0,0.0,0.0,0.0,0.0,0.0,0.0,0.0,0.0,0.0,0.0,0.0,0.0,0.0,0.0,0.0,0.0,0.0,0.0,0.0,0.0,0.0,0.0,0.0,0.0,0.0,0.0,0.0,0.0,0.0,0.0,0.0,0.0,0.0,0.0,0.0,0.0,0.0,0.0,0.0,0.0,0.0,0.0,0.0,0.0,0.0,0.0,0.0,0.0,0.0,0.0,0.0,0.0,0.0,0.0,0.0,0.0,0.0,0.0,0.0,0.0,0.0,0.0,0.0,0.0,0.0
0.0,0.0,0.0,0.0,0.0,0.0,0.0,0.0,0.0,0.0,0.0,0.0,0.0,0.0,0.0,0.0,0.0,0.0,0.0,0.0,0.0,0.0,0.0,0.0,0.0,0.0,0.0,0.0,0.0,0.0,0.0,0.0,0.0,0.0,0.0,0.0,0.0,0.0,0.0,0.0,0.0,0.0,0.0,0.0,0.0,0.0,0.0,0.0,0.0,0.0,0.0,0.0,0.0,0.0,0.0,0.0,0.0,0.0,0.0,0.0,0.0,0.0,0.0,0.0,0.0,0.0,0.0,0.0,0.0,0.0,0.0,0.0,0.0,0.0,0.0,0.0,0.0,0.0,0.0,0.0,0.0,0.0,0.0,0.0,0.0
0.0,0.0,0.0,0.0,0.0,0.0,0.0,0.0,0.0,0.0,0.0,0.0,0.0,0.0,0.0,0.0,0.0,0.0,0.0,0.0,0.0,0.0,0.0,0.0,0.0,0.0,0.0,0.0,0.0,0.0,0.0,0.0,0.0,0.0,0.0,0.0,0.0,0.0,0.0,0.0,0.0,0.0,0.0,0.0,0.0,0.0,0.0,0.0,0.0,0.0,0.0,0.0,0.0,0.0,0.0,0.0,0.0,0.0,0.0,0.0,0.0,0.0,0.0,0.0,0.0,0.0,0.0,0.0,0.0,0.0,0.0,0.0,0.0,0.0,0.0,0.0,0.0,0.0,0.0,0.0,0.0,0.0,0.0,0.0,0.0
0.0,0.0,0.0,0.0,0.0,0.0,0.0,0.0,0.0,0.0,0.0,0.0,0.0,0.0,0.0,0.0,0.0,0.0,0.0,0.0,0.0,0.0,0.0,0.0,0.0,0.0,0.0,0.0,0.0,0.0,0.0,0.0,0.0,0.0,0.0,0.0,0.0,0.0,0.0,0.0,0.0,0.0,0.0,0.0,0.0,0.0,0.0,0.0,0.0,0.0,0.0,0.0,0.0,0.0,0.0,0.0,0.0,0.0,0.0,0.0,0.0,0.0,0.0,0.0,0.0,0.0,0.0,0.0,0.0,0.0,0.0,0.0,0.0,0.0,0.0,0.0,0.0,0.0,0.0,0.0,0.0,0.0,0.0,0.0,0.0
0.0,0.0,0.0,0.0,0.0,0.0,0.0,0.0,0.0,0.0,0.0,0.0,0.0,0.0,0.0,0.0,0.0,0.0,0.0,0.0,0.0,0.0,0.0,0.0,0.0,0.0,0.0,0.0,0.0,0.0,0.0,0.0,0.0,0.0,0.0,0.0,0.0,0.0,0.0,0.0,0.0,0.0,0.0,0.0,0.0,0.0,0.0,0.0,0.0,0.0,0.0,0.0,0.0,0.0,0.0,0.0,0.0,0.0,0.0,0.0,0.0,0.0,0.0,0.0,0.0,0.0,0.0,0.0,0.0,0.0,0.0,0.0,0.0,0.0,0.0,0.0,0.0,0.0,0.0,0.0,0.0,0.0,0.0,0.0,0.0
0.0,0.0,0.0,0.0,0.0,0.0,0.0,0.0,0.0,0.0,0.0,0.0,0.0,0.0,0.0,0.0,0.0,0.0,0.0,0.0,0.0,0.0,0.0,0.0,0.0,0.0,0.0,0.0,0.0,0.0,0.0,0.0,0.0,0.0,0.0,0.0,0.0,0.0,0.0,0.0,0.0,0.0,0.0,0.0,0.0,0.0,0.0,0.0,0.0,0.0,0.0,0.0,0.0,0.0,0.0,0.0,0.0,0.0,0.0,0.0,0.0,0.0,0.0,0.0,0.0,0.0,0.0,0.0,0.0,0.0,0.0,0.0,0.0,0.0,0.0,0.0,0.0,0.0,0.0,0.0,0.0,0.0,0.0,0.0,0.0
0.0,0.0,0.0,0.0,0.0,0.0,0.0,0.0,0.0,0.0,0.0,0.0,0.0,0.0,0.0,0.0,0.0,0.0,0.0,0.0,0.0,0.0,0.0,0.0,0.0,0.0,0.0,0.0,0.0,0.0,0.0,0.0,0.0,0.0,0.0,0.0,0.0,0.0,0.0,0.0,0.0,0.0,0.0,0.0,0.0,0.0,0.0,0.0,0.0,0.0,0.0,0.0,0.0,0.0,0.0,0.0,0.0,0.0,0.0,0.0,0.0,0.0,0.0,0.0,0.0,0.0,0.0,0.0,0.0,0.0,0.0,0.0,0.0,0.0,0.0,0.0,0.0,0.0,0.0,0.0,0.0,0.0,0.0,0.0,0.0
0.0,0.0,0.0,0.0,0.0,0.0,0.0,0.0,0.0,0.0,0.0,0.0,0.0,0.0,0.0,0.0,0.0,0.0,0.0,0.0,0.0,0.0,0.0,0.0,0.0,0.0,0.0,0.0,0.0,0.0,0.0,0.0,0.0,0.0,0.0,0.0,0.0,0.0,0.0,0.0,0.0,0.0,0.0,0.0,0.0,0.0,0.0,0.0,0.0,0.0,0.0,0.0,0.0,0.0,0.0,0.0,0.0,0.0,0.0,0.0,0.0,0.0,0.0,0.0,0.0,0.0,0.0,0.0,0.0,0.0,0.0,0.0,0.0,0.0,0.0,0.0,0.0,0.0,0.0,0.0,0.0,0.0,0.0,0.0,0.0
0.0,0.0,0.0,0.0,0.0,0.0,0.0,0.0,0.0,0.0,0.0,0.0,0.0,0.0,0.0,0.0,0.0,0.0,0.0,0.0,0.0,0.0,0.0,0.0,0.0,0.0,0.0,0.0,0.0,0.0,0.0,0.0,0.0,0.0,0.0,0.0,0.0,0.0,0.0,0.0,0.0,0.0,0.0,0.0,0.0,0.0,0.0,0.0,0.0,0.0,0.0,0.0,0.0,0.0,0.0,0.0,0.0,0.0,0.0,0.0,0.0,0.0,0.0,0.0,0.0,0.0,0.0,0.0,0.0,0.0,0.0,0.0,0.0,0.0,0.0,0.0,0.0,0.0,0.0,0.0,0.0,0.0,0.0,0.0,0.0
0.0,0.0,0.0,0.0,0.0,0.0,0.0,0.0,0.0,0.0,0.0,0.0,0.0,0.0,0.0,0.0,0.0,0.0,0.0,0.0,0.0,0.0,0.0,0.0,0.0,0.0,0.0,0.0,0.0,0.0,0.0,0.0,0.0,0.0,0.0,0.0,0.0,0.0,0.0,0.0,0.0,0.0,0.0,0.0,0.0,0.0,0.0,0.0,0.0,0.0,0.0,0.0,0.0,0.0,0.0,0.0,0.0,0.0,0.0,0.0,0.0,0.0,0.0,0.0,0.0,0.0,0.0,0.0,0.0,0.0,0.0,0.0,0.0,0.0,0.0,0.0,0.0,0.0,0.0,0.0,0.0,0.0,0.0,0.0,0.0
0.0,0.0,0.0,0.0,0.0,0.0,0.0,0.0,0.0,0.0,0.0,0.0,0.0,0.0,0.0,0.0,0.0,0.0,0.0,0.0,0.0,0.0,0.0,0.0,0.0,0.0,0.0,0.0,0.0,0.0,0.0,0.0,0.0,0.0,0.0,0.0,0.0,0.0,0.0,0.0,0.0,0.0,0.0,0.0,0.0,0.0,0.0,0.0,0.0,0.0,0.0,0.0,0.0,0.0,0.0,0.0,0.0,0.0,0.0,0.0,0.0,0.0,0.0,0.0,0.0,0.0,0.0,0.0,0.0,0.0,0.0,0.0,0.0,0.0,0.0,0.0,0.0,0.0,0.0,0.0,0.0,0.0,0.0,0.0,0.0
0.0,0.0,0.0,0.0,0.0,0.0,0.0,0.0,0.0,0.0,0.0,0.0,0.0,0.0,0.0,0.0,0.0,0.0,0.0,0.0,0.0,0.0,0.0,0.0,0.0,0.0,0.0,0.0,0.0,0.0,0.0,0.0,0.0,0.0,0.0,0.0,0.0,0.0,0.0,0.0,0.0,0.0,0.0,0.0,0.0,0.0,0.0,0.0,0.0,0.0,0.0,0.0,0.0,0.0,0.0,0.0,0.0,0.0,0.0,0.0,0.0,0.0,0.0,0.0,0.0,0.0,0.0,0.0,0.0,0.0,0.0,0.0,0.0,0.0,0.0,0.0,0.0,0.0,0.0,0.0,0.0,0.0,0.0,0.0,0.0
0.0,0.0,0.0,0.0,0.0,0.0,0.0,0.0,0.0,0.0,0.0,0.0,0.0,0.0,0.0,0.0,0.0,0.0,0.0,0.0,0.0,0.0,0.0,0.0,0.0,0.0,0.0,0.0,0.0,0.0,0.0,0.0,0.0,0.0,0.0,0.0,0.0,0.0,0.0,0.0,0.0,0.0,0.0,0.0,0.0,0.0,0.0,0.0,0.0,0.0,0.0,0.0,0.0,0.0,0.0,0.0,0.0,0.0,0.0,0.0,0.0,0.0,0.0,0.0,0.0,0.0,0.0,0.0,0.0,0.0,0.0,0.0,0.0,0.0,0.0,0.0,0.0,0.0,0.0,0.0,0.0,0.0,0.0,0.0,0.0
0.0,0.0,0.0,0.0,0.0,0.0,0.0,0.0,0.0,0.0,0.0,0.0,0.0,0.0,0.0,0.0,0.0,0.0,0.0,0.0,0.0,0.0,0.0,0.0,0.0,0.0,0.0,0.0,0.0,0.0,0.0,0.0,0.0,0.0,0.0,0.0,0.0,0.0,0.0,0.0,0.0,0.0,0.0,0.0,0.0,0.0,0.0,0.0,0.0,0.0,0.0,0.0,0.0,0.0,0.0,0.0,0.0,0.0,0.0,0.0,0.0,0.0,0.0,0.0,0.0,0.0,0.0,0.0,0.0,0.0,0.0,0.0,0.0,0.0,0.0,0.0,0.0,0.0,0.0,0.0,0.0,0.0,0.0,0.0,0.0
0.0,0.0,0.0,0.0,0.0,0.0,0.0,0.0,0.0,0.0,0.0,0.0,0.0,0.0,0.0,0.0,0.0,0.0,0.0,0.0,0.0,0.0,0.0,0.0,0.0,0.0,0.0,0.0,0.0,0.0,0.0,0.0,0.0,0.0,0.0,0.0,0.0,0.0,0.0,0.0,0.0,0.0,0.0,0.0,0.0,0.0,0.0,0.0,0.0,0.0,0.0,0.0,0.0,0.0,0.0,0.0,0.0,0.0,0.0,0.0,0.0,0.0,0.0,0.0,0.0,0.0,0.0,0.0,0.0,0.0,0.0,0.0,0.0,0.0,0.0,0.0,0.0,0.0,0.0,0.0,0.0,0.0,0.0,0.0,0.0
0.0,0.0,0.0,0.0,0.0,0.0,0.0,0.0,0.0,0.0,0.0,0.0,0.0,0.0,0.0,0.0,0.0,0.0,0.0,0.0,0.0,0.0,0.0,0.0,0.0,0.0,0.0,0.0,0.0,0.0,0.0,0.0,0.0,0.0,0.0,0.0,0.0,0.0,0.0,0.0,0.0,0.0,0.0,0.0,0.0,0.0,0.0,0.0,0.0,0.0,0.0,0.0,0.0,0.0,0.0,0.0,0.0,0.0,0.0,0.0,0.0,0.0,0.0,0.0,0.0,0.0,0.0,0.0,0.0,0.0,0.0,0.0,0.0,0.0,0.0,0.0,0.0,0.0,0.0,0.0,0.0,0.0,0.0,0.0,0.0
0.0,0.0,0.0,0.0,0.0,0.0,0.0,0.0,0.0,0.0,0.0,0.0,0.0,0.0,0.0,0.0,0.0,0.0,0.0,0.0,0.0,0.0,0.0,0.0,0.0,0.0,0.0,0.0,0.0,0.0,0.0,0.0,0.0,0.0,0.0,0.0,0.0,0.0,0.0,0.0,0.0,0.0,0.0,0.0,0.0,0.0,0.0,0.0,0.0,0.0,0.0,0.0,0.0,0.0,0.0,0.0,0.0,0.0,0.0,0.0,0.0,0.0,0.0,0.0,0.0,0.0,0.0,0.0,0.0,0.0,0.0,0.0,0.0,0.0,0.0,0.0,0.0,0.0,0.0,0.0,0.0,0.0,0.0,0.0,0.0
0.0,0.0,0.0,0.0,0.0,0.0,0.0,0.0,0.0,0.0,0.0,0.0,0.0,0.0,0.0,0.0,0.0,0.0,0.0,0.0,0.0,0.0,0.0,0.0,0.0,0.0,0.0,0.0,0.0,0.0,0.0,0.0,0.0,0.0,0.0,0.0,0.0,0.0,0.0,0.0,0.0,0.0,0.0,0.0,0.0,0.0,0.0,0.0,0.0,0.0,0.0,0.0,0.0,0.0,0.0,0.0,0.0,0.0,0.0,0.0,0.0,0.0,0.0,0.0,0.0,0.0,0.0,0.0,0.0,0.0,0.0,0.0,0.0,0.0,0.0,0.0,0.0,0.0,0.0,0.0,0.0,0.0,0.0,0.0,0.0
0.0,0.0,0.0,0.0,0.0,0.0,0.0,0.0,0.0,0.0,0.0,0.0,0.0,0.0,0.0,0.0,0.0,0.0,0.0,0.0,0.0,0.0,0.0,0.0,0.0,0.0,0.0,0.0,0.0,0.0,0.0,0.0,0.0,0.0,0.0,0.0,0.0,0.0,0.0,0.0,0.0,0.0,0.0,0.0,0.0,0.0,0.0,0.0,0.0,0.0,0.0,0.0,0.0,0.0,0.0,0.0,0.0,0.0,0.0,0.0,0.0,0.0,0.0,0.0,0.0,0.0,0.0,0.0,0.0,0.0,0.0,0.0,0.0,0.0,0.0,0.0,0.0,0.0,0.0,0.0,0.0,0.0,0.0,0.0,0.0
0.0,0.0,0.0,0.0,0.0,0.0,0.0,0.0,0.0,0.0,0.0,0.0,0.0,0.0,0.0,0.0,0.0,0.0,0.0,0.0,0.0,0.0,0.0,0.0,0.0,0.0,0.0,0.0,0.0,0.0,0.0,0.0,0.0,0.0,0.0,0.0,0.0,0.0,0.0,0.0,0.0,0.0,0.0,0.0,0.0,0.0,0.0,0.0,0.0,0.0,0.0,0.0,0.0,0.0,0.0,0.0,0.0,0.0,0.0,0.0,0.0,0.0,0.0,0.0,0.0,0.0,0.0,0.0,0.0,0.0,0.0,0.0,0.0,0.0,0.0,0.0,0.0,0.0,0.0,0.0,0.0,0.0,0.0,0.0,0.0
0.0,0.0,0.0,0.0,0.0,0.0,0.0,0.0,0.0,0.0,0.0,0.0,0.0,0.0,0.0,0.0,0.0,0.0,0.0,0.0,0.0,0.0,0.0,0.0,0.0,0.0,0.0,0.0,0.0,0.0,0.0,0.0,0.0,0.0,0.0,0.0,0.0,0.0,0.0,0.0,0.0,0.0,0.0,0.0,0.0,0.0,0.0,0.0,0.0,0.0,0.0,0.0,0.0,0.0,0.0,0.0,0.0,0.0,0.0,0.0,0.0,0.0,0.0,0.0,0.0,0.0,0.0,0.0,0.0,0.0,0.0,0.0,0.0,0.0,0.0,0.0,0.0,0.0,0.0,0.0,0.0,0.0,0.0,0.0,0.0
0.0,0.0,0.0,0.0,0.0,0.0,0.0,0.0,0.0,0.0,0.0,0.0,0.0,0.0,0.0,0.0,0.0,0.0,0.0,0.0,0.0,0.0,0.0,0.0,0.0,0.0,0.0,0.0,0.0,0.0,0.0,0.0,0.0,0.0,0.0,0.0,0.0,0.0,0.0,0.0,0.0,0.0,0.0,0.0,0.0,0.0,0.0,0.0,0.0,0.0,0.0,0.0,0.0,0.0,0.0,0.0,0.0,0.0,0.0,0.0,0.0,0.0,0.0,0.0,0.0,0.0,0.0,0.0,0.0,0.0,0.0,0.0,0.0,0.0,0.0,0.0,0.0,0.0,0.0,0.0,0.0,0.0,0.0,0.0,0.0
0.0,0.0,0.0,0.0,0.0,0.0,0.0,0.0,0.0,0.0,0.0,0.0,0.0,0.0,0.0,0.0,0.0,0.0,0.0,0.0,0.0,0.0,0.0,0.0,0.0,0.0,0.0,0.0,0.0,0.0,0.0,0.0,0.0,0.0,0.0,0.0,0.0,0.0,0.0,0.0,0.0,0.0,0.0,0.0,0.0,0.0,0.0,0.0,0.0,0.0,0.0,0.0,0.0,0.0,0.0,0.0,0.0,0.0,0.0,0.0,0.0,0.0,0.0,0.0,0.0,0.0,0.0,0.0,0.0,0.0,0.0,0.0,0.0,0.0,0.0,0.0,0.0,0.0,0.0,0.0,0.0,0.0,0.0,0.0,0.0
0.0,0.0,0.0,0.0,0.0,0.0,0.0,0.0,0.0,0.0,0.0,0.0,0.0,0.0,0.0,0.0,0.0,0.0,0.0,0.0,0.0,0.0,0.0,0.0,0.0,0.0,0.0,0.0,0.0,0.0,0.0,0.0,0.0,0.0,0.0,0.0,0.0,0.0,0.0,0.0,0.0,0.0,0.0,0.0,0.0,0.0,0.0,0.0,0.0,0.0,0.0,0.0,0.0,0.0,0.0,0.0,0.0,0.0,0.0,0.0,0.0,0.0,0.0,0.0,0.0,0.0,0.0,0.0,0.0,0.0,0.0,0.0,0.0,0.0,0.0,0.0,0.0,0.0,0.0,0.0,0.0,0.0,0.0,0.0,0.0
0.0,0.0,0.0,0.0,0.0,0.0,0.0,0.0,0.0,0.0,0.0,0.0,0.0,0.0,0.0,0.0,0.0,0.0,0.0,0.0,0.0,0.0,0.0,0.0,0.0,0.0,0.0,0.0,0.0,0.0,0.0,0.0,0.0,0.0,0.0,0.0,0.0,0.0,0.0,0.0,0.0,0.0,0.0,0.0,0.0,0.0,0.0,0.0,0.0,0.0,0.0,0.0,0.0,0.0,0.0,0.0,0.0,0.0,0.0,0.0,0.0,0.0,0.0,0.0,0.0,0.0,0.0,0.0,0.0,0.0,0.0,0.0,0.0,0.0,0.0,0.0,0.0,0.0,0.0,0.0,0.0,0.0,0.0,0.0,0.0
0.0,0.0,0.0,0.0,0.0,0.0,0.0,0.0,0.0,0.0,0.0,0.0,0.0,0.0,0.0,0.0,0.0,0.0,0.0,0.0,0.0,0.0,0.0,0.0,0.0,0.0,0.0,0.0,0.0,0.0,0.0,0.0,0.0,0.0,0.0,0.0,0.0,0.0,0.0,0.0,0.0,0.0,0.0,0.0,0.0,0.0,0.0,0.0,0.0,0.0,0.0,0.0,0.0,0.0,0.0,0.0,0.0,0.0,0.0,0.0,0.0,0.0,0.0,0.0,0.0,0.0,0.0,0.0,0.0,0.0,0.0,0.0,0.0,0.0,0.0,0.0,0.0,0.0,0.0,0.0,0.0,0.0,0.0,0.0,0.0
0.0,0.0,0.0,0.0,0.0,0.0,0.0,0.0,0.0,0.0,0.0,0.0,0.0,0.0,0.0,0.0,0.0,0.0,0.0,0.0,0.0,0.0,0.0,0.0,0.0,0.0,0.0,0.0,0.0,0.0,0.0,0.0,0.0,0.0,0.0,0.0,0.0,0.0,0.0,0.0,0.0,0.0,0.0,0.0,0.0,0.0,0.0,0.0,0.0,0.0,0.0,0.0,0.0,0.0,0.0,0.0,0.0,0.0,0.0,0.0,0.0,0.0,0.0,0.0,0.0,0.0,0.0,0.0,0.0,0.0,0.0,0.0,0.0,0.0,0.0,0.0,0.0,0.0,0.0,0.0,0.0,0.0,0.0,0.0,0.0
0.0,0.0,0.0,0.0,0.0,0.0,0.0,0.0,0.0,0.0,0.0,0.0,0.0,0.0,0.0,0.0,0.0,0.0,0.0,0.0,0.0,0.0,0.0,0.0,0.0,0.0,0.0,0.0,0.0,0.0,0.0,0.0,0.0,0.0,0.0,0.0,0.0,0.0,0.0,0.0,0.0,0.0,0.0,0.0,0.0,0.0,0.0,0.0,0.0,0.0,0.0,0.0,0.0,0.0,0.0,0.0,0.0,0.0,0.0,0.0,0.0,0.0,0.0,0.0,0.0,0.0,0.0,0.0,0.0,0.0,0.0,0.0,0.0,0.0,0.0,0.0,0.0,0.0,0.0,0.0,0.0,0.0,0.0,0.0,0.0
0.0,0.0,0.0,0.0,0.0,0.0,0.0,0.0,0.0,0.0,0.0,0.0,0.0,0.0,0.0,0.0,0.0,0.0,0.0,0.0,0.0,0.0,0.0,0.0,0.0,0.0,0.0,0.0,0.0,0.0,0.0,0.0,0.0,0.0,0.0,0.0,0.0,0.0,0.0,0.0,0.0,0.0,0.0,0.0,0.0,0.0,0.0,0.0,0.0,0.0,0.0,0.0,0.0,0.0,0.0,0.0,0.0,0.0,0.0,0.0,0.0,0.0,0.0,0.0,0.0,0.0,0.0,0.0,0.0,0.0,0.0,0.0,0.0,0.0,0.0,0.0,0.0,0.0,0.0,0.0,0.0,0.0,0.0,0.0,0.0
0.0,0.0,0.0,0.0,0.0,0.0,0.0,0.0,0.0,0.0,0.0,0.0,0.0,0.0,0.0,0.0,0.0,0.0,0.0,0.0,0.0,0.0,0.0,0.0,0.0,0.0,0.0,0.0,0.0,0.0,0.0,0.0,0.0,0.0,0.0,0.0,0.0,0.0,0.0,0.0,0.0,0.0,0.0,0.0,0.0,0.0,0.0,0.0,0.0,0.0,0.0,0.0,0.0,0.0,0.0,0.0,0.0,0.0,0.0,0.0,0.0,0.0,0.0,0.0,0.0,0.0,0.0,0.0,0.0,0.0,0.0,0.0,0.0,0.0,0.0,0.0,0.0,0.0,0.0,0.0,0.0,0.0,0.0,0.0,0.0
0.0,0.0,0.0,0.0,0.0,0.0,0.0,0.0,0.0,0.0,0.0,0.0,0.0,0.0,0.0,0.0,0.0,0.0,0.0,0.0,0.0,0.0,0.0,0.0,0.0,0.0,0.0,0.0,0.0,0.0,0.0,0.0,0.0,0.0,0.0,0.0,0.0,0.0,0.0,0.0,0.0,0.0,0.0,0.0,0.0,0.0,0.0,0.0,0.0,0.0,0.0,0.0,0.0,0.0,0.0,0.0,0.0,0.0,0.0,0.0,0.0,0.0,0.0,0.0,0.0,0.0,0.0,0.0,0.0,0.0,0.0,0.0,0.0,0.0,0.0,0.0,0.0,0.0,0.0,0.0,0.0,0.0,0.0,0.0,0.0
0.0,0.0,0.0,0.0,0.0,0.0,0.0,0.0,0.0,0.0,0.0,0.0,0.0,0.0,0.0,0.0,0.0,0.0,0.0,0.0,0.0,0.0,0.0,0.0,0.0,0.0,0.0,0.0,0.0,0.0,0.0,0.0,0.0,0.0,0.0,0.0,0.0,0.0,0.0,0.0,0.0,0.0,0.0,0.0,0.0,0.0,0.0,0.0,0.0,0.0,0.0,0.0,0.0,0.0,0.0,0.0,0.0,0.0,0.0,0.0,0.0,0.0,0.0,0.0,0.0,0.0,0.0,0.0,0.0,0.0,0.0,0.0,0.0,0.0,0.0,0.0,0.0,0.0,0.0,0.0,0.0,0.0,0.0,0.0,0.0
0.0,0.0,0.0,0.0,0.0,0.0,0.0,0.0,0.0,0.0,0.0,0.0,0.0,0.0,0.0,0.0,0.0,0.0,0.0,0.0,0.0,0.0,0.0,0.0,0.0,0.0,0.0,0.0,0.0,0.0,0.0,0.0,0.0,0.0,0.0,0.0,0.0,0.0,0.0,0.0,0.0,0.0,0.0,0.0,0.0,0.0,0.0,0.0,0.0,0.0,0.0,0.0,0.0,0.0,0.0,0.0,0.0,0.0,0.0,0.0,0.0,0.0,0.0,0.0,0.0,0.0,0.0,0.0,0.0,0.0,0.0,0.0,0.0,0.0,0.0,0.0,0.0,0.0,0.0,0.0,0.0,0.0,0.0,0.0,0.0
0.0,0.0,0.0,0.0,0.0,0.0,0.0,0.0,0.0,0.0,0.0,0.0,0.0,0.0,0.0,0.0,0.0,0.0,0.0,0.0,0.0,0.0,0.0,0.0,0.0,0.0,0.0,0.0,0.0,0.0,0.0,0.0,0.0,0.0,0.0,0.0,0.0,0.0,0.0,0.0,0.0,0.0,0.0,0.0,0.0,0.0,0.0,0.0,0.0,0.0,0.0,0.0,0.0,0.0,0.0,0.0,0.0,0.0,0.0,0.0,0.0,0.0,0.0,0.0,0.0,0.0,0.0,0.0,0.0,0.0,0.0,0.0,0.0,0.0,0.0,0.0,0.0,0.0,0.0,0.0,0.0,0.0,0.0,0.0,0.0
0.0,0.0,0.0,0.0,0.0,0.0,0.0,0.0,0.0,0.0,0.0,0.0,0.0,0.0,0.0,0.0,0.0,0.0,0.0,0.0,0.0,0.0,0.0,0.0,0.0,0.0,0.0,0.0,0.0,0.0,0.0,0.0,0.0,0.0,0.0,0.0,0.0,0.0,0.0,0.0,0.0,0.0,0.0,0.0,0.0,0.0,0.0,0.0,0.0,0.0,0.0,0.0,0.0,0.0,0.0,0.0,0.0,0.0,0.0,0.0,0.0,0.0,0.0,0.0,0.0,0.0,0.0,0.0,0.0,0.0,0.0,0.0,0.0,0.0,0.0,0.0,0.0,0.0,0.0,0.0,0.0,0.0,0.0,0.0,0.0
0.0,0.0,0.0,0.0,0.0,0.0,0.0,0.0,0.0,0.0,0.0,0.0,0.0,0.0,0.0,0.0,0.0,0.0,0.0,0.0,0.0,0.0,0.0,0.0,0.0,0.0,0.0,0.0,0.0,0.0,0.0,0.0,0.0,0.0,0.0,0.0,0.0,0.0,0.0,0.0,0.0,0.0,0.0,0.0,0.0,0.0,0.0,0.0,0.0,0.0,0.0,0.0,0.0,0.0,0.0,0.0,0.0,0.0,0.0,0.0,0.0,0.0,0.0,0.0,0.0,0.0,0.0,0.0,0.0,0.0,0.0,0.0,0.0,0.0,0.0,0.0,0.0,0.0,0.0,0.0,0.0,0.0,0.0,0.0,0.0
0.0,0.0,0.0,0.0,0.0,0.0,0.0,0.0,0.0,0.0,0.0,0.0,0.0,0.0,0.0,0.0,0.0,0.0,0.0,0.0,0.0,0.0,0.0,0.0,0.0,0.0,0.0,0.0,0.0,0.0,0.0,0.0,0.0,0.0,0.0,0.0,0.0,0.0,0.0,0.0,0.0,0.0,0.0,0.0,0.0,0.0,0.0,0.0,0.0,0.0,0.0,0.0,0.0,0.0,0.0,0.0,0.0,0.0,0.0,0.0,0.0,0.0,0.0,0.0,0.0,0.0,0.0,0.0,0.0,0.0,0.0,0.0,0.0,0.0,0.0,0.0,0.0,0.0,0.0,0.0,0.0,0.0,0.0,0.0,0.0
0.0,0.0,0.0,0.0,0.0,0.0,0.0,0.0,0.0,0.0,0.0,0.0,0.0,0.0,0.0,0.0,0.0,0.0,0.0,0.0,0.0,0.0,0.0,0.0,0.0,0.0,0.0,0.0,0.0,0.0,0.0,0.0,0.0,0.0,0.0,0.0,0.0,0.0,0.0,0.0,0.0,0.0,0.0,0.0,0.0,0.0,0.0,0.0,0.0,0.0,0.0,0.0,0.0,0.0,0.0,0.0,0.0,0.0,0.0,0.0,0.0,0.0,0.0,0.0,0.0,0.0,0.0,0.0,0.0,0.0,0.0,0.0,0.0,0.0,0.0,0.0,0.0,0.0,0.0,0.0,0.0,0.0,0.0,0.0,0.0
0.0,0.0,0.0,0.0,0.0,0.0,0.0,0.0,0.0,0.0,0.0,0.0,0.0,0.0,0.0,0.0,0.0,0.0,0.0,0.0,0.0,0.0,0.0,0.0,0.0,0.0,0.0,0.0,0.0,0.0,0.0,0.0,0.0,0.0,0.0,0.0,0.0,0.0,0.0,0.0,0.0,0.0,0.0,0.0,0.0,0.0,0.0,0.0,0.0,0.0,0.0,0.0,0.0,0.0,0.0,0.0,0.0,0.0,0.0,0.0,0.0,0.0,0.0,0.0,0.0,0.0,0.0,0.0,0.0,0.0,0.0,0.0,0.0,0.0,0.0,0.0,0.0,0.0,0.0,0.0,0.0,0.0,0.0,0.0,0.0
0.0,0.0,0.0,0.0,0.0,0.0,0.0,0.0,0.0,0.0,0.0,0.0,0.0,0.0,0.0,0.0,0.0,0.0,0.0,0.0,0.0,0.0,0.0,0.0,0.0,0.0,0.0,0.0,0.0,0.0,0.0,0.0,0.0,0.0,0.0,0.0,0.0,0.0,0.0,0.0,0.0,0.0,0.0,0.0,0.0,0.0,0.0,0.0,0.0,0.0,0.0,0.0,0.0,0.0,0.0,0.0,0.0,0.0,0.0,0.0,0.0,0.0,0.0,0.0,0.0,0.0,0.0,0.0,0.0,0.0,0.0,0.0,0.0,0.0,0.0,0.0,0.0,0.0,0.0,0.0,0.0,0.0,0.0,0.0,0.0
0.0,0.0,0.0,0.0,0.0,0.0,0.0,0.0,0.0,0.0,0.0,0.0,0.0,0.0,0.0,0.0,0.0,0.0,0.0,0.0,0.0,0.0,0.0,0.0,0.0,0.0,0.0,0.0,0.0,0.0,0.0,0.0,0.0,0.0,0.0,0.0,0.0,0.0,0.0,0.0,0.0,0.0,0.0,0.0,0.0,0.0,0.0,0.0,0.0,0.0,0.0,0.0,0.0,0.0,0.0,0.0,0.0,0.0,0.0,0.0,0.0,0.0,0.0,0.0,0.0,0.0,0.0,0.0,0.0,0.0,0.0,0.0,0.0,0.0,0.0,0.0,0.0,0.0,0.0,0.0,0.0,0.0,0.0,0.0,0.0
0.0,0.0,0.0,0.0,0.0,0.0,0.0,0.0,0.0,0.0,0.0,0.0,0.0,0.0,0.0,0.0,0.0,0.0,0.0,0.0,0.0,0.0,0.0,0.0,0.0,0.0,0.0,0.0,0.0,0.0,0.0,0.0,0.0,0.0,0.0,0.0,0.0,0.0,0.0,0.0,0.0,0.0,0.0,0.0,0.0,0.0,0.0,0.0,0.0,0.0,0.0,0.0,0.0,0.0,0.0,0.0,0.0,0.0,0.0,0.0,0.0,0.0,0.0,0.0,0.0,0.0,0.0,0.0,0.0,0.0,0.0,0.0,0.0,0.0,0.0,0.0,0.0,0.0,0.0,0.0,0.0,0.0,0.0,0.0,0.0
0.0,0.0,0.0,0.0,0.0,0.0,0.0,0.0,0.0,0.0,0.0,0.0,0.0,0.0,0.0,0.0,0.0,0.0,0.0,0.0,0.0,0.0,0.0,0.0,0.0,0.0,0.0,0.0,0.0,0.0,0.0,0.0,0.0,0.0,0.0,0.0,0.0,0.0,0.0,0.0,0.0,0.0,0.0,0.0,0.0,0.0,0.0,0.0,0.0,0.0,0.0,0.0,0.0,0.0,0.0,0.0,0.0,0.0,0.0,0.0,0.0,0.0,0.0,0.0,0.0,0.0,0.0,0.0,0.0,0.0,0.0,0.0,0.0,0.0,0.0,0.0,0.0,0.0,0.0,0.0,0.0,0.0,0.0,0.0,0.0
0.0,0.0,0.0,0.0,0.0,0.0,0.0,0.0,0.0,0.0,0.0,0.0,0.0,0.0,0.0,0.0,0.0,0.0,0.0,0.0,0.0,0.0,0.0,0.0,0.0,0.0,0.0,0.0,0.0,0.0,0.0,0.0,0.0,0.0,0.0,0.0,0.0,0.0,0.0,0.0,0.0,0.0,0.0,0.0,0.0,0.0,0.0,0.0,0.0,0.0,0.0,0.0,0.0,0.0,0.0,0.0,0.0,0.0,0.0,0.0,0.0,0.0,0.0,0.0,0.0,0.0,0.0,0.0,0.0,0.0,0.0,0.0,0.0,0.0,0.0,0.0,0.0,0.0,0.0,0.0,0.0,0.0,0.0,0.0,0.0
0.0,0.0,0.0,0.0,0.0,0.0,0.0,0.0,0.0,0.0,0.0,0.0,0.0,0.0,0.0,0.0,0.0,0.0,0.0,0.0,0.0,0.0,0.0,0.0,0.0,0.0,0.0,0.0,0.0,0.0,0.0,0.0,0.0,0.0,0.0,0.0,0.0,0.0,0.0,0.0,0.0,0.0,0.0,0.0,0.0,0.0,0.0,0.0,0.0,0.0,0.0,0.0,0.0,0.0,0.0,0.0,0.0,0.0,0.0,0.0,0.0,0.0,0.0,0.0,0.0,0.0,0.0,0.0,0.0,0.0,0.0,0.0,0.0,0.0,0.0,0.0,0.0,0.0,0.0,0.0,0.0,0.0,0.0,0.0,0.0
0.0,0.0,0.0,0.0,0.0,0.0,0.0,0.0,0.0,0.0,0.0,0.0,0.0,0.0,0.0,0.0,0.0,0.0,0.0,0.0,0.0,0.0,0.0,0.0,0.0,0.0,0.0,0.0,0.0,0.0,0.0,0.0,0.0,0.0,0.0,0.0,0.0,0.0,0.0,0.0,0.0,0.0,0.0,0.0,0.0,0.0,0.0,0.0,0.0,0.0,0.0,0.0,0.0,0.0,0.0,0.0,0.0,0.0,0.0,0.0,0.0,0.0,0.0,0.0,0.0,0.0,0.0,0.0,0.0,0.0,0.0,0.0,0.0,0.0,0.0,0.0,0.0,0.0,0.0,0.0,0.0,0.0,0.0,0.0,0.0
0.0,0.0,0.0,0.0,0.0,0.0,0.0,0.0,0.0,0.0,0.0,0.0,0.0,0.0,0.0,0.0,0.0,0.0,0.0,0.0,0.0,0.0,0.0,0.0,0.0,0.0,0.0,0.0,0.0,0.0,0.0,0.0,0.0,0.0,0.0,0.0,0.0,0.0,0.0,0.0,0.0,0.0,0.0,0.0,0.0,0.0,0.0,0.0,0.0,0.0,0.0,0.0,0.0,0.0,0.0,0.0,0.0,0.0,0.0,0.0,0.0,0.0,0.0,0.0,0.0,0.0,0.0,0.0,0.0,0.0,0.0,0.0,0.0,0.0,0.0,0.0,0.0,0.0,0.0,0.0,0.0,0.0,0.0,0.0,0.0
0.0,0.0,0.0,0.0,0.0,0.0,0.0,0.0,0.0,0.0,0.0,0.0,0.0,0.0,0.0,0.0,0.0,0.0,0.0,0.0,0.0,0.0,0.0,0.0,0.0,0.0,0.0,0.0,0.0,0.0,0.0,0.0,0.0,0.0,0.0,0.0,0.0,0.0,0.0,0.0,0.0,0.0,0.0,0.0,0.0,0.0,0.0,0.0,0.0,0.0,0.0,0.0,0.0,0.0,0.0,0.0,0.0,0.0,0.0,0.0,0.0,0.0,0.0,0.0,0.0,0.0,0.0,0.0,0.0,0.0,0.0,0.0,0.0,0.0,0.0,0.0,0.0,0.0,0.0,0.0,0.0,0.0,0.0,0.0,0.0
0.0,0.0,0.0,0.0,0.0,0.0,0.0,0.0,0.0,0.0,0.0,0.0,0.0,0.0,0.0,0.0,0.0,0.0,0.0,0.0,0.0,0.0,0.0,0.0,0.0,0.0,0.0,0.0,0.0,0.0,0.0,0.0,0.0,0.0,0.0,0.0,0.0,0.0,0.0,0.0,0.0,0.0,0.0,0.0,0.0,0.0,0.0,0.0,0.0,0.0,0.0,0.0,0.0,0.0,0.0,0.0,0.0,0.0,0.0,0.0,0.0,0.0,0.0,0.0,0.0,0.0,0.0,0.0,0.0,0.0,0.0,0.0,0.0,0.0,0.0,0.0,0.0,0.0,0.0,0.0,0.0,0.0,0.0,0.0,0.0
0.0,0.0,0.0,0.0,0.0,0.0,0.0,0.0,0.0,0.0,0.0,0.0,0.0,0.0,0.0,0.0,0.0,0.0,0.0,0.0,0.0,0.0,0.0,0.0,0.0,0.0,0.0,0.0,0.0,0.0,0.0,0.0,0.0,0.0,0.0,0.0,0.0,0.0,0.0,0.0,0.0,0.0,0.0,0.0,0.0,0.0,0.0,0.0,0.0,0.0,0.0,0.0,0.0,0.0,0.0,0.0,0.0,0.0,0.0,0.0,0.0,0.0,0.0,0.0,0.0,0.0,0.0,0.0,0.0,0.0,0.0,0.0,0.0,0.0,0.0,0.0,0.0,0.0,0.0,0.0,0.0,0.0,0.0,0.0,0.0
0.0,0.0,0.0,0.0,0.0,0.0,0.0,0.0,0.0,0.0,0.0,0.0,0.0,0.0,0.0,0.0,0.0,0.0,0.0,0.0,0.0,0.0,0.0,0.0,0.0,0.0,0.0,0.0,0.0,0.0,0.0,0.0,0.0,0.0,0.0,0.0,0.0,0.0,0.0,0.0,0.0,0.0,0.0,0.0,0.0,0.0,0.0,0.0,0.0,0.0,0.0,0.0,0.0,0.0,0.0,0.0,0.0,0.0,0.0,0.0,0.0,0.0,0.0,0.0,0.0,0.0,0.0,0.0,0.0,0.0,0.0,0.0,0.0,0.0,0.0,0.0,0.0,0.0,0.0,0.0,0.0,0.0,0.0,0.0,0.0
20230823.0,2.023082313025508e+16,2.426,2.425,2.424,2.423,2.422,8136500.0,4255700.0,659300.0,640400.0,425200.0,2.211,2.447,2.427,2.42,-9039600.0,-7504000.0,-2713000.0,-2694100.0,-1342600.0,2.427,2.428,2.429,2.43,2.431,903100.0,3248300.0,2053700.0,2053700.0,917400.0,2.44,2.457,-0.0299999999999998,-0.0009999999999998,1428849126.558,588181061.0,2.703,903100.0,3248300.0,2053700.0,2053700.0,917400.0,0.0,0.0,4253819.5,-0.0009999999999998,-8136500.0,-4255700.0,-659300.0,-640400.0,-425200.0,0.0020000000000002,0.0010000000000003,2.427,0.0,0.0,5.890329,3.459569605190857e+17,0.0,0.0,2.427,0.0,0.0,-7.011444075200046e-05,2.427,2.4265,1303.0,2.427,0.000412116216773,0.0012363486503194,0.0,159845.0,9176200.0,14117100.0,-4940900.0,23293300.0,0.1293653097309126,0.1574816556123509,1752700.0,4940900.0,2.4270094711017287,2.4269000951369533,2.428872932150563,2.4253485701737607
20230823.0,2.023082313035509e+16,2.426,2.425,2.424,2.423,2.422,5900.0,6362600.0,4000200.0,1555200.0,474200.0,2.211,2.447,2.427,2.42,-10425300.0,2995800.0,4890900.0,2435900.0,0.0,2.427,2.428,2.429,2.43,2.431,4097700.0,3159400.0,1103700.0,532600.0,366400.0,2.44,2.457,-0.0299999999999998,0.0,1428864902.058,588187561.0,2.703,3194600.0,-88900.0,-1550000.0,-1521100.0,49000.0,0.0,1805.5555555820465,15775.5,-0.0009999999999998,-7230700.0,2906900.0,3340900.0,914800.0,49000.0,0.0020000000000002,0.0010000000000003,2.427,0.0,0.0,5.890328999999998,6.227324692492101e+18,0.0,0.0,2.427,0.0,4875.0,-0.0003658076419253,2.427,2.4265,1304.0,2.427,0.000412116216773,0.0012363486503194,0.0,159845.0,9259800.0,12398100.0,-3138300.0,21657900.0,0.1213514994274072,0.1511144255253582,6500.0,3138300.0,2.427,2.4260014377619656,2.4279104084321474,2.424312209128818
20230823.0,2.023082313045504e+16,2.426,2.425,2.424,2.423,2.422,1052100.0,5863900.0,2950200.0,1054200.0,474200.0,2.211,2.447,2.426,2.42,2244200.0,-116800.0,-2600000.0,-1000.0,-250000.0,2.427,2.428,2.429,2.43,2.431,2299700.0,3277500.0,2053700.0,632600.0,616400.0,2.44,2.457,-0.0309999999999996,-0.0009999999999998,1432145096.658,589539661.0,2.703,-1198000.0,308100.0,1000000.0,100000.0,250000.0,0.0001249999999997,233012.5,3280194.5999999046,-0.0009999999999998,1046200.0,191300.0,-1600000.0,99000.0,0.0,0.0020000000000002,0.0010000000000003,2.426,0.0,1.0,5.886082625,5.556520426100458e+18,2.0,14.0,2.427,0.0,203000.0,0.0001286837416205,2.426,2.4265,1305.0,2.427,0.000412116216773,0.0012363486503194,-24282261.37674918,159845.0,8879900.0,11394600.0,-2514700.0,20274500.0,0.1175211146828944,0.1398084538683724,1352100.0,2514700.0,2.425999999999929,2.4263138910436184,2.428323021655649,2.424523537465115
20230823.0,2.0230823130555124e+16,2.425,2.424,2.423,2.422,2.421,2719000.0,2359000.0,2841100.0,983600.0,452100.0,2.211,2.447,2.425,2.42,-2921000.0,-5882600.0,-3690200.0,-1572300.0,-892400.0,2.426,2.427,2.428,2.429,2.43,202000.0,3523600.0,849100.0,588700.0,440300.0,2.44,2.457,-0.032,-0.0010000000000003,1441350194.358,593335461.0,2.703,202000.0,3523600.0,849100.0,588700.0,440300.0,0.0002631578947367,767731.5789474249,9205097.700000048,-0.0009999999999998,-2719000.0,-2359000.0,-2841100.0,-983600.0,-452100.0,0.0019999999999997,0.0009999999999998,2.425,2.0,3.0,5.88419942105263,6.626926908207911e+18,14.0,5.0,2.426,0.0005000000000001,1600700.0,-9.030136848153791e-05,2.425,2.4255,1306.0,2.426,0.0004122861265719,0.0012368583797155,-24432961.9314553,159845.0,5603700.0,9354800.0,-3751100.0,14958500.0,0.1043212109446668,0.1323738875289412,3795800.0,3751100.0,2.425074477053598,2.425930845600821,2.4275613077074074,2.423631675717279
20230823.0,2.023082313065512e+16,2.425,2.424,2.423,2.422,2.421,168500.0,4499000.0,5193100.0,2244500.0,452100.0,2.211,2.447,2.425,2.42,-8619100.0,1349500.0,3612000.0,2539700.0,550000.0,2.426,2.427,2.428,2.429,2.43,4250600.0,2424100.0,1089100.0,509900.0,490300.0,2.44,2.457,-0.032,0.0,1443541265.708,594238655.0,2.703,3958600.0,-699500.0,-760000.0,-1278800.0,-550000.0,0.0003684210526313,233595.5789474249,2191071.3499999046,-0.0009999999999998,-4660500.0,650000.0,2852000.0,1260900.0,0.0,0.0019999999999997,0.0009999999999998,2.425,1.0,2.0,5.882412210526316,6.703055730322145e+18,7.0,12.0,2.426,0.0010000000000003,482697.0,-0.000373058538382,2.425,2.4255,1307.0,2.426,0.0004122861265719,0.0012368583797155,-24496712.20855648,159845.0,8764000.0,12557200.0,-3793200.0,21321200.0,0.0975884429618532,0.1113739530711189,903194.0,3793200.0,2.425914421486308,2.42503812993596,2.426923459607485,2.4231343691268754
20230823.0,2.023082313075506e+16,2.425,2.424,2.423,2.422,2.421,5668200.0,4360500.0,2984800.0,655300.0,452100.0,2.211,2.447,2.426,2.42,9894300.0,7099600.0,3800300.0,1291900.0,747500.0,2.427,2.428,2.429,2.43,2.431,4226100.0,2739100.0,815500.0,636600.0,295400.0,2.44,2.457,-0.0309999999999996,0.0010000000000003,1444733205.108,594730155.0,2.703,-4226100.0,-2739100.0,-815500.0,-636600.0,-295400.0,0.0003157894736842,98815.78947365284,783326.9000000954,-0.0009999999999998,5668200.0,4360500.0,2984800.0,655300.0,452100.0,0.0019999999999997,0.0009999999999998,2.426,1.0,0.0,5.882156894736841,6.718112974652197e+18,6.0,13.0,2.426,0.0010000000000003,220600.0,0.0004771038857891,2.425,2.426,1308.0,2.425,0.0008244023083265,0.0016488046166529,24514792.04452591,159845.0,8712700.0,14120900.0,-5408200.0,22833600.0,0.099488171155609,0.1133577713314641,323000.0,5408200.0,2.4251606811148463,2.426145750583669,2.427856393540464,2.4240011684807627
20230823.0,2.023082313085249e+16,2.424,2.423,2.422,2.421,2.42,3343600.0,5175200.0,1897700.0,720500.0,1359400.0,2.211,2.447,2.425,2.42,-4782300.0,-7451900.0,-4012900.0,-2521000.0,-1727900.0,2.425,2.426,2.427,2.428,2.429,1438700.0,2276700.0,2115200.0,1800500.0,368500.0,2.44,2.457,-0.032,-0.0010000000000003,1444935456.208,594813555.0,2.703,1438700.0,2276700.0,2115200.0,1800500.0,368500.0,0.0003636363636365,25554.545454502106,202251.09999990463,-0.0010000000000003,-3343600.0,-5175200.0,-1897700.0,-720500.0,-1359400.0,0.0020000000000002,0.0009999999999998,2.425,0.0,1.0,5.883712000000002,3.891092301156957e+18,7.0,4.0,2.426,0.0010000000000003,50800.0,-0.0005917398778524,2.425,2.4245,1309.0,2.426,0.0004124561765311,0.0012373685295937,-24525878.556709222,159845.0,7999600.0,12496400.0,-4496800.0,20496000.0,0.1149576252637638,0.1270054201761039,83400.0,4496800.0,2.425073141485667,2.424699161491332,2.4266729086454326,2.4226740421241315
20230823.0,2.02308231309551e+16,2.424,2.423,2.422,2.421,2.42,2183400.0,5842400.0,2859700.0,2772700.0,1408400.0,2.211,2.447,2.425,2.42,4132400.0,-2310400.0,-270600.0,1802200.0,-700.0,2.425,2.426,2.427,2.428,2.429,1987100.0,4762400.0,957800.0,650500.0,418200.0,2.44,2.457,-0.032,0.0,1446160549.308,595318955.0,2.703,-2260600.0,2215600.0,-17400.0,150000.0,49700.0,0.0001052631578946,58742.105263113976,1217818.100000143,-0.0010000000000003,1871800.0,-94800.0,-288000.0,1952200.0,49000.0,0.0020000000000002,0.0009999999999998,2.425,1.0,0.0,5.876286421052632,6.732348743013012e+18,2.0,17.0,2.425,0.0,0.0,0.0001877619467524,2.424,2.4245,1310.0,2.424,0.0004124561765311,0.0012373685295937,24549235.25772926,159845.0,8776000.0,15066600.0,-6290600.0,23842600.0,0.1140752433811368,0.1296260392646031,502400.0,6290600.0,2.424000995223215,2.424523534348399,2.426173917502279,2.4223066186133573
20230823.0,2.023082313105509e+16,2.424,2.423,2.422,2.421,2.42,1021800.0,4554400.0,3759700.0,2874100.0,1478400.0,2.211,2.447,2.425,2.42,-3781200.0,1134800.0,1100000.0,151400.0,70000.0,2.425,2.426,2.427,2.428,2.429,3551100.0,3289600.0,807800.0,600500.0,418200.0,2.44,2.457,-0.032,0.0,1446825485.508,595593155.0,2.703,1564000.0,-1472800.0,-150000.0,-50000.0,0.0,4.440892098500626e-16,9673.684210538864,664936.1999998093,-0.0010000000000003,-2217200.0,-338000.0,950000.0,101400.0,70000.0,0.0020000000000002,0.0009999999999998,2.425,0.0,0.0,5.8806249999999975,6.739578933085811e+18,0.0,19.0,2.425,0.0,10250.0,-0.0001634728046727,2.425,2.4245,1311.0,2.425,0.0004124561765311,0.0012373685295937,0.0,159845.0,8667200.0,13688400.0,-5021200.0,22355600.0,0.1132670320683931,0.1187985858329486,274200.0,5021200.0,2.42500437636692,2.4242234468280524,2.4259668058888684,2.4220560401507845
20230823.0,2.023082313113109e+16,2.425,2.424,2.423,2.422,2.421,100.0,4248900.0,2970600.0,3256500.0,2005200.0,2.211,2.447,2.425,2.42,4421100.0,6506700.0,3961300.0,3767100.0,2447200.0,2.426,2.427,2.428,2.429,2.43,4421000.0,2257800.0,990700.0,510600.0,442000.0,2.44,2.457,-0.032,0.0,1447274057.308,595778155.0,2.703,-4421000.0,-2257800.0,-990700.0,-510600.0,-442000.0,9.090909090847532e-05,63854.545454502106,448571.80000019073,-0.0009999999999998,100.0,4248900.0,2970600.0,3256500.0,2005200.0,0.0019999999999997,0.0009999999999998,2.425,1.0,1.0,5.880184181818183,3.903630851661e+18,10.0,1.0,2.425,0.0,74700.0,0.0003202887234563,2.424,2.4255,1312.0,2.425,0.0004122861265719,0.0012368583797155,-9465.934384670109,159845.0,8622100.0,12481300.0,-3859200.0,21103400.0,0.120393255714711,0.1314341427214744,185000.0,3859200.0,2.4247124324334632,2.4250000226188053,2.4268743809512765,2.422758214288576
20230823.0,2.0230823131252668e+16,2.427,2.426,2.425,2.424,2.423,4373100.0,1971500.0,2326500.0,2978700.0,339000.0,2.211,2.447,2.428,2.42,4385500.0,6982700.0,5160500.0,3625800.0,847700.0,2.428,2.429,2.43,2.431,2.432,12400.0,5011200.0,2834000.0,647100.0,508700.0,2.44,2.457,-0.0289999999999999,0.0030000000000001,1454019972.208,598557655.0,2.703,-12400.0,-5011200.0,-2834000.0,-647100.0,-508700.0,0.000285714285714,1018350.0,6745914.899999857,-0.0009999999999998,4373100.0,1971500.0,2326500.0,2978700.0,339000.0,0.0019999999999997,0.0009999999999998,2.428,3.0,0.0,5.888942999999999,4.989292223524778e+18,10.0,4.0,2.428,0.00075,1675025.0,0.0012351737518091,2.425,2.4275,1313.0,2.425,0.0004119464469618,0.0012358393408855,73797215.4737067,159845.0,9013400.0,11988800.0,-2975400.0,21002200.0,0.1339944649780015,0.1531114725339648,2779500.0,2975400.0,2.427024608742528,2.427997172500285,2.4296259458140104,2.4255889663686108
20230823.0,2.023082313133447e+16,2.431,2.43,2.429,2.428,2.427,1395200.0,3448600.0,2146700.0,803400.0,1961100.0,2.211,2.447,2.431,2.42,4053900.0,5892300.0,3966900.0,1382000.0,2167200.0,2.432,2.433,2.434,2.435,2.436,2658700.0,2443700.0,1820200.0,578600.0,206100.0,2.44,2.457,-0.0259999999999998,0.0030000000000001,1470257911.008,605239655.0,2.703,-2658700.0,-2443700.0,-1820200.0,-578600.0,-206100.0,0.0005000000000001,2989225.0,16207831.599999905,-0.0009999999999998,1395200.0,3448600.0,2146700.0,803400.0,1961100.0,0.0019999999999997,0.0009999999999998,2.431,4.0,1.0,5.902471333333334,4.3518835424061537e+18,7.0,5.0,2.431,0.0012500000000001,6274200.0,0.0012423052638664,2.428,2.4315,1314.0,2.428,0.0004112687641373,0.0012338062924119,74391515.88363068,159845.0,7707300.0,9755000.0,-2047700.0,17462300.0,0.1443729665833344,0.1753075269109146,6669600.0,2047700.0,2.430105493582809,2.431344162411505,2.4331215730541174,2.429155140953357
20230823.0,2.0230823131416536e+16,2.434,2.433,2.432,2.431,2.43,611400.0,4442200.0,2929200.0,698600.0,1522000.0,2.211,2.447,2.435,2.42,3389000.0,8298100.0,4288000.0,1443900.0,1888500.0,2.435,2.436,2.437,2.438,2.439,2777600.0,3855900.0,1358800.0,745300.0,366500.0,2.44,2.457,-0.0219999999999997,0.004,1478842235.908,608768555.0,2.703,-2777600.0,-3855900.0,-1358800.0,-745300.0,-366500.0,0.0005000000000001,767700.0,6795846.200000048,-0.0009999999999998,611400.0,4442200.0,2929200.0,698600.0,1522000.0,0.0020000000000002,0.0010000000000003,2.435,3.0,0.0,5.921112,2.215264424601218e+18,2.0,4.0,2.435,0.00075,1156550.0,0.0012443995814362,2.432,2.4345,1315.0,2.432,0.0004107619634421,0.0012322858903266,74969993.40181126,159845.0,9104100.0,10203400.0,-1099300.0,19307500.0,0.1774353628195674,0.2112702283916893,2793200.0,1099300.0,2.43299663468425,2.434180407199764,2.43612865631968,2.43218840778564
20230823.0,2.0230823131510344e+16,2.432,2.431,2.43,2.429,2.428,1831400.0,2956600.0,1828600.0,3204800.0,383800.0,2.211,2.447,2.433,2.42,-5868300.0,-5416500.0,-2810600.0,-3988200.0,-784200.0,2.433,2.434,2.435,2.436,2.437,4036900.0,2459900.0,982000.0,783400.0,400400.0,2.44,2.457,-0.024,-0.0010000000000003,1484285274.408,611005455.0,2.703,4036900.0,2459900.0,982000.0,783400.0,400400.0,0.0,250000.0,2573970.700000048,-0.0010000000000003,-1831400.0,-2956600.0,-1828600.0,-3204800.0,-383800.0,0.0020000000000002,0.0009999999999998,2.433,0.0,0.0,5.919489,1.492089333249028e+18,0.0,0.0,2.433,0.0,350000.0,-0.0006781003087715,2.433,2.4325,1316.0,2.433,0.0004110996916751,0.0012332990750257,0.0,159845.0,8662600.0,10205200.0,-1542600.0,18867800.0,0.1905624546958235,0.2481588583261992,1057900.0,1542600.0,2.4330945268929463,2.4323120835676426,2.43396688061321,2.430259377572218
20230823.0,2.023082313160439e+16,2.429,2.428,2.427,2.426,2.425,944000.0,4535700.0,3767800.0,589300.0,254000.0,2.211,2.447,2.43,2.42,-2524000.0,-9823100.0,-6045400.0,-1413400.0,-765800.0,2.43,2.431,2.432,2.433,2.434,1580000.0,5287400.0,2277600.0,824100.0,511800.0,2.44,2.457,-0.0269999999999996,-0.0009999999999998,1496826936.808,616164755.0,2.703,1580000.0,5287400.0,2277600.0,824100.0,511800.0,0.0,52100.0,2954186.100000143,-0.0009999999999998,-944000.0,-4535700.0,-3767800.0,-589300.0,-254000.0,0.0019999999999997,0.0009999999999998,2.43,0.0,0.0,5.9049000000000005,7.591896127311181e+17,0.0,0.0,2.43,0.0,52100.0,-0.0004597981507324,2.43,2.4295,1317.0,2.43,0.0004116073266105,0.0012348219798312,0.0,159845.0,10480900.0,10090800.0,390100.0,20571700.0,0.1909249206794587,0.2485360462923648,1215700.0,390100.0,2.430028872254786,2.429374009508716,2.4313703117098724,2.427527847147897
20230823.0,2.0230823131755784e+16,2.435,2.434,2.433,2.432,2.431,1385500.0,3446400.0,2216800.0,748600.0,1573100.0,2.211,2.447,2.435,2.42,2908600.0,7087300.0,5065800.0,1435000.0,1924400.0,2.436,2.437,2.438,2.439,2.44,1523100.0,3640900.0,2849000.0,686400.0,351300.0,2.44,2.457,-0.0219999999999997,0.004,1514598144.608,623469555.0,2.703,-1523100.0,-3640900.0,-2849000.0,-686400.0,-351300.0,0.000833333333333,2125050.0,15945957.700000048,-0.0009999999999998,1385500.0,3446400.0,2216800.0,748600.0,1573100.0,0.0019999999999997,0.0009999999999998,2.435,5.0,1.0,5.918679277777779,6.924434173616228e+18,12.0,6.0,2.435,0.0017499999999999,4202600.0,0.0018333061667964,2.431,2.4355,1318.0,2.431,0.000410593307329,0.0012317799219871,101978104.73021044,159845.0,9050700.0,9370400.0,-319700.0,18421100.0,0.1909636032126376,0.2427624995094757,6553700.0,319700.0,2.43312292292904,2.435476346008389,2.437414619863657,2.433247865619397
20230823.0,2.023082313185519e+16,2.431,2.43,2.429,2.428,2.427,4760700.0,3818200.0,962600.0,424800.0,391500.0,2.211,2.447,2.432,2.42,-6365500.0,-7530600.0,-4512400.0,-2185400.0,-915300.0,2.432,2.433,2.434,2.435,2.436,1604800.0,3712400.0,3549800.0,1760600.0,523800.0,2.44,2.457,-0.0249999999999999,-0.004,1525286023.608,627862155.0,2.703,1604800.0,3712400.0,3549800.0,1760600.0,523800.0,5.263157894663806e-05,381136.84210526943,10605085.0,-0.0009999999999998,-4760700.0,-3818200.0,-962600.0,-424800.0,-391500.0,0.0019999999999997,0.0009999999999998,2.432,1.0,4.0,5.919233684210528,7.451152045497283e+18,13.0,6.0,2.435,0.0009999999999998,59900.0,-0.0014207538976218,2.432,2.4315,1319.0,2.435,0.0004112687641373,0.0012338062924119,-77129376.19229938,159845.0,11151400.0,10357800.0,793600.0,21509200.0,0.1841008197591471,0.2188977241964513,4358600.0,793600.0,2.433140228513743,2.431747890974786,2.433631095647183,2.430171271891715
0.0,0.0,0.0,0.0,0.0,0.0,0.0,0.0,0.0,0.0,0.0,0.0,0.0,0.0,0.0,0.0,0.0,0.0,0.0,0.0,0.0,0.0,0.0,0.0,0.0,0.0,0.0,0.0,0.0,0.0,0.0,0.0,0.0,0.0,0.0,0.0,0.0,0.0,0.0,0.0,0.0,0.0,0.0,0.0,0.0,0.0,0.0,0.0,0.0,0.0,0.0,0.0,0.0,0.0,0.0,0.0,0.0,0.0,0.0,0.0,0.0,0.0,0.0,0.0,0.0,0.0,0.0,0.0,0.0,0.0,0.0,0.0,0.0,0.0,0.0,0.0,0.0,0.0,0.0,0.0,0.0,0.0,0.0,0.0,0.0
20230823.0,2.023082313204615e+16,2.428,2.427,2.426,2.425,2.424,408400.0,5912000.0,3080900.0,1924500.0,428800.0,2.211,2.447,2.429,2.42,-3608400.0,-8336500.0,-5091700.0,-3134600.0,-1417000.0,2.429,2.43,2.431,2.432,2.433,3200000.0,2424500.0,2010800.0,1210100.0,988200.0,2.44,2.457,-0.028,-0.0020000000000002,1534490740.008,631650455.0,2.703,3200000.0,2424500.0,2010800.0,1210100.0,988200.0,0.0008124999999998,1212768.75,7508548.099999905,-0.0010000000000003,-408400.0,-5912000.0,-3080900.0,-1924500.0,-428800.0,0.0020000000000002,0.0009999999999998,2.429,1.0,3.0,5.9039895625,6.359250040835162e+18,8.0,8.0,2.431,0.0020000000000002,3086050.0,-0.0011535064195344,2.429,2.4285,1321.0,2.431,0.0004117768169651,0.0012353304508956,-51884905.14818956,159845.0,9833600.0,11754600.0,-1921000.0,21588200.0,0.1884626509284937,0.2062956138077712,3090600.0,1921000.0,2.42947909790976,2.4281131803569447,2.43042665961601,2.42633575791605
20230823.0,2.023082313214009e+16,2.425,2.424,2.423,2.422,2.421,8010400.0,3128000.0,2597000.0,489500.0,273100.0,2.211,2.447,2.426,2.42,-9533300.0,-7690300.0,-5023100.0,-1243200.0,-689500.0,2.427,2.428,2.429,2.43,2.431,1522900.0,4562300.0,2426100.0,753700.0,416400.0,2.44,2.457,-0.0309999999999996,-0.0019999999999997,1553432348.508,639456855.0,2.703,1522900.0,4562300.0,2426100.0,753700.0,416400.0,0.0005714285714288,2579542.857142806,18102006.0,-0.0009999999999998,-8010400.0,-3128000.0,-2597000.0,-489500.0,-273100.0,0.0019999999999997,0.0009999999999998,2.426,2.0,4.0,5.888249428571428,5.677736934820732e+18,6.0,8.0,2.428,0.0009999999999998,5441325.0,-0.0002915755221047,2.426,2.426,1322.0,2.428,0.0008244023083265,0.0016488046166529,-52334901.21820405,159845.0,9681400.0,14498000.0,-4816600.0,24179400.0,0.1512397036500112,0.157245199846779,7460600.0,4816600.0,2.426347210680106,2.42668050937241,2.428378023839527,2.424249351634709
20230823.0,2.023082313225804e+16,2.425,2.424,2.423,2.422,2.421,2444800.0,7075100.0,4593200.0,957900.0,418500.0,2.211,2.447,2.426,2.42,-6025900.0,-9908700.0,-7055500.0,-1516700.0,-980900.0,2.426,2.427,2.428,2.429,2.43,3581100.0,2833600.0,2462300.0,558800.0,562400.0,2.44,2.457,-0.0309999999999996,-0.0009999999999998,1557754756.308,641238555.0,2.703,3581100.0,2833600.0,2462300.0,558800.0,562400.0,8.881784197001252e-16,154790.0,3852730.600000143,-0.0009999999999998,-2444800.0,-7075100.0,-4593200.0,-957900.0,-418500.0,0.0019999999999997,0.0009999999999998,2.426,0.0,0.0,5.885476000000001,8.218488298208924e+18,0.0,20.0,2.426,0.0,80100.0,-0.0002465886336717,2.426,2.4255,1323.0,2.426,0.0004122861265719,0.0012368583797155,0.0,159845.0,9998200.0,15489500.0,-5491300.0,25487700.0,0.1345751042923328,0.1265230848987919,1588100.0,5491300.0,2.42600000000009,2.425405715328831,2.427168630353464,2.4236565608960907
0.0,0.0,0.0,0.0,0.0,0.0,0.0,0.0,0.0,0.0,0.0,0.0,0.0,0.0,0.0,0.0,0.0,0.0,0.0,0.0,0.0,0.0,0.0,0.0,0.0,0.0,0.0,0.0,0.0,0.0,0.0,0.0,0.0,0.0,0.0,0.0,0.0,0.0,0.0,0.0,0.0,0.0,0.0,0.0,0.0,0.0,0.0,0.0,0.0,0.0,0.0,0.0,0.0,0.0,0.0,0.0,0.0,0.0,0.0,0.0,0.0,0.0,0.0,0.0,0.0,0.0,0.0,0.0,0.0,0.0,0.0,0.0,0.0,0.0,0.0,0.0,0.0,0.0,0.0,0.0,0.0,0.0,0.0,0.0,0.0
20230823.0,2.023082313244e+16,2.424,2.423,2.422,2.421,2.42,6622400.0,3491600.0,3417100.0,1068000.0,1306700.0,2.211,2.447,2.426,2.42,3003300.0,1529600.0,2127200.0,1109300.0,631800.0,2.426,2.427,2.428,2.429,2.43,3673100.0,2731600.0,2527200.0,508800.0,611800.0,2.44,2.457,-0.0309999999999996,0.0010000000000003,1574066731.908,647964855.0,2.703,-3673100.0,-2731600.0,-2527200.0,-508800.0,-611800.0,0.0002142857142861,1314150.0,12508118.700000048,-0.0009999999999998,-669800.0,-1202000.0,-400000.0,600500.0,20000.0,0.0019999999999997,0.0009999999999998,2.426,3.0,2.0,5.881664499999999,5.840206545353517e+18,3.0,11.0,2.426,0.0,2467900.0,0.0001733883430213,2.425,2.425,1325.0,2.425,0.0008247422680413,0.0016494845360824,26677591.095869035,159845.0,10052500.0,15905800.0,-5853300.0,25958300.0,0.120778396566788,0.1105117808339847,5157700.0,5853300.0,2.425134982647313,2.42528646496042,2.4271698184531214,2.422820769782092
20230823.0,2.023082313253409e+16,2.423,2.422,2.421,2.42,2.419,1022000.0,2990800.0,5468700.0,4520000.0,1421700.0,2.211,2.447,2.423,2.42,-3183400.0,-8374300.0,-8359800.0,-5029600.0,-2287500.0,2.424,2.425,2.426,2.427,2.428,2161400.0,5383500.0,2891100.0,509600.0,865800.0,2.44,2.457,-0.0339999999999998,-0.0019999999999997,1579833829.208,650344555.0,2.703,2161400.0,5383500.0,2891100.0,509600.0,865800.0,0.0004166666666667,715566.6666666269,5735087.299999952,-0.0009999999999998,-1022000.0,-2990800.0,-5468700.0,-4520000.0,-1421700.0,0.0019999999999997,0.0009999999999998,2.423,0.0,2.0,5.872948916666668,5.064223842498468e+18,3.0,9.0,2.425,0.0002499999999998,1275950.0,-0.0005569599559653,2.423,2.4235,1326.0,2.425,0.0004126263668247,0.0012378791004743,-53563275.35255257,159845.0,11811400.0,15423200.0,-3611800.0,27234600.0,0.1150884315362556,0.1006829609552633,2366500.0,3611800.0,2.423446989224573,2.42332104039706,2.4253679750071964,2.420849019658696
20230823.0,2.023082313264605e+16,2.424,2.423,2.422,2.421,2.42,559600.0,3865500.0,3390500.0,3373700.0,1551600.0,2.211,2.447,2.425,2.42,3279100.0,9456600.0,5269100.0,4480900.0,1919300.0,2.425,2.426,2.427,2.428,2.429,2719500.0,5591100.0,1878600.0,1107200.0,367700.0,2.44,2.457,-0.032,0.0009999999999998,1585901362.808,652848055.0,2.703,-2719500.0,-5591100.0,-1878600.0,-1107200.0,-367700.0,6.249999999941025e-05,21512.5,733945.5,-0.0010000000000003,559600.0,3865500.0,3390500.0,3373700.0,1551600.0,0.0020000000000002,0.0009999999999998,2.425,1.0,0.0,5.8803219375,6.818888632443906e+18,15.0,1.0,2.425,0.0,175.0,0.0001050432721999,2.424,2.4245,1327.0,2.424,0.0004124561765311,0.0012373685295937,26915346.59793518,159845.0,11664100.0,12740900.0,-1076800.0,24405000.0,0.1118231902399659,0.0917281924629793,302700.0,1076800.0,2.424663032705649,2.4241706565825987,2.4262123267118767,2.421882881115149
20230823.0,2.023082313275508e+16,2.425,2.424,2.423,2.422,2.421,112100.0,4043400.0,1932500.0,3318900.0,1105300.0,2.211,2.447,2.426,2.42,3477800.0,6884000.0,4119700.0,3877000.0,1668400.0,2.426,2.427,2.428,2.429,2.43,3365700.0,2840600.0,2187200.0,558100.0,563100.0,2.44,2.457,-0.0309999999999996,0.0010000000000003,1591991955.208,655359455.0,2.703,-3365700.0,-2840600.0,-2187200.0,-558100.0,-563100.0,0.0002631578947367,1026605.2631578444,5969342.399999857,-0.0009999999999998,112100.0,4043400.0,1932500.0,3318900.0,1105300.0,0.0019999999999997,0.0009999999999998,2.426,1.0,0.0,5.881901578947367,8.126501893258609e+18,5.0,14.0,2.426,0.0005000000000001,2043000.0,0.000262727112836,2.425,2.4255,1328.0,2.425,0.0004122861265719,0.0012368583797155,27001708.779893603,159845.0,9514700.0,10512200.0,-997500.0,20026900.0,0.1174527045699246,0.1048470939339474,2461400.0,997500.0,2.425181766474306,2.425032233020876,2.4271709985601224,2.4228799585243816
20230823.0,2.023082313285502e+16,2.425,2.424,2.423,2.422,2.421,4824600.0,2597500.0,823500.0,1860500.0,406600.0,2.211,2.447,2.425,2.42,7267600.0,169700.0,-1960000.0,-3599000.0,-2350000.0,2.426,2.427,2.428,2.429,2.43,10000.0,1809500.0,3038200.0,2858100.0,2213100.0,2.44,2.457,-0.032,-0.0010000000000003,1595202315.308,656682955.0,2.703,-2796700.0,-1615600.0,661000.0,2300000.0,1650000.0,0.0009473684210528,388921.0526316166,3210360.100000143,-0.0009999999999998,4470900.0,-1445900.0,-1299000.0,-1299000.0,-700000.0,0.0019999999999997,0.0009999999999998,2.425,2.0,3.0,5.880370421052631,8.174855232256358e+18,12.0,7.0,2.426,0.0020000000000002,989250.0,0.0003652835747147,2.424,2.4255,1329.0,2.426,0.0004122861265719,0.0012368583797155,-27070660.23867051,159845.0,9928900.0,10512700.0,-583800.0,20441600.0,0.1166725401850945,0.108136316744222,1323500.0,583800.0,2.425659312429273,2.4259979315765525,2.428549386135423,2.4239106128777577
20230823.0,2.0230823132949064e+16,2.426,2.425,2.424,2.423,2.422,2574800.0,3668500.0,1890200.0,624800.0,1641100.0,2.211,2.447,2.426,2.42,740700.0,737400.0,360500.0,-344000.0,-477200.0,2.427,2.428,2.429,2.43,2.431,12000.0,3283500.0,2029700.0,3213800.0,1017100.0,2.44,2.457,-0.0309999999999996,0.0,1598706458.808,658126455.0,2.703,-1667600.0,160800.0,-467800.0,400700.0,257800.0,0.0009999999999994,129947.05882358552,3479883.5,-0.0009999999999998,-926900.0,898200.0,-107300.0,56700.0,-219400.0,0.0020000000000002,0.0010000000000003,2.426,2.0,2.0,5.890329588235293,7.353528520807627e+18,5.0,12.0,2.428,0.0019999999999997,454300.0,0.0001316639720224,2.426,2.4265,1330.0,2.426,0.000412116216773,0.0012363486503194,-85095.35896222293,159845.0,9556100.0,10399400.0,-843300.0,19955500.0,0.1350658499930279,0.1327307637048245,1433500.0,843300.0,2.427543425183118,2.426995361063863,2.429203064011469,2.4244722483989465
20230823.0,2.0230823133058096e+16,2.426,2.425,2.424,2.423,2.422,1800500.0,4263500.0,1890400.0,619800.0,592600.0,2.211,2.447,2.426,2.42,2736500.0,-151900.0,-550200.0,-55000.0,-2157400.0,2.427,2.428,2.429,2.43,2.431,21100.0,3955300.0,2030100.0,3053400.0,1541000.0,2.44,2.457,-0.0309999999999996,0.0,1599127712.208,658300055.0,2.703,-2301400.0,1430800.0,400.0,50000.0,1157900.0,0.0004999999999999,43250.0,421253.39999985695,-0.0009999999999998,435100.0,1278900.0,-549800.0,-5000.0,-999500.0,0.0020000000000002,0.0010000000000003,2.426,1.0,1.0,5.887902499999998,8.664906754261195e+18,10.0,10.0,2.427,0.0009999999999998,74575.0,0.0002547427540748,2.426,2.4265,1331.0,2.426,0.000412116216773,0.0012363486503194,-14743.908016808333,159845.0,10600900.0,9166800.0,1434100.0,19767700.0,0.1323333401911748,0.12852534769195,173600.0,1434100.0,2.4265748847918025,2.42698841677646,2.429201671556189,2.424661026748702
20230823.0,2.023082313315887e+16,2.425,2.424,2.423,2.422,2.421,3429300.0,3585400.0,1052600.0,851000.0,514000.0,2.211,2.447,2.425,2.42,-4131300.0,-7523100.0,-4266900.0,-4229600.0,-2077100.0,2.426,2.427,2.428,2.429,2.43,702000.0,3937700.0,3214300.0,3378600.0,1563100.0,2.44,2.457,-0.032,-0.0010000000000003,1600134380.208,658715055.0,2.703,702000.0,3937700.0,3214300.0,3378600.0,1563100.0,0.0005000000000001,55775.0,1006668.0,-0.0009999999999998,-3429300.0,-3585400.0,-1052600.0,-851000.0,-514000.0,0.0019999999999997,0.0009999999999998,2.425,1.0,2.0,5.8835357,8.671372656219326e+18,11.0,9.0,2.427,0.0010000000000003,108700.0,-0.0004773881818426,2.425,2.4255,1332.0,2.426,0.0004122861265719,0.0012368583797155,-27166965.639046542,159845.0,12795700.0,9432300.0,3363400.0,22228000.0,0.1384554671122597,0.1341393357594345,415000.0,3363400.0,2.4257060240963857,2.425830077699514,2.4280908977234543,2.4239080499984094
20230823.0,2.023082313325808e+16,2.427,2.426,2.425,2.424,2.423,262200.0,4993300.0,2489700.0,807500.0,1450500.0,2.211,2.447,2.428,2.42,2936300.0,9934500.0,5566600.0,1380200.0,3001900.0,2.428,2.429,2.43,2.431,2.432,2674100.0,4941200.0,3076900.0,572700.0,1551400.0,2.44,2.457,-0.0289999999999999,0.0030000000000001,1604439374.908,660488955.0,2.703,-2674100.0,-4941200.0,-3076900.0,-572700.0,-1551400.0,0.0007894736842111,479110.5263158083,4304994.700000048,-0.0009999999999998,262200.0,4993300.0,2489700.0,807500.0,1450500.0,0.0019999999999997,0.0009999999999998,2.428,2.0,0.0,5.891351631578947,8.276655628737057e+18,9.0,10.0,2.428,0.0015,1440300.0,0.0005189529372412,2.426,2.4275,1333.0,2.426,0.0004119464469618,0.0012358393408855,54356917.96885273,159845.0,12816300.0,10003200.0,2813100.0,22819500.0,0.1489519692526685,0.1528975850468134,1773900.0,2813100.0,2.426853092057076,2.427089296052856,2.429483946224729,2.4251808621241207
20230823.0,2.023082313335803e+16,2.426,2.425,2.424,2.423,2.422,3501000.0,3415100.0,1062000.0,668800.0,681100.0,2.211,2.447,2.426,2.42,-4003700.0,-6644900.0,-5114000.0,-3473200.0,-1622100.0,2.427,2.428,2.429,2.43,2.431,502700.0,3229800.0,4052000.0,2804400.0,941000.0,2.44,2.457,-0.0309999999999996,-0.0019999999999997,1605547852.008,660945855.0,2.703,502700.0,3229800.0,4052000.0,2804400.0,941000.0,0.0004736842105272,159973.68421053886,1108477.0999999046,-0.0009999999999998,-3501000.0,-3415100.0,-1062000.0,-668800.0,-681100.0,0.0020000000000002,0.0010000000000003,2.426,0.0,2.0,5.887775105263156,8.296122329569524e+18,6.0,13.0,2.428,0.0009999999999998,419300.0,-8.852761276556542e-05,2.426,2.4265,1334.0,2.428,0.000412116216773,0.0012363486503194,-54457607.27020672,159845.0,11529900.0,9328000.0,2201900.0,20857900.0,0.16004173243802,0.1856167495062346,456900.0,2201900.0,2.426082512584602,2.426874441141944,2.429039133036713,2.4248990244425386
20230823.0,2.02308231334581e+16,2.427,2.426,2.425,2.424,2.423,4178000.0,3151100.0,770500.0,706500.0,500500.0,2.211,2.447,2.427,2.42,4839000.0,6981200.0,5216400.0,3102700.0,1543300.0,2.428,2.429,2.43,2.431,2.432,661000.0,3830100.0,4445900.0,2396200.0,1042800.0,2.44,2.457,-0.0299999999999998,0.0009999999999998,1606842399.708,661479255.0,2.703,-661000.0,-3830100.0,-4445900.0,-2396200.0,-1042800.0,0.0002500000000003,206910.0,1294547.7000000477,-0.0009999999999998,4178000.0,3151100.0,770500.0,706500.0,500500.0,0.0019999999999997,0.0009999999999998,2.427,1.0,0.0,5.8891157499999975,8.742489819552684e+18,15.0,5.0,2.427,0.0002499999999998,518700.0,0.0004074207230245,2.426,2.4275,1335.0,2.426,0.0004119464469618,0.0012358393408855,27233652.86361464,159845.0,12376000.0,9306600.0,3069400.0,21682600.0,0.1373298189250237,0.1713495351067165,533400.0,3069400.0,2.426973565804364,2.4278634015292417,2.429945838720103,2.426052973158834
20230823.0,2.0230823133558124e+16,2.429,2.428,2.427,2.426,2.425,100000.0,3819300.0,2969900.0,703900.0,540800.0,2.211,2.447,2.429,2.42,4235200.0,6587500.0,5358900.0,1844000.0,1148900.0,2.43,2.431,2.432,2.433,2.434,4135200.0,2768200.0,2389000.0,1140100.0,608100.0,2.44,2.457,-0.028,0.0019999999999997,1614876622.908,664786955.0,2.703,-4135200.0,-2768200.0,-2389000.0,-1140100.0,-608100.0,0.00035,633585.0,8034223.200000048,-0.0009999999999998,100000.0,3819300.0,2969900.0,703900.0,540800.0,0.0019999999999997,0.0009999999999998,2.429,4.0,2.0,5.8983412500000005,8.820271883936365e+18,13.0,7.0,2.43,0.0009999999999998,675500.0,0.0004777587477311,2.427,2.4295,1336.0,2.427,0.0004116073266105,0.0012348219798312,54558003.75146747,159845.0,11040600.0,8133900.0,2906700.0,19174500.0,0.1424925113777494,0.1641419319027245,3307700.0,2906700.0,2.4289455512894302,2.429023611635814,2.431213602521602,2.427274628407037
20230823.0,2.023082313365801e+16,2.427,2.426,2.425,2.424,2.423,2985900.0,3044100.0,1626400.0,813200.0,1837300.0,2.211,2.447,2.427,2.42,-6025400.0,-6313300.0,-4102300.0,-2406700.0,-2668700.0,2.429,2.43,2.431,2.432,2.433,3039500.0,3269200.0,2475900.0,1593500.0,831400.0,2.44,2.457,-0.0299999999999998,-0.0019999999999997,1616202731.408,665333055.0,2.703,3039500.0,3269200.0,2475900.0,1593500.0,831400.0,0.0006500000000002,156495.0,1326108.5,-0.0010000000000003,-2985900.0,-3044100.0,-1626400.0,-813200.0,-1837300.0,0.0020000000000002,0.0009999999999998,2.427,1.0,2.0,5.89688415,8.848887671195253e+18,9.0,11.0,2.429,0.0009999999999998,321800.0,-0.0004251612921616,2.427,2.428,1337.0,2.429,0.0008237232289949,0.0016474464579901,-54833574.49942208,159845.0,11209500.0,10306900.0,902600.0,21516400.0,0.1451897997493493,0.17469727288216,546100.0,902600.0,2.4283253982787034,2.427991104325024,2.4304565413265533,2.425439327052751
20230823.0,2.023082313375824e+16,2.426,2.425,2.424,2.423,2.422,9400.0,826000.0,3306500.0,3183400.0,1280400.0,2.211,2.447,2.427,2.42,-4778300.0,-3065900.0,-4422900.0,-4742900.0,-1648500.0,2.427,2.428,2.429,2.43,2.431,4768900.0,2239900.0,1116400.0,1559500.0,368100.0,2.44,2.457,-0.0299999999999998,0.0,1616734250.208,665552055.0,2.703,4768900.0,2239900.0,1116400.0,1559500.0,368100.0,0.0004500000000002,48850.0,531518.7999999523,-0.0009999999999998,-9400.0,-826000.0,-3306500.0,-3183400.0,-1280400.0,0.0020000000000002,0.0010000000000003,2.427,1.0,1.0,5.89251375,8.85634385348857e+18,9.0,11.0,2.428,0.0009999999999998,152800.0,-0.0008195879887797,2.427,2.4265,1338.0,2.427,0.000412116216773,0.0012363486503194,-17546.469852134585,159845.0,10052800.0,8605700.0,1447100.0,18658500.0,0.1329701855783834,0.150253641034808,219000.0,1447100.0,2.427026484018047,2.426001967226838,2.4280567802005413,2.423430679665803
20230823.0,2.0230823133858e+16,2.427,2.426,2.425,2.424,2.423,154400.0,4095000.0,3104100.0,820400.0,769500.0,2.211,2.447,2.427,2.42,2391200.0,7261400.0,7037600.0,1747100.0,1645600.0,2.428,2.429,2.43,2.431,2.432,2236800.0,3166400.0,3933500.0,926700.0,876100.0,2.44,2.457,-0.0299999999999998,0.0,1619292729.708,666606255.0,2.703,-2236800.0,-3166400.0,-3933500.0,-926700.0,-876100.0,0.00035,245055.0,2558479.5,-0.0009999999999998,154400.0,4095000.0,3104100.0,820400.0,769500.0,0.0019999999999997,0.0009999999999998,2.427,1.0,1.0,5.888630450000001,8.86857235013111e+18,13.0,7.0,2.427,0.0009999999999998,437900.0,0.0004379098750464,2.426,2.4275,1339.0,2.427,0.0004119464469618,0.0012358393408855,7511.844541568309,159845.0,11139500.0,8943400.0,2196100.0,20082900.0,0.123274903994225,0.1338363535157534,1054200.0,2196100.0,2.426939385315879,2.4270645700903315,2.4295546388976166,2.425228593152492
20230823.0,2.023082313395803e+16,2.426,2.425,2.424,2.423,2.422,132100.0,1631600.0,2556500.0,3133400.0,1280400.0,2.211,2.447,2.426,2.42,-4462100.0,-3975300.0,-3398400.0,-5202500.0,-1648500.0,2.427,2.428,2.429,2.43,2.431,4330000.0,2343700.0,841900.0,2069100.0,368100.0,2.44,2.457,-0.0309999999999996,-0.0009999999999998,1620043060.608,666915455.0,2.703,4330000.0,2343700.0,841900.0,2069100.0,368100.0,0.0003999999999999,50325.0,750330.9000000954,-0.0009999999999998,-132100.0,-1631600.0,-2556500.0,-3133400.0,-1280400.0,0.0020000000000002,0.0010000000000003,2.426,0.0,1.0,5.887417199999999,8.894142099093676e+18,8.0,12.0,2.427,0.0009999999999998,136000.0,-0.000426517670644,2.426,2.4265,1340.0,2.427,0.000412116216773,0.0012363486503194,-27490270.197853528,159845.0,9952800.0,8734000.0,1218800.0,18686800.0,0.1292670401247043,0.1410208340791512,309200.0,1218800.0,2.426684670116738,2.426029604894556,2.4281762720038578,2.4235651019006186
20230823.0,2.023082313405835e+16,2.426,2.425,2.424,2.423,2.422,1000000.0,3703800.0,2693400.0,704500.0,807000.0,2.211,2.447,2.426,2.42,1601800.0,1404200.0,-854100.0,-2433900.0,-402400.0,2.427,2.428,2.429,2.43,2.431,3596100.0,3011700.0,1832900.0,2074100.0,297100.0,2.44,2.457,-0.0309999999999996,0.0,1620798759.608,667226955.0,2.703,-733900.0,668000.0,991000.0,5000.0,-71000.0,8.881784197001252e-16,52830.0,755699.0,-0.0009999999999998,867900.0,2072200.0,136900.0,-2428900.0,-473400.0,0.0020000000000002,0.0010000000000003,2.426,0.0,0.0,5.885475999999999,8.902113027402427e+18,0.0,20.0,2.426,0.0,117400.0,7.74778651218e-05,2.426,2.4265,1341.0,2.426,0.000412116216773,0.0012363486503194,0.0,159845.0,10811900.0,8908700.0,1903200.0,19720600.0,0.1054966955367001,0.1172371673333455,311500.0,1903200.0,2.426,2.4262175757707625,2.428303027220008,2.424379999326501
20230823.0,2.023082313415804e+16,2.428,2.427,2.426,2.425,2.424,2074900.0,3981800.0,1872600.0,933000.0,444800.0,2.211,2.447,2.429,2.42,4091300.0,8773300.0,3727200.0,2842000.0,884900.0,2.429,2.43,2.431,2.432,2.433,2016400.0,4791500.0,1854600.0,1909000.0,440100.0,2.44,2.457,-0.028,0.0029999999999996,1623846350.308,668482255.0,2.703,-2016400.0,-4791500.0,-1854600.0,-1909000.0,-440100.0,0.000999999999999,359590.0,3047590.700000048,-0.0010000000000003,2074900.0,3981800.0,1872600.0,933000.0,444800.0,0.0020000000000002,0.0009999999999998,2.429,4.0,1.0,5.895184800000001,8.925794106551282e+18,7.0,13.0,2.429,0.0019999999999997,505800.0,0.0009432352380353,2.426,2.4285,1342.0,2.426,0.0004117768169651,0.0012353304508956,82507770.59760372,159845.0,11011600.0,9307100.0,1704500.0,20318700.0,0.1183561922111114,0.1285624652799611,1255300.0,1704500.0,2.427778777981397,2.428507149316843,2.430451932507537,2.426677869583437
20230823.0,2.0230823134258e+16,2.427,2.426,2.425,2.424,2.423,2637800.0,3560600.0,1676300.0,813200.0,501200.0,2.211,2.447,2.428,2.42,-4110900.0,-7692000.0,-4716800.0,-2050500.0,-1544700.0,2.428,2.429,2.43,2.431,2.432,1473100.0,4131400.0,3040500.0,1237300.0,1043500.0,2.44,2.457,-0.0289999999999999,-0.0009999999999998,1624863946.208,668901355.0,2.703,1473100.0,4131400.0,3040500.0,1237300.0,1043500.0,0.0002499999999998,200600.0,1017595.899999857,-0.0009999999999998,-2637800.0,-3560600.0,-1676300.0,-813200.0,-501200.0,0.0019999999999997,0.0009999999999998,2.428,0.0,1.0,5.89639825,8.943137912768725e+18,5.0,15.0,2.429,0.0002499999999998,352900.0,-0.0003564509173263,2.428,2.4275,1343.0,2.429,0.0004119464469618,0.0012358393408855,-27532955.313011795,159845.0,10925800.0,9189100.0,1736700.0,20114900.0,0.1073439596136438,0.1212367178804731,419100.0,1736700.0,2.4280503459791385,2.4276416599771338,2.429656473667832,2.4257640138860173
20230823.0,2.0230823134358004e+16,2.426,2.425,2.424,2.423,2.422,2319500.0,3834000.0,1687100.0,769500.0,630400.0,2.211,2.447,2.426,2.42,-3309500.0,-8090300.0,-4167800.0,-3399200.0,-999500.0,2.427,2.428,2.429,2.43,2.431,990000.0,4256300.0,2480700.0,2629700.0,369100.0,2.44,2.457,-0.0309999999999996,-0.0019999999999997,1626566378.508,669602755.0,2.703,990000.0,4256300.0,2480700.0,2629700.0,369100.0,0.0002499999999998,56720.0,1702432.2999999523,-0.0009999999999998,-2319500.0,-3834000.0,-1687100.0,-769500.0,-630400.0,0.0020000000000002,0.0010000000000003,2.426,0.0,2.0,5.893970449999999,8.955403058589685e+18,17.0,3.0,2.428,0.0,50900.0,-0.0003876112274904,2.426,2.4265,1344.0,2.428,0.000412116216773,0.0012363486503194,-55188076.680193424,159845.0,10725800.0,9240500.0,1485300.0,19966300.0,0.1049337082102156,0.1136804938854581,701400.0,1485300.0,2.427191759338398,2.4267008611572747,2.428732570064704,2.424697224176181
20230823.0,2.0230823134458016e+16,2.426,2.425,2.424,2.423,2.422,3119900.0,3092000.0,1859600.0,669500.0,630400.0,2.211,2.447,2.427,2.42,1605400.0,222500.0,158800.0,-1210000.0,0.0,2.427,2.428,2.429,2.43,2.431,185000.0,3291800.0,2494400.0,3739700.0,369100.0,2.44,2.457,-0.0299999999999998,0.0009999999999998,1628260474.508,670300755.0,2.703,-805000.0,-964500.0,13700.0,1110000.0,0.0,0.00015,58550.0,1694096.0,-0.0009999999999998,800400.0,-742000.0,172500.0,-100000.0,0.0,0.0020000000000002,0.0010000000000003,2.427,1.0,0.0,5.889601050000001,8.979811309217499e+18,17.0,3.0,2.427,0.0,128675.0,0.0001001974230847,2.426,2.4265,1345.0,2.426,0.000412116216773,0.0012363486503194,27605881.95302539,159845.0,10080000.0,9371400.0,708600.0,19451400.0,0.1116524605916015,0.1287668274163221,698000.0,708600.0,2.4270716332378224,2.426944022512028,2.429080962301587,2.4247897966152334
20230823.0,2.023082313455805e+16,2.427,2.426,2.425,2.424,2.423,2604700.0,3601600.0,1850000.0,813200.0,401200.0,2.211,2.447,2.427,2.42,4761400.0,7249000.0,4893900.0,1882200.0,1444700.0,2.428,2.429,2.43,2.431,2.432,2156700.0,3647400.0,3043900.0,1069000.0,1043500.0,2.44,2.457,-0.0299999999999998,0.0,1629235885.808,670702655.0,2.703,-2156700.0,-3647400.0,-3043900.0,-1069000.0,-1043500.0,0.0,153320.0,975411.3000001909,-0.0009999999999998,2604700.0,3601600.0,1850000.0,813200.0,401200.0,0.0019999999999997,0.0009999999999998,2.427,0.0,0.0,5.890329,8.990203556046285e+18,0.0,0.0,2.427,0.0,400800.0,0.0002484390101694,2.427,2.4275,1346.0,2.427,0.0004119464469618,0.0012358393408855,0.0,159845.0,10960500.0,9270700.0,1689800.0,20231200.0,0.1223681347305715,0.1395522044460855,401900.0,1689800.0,2.4270000000004748,2.4275470449867687,2.4295616258382373,2.425776144196232
20230823.0,2.0230823134658148e+16,2.43,2.429,2.428,2.427,2.426,2660300.0,3730800.0,2263700.0,889200.0,434000.0,2.211,2.447,2.43,2.42,3011300.0,7660000.0,5553700.0,2847300.0,892200.0,2.431,2.432,2.433,2.434,2.435,351000.0,3929200.0,3290000.0,1958100.0,458200.0,2.44,2.457,-0.0269999999999996,0.0030000000000001,1636174663.108,673558355.0,2.703,-351000.0,-3929200.0,-3290000.0,-1958100.0,-458200.0,0.0012500000000001,808915.0,6938777.299999952,-0.0009999999999998,2660300.0,3730800.0,2263700.0,889200.0,434000.0,0.0020000000000002,0.0010000000000003,2.43,3.0,1.0,5.90368635,9.040911349866004e+18,12.0,8.0,2.431,0.0020000000000002,1569825.0,0.0013734454346616,2.428,2.4305000000000003,1347.0,2.428,0.0004114379757251,0.0012343139271755,55241684.52794851,159845.0,9986500.0,9978000.0,8500.0,19964500.0,0.1211177808554179,0.1498452880686273,2855700.0,8500.0,2.429799103547275,2.430883439046259,2.4328240925249083,2.428731028262177
20230823.0,2.023082313475805e+16,2.429,2.428,2.427,2.426,2.425,3046200.0,4014300.0,902500.0,702400.0,567700.0,2.211,2.447,2.43,2.42,-5046800.0,-3447400.0,-1277900.0,647600.0,-402000.0,2.431,2.432,2.433,2.434,2.435,2351600.0,3362300.0,3665400.0,608100.0,292500.0,2.44,2.457,-0.0269999999999996,0.0,1641087044.008,675579955.0,2.703,2000600.0,-566900.0,375400.0,-1350000.0,-165700.0,0.00055,411190.0,4912380.899999857,-0.0009999999999998,-3046200.0,-4014300.0,-902500.0,-702400.0,-567700.0,0.0019999999999997,0.0009999999999998,2.43,2.0,3.0,5.907087550000001,9.11085780898858e+18,10.0,10.0,2.431,0.0009999999999998,830300.0,-0.0003105349165436,2.429,2.43,1348.0,2.431,0.0008230452674898,0.0016460905349794,-27762900.86675241,159845.0,10279900.0,9233100.0,1046800.0,19513000.0,0.1394728790985847,0.1651909106652489,2021600.0,1046800.0,2.429947022160594,2.430128682055652,2.432331472096032,2.427895571368229
20230823.0,2.0230823134807108e+16,2.429,2.428,2.427,2.426,2.425,192600.0,4954300.0,2692500.0,982400.0,467700.0,2.211,2.447,2.43,2.42,-4463000.0,-2279100.0,-1894800.0,-788200.0,-708100.0,2.43,2.431,2.432,2.433,2.434,1609400.0,3219100.0,3684800.0,1068200.0,608100.0,2.44,2.457,-0.0269999999999996,0.0,1641090932.008,675581555.0,2.703,1609400.0,3219100.0,3684800.0,1068200.0,608100.0,0.0,166.66666662693024,3888.0,-0.0009999999999998,-2853600.0,940000.0,1790000.0,280000.0,-100000.0,0.0019999999999997,0.0009999999999998,2.43,0.0,0.0,5.9049000000000005,1.3692299612060442e+18,0.0,0.0,2.43,0.0,250.0,-0.0004205603183213,2.43,2.4295,1349.0,2.43,0.0004116073266105,0.0012348219798312,0.0,159845.0,10189600.0,9289500.0,900100.0,19479100.0,0.1526224298053397,0.1759179230169844,1600.0,900100.0,2.43,2.429106881243063,2.4315923785035727,2.427368340599602
0.0,0.0,0.0,0.0,0.0,0.0,0.0,0.0,0.0,0.0,0.0,0.0,0.0,0.0,0.0,0.0,0.0,0.0,0.0,0.0,0.0,0.0,0.0,0.0,0.0,0.0,0.0,0.0,0.0,0.0,0.0,0.0,0.0,0.0,0.0,0.0,0.0,0.0,0.0,0.0,0.0,0.0,0.0,0.0,0.0,0.0,0.0,0.0,0.0,0.0,0.0,0.0,0.0,0.0,0.0,0.0,0.0,0.0,0.0,0.0,0.0,0.0,0.0,0.0,0.0,0.0,0.0,0.0,0.0,0.0,0.0,0.0,0.0,0.0,0.0,0.0,0.0,0.0,0.0,0.0,0.0,0.0,0.0,0.0,0.0
20230823.0,2.023082313505936e+16,2.427,2.426,2.425,2.424,2.423,581700.0,4738700.0,3131300.0,758200.0,501200.0,2.211,2.447,2.427,2.42,-2081700.0,-8842500.0,-5110600.0,-2108800.0,-1540700.0,2.428,2.429,2.43,2.431,2.432,1500000.0,4103800.0,1979300.0,1350600.0,1039500.0,2.44,2.457,-0.0299999999999998,-0.0030000000000001,1647894287.308,678382855.0,2.703,1500000.0,4103800.0,1979300.0,1350600.0,1039500.0,0.0,0.0,6803355.300000191,-0.0009999999999998,-581700.0,-4738700.0,-3131300.0,-758200.0,-501200.0,0.0019999999999997,0.0009999999999998,2.427,0.0,0.0,5.890329,1.3806098938738532e+18,0.0,0.0,2.427,0.0,0.0,-0.0007525950915713,2.427,2.4275,1351.0,2.427,0.0004119464469618,0.0012358393408855,0.0,159845.0,9973200.0,9711100.0,262100.0,19684300.0,0.2095259614732237,0.2416186314926693,2801300.0,262100.0,2.4286421661372186,2.4272794350771,2.429631592668351,2.425426470739669
20230823.0,2.0230823135113264e+16,2.428,2.427,2.426,2.425,2.424,2206900.0,2052600.0,3266800.0,1278000.0,489800.0,2.211,2.447,2.429,2.42,6725200.0,4733400.0,5215200.0,1750900.0,1025900.0,2.43,2.431,2.432,2.433,2.434,4518300.0,2680800.0,1948400.0,472900.0,536100.0,2.44,2.457,-0.028,0.0019999999999997,1647972015.308,678414855.0,2.703,-4518300.0,-2680800.0,-1948400.0,-472900.0,-536100.0,0.0003999999999995,15180.0,77728.0,-0.0009999999999998,2206900.0,2052600.0,3266800.0,1278000.0,489800.0,0.0019999999999997,0.0009999999999998,2.429,1.0,0.0,5.898098599999999,2.301130596233976e+18,4.0,1.0,2.429,0.0,31900.0,0.0005670884673356,2.427,2.4290000000000003,1352.0,2.427,0.0008233841086867,0.0016467682173734,55856974.47508648,159845.0,10156500.0,9294100.0,862400.0,19450600.0,0.3721242281521715,0.4185236722057597,32000.0,862400.0,2.429,2.428656307619104,2.4309984443459856,2.4264528464294552
0.0,0.0,0.0,0.0,0.0,0.0,0.0,0.0,0.0,0.0,0.0,0.0,0.0,0.0,0.0,0.0,0.0,0.0,0.0,0.0,0.0,0.0,0.0,0.0,0.0,0.0,0.0,0.0,0.0,0.0,0.0,0.0,0.0,0.0,0.0,0.0,0.0,0.0,0.0,0.0,0.0,0.0,0.0,0.0,0.0,0.0,0.0,0.0,0.0,0.0,0.0,0.0,0.0,0.0,0.0,0.0,0.0,0.0,0.0,0.0,0.0,0.0,0.0,0.0,0.0,0.0,0.0,0.0,0.0,0.0,0.0,0.0,0.0,0.0,0.0,0.0,0.0,0.0,0.0,0.0,0.0,0.0,0.0,0.0,0.0
20230823.0,2.023082313535888e+16,2.43,2.429,2.428,2.427,2.426,854000.0,5775800.0,1994500.0,1176400.0,545800.0,2.211,2.447,2.431,2.42,2964500.0,10325400.0,3844400.0,1811600.0,1571100.0,2.431,2.432,2.433,2.434,2.435,2110500.0,4549600.0,1849900.0,635200.0,1025300.0,2.44,2.457,-0.0259999999999998,0.0020000000000002,1659106186.608,682996955.0,2.703,-2110500.0,-4549600.0,-1849900.0,-635200.0,-1025300.0,0.0001499999999992,871740.0,11134171.299999952,-0.0009999999999998,854000.0,5775800.0,1994500.0,1176400.0,545800.0,0.0020000000000002,0.0010000000000003,2.431,3.0,1.0,5.90562945,9.305924373255672e+18,6.0,14.0,2.431,0.0009999999999998,2557350.0,0.0006716553532455,2.429,2.4305000000000003,1354.0,2.429,0.0004114379757251,0.0012343139271755,56149124.2054012,159845.0,10170500.0,10346500.0,-176000.0,20517000.0,0.1784454480868794,0.1802880095379229,4582100.0,176000.0,2.4299276096113034,2.430288075560803,2.4324017206627007,2.428504112501812
20230823.0,2.023082313545861e+16,2.432,2.431,2.43,2.429,2.428,657400.0,5062700.0,2478500.0,775300.0,681300.0,2.211,2.447,2.432,2.42,2847800.0,7488200.0,5592500.0,2411800.0,925800.0,2.433,2.434,2.435,2.436,2.437,2190400.0,2425500.0,3114000.0,1636500.0,244500.0,2.44,2.457,-0.0249999999999999,0.0009999999999998,1661130879.108,683829555.0,2.703,-2190400.0,-2425500.0,-3114000.0,-1636500.0,-244500.0,9.999999999976694e-05,17635.0,2024692.5,-0.0010000000000003,657400.0,5062700.0,2478500.0,775300.0,681300.0,0.0020000000000002,0.0009999999999998,2.432,1.0,0.0,5.910247300000001,9.335389897498726e+18,2.0,18.0,2.432,0.0,91900.0,0.0007990794224427,2.431,2.4325,1355.0,2.431,0.0004110996916751,0.0012332990750257,28102872.32729953,159845.0,9610900.0,9655200.0,-44300.0,19266100.0,0.1661629727624451,0.1802016289185881,832600.0,44300.0,2.43177095844343,2.432230844862701,2.4345129696490444,2.430439100174
20230823.0,2.023082313555806e+16,2.434,2.433,2.432,2.431,2.43,569200.0,4940000.0,3465000.0,918000.0,389300.0,2.211,2.447,2.435,2.42,3246500.0,7424300.0,5348400.0,1935300.0,1387900.0,2.435,2.436,2.437,2.438,2.439,2677300.0,2484300.0,1883400.0,1017300.0,998600.0,2.44,2.457,-0.0219999999999997,0.0030000000000001,1671177694.908,687955755.0,2.703,-2677300.0,-2484300.0,-1883400.0,-1017300.0,-998600.0,0.0001250000000001,444062.5,10046815.799999952,-0.0009999999999998,569200.0,4940000.0,3465000.0,918000.0,389300.0,0.0020000000000002,0.0010000000000003,2.435,1.0,0.0,5.928616500000001,7.555996031922146e+18,15.0,1.0,2.435,0.0,947350.0,0.0007991451792263,2.433,2.4345,1356.0,2.433,0.0004107619634421,0.0012322858903266,56332686.242306106,159845.0,9060900.0,10281500.0,-1220600.0,19342400.0,0.1655213243295049,0.2000487216400981,4126200.0,1220600.0,2.4348833793805325,2.434175327275528,2.4364675584103126,2.4324261829499587
20230823.0,2.023082313565803e+16,2.435,2.434,2.433,2.432,2.431,529400.0,1937800.0,2317000.0,3701700.0,1222400.0,2.211,2.447,2.435,2.42,5290900.0,4234200.0,3349700.0,4283100.0,2261100.0,2.436,2.437,2.438,2.439,2.44,4761500.0,2296400.0,1032700.0,581400.0,1038700.0,2.44,2.457,-0.0219999999999997,0.0,1677608864.408,690596655.0,2.703,-4761500.0,-2296400.0,-1032700.0,-581400.0,-1038700.0,0.0002222222222223,189050.0,6431169.5,-0.0009999999999998,529400.0,1937800.0,2317000.0,3701700.0,1222400.0,0.0019999999999997,0.0009999999999998,2.435,1.0,1.0,5.930307444444445,8.544066397400623e+18,4.0,14.0,2.436,0.0,378100.0,0.0003798229730195,2.435,2.4355,1357.0,2.435,0.000410593307329,0.0012317799219871,-47055.21818513051,159845.0,9710700.0,9708300.0,2400.0,19419000.0,0.161005048036077,0.2008427381749965,2640900.0,2400.0,2.435218864780946,2.435100058591166,2.437056648851267,2.4326755456671094
20230823.0,2.0230823135754984e+16,2.433,2.432,2.431,2.43,2.429,1783300.0,4858100.0,2134200.0,757700.0,1413100.0,2.211,2.447,2.434,2.42,-2878500.0,-10717600.0,-4518500.0,-1679800.0,-3065700.0,2.434,2.435,2.436,2.437,2.438,1095200.0,5859500.0,2384300.0,922100.0,1652600.0,2.44,2.457,-0.0229999999999996,-0.0009999999999998,1683618742.908,693065655.0,2.703,1095200.0,5859500.0,2384300.0,922100.0,1652600.0,7.142857142783399e-05,110785.71428573132,6009878.5,-0.0009999999999998,-1783300.0,-4858100.0,-2134200.0,-757700.0,-1413100.0,0.0019999999999997,0.0009999999999998,2.434,1.0,1.0,5.924008357142859,6.707246930038396e+18,13.0,1.0,2.434,0.0,22875.0,-0.0006081823173422,2.433,2.4335,1358.0,2.434,0.0004109307581673,0.0012327922745017,-7773.402874954045,159845.0,11913700.0,10946400.0,967300.0,22860100.0,0.1716982927479881,0.2108470940057961,2469000.0,967300.0,2.434134669906845,2.433619524057669,2.4356791424998114,2.4314422275816705
20230823.0,2.023082313585497e+16,2.435,2.434,2.433,2.432,2.431,2500000.0,3661900.0,2007700.0,1221700.0,1605900.0,2.211,2.447,2.436,2.42,3374800.0,8247300.0,5273400.0,1929500.0,2644600.0,2.436,2.437,2.438,2.439,2.44,874800.0,4585400.0,3265700.0,707800.0,1038700.0,2.44,2.457,-0.0209999999999999,0.0030000000000001,1694176899.408,697401055.0,2.703,-874800.0,-4585400.0,-3265700.0,-707800.0,-1038700.0,0.000105263157895,1173031.578947425,10457187.0,-0.0009999999999998,2500000.0,3661900.0,2007700.0,1221700.0,1605900.0,0.0019999999999997,0.0009999999999998,2.436,4.0,2.0,5.92973805263158,9.199307773476728e+18,5.0,14.0,2.436,0.0005000000000001,1956000.0,0.0008739995765802,2.434,2.4355,1359.0,2.434,0.000410593307329,0.0012317799219871,57004724.52727612,159845.0,10472400.0,10997200.0,-524800.0,21469600.0,0.1809515946070398,0.2250368213267366,4293900.0,524800.0,2.4353587647593096,2.4357407846390897,2.4376610328100528,2.433384497872185
20230823.0,2.023082313595499e+16,2.433,2.432,2.431,2.43,2.429,2991400.0,4410100.0,1777700.0,1663200.0,456100.0,2.211,2.447,2.434,2.42,-3003400.0,-7682000.0,-5144300.0,-4421300.0,-2089100.0,2.434,2.435,2.436,2.437,2.438,12000.0,3271900.0,3366600.0,2758100.0,1633000.0,2.44,2.457,-0.0229999999999996,-0.0019999999999997,1701578250.808,700441555.0,2.703,12000.0,3271900.0,3366600.0,2758100.0,1633000.0,0.0009999999999998,852063.1578947306,7401351.400000095,-0.0009999999999998,-2991400.0,-4410100.0,-1777700.0,-1663200.0,-456100.0,0.0019999999999997,0.0009999999999998,2.434,1.0,3.0,5.929225631578948,9.266414672608864e+18,6.0,6.0,2.436,0.0019999999999997,1068150.0,-0.0008225271741507,2.434,2.4335,1400.0,2.436,0.0004109307581673,0.0012327922745017,-57389717.20863444,159845.0,11041600.0,11298500.0,-256900.0,22340100.0,0.1826068364719552,0.2087561672786691,3040500.0,256900.0,2.43425469495152,2.4339960045282014,2.436247083755977,2.431691906005222
20230823.0,2.023082314005502e+16,2.432,2.431,2.43,2.429,2.428,4465400.0,5442400.0,1902600.0,1675400.0,362700.0,2.211,2.447,2.433,2.42,-4738000.0,-8759900.0,-5142600.0,-3410700.0,-1308500.0,2.433,2.434,2.435,2.436,2.437,272600.0,3317500.0,3240000.0,1735300.0,945800.0,2.44,2.457,-0.024,-0.0010000000000003,1704314654.708,701566455.0,2.703,272600.0,3317500.0,3240000.0,1735300.0,945800.0,0.0003684210526317,82994.73684215546,2623953.0999999046,-0.0010000000000003,-4465400.0,-5442400.0,-1902600.0,-1675400.0,-362700.0,0.0020000000000002,0.0009999999999998,2.433,2.0,2.0,5.916416368421054,9.348940076569037e+18,7.0,12.0,2.433,0.0009999999999998,54350.0,-0.0002892822346366,2.432,2.4325,1401.0,2.433,0.0004110996916751,0.0012332990750257,-19247.544893942773,159845.0,9511200.0,13848500.0,-4337300.0,23359700.0,0.1678115179301965,0.1926397296539917,1078700.0,4337300.0,2.4325142300916887,2.432942465175179,2.4349752081756244,2.4308645268440623
20230823.0,2.023082314015803e+16,2.429,2.428,2.427,2.426,2.425,1709100.0,5001400.0,2107500.0,1924800.0,618700.0,2.211,2.447,2.43,2.42,-2449300.0,-8565400.0,-5788700.0,-3253500.0,-1045400.0,2.43,2.431,2.432,2.433,2.434,740200.0,3564000.0,3681200.0,1328700.0,426700.0,2.44,2.457,-0.0269999999999996,-0.0029999999999996,1714052597.408,705571955.0,2.703,740200.0,3564000.0,3681200.0,1328700.0,426700.0,0.0009999999999998,1094010.0,9737942.700000048,-0.0009999999999998,-1709100.0,-5001400.0,-2107500.0,-1924800.0,-618700.0,0.0019999999999997,0.0009999999999998,2.43,3.0,6.0,5.90806145,9.921509690290498e+18,9.0,11.0,2.433,0.0014999999999996,1274125.0,-0.0013407764439155,2.429,2.4295,1402.0,2.433,0.0004116073266105,0.0012348219798312,-86951638.32096994,159845.0,9740800.0,11361500.0,-1620700.0,21102300.0,0.1741749912295361,0.1880063709543347,4005500.0,1620700.0,2.4311428535763446,2.4296977912056508,2.431706153498686,2.4274627381947806
20230823.0,2.023082314025795e+16,2.427,2.426,2.425,2.424,2.423,4175600.0,5211100.0,2944400.0,858600.0,400700.0,2.211,2.447,2.428,2.42,-4674900.0,-8766000.0,-6111400.0,-2306800.0,-1389400.0,2.428,2.429,2.43,2.431,2.432,499300.0,3554900.0,3167000.0,1448200.0,988700.0,2.44,2.457,-0.0289999999999999,-0.0020000000000002,1719417973.708,707780855.0,2.703,499300.0,3554900.0,3167000.0,1448200.0,988700.0,0.0006999999999992,598165.0,5365376.299999952,-0.0009999999999998,-4175600.0,-5211100.0,-2944400.0,-858600.0,-400700.0,0.0019999999999997,0.0009999999999998,2.428,0.0,2.0,5.8985843,1.000204204962927e+19,10.0,10.0,2.43,0.0009999999999998,882625.0,-0.0007430002720296,2.428,2.4275,1403.0,2.43,0.0004119464469618,0.0012358393408855,-58218331.79997911,159845.0,9658100.0,13590400.0,-3932300.0,23248500.0,0.1684475877814711,0.1813352272573293,2208900.0,3932300.0,2.4289810765539195,2.427893195576376,2.429883217195929,2.4258757873204617
20230823.0,2.023082314035802e+16,2.426,2.425,2.424,2.423,2.422,5880900.0,3731400.0,2867900.0,753000.0,432400.0,2.211,2.447,2.427,2.42,-7132900.0,-7684100.0,-6000200.0,-1706200.0,-1039300.0,2.427,2.428,2.429,2.43,2.431,1252000.0,3952700.0,3132300.0,953200.0,606900.0,2.44,2.457,-0.0299999999999998,-0.0009999999999998,1720701927.808,708309855.0,2.703,1252000.0,3952700.0,3132300.0,953200.0,606900.0,0.0002857142857144,144535.71428573132,1283954.100000143,-0.0009999999999998,-5880900.0,-3731400.0,-2867900.0,-753000.0,-432400.0,0.0020000000000002,0.0010000000000003,2.427,0.0,1.0,5.893796857142855,7.016239403614264e+18,10.0,4.0,2.428,0.00075,84925.0,-0.0004402811234328,2.427,2.4265,1404.0,2.428,0.000412116216773,0.0012363486503194,-29166537.08281508,159845.0,9897100.0,13665600.0,-3768500.0,23562700.0,0.1573940031049908,0.1688097297175197,529000.0,3768500.0,2.4271344045371324,2.426824475318594,2.428566570005355,2.4250153524177493
20230823.0,2.0230823140457896e+16,2.425,2.424,2.423,2.422,2.421,4852200.0,3360700.0,5396700.0,2081400.0,272900.0,2.211,2.447,2.426,2.42,-5909100.0,-7937500.0,-7736800.0,-2873400.0,-936100.0,2.426,2.427,2.428,2.429,2.43,1056900.0,4576800.0,2340100.0,792000.0,663200.0,2.44,2.457,-0.0309999999999996,-0.0009999999999998,1721586692.608,708674555.0,2.703,1056900.0,4576800.0,2340100.0,792000.0,663200.0,0.0002500000000011,71135.0,884764.7999999523,-0.0009999999999998,-4852200.0,-3360700.0,-5396700.0,-2081400.0,-272900.0,0.0019999999999997,0.0009999999999998,2.426,1.0,2.0,5.886689249999998,1.0037756767983331e+19,5.0,15.0,2.427,0.0002499999999998,161600.0,-0.000413520845,2.426,2.4255,1405.0,2.427,0.0004122861265719,0.0012368583797155,-29212774.85494512,159845.0,9429000.0,15963900.0,-6534900.0,25392900.0,0.1350321733242103,0.146150957618257,364700.0,6534900.0,2.4260071291471137,2.425821140275169,2.4275150917382544,2.4236538439854924
20230823.0,2.0230823140557936e+16,2.425,2.424,2.423,2.422,2.421,606400.0,3473500.0,6062000.0,3180800.0,517300.0,2.211,2.447,2.425,2.42,-6491600.0,1380600.0,1445300.0,1192600.0,-2663300.0,2.426,2.427,2.428,2.429,2.43,3302700.0,3309000.0,1560100.0,698800.0,3570900.0,2.44,2.457,-0.032,-0.0010000000000003,1728081995.608,711351955.0,2.703,2245800.0,-1267800.0,-780000.0,-93200.0,2907700.0,0.00015,1138690.0,6495303.0,-0.0009999999999998,-4245800.0,112800.0,665300.0,1099400.0,244400.0,0.0019999999999997,0.0009999999999998,2.425,1.0,3.0,5.884748449999998,1.008807278514614e+19,16.0,4.0,2.427,0.0,1812725.0,-0.0002745901122841,2.425,2.4255,1406.0,2.426,0.0004122861265719,0.0012368583797155,-29402459.3987205,159845.0,12441500.0,13840000.0,-1398500.0,26281500.0,0.1331614465685526,0.1449355742443157,2677400.0,1398500.0,2.425974079330694,2.4251551252206385,2.4278333159184986,2.423034024566474
20230823.0,2.023082314065796e+16,2.425,2.424,2.423,2.422,2.421,741000.0,3754400.0,4655000.0,4060800.0,1117300.0,2.211,2.447,2.425,2.42,473800.0,489700.0,-1636900.0,880000.0,600000.0,2.426,2.427,2.428,2.429,2.43,2963500.0,3100200.0,1790000.0,698800.0,3570900.0,2.44,2.457,-0.032,0.0,1729694212.308,712016455.0,2.703,-339200.0,-208800.0,229900.0,0.0,0.0,0.0005500000000004,298910.0,1612216.7000000477,-0.0009999999999998,134600.0,280900.0,-1407000.0,880000.0,600000.0,0.0019999999999997,0.0009999999999998,2.425,2.0,2.0,5.883293149999999,1.0129997638169348e+19,10.0,10.0,2.427,0.0010000000000003,605400.0,1.851483949122379e-05,2.425,2.4255,1407.0,2.425,0.0004122861265719,0.0012368583797155,-49822.28712480143,159845.0,12123400.0,14328500.0,-2205100.0,26451900.0,0.1140854054662869,0.1230895770859139,664500.0,2205100.0,2.4262102332581605,2.4252000269941965,2.4279021231667683,2.422926091356388
20230823.0,2.023082314075492e+16,2.426,2.425,2.424,2.423,2.422,386500.0,3499600.0,2931700.0,3911700.0,3092400.0,2.211,2.447,2.426,2.42,2858400.0,5909600.0,4962700.0,7674900.0,3700000.0,2.427,2.428,2.429,2.43,2.431,2471900.0,2410000.0,2031000.0,3763200.0,607600.0,2.44,2.457,-0.0309999999999996,0.0010000000000003,1750573959.208,720621755.0,2.703,-2471900.0,-2410000.0,-2031000.0,-3763200.0,-607600.0,8.881784197001252e-16,442153.8461538553,20879746.899999857,-0.0009999999999998,386500.0,3499600.0,2931700.0,3911700.0,3092400.0,0.0020000000000002,0.0010000000000003,2.426,0.0,0.0,5.885475999999999,6.742096705683857e+18,0.0,13.0,2.426,0.0,706700.0,0.000385538609813,2.426,2.4265,1408.0,2.426,0.000412116216773,0.0012363486503194,0.0,159845.0,11283700.0,13821900.0,-2538200.0,25105600.0,0.1104215314444366,0.1313555695944719,8605300.0,2538200.0,2.426382217935442,2.4261352155051776,2.428789483945869,2.423578646929872
