time,exchg,code,price,open,high,low,settle_price,upper_limit,lower_limit,total_volume,volume,total_turnover,turnover,open_interest,diff_interest,trading_date,action_date,action_time,pre_close,pre_settle,pre_interest,bid_price_0,bid_price_1,bid_price_2,bid_price_3,bid_price_4,bid_price_5,bid_price_6,bid_price_7,bid_price_8,bid_price_9,ask_price_0,ask_price_1,ask_price_2,ask_price_3,ask_price_4,ask_price_5,ask_price_6,ask_price_7,ask_price_8,ask_price_9,bid_qty_0,bid_qty_1,bid_qty_2,bid_qty_3,bid_qty_4,bid_qty_5,bid_qty_6,bid_qty_7,bid_qty_8,bid_qty_9,ask_qty_0,ask_qty_1,ask_qty_2,ask_qty_3,ask_qty_4,ask_qty_5,ask_qty_6,ask_qty_7,ask_qty_8,ask_qty_9
20230823093149776,SZSE,SZSE.ETF.159928,0.921,0.923,0.923,0.923,0.0,1.018,0.833,1031000.0,200000.0,950301.0,184200.0,0.0,0.0,20230823,20230823,93149775,0.925,0.0,0.0,0.92,0.919,0.918,0.917,0.916,0.0,0.0,0.0,0.0,0.0,0.922,0.923,0.924,0.925,0.926,0.0,0.0,0.0,0.0,0.0,379600.0,2723700.0,1554500.0,296600.0,353400.0,0.0,0.0,0.0,0.0,0.0,237000.0,2780600.0,763100.0,78700.0,269100.0,0.0,0.0,0.0,0.0,0.0
20230823093151968,SZSE,SZSE.ETF.159928,0.922,0.923,0.923,0.923,0.0,1.018,0.833,1035400.0,4400.0,954357.8,4056.8000000000466,0.0,0.0,20230823,20230823,93151966,0.925,0.0,0.0,0.92,0.919,0.918,0.917,0.916,0.0,0.0,0.0,0.0,0.0,0.922,0.923,0.924,0.925,0.926,0.0,0.0,0.0,0.0,0.0,379600.0,2523700.0,1554500.0,296600.0,353400.0,0.0,0.0,0.0,0.0,0.0,232600.0,2780600.0,763100.0,78700.0,269100.0,0.0,0.0,0.0,0.0,0.0
20230823093154496,SZSE,SZSE.ETF.159928,0.922,0.923,0.923,0.923,0.0,1.018,0.833,1035400.0,0.0,954357.8,0.0,0.0,0.0,20230823,20230823,93154496,0.925,0.0,0.0,0.92,0.919,0.918,0.917,0.916,0.0,0.0,0.0,0.0,0.0,0.922,0.923,0.924,0.925,0.926,0.0,0.0,0.0,0.0,0.0,379600.0,2723700.0,1554500.0,296600.0,353400.0,0.0,0.0,0.0,0.0,0.0,282600.0,2770600.0,763100.0,78700.0,269100.0,0.0,0.0,0.0,0.0,0.0
20230823093156324,SZSE,SZSE.ETF.159928,0.922,0.923,0.923,0.923,0.0,1.018,0.833,1035400.0,0.0,954357.8,0.0,0.0,0.0,20230823,20230823,93156324,0.925,0.0,0.0,0.921,0.92,0.919,0.918,0.917,0.0,0.0,0.0,0.0,0.0,0.922,0.923,0.924,0.925,0.926,0.0,0.0,0.0,0.0,0.0,6500.0,381500.0,2723700.0,1554500.0,296600.0,0.0,0.0,0.0,0.0,0.0,282600.0,2770600.0,763100.0,78700.0,269100.0,0.0,0.0,0.0,0.0,0.0
20230823093159940,SZSE,SZSE.ETF.159928,0.922,0.923,0.923,0.923,0.0,1.018,0.833,1035400.0,0.0,954357.8,0.0,0.0,0.0,20230823,20230823,93159939,0.925,0.0,0.0,0.921,0.92,0.919,0.918,0.917,0.0,0.0,0.0,0.0,0.0,0.922,0.923,0.924,0.925,0.926,0.0,0.0,0.0,0.0,0.0,6500.0,381500.0,2723700.0,1555100.0,296600.0,0.0,0.0,0.0,0.0,0.0,282600.0,2770600.0,763100.0,78700.0,269100.0,0.0,0.0,0.0,0.0,0.0
20230823093202736,SZSE,SZSE.ETF.159928,0.922,0.923,0.923,0.923,0.0,1.018,0.833,1041400.0,6000.0,959885.8,5528.0,0.0,0.0,20230823,20230823,93202736,0.925,0.0,0.0,0.921,0.92,0.919,0.918,0.917,0.0,0.0,0.0,0.0,0.0,0.922,0.923,0.924,0.925,0.926,0.0,0.0,0.0,0.0,0.0,4000.0,2731500.0,756400.0,1555100.0,296600.0,0.0,0.0,0.0,0.0,0.0,280600.0,775600.0,2763100.0,110600.0,269100.0,0.0,0.0,0.0,0.0,0.0
20230823093205584,SZSE,SZSE.ETF.159928,0.922,0.923,0.923,0.923,0.0,1.018,0.833,1041400.0,0.0,959885.8,0.0,0.0,0.0,20230823,20230823,93205586,0.925,0.0,0.0,0.921,0.92,0.919,0.918,0.917,0.0,0.0,0.0,0.0,0.0,0.922,0.923,0.924,0.925,0.926,0.0,0.0,0.0,0.0,0.0,9000.0,2384500.0,756400.0,1555100.0,296600.0,0.0,0.0,0.0,0.0,0.0,280600.0,775600.0,2763100.0,110600.0,269100.0,0.0,0.0,0.0,0.0,0.0
20230823093208144,SZSE,SZSE.ETF.159928,0.922,0.923,0.923,0.923,0.0,1.018,0.833,1122000.0,80600.0,1034199.0,74313.19999999995,0.0,0.0,20230823,20230823,93208144,0.925,0.0,0.0,0.922,0.921,0.92,0.919,0.918,0.0,0.0,0.0,0.0,0.0,0.923,0.924,0.925,0.926,0.927,0.0,0.0,0.0,0.0,0.0,113200.0,74000.0,2944500.0,756400.0,1555100.0,0.0,0.0,0.0,0.0,0.0,625600.0,2835500.0,310600.0,269100.0,285000.0,0.0,0.0,0.0,0.0,0.0
20230823093320012,SZSE,SZSE.ETF.159928,0.924,0.923,0.924,0.921,0.0,1.018,0.833,2589100.0,1100.0,2388646.5,1016.3999999999069,0.0,0.0,20230823,20230823,93320011,0.925,0.0,0.0,0.923,0.922,0.921,0.92,0.919,0.0,0.0,0.0,0.0,0.0,0.924,0.925,0.926,0.927,0.928,0.0,0.0,0.0,0.0,0.0,499300.0,2831200.0,633100.0,300500.0,173600.0,0.0,0.0,0.0,0.0,0.0,231000.0,870700.0,2551500.0,516900.0,283400.0,0.0,0.0,0.0,0.0,0.0
20230823093322184,SZSE,SZSE.ETF.159928,0.923,0.923,0.924,0.921,0.0,1.018,0.833,2596100.0,7000.0,2395107.5,6461.0,0.0,0.0,20230823,20230823,93322182,0.925,0.0,0.0,0.923,0.922,0.921,0.92,0.919,0.0,0.0,0.0,0.0,0.0,0.924,0.925,0.926,0.927,0.928,0.0,0.0,0.0,0.0,0.0,492300.0,2831200.0,633100.0,303000.0,173600.0,0.0,0.0,0.0,0.0,0.0,231000.0,670700.0,2551500.0,516900.0,283400.0,0.0,0.0,0.0,0.0,0.0
20230823093326616,SZSE,SZSE.ETF.159928,0.923,0.923,0.924,0.921,0.0,1.018,0.833,2596100.0,0.0,2395107.5,0.0,0.0,0.0,20230823,20230823,93326617,0.925,0.0,0.0,0.923,0.922,0.921,0.92,0.919,0.0,0.0,0.0,0.0,0.0,0.924,0.925,0.926,0.927,0.928,0.0,0.0,0.0,0.0,0.0,492300.0,2831200.0,703600.0,303000.0,173600.0,0.0,0.0,0.0,0.0,0.0,231000.0,670700.0,2751500.0,516900.0,283400.0,0.0,0.0,0.0,0.0,0.0
20230823093329792,SZSE,SZSE.ETF.159928,0.924,0.923,0.924,0.921,0.0,1.018,0.833,2827100.0,231000.0,2608551.5,213444.0,0.0,0.0,20230823,20230823,93329792,0.925,0.0,0.0,0.923,0.922,0.921,0.92,0.919,0.0,0.0,0.0,0.0,0.0,0.925,0.926,0.927,0.928,0.929,0.0,0.0,0.0,0.0,0.0,2851700.0,836300.0,353600.0,302900.0,173600.0,0.0,0.0,0.0,0.0,0.0,750700.0,756600.0,2516900.0,283400.0,224700.0,0.0,0.0,0.0,0.0,0.0
20230823093330932,SZSE,SZSE.ETF.159928,0.924,0.923,0.924,0.921,0.0,1.018,0.833,2827100.0,0.0,2608551.5,0.0,0.0,0.0,20230823,20230823,93330933,0.925,0.0,0.0,0.924,0.923,0.922,0.921,0.92,0.0,0.0,0.0,0.0,0.0,0.925,0.926,0.927,0.928,0.929,0.0,0.0,0.0,0.0,0.0,80000.0,2851700.0,836300.0,303600.0,302900.0,0.0,0.0,0.0,0.0,0.0,750700.0,684200.0,2866900.0,283400.0,224700.0,0.0,0.0,0.0,0.0,0.0
20230823093334508,SZSE,SZSE.ETF.159928,0.924,0.923,0.924,0.921,0.0,1.018,0.833,2834400.0,7300.0,2615296.7,6745.200000000186,0.0,0.0,20230823,20230823,93334509,0.925,0.0,0.0,0.924,0.923,0.922,0.921,0.92,0.0,0.0,0.0,0.0,0.0,0.925,0.926,0.927,0.928,0.929,0.0,0.0,0.0,0.0,0.0,402700.0,2651700.0,836300.0,103600.0,302900.0,0.0,0.0,0.0,0.0,0.0,550700.0,684200.0,2866900.0,483400.0,224700.0,0.0,0.0,0.0,0.0,0.0
20230823093337700,SZSE,SZSE.ETF.159928,0.925,0.923,0.925,0.921,0.0,1.018,0.833,3403200.0,568800.0,3141436.7,526140.0,0.0,0.0,20230823,20230823,93337700,0.925,0.0,0.0,0.925,0.924,0.923,0.922,0.921,0.0,0.0,0.0,0.0,0.0,0.926,0.927,0.928,0.929,0.93,0.0,0.0,0.0,0.0,0.0,330600.0,602700.0,2651800.0,689300.0,106500.0,0.0,0.0,0.0,0.0,0.0,764200.0,2867000.0,486400.0,224700.0,388000.0,0.0,0.0,0.0,0.0,0.0
20230823093339992,SZSE,SZSE.ETF.159928,0.925,0.923,0.925,0.921,0.0,1.018,0.833,3437200.0,34000.0,3172886.7,31450.0,0.0,0.0,20230823,20230823,93339990,0.925,0.0,0.0,0.925,0.924,0.923,0.922,0.921,0.0,0.0,0.0,0.0,0.0,0.926,0.927,0.928,0.929,0.93,0.0,0.0,0.0,0.0,0.0,150000.0,2602700.0,652800.0,689300.0,106500.0,0.0,0.0,0.0,0.0,0.0,564300.0,1067000.0,2486400.0,224700.0,393100.0,0.0,0.0,0.0,0.0,0.0
20230823093343648,SZSE,SZSE.ETF.159928,0.924,0.923,0.925,0.921,0.0,1.018,0.833,3518000.0,80800.0,3247601.7,74715.0,0.0,0.0,20230823,20230823,93343648,0.925,0.0,0.0,0.924,0.923,0.922,0.921,0.92,0.0,0.0,0.0,0.0,0.0,0.926,0.927,0.928,0.929,0.93,0.0,0.0,0.0,0.0,0.0,2749700.0,652800.0,689400.0,112400.0,302900.0,0.0,0.0,0.0,0.0,0.0,636700.0,837000.0,2486400.0,224700.0,393100.0,0.0,0.0,0.0,0.0,0.0
20230823093346428,SZSE,SZSE.ETF.159928,0.925,0.923,0.925,0.921,0.0,1.018,0.833,3598000.0,80000.0,3321601.7,74000.0,0.0,0.0,20230823,20230823,93346429,0.925,0.0,0.0,0.924,0.923,0.922,0.921,0.92,0.0,0.0,0.0,0.0,0.0,0.926,0.927,0.928,0.929,0.93,0.0,0.0,0.0,0.0,0.0,629700.0,2772800.0,689400.0,112400.0,302900.0,0.0,0.0,0.0,0.0,0.0,637700.0,2837000.0,486400.0,224700.0,393100.0,0.0,0.0,0.0,0.0,0.0
20230823093349704,SZSE,SZSE.ETF.159928,0.925,0.923,0.925,0.921,0.0,1.018,0.833,3598000.0,0.0,3321601.7,0.0,0.0,0.0,20230823,20230823,93349706,0.925,0.0,0.0,0.924,0.923,0.922,0.921,0.92,0.0,0.0,0.0,0.0,0.0,0.926,0.927,0.928,0.929,0.93,0.0,0.0,0.0,0.0,0.0,629700.0,2772800.0,689400.0,112400.0,302400.0,0.0,0.0,0.0,0.0,0.0,565300.0,3187000.0,486400.0,224700.0,393100.0,0.0,0.0,0.0,0.0,0.0
20230823093352112,SZSE,SZSE.ETF.159928,0.925,0.923,0.925,0.921,0.0,1.018,0.833,3598300.0,300.0,3321879.2,277.5,0.0,0.0,20230823,20230823,93352111,0.925,0.0,0.0,0.925,0.924,0.923,0.922,0.921,0.0,0.0,0.0,0.0,0.0,0.926,0.927,0.928,0.929,0.93,0.0,0.0,0.0,0.0,0.0,300.0,429700.0,2772800.0,689400.0,112400.0,0.0,0.0,0.0,0.0,0.0,565300.0,3187000.0,486400.0,224700.0,393100.0,0.0,0.0,0.0,0.0,0.0
20230823093354436,SZSE,SZSE.ETF.159928,0.925,0.923,0.925,0.921,0.0,1.018,0.833,3598300.0,0.0,3321879.2,0.0,0.0,0.0,20230823,20230823,93354435,0.925,0.0,0.0,0.925,0.924,0.923,0.922,0.921,0.0,0.0,0.0,0.0,0.0,0.926,0.927,0.928,0.929,0.93,0.0,0.0,0.0,0.0,0.0,1200300.0,549700.0,2652800.0,689400.0,112400.0,0.0,0.0,0.0,0.0,0.0,565300.0,3187000.0,486400.0,224700.0,393100.0,0.0,0.0,0.0,0.0,0.0
20230823093357328,SZSE,SZSE.ETF.159928,0.926,0.923,0.926,0.921,0.0,1.018,0.833,3608300.0,10000.0,3331139.2,9260.0,0.0,0.0,20230823,20230823,93357327,0.925,0.0,0.0,0.925,0.924,0.923,0.922,0.921,0.0,0.0,0.0,0.0,0.0,0.926,0.927,0.928,0.929,0.93,0.0,0.0,0.0,0.0,0.0,1200300.0,555700.0,2652800.0,694400.0,112400.0,0.0,0.0,0.0,0.0,0.0,627700.0,2837000.0,486400.0,224700.0,393100.0,0.0,0.0,0.0,0.0,0.0
20230823093400428,SZSE,SZSE.ETF.159928,0.925,0.923,0.926,0.921,0.0,1.018,0.833,3633000.0,24700.0,3353987.9,22848.69999999972,0.0,0.0,20230823,20230823,93400427,0.925,0.0,0.0,0.925,0.924,0.923,0.922,0.921,0.0,0.0,0.0,0.0,0.0,0.926,0.927,0.928,0.929,0.93,0.0,0.0,0.0,0.0,0.0,1176800.0,555700.0,2652800.0,689400.0,112400.0,0.0,0.0,0.0,0.0,0.0,629000.0,2837000.0,486400.0,224700.0,393100.0,0.0,0.0,0.0,0.0,0.0
20230823093402900,SZSE,SZSE.ETF.159928,0.926,0.923,0.926,0.921,0.0,1.018,0.833,3692000.0,59000.0,3408621.9,54634.0,0.0,0.0,20230823,20230823,93402900,0.925,0.0,0.0,0.925,0.924,0.923,0.922,0.921,0.0,0.0,0.0,0.0,0.0,0.926,0.927,0.928,0.929,0.93,0.0,0.0,0.0,0.0,0.0,1426800.0,555700.0,2652800.0,489400.0,112400.0,0.0,0.0,0.0,0.0,0.0,582000.0,2837000.0,486400.0,224700.0,393100.0,0.0,0.0,0.0,0.0,0.0
20230823093405484,SZSE,SZSE.ETF.159928,0.926,0.923,0.926,0.921,0.0,1.018,0.833,3692000.0,0.0,3408621.9,0.0,0.0,0.0,20230823,20230823,93405484,0.925,0.0,0.0,0.925,0.924,0.923,0.922,0.921,0.0,0.0,0.0,0.0,0.0,0.926,0.927,0.928,0.929,0.93,0.0,0.0,0.0,0.0,0.0,1250000.0,588100.0,2652800.0,689400.0,112400.0,0.0,0.0,0.0,0.0,0.0,509600.0,3187000.0,486400.0,242300.0,393100.0,0.0,0.0,0.0,0.0,0.0
20230823093408144,SZSE,SZSE.ETF.159928,0.925,0.923,0.926,0.921,0.0,1.018,0.833,3716500.0,24500.0,3431284.4,22662.5,0.0,0.0,20230823,20230823,93408146,0.925,0.0,0.0,0.925,0.924,0.923,0.922,0.921,0.0,0.0,0.0,0.0,0.0,0.926,0.927,0.928,0.929,0.93,0.0,0.0,0.0,0.0,0.0,1306000.0,588100.0,2652800.0,339400.0,112400.0,0.0,0.0,0.0,0.0,0.0,509600.0,3187000.0,486400.0,242300.0,393100.0,0.0,0.0,0.0,0.0,0.0
20230823093417744,SZSE,SZSE.ETF.159928,0.926,0.923,0.926,0.921,0.0,1.018,0.833,3726700.0,0.0,3440729.6,0.0,0.0,0.0,20230823,20230823,93417745,0.925,0.0,0.0,0.925,0.924,0.923,0.922,0.921,0.0,0.0,0.0,0.0,0.0,0.926,0.927,0.928,0.929,0.93,0.0,0.0,0.0,0.0,0.0,1322500.0,593600.0,2652800.0,306800.0,112400.0,0.0,0.0,0.0,0.0,0.0,501400.0,3187000.0,486400.0,242300.0,393100.0,0.0,0.0,0.0,0.0,0.0
20230823093420648,SZSE,SZSE.ETF.159928,0.926,0.923,0.926,0.921,0.0,1.018,0.833,3726700.0,0.0,3440729.6,0.0,0.0,0.0,20230823,20230823,93420646,0.925,0.0,0.0,0.925,0.924,0.923,0.922,0.921,0.0,0.0,0.0,0.0,0.0,0.926,0.927,0.928,0.929,0.93,0.0,0.0,0.0,0.0,0.0,1322600.0,593600.0,2652800.0,301800.0,112400.0,0.0,0.0,0.0,0.0,0.0,501400.0,3187000.0,486400.0,242300.0,393100.0,0.0,0.0,0.0,0.0,0.0
20230823093423380,SZSE,SZSE.ETF.159928,0.926,0.923,0.926,0.921,0.0,1.018,0.833,3726700.0,0.0,3440729.6,0.0,0.0,0.0,20230823,20230823,93423381,0.925,0.0,0.0,0.925,0.924,0.923,0.922,0.921,0.0,0.0,0.0,0.0,0.0,0.926,0.927,0.928,0.929,0.93,0.0,0.0,0.0,0.0,0.0,1122800.0,797200.0,2652800.0,301800.0,112400.0,0.0,0.0,0.0,0.0,0.0,563800.0,2837000.0,486400.0,242300.0,393100.0,0.0,0.0,0.0,0.0,0.0
20230823093426244,SZSE,SZSE.ETF.159928,0.926,0.923,0.926,0.921,0.0,1.018,0.833,3726800.0,100.0,3440822.2,92.60000000009313,0.0,0.0,20230823,20230823,93426243,0.925,0.0,0.0,0.925,0.924,0.923,0.922,0.921,0.0,0.0,0.0,0.0,0.0,0.926,0.927,0.928,0.929,0.93,0.0,0.0,0.0,0.0,0.0,1122800.0,597200.0,2652800.0,301800.0,112400.0,0.0,0.0,0.0,0.0,0.0,491300.0,3187000.0,486400.0,242300.0,393100.0,0.0,0.0,0.0,0.0,0.0
20230823093432192,SZSE,SZSE.ETF.159928,0.926,0.923,0.926,0.921,0.0,1.018,0.833,3726800.0,0.0,3440822.2,0.0,0.0,0.0,20230823,20230823,93432194,0.925,0.0,0.0,0.925,0.924,0.923,0.922,0.921,0.0,0.0,0.0,0.0,0.0,0.926,0.927,0.928,0.929,0.93,0.0,0.0,0.0,0.0,0.0,1122800.0,797200.0,2652800.0,301800.0,112400.0,0.0,0.0,0.0,0.0,0.0,494300.0,3187000.0,486500.0,242300.0,393100.0,0.0,0.0,0.0,0.0,0.0
20230823093435296,SZSE,SZSE.ETF.159928,0.925,0.923,0.926,0.921,0.0,1.018,0.833,4869700.0,1142900.0,4498024.8,1057202.5999999996,0.0,0.0,20230823,20230823,93435296,0.925,0.0,0.0,0.924,0.923,0.922,0.921,0.92,0.0,0.0,0.0,0.0,0.0,0.925,0.926,0.927,0.928,0.929,0.0,0.0,0.0,0.0,0.0,579700.0,2648800.0,301800.0,120400.0,312400.0,0.0,0.0,0.0,0.0,0.0,202800.0,546600.0,2840000.0,486500.0,242300.0,0.0,0.0,0.0,0.0,0.0
20230823093438300,SZSE,SZSE.ETF.159928,0.924,0.923,0.926,0.921,0.0,1.018,0.833,5601700.0,732000.0,5174392.8,676368.0,0.0,0.0,20230823,20230823,93438301,0.925,0.0,0.0,0.923,0.922,0.921,0.92,0.919,0.0,0.0,0.0,0.0,0.0,0.924,0.925,0.926,0.927,0.928,0.0,0.0,0.0,0.0,0.0,338800.0,2651800.0,120400.0,312400.0,173600.0,0.0,0.0,0.0,0.0,0.0,80000.0,402800.0,2666600.0,720000.0,289500.0,0.0,0.0,0.0,0.0,0.0
20230823093441432,SZSE,SZSE.ETF.159928,0.923,0.923,0.926,0.921,0.0,1.018,0.833,5620500.0,18800.0,5191745.2,17352.400000000373,0.0,0.0,20230823,20230823,93441432,0.925,0.0,0.0,0.922,0.921,0.92,0.919,0.918,0.0,0.0,0.0,0.0,0.0,0.924,0.925,0.926,0.927,0.928,0.0,0.0,0.0,0.0,0.0,861800.0,2305500.0,512400.0,173600.0,1349300.0,0.0,0.0,0.0,0.0,0.0,330000.0,2722900.0,602300.0,319900.0,289500.0,0.0,0.0,0.0,0.0,0.0
20230823093444244,SZSE,SZSE.ETF.159928,0.923,0.923,0.926,0.921,0.0,1.018,0.833,5620500.0,0.0,5191745.2,0.0,0.0,0.0,20230823,20230823,93444243,0.925,0.0,0.0,0.922,0.921,0.92,0.919,0.918,0.0,0.0,0.0,0.0,0.0,0.924,0.925,0.926,0.927,0.928,0.0,0.0,0.0,0.0,0.0,941900.0,2425500.0,512400.0,173600.0,1349300.0,0.0,0.0,0.0,0.0,0.0,330000.0,2722900.0,602300.0,319900.0,289500.0,0.0,0.0,0.0,0.0,0.0
20230823093447896,SZSE,SZSE.ETF.159928,0.924,0.923,0.926,0.921,0.0,1.018,0.833,5876600.0,256100.0,5428361.6,236616.39999999944,0.0,0.0,20230823,20230823,93447895,0.925,0.0,0.0,0.923,0.922,0.921,0.92,0.919,0.0,0.0,0.0,0.0,0.0,0.925,0.926,0.927,0.928,0.929,0.0,0.0,0.0,0.0,0.0,590000.0,2941900.0,425500.0,312400.0,174600.0,0.0,0.0,0.0,0.0,0.0,722900.0,602300.0,319900.0,289500.0,245300.0,0.0,0.0,0.0,0.0,0.0
20230823093451024,SZSE,SZSE.ETF.159928,0.924,0.923,0.926,0.921,0.0,1.018,0.833,6076600.0,200000.0,5613161.6,184800.0,0.0,0.0,20230823,20230823,93451023,0.925,0.0,0.0,0.924,0.923,0.922,0.921,0.92,0.0,0.0,0.0,0.0,0.0,0.925,0.926,0.927,0.928,0.929,0.0,0.0,0.0,0.0,0.0,173900.0,770000.0,3061900.0,305500.0,312400.0,0.0,0.0,0.0,0.0,0.0,499700.0,2722300.0,519900.0,289500.0,245300.0,0.0,0.0,0.0,0.0,0.0
20230823093453484,SZSE,SZSE.ETF.159928,0.924,0.923,0.926,0.921,0.0,1.018,0.833,6076600.0,0.0,5613161.6,0.0,0.0,0.0,20230823,20230823,93453483,0.925,0.0,0.0,0.924,0.923,0.922,0.921,0.92,0.0,0.0,0.0,0.0,0.0,0.925,0.926,0.927,0.928,0.929,0.0,0.0,0.0,0.0,0.0,453900.0,2890000.0,941900.0,105500.0,312400.0,0.0,0.0,0.0,0.0,0.0,499700.0,722300.0,2519900.0,289500.0,245300.0,0.0,0.0,0.0,0.0,0.0
20230823093456504,SZSE,SZSE.ETF.159928,0.925,0.923,0.926,0.921,0.0,1.018,0.833,6176600.0,100000.0,5705661.6,92500.0,0.0,0.0,20230823,20230823,93456505,0.925,0.0,0.0,0.924,0.923,0.922,0.921,0.92,0.0,0.0,0.0,0.0,0.0,0.925,0.926,0.927,0.928,0.929,0.0,0.0,0.0,0.0,0.0,453900.0,2906800.0,941900.0,105500.0,312400.0,0.0,0.0,0.0,0.0,0.0,399700.0,651200.0,2869900.0,289500.0,245300.0,0.0,0.0,0.0,0.0,0.0
20230823093459976,SZSE,SZSE.ETF.159928,0.925,0.923,0.926,0.921,0.0,1.018,0.833,6176600.0,0.0,5705661.6,0.0,0.0,0.0,20230823,20230823,93459976,0.925,0.0,0.0,0.924,0.923,0.922,0.921,0.92,0.0,0.0,0.0,0.0,0.0,0.925,0.926,0.927,0.928,0.929,0.0,0.0,0.0,0.0,0.0,453900.0,2906800.0,741900.0,105500.0,324400.0,0.0,0.0,0.0,0.0,0.0,219800.0,651200.0,2869900.0,289500.0,245300.0,0.0,0.0,0.0,0.0,0.0
20230823093503576,SZSE,SZSE.ETF.159928,0.925,0.923,0.926,0.921,0.0,1.018,0.833,6405000.0,228400.0,5916937.9,211276.30000000075,0.0,0.0,20230823,20230823,93503574,0.925,0.0,0.0,0.925,0.924,0.923,0.922,0.921,0.0,0.0,0.0,0.0,0.0,0.926,0.927,0.928,0.929,0.93,0.0,0.0,0.0,0.0,0.0,157700.0,663000.0,2906900.0,391900.0,105400.0,0.0,0.0,0.0,0.0,0.0,644900.0,2870000.0,489500.0,245300.0,453100.0,0.0,0.0,0.0,0.0,0.0
20230823093507204,SZSE,SZSE.ETF.159928,0.925,0.923,0.926,0.921,0.0,1.018,0.833,6405000.0,0.0,5916937.9,0.0,0.0,0.0,20230823,20230823,93507204,0.925,0.0,0.0,0.925,0.924,0.923,0.922,0.921,0.0,0.0,0.0,0.0,0.0,0.926,0.927,0.928,0.929,0.93,0.0,0.0,0.0,0.0,0.0,157700.0,3133000.0,798700.0,391900.0,99500.0,0.0,0.0,0.0,0.0,0.0,574900.0,1190000.0,489500.0,245300.0,453100.0,0.0,0.0,0.0,0.0,0.0
20230823093534636,SZSE,SZSE.ETF.159928,0.925,0.923,0.926,0.921,0.0,1.018,0.833,8057300.0,22700.0,7446078.7,20997.5,0.0,0.0,20230823,20230823,93534635,0.925,0.0,0.0,0.925,0.924,0.923,0.922,0.921,0.0,0.0,0.0,0.0,0.0,0.926,0.927,0.928,0.929,0.93,0.0,0.0,0.0,0.0,0.0,196200.0,3127200.0,705900.0,317700.0,99500.0,0.0,0.0,0.0,0.0,0.0,722000.0,3071000.0,279600.0,247500.0,486100.0,0.0,0.0,0.0,0.0,0.0
20230823093537480,SZSE,SZSE.ETF.159928,0.925,0.923,0.926,0.921,0.0,1.018,0.833,8057300.0,0.0,7446078.7,0.0,0.0,0.0,20230823,20230823,93537480,0.925,0.0,0.0,0.925,0.924,0.923,0.922,0.921,0.0,0.0,0.0,0.0,0.0,0.926,0.927,0.928,0.929,0.93,0.0,0.0,0.0,0.0,0.0,196200.0,3247200.0,705900.0,327700.0,99500.0,0.0,0.0,0.0,0.0,0.0,642100.0,1191000.0,2279600.0,247500.0,486100.0,0.0,0.0,0.0,0.0,0.0
20230823093541072,SZSE,SZSE.ETF.159928,0.926,0.923,0.926,0.921,0.0,1.018,0.833,8734400.0,677100.0,8073073.3,626994.5999999996,0.0,0.0,20230823,20230823,93541071,0.925,0.0,0.0,0.925,0.924,0.923,0.922,0.921,0.0,0.0,0.0,0.0,0.0,0.927,0.928,0.929,0.93,0.931,0.0,0.0,0.0,0.0,0.0,246200.0,3247200.0,705900.0,330600.0,99500.0,0.0,0.0,0.0,0.0,0.0,841000.0,2352000.0,247500.0,486100.0,89700.0,0.0,0.0,0.0,0.0,0.0
20230823093544732,SZSE,SZSE.ETF.159928,0.926,0.923,0.926,0.921,0.0,1.018,0.833,8757400.0,23000.0,8094371.3,21298.0,0.0,0.0,20230823,20230823,93544732,0.925,0.0,0.0,0.925,0.924,0.923,0.922,0.921,0.0,0.0,0.0,0.0,0.0,0.927,0.928,0.929,0.93,0.931,0.0,0.0,0.0,0.0,0.0,2697200.0,1047200.0,705900.0,130600.0,99500.0,0.0,0.0,0.0,0.0,0.0,1071000.0,2599600.0,447500.0,486100.0,89700.0,0.0,0.0,0.0,0.0,0.0
20230823093547792,SZSE,SZSE.ETF.159928,0.926,0.923,0.926,0.921,0.0,1.018,0.833,8757400.0,0.0,8094371.3,0.0,0.0,0.0,20230823,20230823,93547794,0.925,0.0,0.0,0.925,0.924,0.923,0.922,0.921,0.0,0.0,0.0,0.0,0.0,0.927,0.928,0.929,0.93,0.931,0.0,0.0,0.0,0.0,0.0,697200.0,3047200.0,705900.0,130600.0,99500.0,0.0,0.0,0.0,0.0,0.0,1071000.0,2599600.0,447500.0,486100.0,89700.0,0.0,0.0,0.0,0.0,0.0
20230823093550276,SZSE,SZSE.ETF.159928,0.926,0.923,0.926,0.921,0.0,1.018,0.833,8877400.0,120000.0,8205491.3,111120.0,0.0,0.0,20230823,20230823,93550277,0.925,0.0,0.0,0.925,0.924,0.923,0.922,0.921,0.0,0.0,0.0,0.0,0.0,0.927,0.928,0.929,0.93,0.931,0.0,0.0,0.0,0.0,0.0,697200.0,3047200.0,705900.0,130600.0,99500.0,0.0,0.0,0.0,0.0,0.0,951000.0,2599600.0,447500.0,486100.0,89700.0,0.0,0.0,0.0,0.0,0.0
20230823093553036,SZSE,SZSE.ETF.159928,0.927,0.923,0.927,0.921,0.0,1.018,0.833,8972900.0,95500.0,8293924.6,88433.29999999981,0.0,0.0,20230823,20230823,93553035,0.925,0.0,0.0,0.925,0.924,0.923,0.922,0.921,0.0,0.0,0.0,0.0,0.0,0.926,0.927,0.928,0.929,0.93,0.0,0.0,0.0,0.0,0.0,552200.0,3047200.0,705900.0,130600.0,99500.0,0.0,0.0,0.0,0.0,0.0,1000.0,950700.0,2599600.0,447500.0,486100.0,0.0,0.0,0.0,0.0,0.0
20230823093555612,SZSE,SZSE.ETF.159928,0.926,0.923,0.927,0.921,0.0,1.018,0.833,9068900.0,96000.0,8382820.6,88896.0,0.0,0.0,20230823,20230823,93555612,0.925,0.0,0.0,0.925,0.924,0.923,0.922,0.921,0.0,0.0,0.0,0.0,0.0,0.927,0.928,0.929,0.93,0.931,0.0,0.0,0.0,0.0,0.0,552200.0,3022800.0,705900.0,130600.0,99500.0,0.0,0.0,0.0,0.0,0.0,1071000.0,2480700.0,447500.0,486100.0,89700.0,0.0,0.0,0.0,0.0,0.0
20230823093559992,SZSE,SZSE.ETF.159928,0.925,0.923,0.927,0.921,0.0,1.018,0.833,9079900.0,11000.0,8393003.6,10183.0,0.0,0.0,20230823,20230823,93559992,0.925,0.0,0.0,0.926,0.925,0.924,0.923,0.922,0.0,0.0,0.0,0.0,0.0,0.927,0.928,0.929,0.93,0.931,0.0,0.0,0.0,0.0,0.0,5000.0,545200.0,3022800.0,705900.0,120600.0,0.0,0.0,0.0,0.0,0.0,947000.0,2600700.0,447500.0,486100.0,89700.0,0.0,0.0,0.0,0.0,0.0
20230823093603504,SZSE,SZSE.ETF.159928,0.926,0.923,0.927,0.921,0.0,1.018,0.833,9185000.0,105100.0,8490326.2,97322.59999999963,0.0,0.0,20230823,20230823,93603503,0.925,0.0,0.0,0.925,0.924,0.923,0.922,0.921,0.0,0.0,0.0,0.0,0.0,0.926,0.927,0.928,0.929,0.93,0.0,0.0,0.0,0.0,0.0,665200.0,2902800.0,705900.0,120600.0,99500.0,0.0,0.0,0.0,0.0,0.0,10000.0,947000.0,2600700.0,447500.0,486100.0,0.0,0.0,0.0,0.0,0.0
20230823093605656,SZSE,SZSE.ETF.159928,0.926,0.923,0.927,0.921,0.0,1.018,0.833,9194200.0,9200.0,8498845.4,8519.200000001118,0.0,0.0,20230823,20230823,93605655,0.925,0.0,0.0,0.925,0.924,0.923,0.922,0.921,0.0,0.0,0.0,0.0,0.0,0.926,0.927,0.928,0.929,0.93,0.0,0.0,0.0,0.0,0.0,545200.0,3022800.0,705900.0,120600.0,99500.0,0.0,0.0,0.0,0.0,0.0,800.0,1067000.0,2480700.0,447500.0,486100.0,0.0,0.0,0.0,0.0,0.0
20230823093607664,SZSE,SZSE.ETF.159928,0.926,0.923,0.927,0.921,0.0,1.018,0.833,9194200.0,0.0,8498845.4,0.0,0.0,0.0,20230823,20230823,93607666,0.925,0.0,0.0,0.925,0.924,0.923,0.922,0.921,0.0,0.0,0.0,0.0,0.0,0.926,0.927,0.928,0.929,0.93,0.0,0.0,0.0,0.0,0.0,597800.0,2682800.0,705900.0,120600.0,99500.0,0.0,0.0,0.0,0.0,0.0,80800.0,1067100.0,480700.0,447500.0,486100.0,0.0,0.0,0.0,0.0,0.0
20230823093611544,SZSE,SZSE.ETF.159928,0.925,0.923,0.927,0.921,0.0,1.018,0.833,9665700.0,471500.0,8934992.9,436147.5,0.0,0.0,20230823,20230823,93611546,0.925,0.0,0.0,0.924,0.923,0.922,0.921,0.92,0.0,0.0,0.0,0.0,0.0,0.925,0.926,0.927,0.928,0.929,0.0,0.0,0.0,0.0,0.0,682800.0,2705900.0,120600.0,99500.0,322400.0,0.0,0.0,0.0,0.0,0.0,80000.0,150800.0,3067100.0,480700.0,247500.0,0.0,0.0,0.0,0.0,0.0
20230823093613992,SZSE,SZSE.ETF.159928,0.925,0.923,0.927,0.921,0.0,1.018,0.833,9689000.0,23300.0,8956545.4,21552.5,0.0,0.0,20230823,20230823,93613994,0.925,0.0,0.0,0.924,0.923,0.922,0.921,0.92,0.0,0.0,0.0,0.0,0.0,0.925,0.926,0.927,0.928,0.929,0.0,0.0,0.0,0.0,0.0,562800.0,825900.0,2320600.0,99500.0,322400.0,0.0,0.0,0.0,0.0,0.0,136700.0,2671000.0,669500.0,280700.0,247500.0,0.0,0.0,0.0,0.0,0.0
20230823093617780,SZSE,SZSE.ETF.159928,0.925,0.923,0.927,0.921,0.0,1.018,0.833,9690000.0,1000.0,8957470.4,925.0,0.0,0.0,20230823,20230823,93617781,0.925,0.0,0.0,0.924,0.923,0.922,0.921,0.92,0.0,0.0,0.0,0.0,0.0,0.925,0.926,0.927,0.928,0.929,0.0,0.0,0.0,0.0,0.0,238100.0,1025900.0,2650600.0,99500.0,322900.0,0.0,0.0,0.0,0.0,0.0,335700.0,3021000.0,597100.0,80700.0,247500.0,0.0,0.0,0.0,0.0,0.0
20230823093619688,SZSE,SZSE.ETF.159928,0.925,0.923,0.927,0.921,0.0,1.018,0.833,9690000.0,0.0,8957470.4,0.0,0.0,0.0,20230823,20230823,93619686,0.925,0.0,0.0,0.924,0.923,0.922,0.921,0.92,0.0,0.0,0.0,0.0,0.0,0.925,0.926,0.927,0.928,0.929,0.0,0.0,0.0,0.0,0.0,238100.0,1020100.0,2650600.0,299500.0,322900.0,0.0,0.0,0.0,0.0,0.0,335700.0,2821100.0,597100.0,80700.0,247500.0,0.0,0.0,0.0,0.0,0.0
20230823093622936,SZSE,SZSE.ETF.159928,0.924,0.923,0.927,0.921,0.0,1.018,0.833,9848100.0,158100.0,9103554.8,146084.40000000037,0.0,0.0,20230823,20230823,93622938,0.925,0.0,0.0,0.924,0.923,0.922,0.921,0.92,0.0,0.0,0.0,0.0,0.0,0.925,0.926,0.927,0.928,0.929,0.0,0.0,0.0,0.0,0.0,80000.0,670100.0,2655700.0,299500.0,329500.0,0.0,0.0,0.0,0.0,0.0,535700.0,2826200.0,597100.0,75600.0,247500.0,0.0,0.0,0.0,0.0,0.0
20230823093625168,SZSE,SZSE.ETF.159928,0.924,0.923,0.927,0.921,0.0,1.018,0.833,9929100.0,81000.0,9178399.8,74845.0,0.0,0.0,20230823,20230823,93625168,0.925,0.0,0.0,0.923,0.922,0.921,0.92,0.919,0.0,0.0,0.0,0.0,0.0,0.924,0.925,0.926,0.927,0.928,0.0,0.0,0.0,0.0,0.0,470100.0,855700.0,299500.0,329500.0,174600.0,0.0,0.0,0.0,0.0,0.0,80000.0,2607100.0,476200.0,597100.0,75600.0,0.0,0.0,0.0,0.0,0.0
20230823093626776,SZSE,SZSE.ETF.159928,0.924,0.923,0.927,0.921,0.0,1.018,0.833,9929100.0,0.0,9178399.8,0.0,0.0,0.0,20230823,20230823,93626774,0.925,0.0,0.0,0.923,0.922,0.921,0.92,0.919,0.0,0.0,0.0,0.0,0.0,0.924,0.925,0.926,0.927,0.928,0.0,0.0,0.0,0.0,0.0,350100.0,975700.0,2299500.0,329500.0,174600.0,0.0,0.0,0.0,0.0,0.0,80000.0,2727100.0,356200.0,597100.0,75600.0,0.0,0.0,0.0,0.0,0.0
20230823093629600,SZSE,SZSE.ETF.159928,0.924,0.923,0.927,0.921,0.0,1.018,0.833,9930100.0,1000.0,9179323.8,924.0,0.0,0.0,20230823,20230823,93629600,0.925,0.0,0.0,0.923,0.922,0.921,0.92,0.919,0.0,0.0,0.0,0.0,0.0,0.925,0.926,0.927,0.928,0.929,0.0,0.0,0.0,0.0,0.0,350100.0,975700.0,2299500.0,329500.0,174600.0,0.0,0.0,0.0,0.0,0.0,2727100.0,356200.0,597100.0,75600.0,247500.0,0.0,0.0,0.0,0.0,0.0
20230823093632112,SZSE,SZSE.ETF.159928,0.924,0.923,0.927,0.921,0.0,1.018,0.833,9930100.0,0.0,9179323.8,0.0,0.0,0.0,20230823,20230823,93632111,0.925,0.0,0.0,0.923,0.922,0.921,0.92,0.919,0.0,0.0,0.0,0.0,0.0,0.925,0.926,0.927,0.928,0.929,0.0,0.0,0.0,0.0,0.0,350100.0,2975700.0,299500.0,329500.0,174600.0,0.0,0.0,0.0,0.0,0.0,2607100.0,476200.0,597100.0,75600.0,247500.0,0.0,0.0,0.0,0.0,0.0
20230823093635240,SZSE,SZSE.ETF.159928,0.925,0.923,0.927,0.921,0.0,1.018,0.833,9932100.0,2000.0,9181173.8,1850.0,0.0,0.0,20230823,20230823,93635241,0.925,0.0,0.0,0.923,0.922,0.921,0.92,0.919,0.0,0.0,0.0,0.0,0.0,0.925,0.926,0.927,0.928,0.929,0.0,0.0,0.0,0.0,0.0,350100.0,2974700.0,653500.0,329500.0,174600.0,0.0,0.0,0.0,0.0,0.0,605100.0,2479200.0,597100.0,75600.0,247500.0,0.0,0.0,0.0,0.0,0.0
20230823093638104,SZSE,SZSE.ETF.159928,0.925,0.923,0.927,0.921,0.0,1.018,0.833,9932100.0,0.0,9181173.8,0.0,0.0,0.0,20230823,20230823,93638103,0.925,0.0,0.0,0.923,0.922,0.921,0.92,0.919,0.0,0.0,0.0,0.0,0.0,0.924,0.925,0.926,0.927,0.928,0.0,0.0,0.0,0.0,0.0,350100.0,2974700.0,653500.0,329500.0,174600.0,0.0,0.0,0.0,0.0,0.0,200000.0,605200.0,2479200.0,397100.0,75600.0,0.0,0.0,0.0,0.0,0.0
20230823093641144,SZSE,SZSE.ETF.159928,0.925,0.923,0.927,0.921,0.0,1.018,0.833,9932100.0,0.0,9181173.8,0.0,0.0,0.0,20230823,20230823,93641143,0.925,0.0,0.0,0.923,0.922,0.921,0.92,0.919,0.0,0.0,0.0,0.0,0.0,0.924,0.925,0.926,0.927,0.928,0.0,0.0,0.0,0.0,0.0,520100.0,2974700.0,653500.0,329500.0,174600.0,0.0,0.0,0.0,0.0,0.0,240000.0,725200.0,2359200.0,397100.0,75600.0,0.0,0.0,0.0,0.0,0.0
20230823093644080,SZSE,SZSE.ETF.159928,0.924,0.923,0.927,0.921,0.0,1.018,0.833,9940900.0,8800.0,9189305.0,8131.199999999255,0.0,0.0,20230823,20230823,93644082,0.925,0.0,0.0,0.923,0.922,0.921,0.92,0.919,0.0,0.0,0.0,0.0,0.0,0.924,0.925,0.926,0.927,0.928,0.0,0.0,0.0,0.0,0.0,650100.0,2974700.0,653500.0,329500.0,174600.0,0.0,0.0,0.0,0.0,0.0,48000.0,725200.0,2359200.0,597100.0,75600.0,0.0,0.0,0.0,0.0,0.0
20230823093647128,SZSE,SZSE.ETF.159928,0.924,0.923,0.927,0.921,0.0,1.018,0.833,9957100.0,16200.0,9204273.8,14968.800000000745,0.0,0.0,20230823,20230823,93647127,0.925,0.0,0.0,0.923,0.922,0.921,0.92,0.919,0.0,0.0,0.0,0.0,0.0,0.924,0.925,0.926,0.927,0.928,0.0,0.0,0.0,0.0,0.0,651100.0,969700.0,2653500.0,329500.0,174600.0,0.0,0.0,0.0,0.0,0.0,271900.0,2825200.0,359200.0,397100.0,75600.0,0.0,0.0,0.0,0.0,0.0
20230823093650068,SZSE,SZSE.ETF.159928,0.924,0.923,0.927,0.921,0.0,1.018,0.833,9977100.0,20000.0,9222753.8,18480.0,0.0,0.0,20230823,20230823,93650067,0.925,0.0,0.0,0.923,0.922,0.921,0.92,0.919,0.0,0.0,0.0,0.0,0.0,0.924,0.925,0.926,0.927,0.928,0.0,0.0,0.0,0.0,0.0,451100.0,1469700.0,3153500.0,529500.0,174600.0,0.0,0.0,0.0,0.0,0.0,306200.0,3025200.0,859200.0,397100.0,75600.0,0.0,0.0,0.0,0.0,0.0
20230823093653068,SZSE,SZSE.ETF.159928,0.924,0.923,0.927,0.921,0.0,1.018,0.833,9977100.0,0.0,9222753.8,0.0,0.0,0.0,20230823,20230823,93653068,0.925,0.0,0.0,0.923,0.922,0.921,0.92,0.919,0.0,0.0,0.0,0.0,0.0,0.924,0.925,0.926,0.927,0.928,0.0,0.0,0.0,0.0,0.0,451100.0,1469700.0,3153500.0,529500.0,174600.0,0.0,0.0,0.0,0.0,0.0,461200.0,3140400.0,859200.0,397100.0,75600.0,0.0,0.0,0.0,0.0,0.0
20230823093659048,SZSE,SZSE.ETF.159928,0.924,0.923,0.927,0.921,0.0,1.018,0.833,9977100.0,0.0,9222753.8,0.0,0.0,0.0,20230823,20230823,93659047,0.925,0.0,0.0,0.923,0.922,0.921,0.92,0.919,0.0,0.0,0.0,0.0,0.0,0.924,0.925,0.926,0.927,0.928,0.0,0.0,0.0,0.0,0.0,351100.0,1481700.0,3153500.0,529500.0,174600.0,0.0,0.0,0.0,0.0,0.0,567700.0,3140400.0,859200.0,397100.0,75600.0,0.0,0.0,0.0,0.0,0.0
20230823093702080,SZSE,SZSE.ETF.159928,0.924,0.923,0.927,0.921,0.0,1.018,0.833,9978200.0,1100.0,9223770.2,1016.3999999985099,0.0,0.0,20230823,20230823,93702078,0.925,0.0,0.0,0.923,0.922,0.921,0.92,0.919,0.0,0.0,0.0,0.0,0.0,0.924,0.925,0.926,0.927,0.928,0.0,0.0,0.0,0.0,0.0,351100.0,1481700.0,3153500.0,529500.0,174600.0,0.0,0.0,0.0,0.0,0.0,568200.0,3140400.0,859200.0,397100.0,75600.0,0.0,0.0,0.0,0.0,0.0
20230823093705164,SZSE,SZSE.ETF.159928,0.924,0.923,0.927,0.921,0.0,1.018,0.833,10477100.0,498900.0,9684753.8,460983.6000000015,0.0,0.0,20230823,20230823,93705164,0.925,0.0,0.0,0.924,0.923,0.922,0.921,0.92,0.0,0.0,0.0,0.0,0.0,0.925,0.926,0.927,0.928,0.929,0.0,0.0,0.0,0.0,0.0,110200.0,850100.0,3502700.0,803500.0,529500.0,0.0,0.0,0.0,0.0,0.0,1068000.0,3225200.0,397100.0,75600.0,247500.0,0.0,0.0,0.0,0.0,0.0
20230823093708080,SZSE,SZSE.ETF.159928,0.924,0.923,0.927,0.921,0.0,1.018,0.833,10477100.0,0.0,9684753.8,0.0,0.0,0.0,20230823,20230823,93708078,0.925,0.0,0.0,0.924,0.923,0.922,0.921,0.92,0.0,0.0,0.0,0.0,0.0,0.925,0.926,0.927,0.928,0.929,0.0,0.0,0.0,0.0,0.0,154900.0,1770100.0,3182700.0,303500.0,329500.0,0.0,0.0,0.0,0.0,0.0,448000.0,3345200.0,1097100.0,75600.0,247500.0,0.0,0.0,0.0,0.0,0.0
20230823093711076,SZSE,SZSE.ETF.159928,0.924,0.923,0.927,0.921,0.0,1.018,0.833,10477100.0,0.0,9684753.8,0.0,0.0,0.0,20230823,20230823,93711076,0.925,0.0,0.0,0.924,0.923,0.922,0.921,0.92,0.0,0.0,0.0,0.0,0.0,0.925,0.926,0.927,0.928,0.929,0.0,0.0,0.0,0.0,0.0,234900.0,3770100.0,1172700.0,103500.0,329500.0,0.0,0.0,0.0,0.0,0.0,448000.0,1545200.0,1097100.0,75600.0,247500.0,0.0,0.0,0.0,0.0,0.0
20230823093714068,SZSE,SZSE.ETF.159928,0.924,0.923,0.927,0.921,0.0,1.018,0.833,10477100.0,0.0,9684753.8,0.0,0.0,0.0,20230823,20230823,93714068,0.925,0.0,0.0,0.924,0.923,0.922,0.921,0.92,0.0,0.0,0.0,0.0,0.0,0.925,0.926,0.927,0.928,0.929,0.0,0.0,0.0,0.0,0.0,434900.0,3575100.0,1172700.0,103500.0,329500.0,0.0,0.0,0.0,0.0,0.0,248000.0,3545200.0,1097100.0,275600.0,247500.0,0.0,0.0,0.0,0.0,0.0
20230823093717064,SZSE,SZSE.ETF.159928,0.924,0.923,0.927,0.921,0.0,1.018,0.833,10477100.0,0.0,9684753.8,0.0,0.0,0.0,20230823,20230823,93717062,0.925,0.0,0.0,0.924,0.923,0.922,0.921,0.92,0.0,0.0,0.0,0.0,0.0,0.925,0.926,0.927,0.928,0.929,0.0,0.0,0.0,0.0,0.0,635200.0,3225100.0,1172700.0,103500.0,329500.0,0.0,0.0,0.0,0.0,0.0,320400.0,3195200.0,1097100.0,275600.0,247500.0,0.0,0.0,0.0,0.0,0.0
20230823093945580,SZSE,SZSE.ETF.159928,0.923,0.923,0.927,0.921,0.0,1.018,0.833,11511500.0,1000.0,10640352.7,923.0,0.0,0.0,20230823,20230823,93945579,0.925,0.0,0.0,0.922,0.921,0.92,0.919,0.918,0.0,0.0,0.0,0.0,0.0,0.923,0.924,0.925,0.926,0.927,0.0,0.0,0.0,0.0,0.0,630600.0,1277700.0,3432900.0,364600.0,1379800.0,0.0,0.0,0.0,0.0,0.0,113500.0,3401400.0,1065500.0,427400.0,286400.0,0.0,0.0,0.0,0.0,0.0
20230823093947460,SZSE,SZSE.ETF.159928,0.923,0.923,0.927,0.921,0.0,1.018,0.833,11511500.0,0.0,10640352.7,0.0,0.0,0.0,20230823,20230823,93947461,0.925,0.0,0.0,0.922,0.921,0.92,0.919,0.918,0.0,0.0,0.0,0.0,0.0,0.923,0.924,0.925,0.926,0.927,0.0,0.0,0.0,0.0,0.0,630600.0,1287700.0,3432900.0,364600.0,1379800.0,0.0,0.0,0.0,0.0,0.0,22700.0,3401400.0,1065500.0,427400.0,286400.0,0.0,0.0,0.0,0.0,0.0
20230823093951208,SZSE,SZSE.ETF.159928,0.924,0.923,0.927,0.921,0.0,1.018,0.833,11666500.0,155000.0,10783477.7,143125.0,0.0,0.0,20230823,20230823,93951206,0.925,0.0,0.0,0.922,0.921,0.92,0.919,0.918,0.0,0.0,0.0,0.0,0.0,0.923,0.924,0.925,0.926,0.927,0.0,0.0,0.0,0.0,0.0,655300.0,1287700.0,3432900.0,364600.0,1379800.0,0.0,0.0,0.0,0.0,0.0,700.0,3521400.0,1065500.0,427400.0,286400.0,0.0,0.0,0.0,0.0,0.0
20230823093953912,SZSE,SZSE.ETF.159928,0.923,0.923,0.927,0.921,0.0,1.018,0.833,11672500.0,6000.0,10789015.7,5538.0,0.0,0.0,20230823,20230823,93953913,0.925,0.0,0.0,0.922,0.921,0.92,0.919,0.918,0.0,0.0,0.0,0.0,0.0,0.924,0.925,0.926,0.927,0.928,0.0,0.0,0.0,0.0,0.0,655300.0,1287700.0,3432900.0,364600.0,1399800.0,0.0,0.0,0.0,0.0,0.0,3521400.0,1065500.0,427400.0,286400.0,75600.0,0.0,0.0,0.0,0.0,0.0
20230823093958296,SZSE,SZSE.ETF.159928,0.923,0.923,0.927,0.921,0.0,1.018,0.833,11672500.0,0.0,10789015.7,0.0,0.0,0.0,20230823,20230823,93958296,0.925,0.0,0.0,0.922,0.921,0.92,0.919,0.918,0.0,0.0,0.0,0.0,0.0,0.924,0.925,0.926,0.927,0.928,0.0,0.0,0.0,0.0,0.0,655300.0,3287600.0,1432900.0,364600.0,1399800.0,0.0,0.0,0.0,0.0,0.0,3401400.0,1185500.0,427400.0,286400.0,75600.0,0.0,0.0,0.0,0.0,0.0
20230823094005688,SZSE,SZSE.ETF.159928,0.923,0.923,0.927,0.921,0.0,1.018,0.833,11672500.0,0.0,10789015.7,0.0,0.0,0.0,20230823,20230823,94005689,0.925,0.0,0.0,0.923,0.922,0.921,0.92,0.919,0.0,0.0,0.0,0.0,0.0,0.924,0.925,0.926,0.927,0.928,0.0,0.0,0.0,0.0,0.0,174700.0,785300.0,3407600.0,1432900.0,364600.0,0.0,0.0,0.0,0.0,0.0,1521400.0,3185500.0,427400.0,286400.0,75600.0,0.0,0.0,0.0,0.0,0.0
20230823094008516,SZSE,SZSE.ETF.159928,0.923,0.923,0.927,0.921,0.0,1.018,0.833,11672500.0,0.0,10789015.7,0.0,0.0,0.0,20230823,20230823,94008515,0.925,0.0,0.0,0.923,0.922,0.921,0.92,0.919,0.0,0.0,0.0,0.0,0.0,0.924,0.925,0.926,0.927,0.928,0.0,0.0,0.0,0.0,0.0,99700.0,845700.0,3287600.0,1432900.0,364600.0,0.0,0.0,0.0,0.0,0.0,1521400.0,3185500.0,427400.0,286400.0,75600.0,0.0,0.0,0.0,0.0,0.0
20230823094014336,SZSE,SZSE.ETF.159928,0.923,0.923,0.927,0.921,0.0,1.018,0.833,11672600.0,0.0,10789108.0,0.0,0.0,0.0,20230823,20230823,94014334,0.925,0.0,0.0,0.923,0.922,0.921,0.92,0.919,0.0,0.0,0.0,0.0,0.0,0.924,0.925,0.926,0.927,0.928,0.0,0.0,0.0,0.0,0.0,5100.0,845700.0,2937600.0,1432900.0,364600.0,0.0,0.0,0.0,0.0,0.0,1521400.0,3185100.0,427400.0,286400.0,75600.0,0.0,0.0,0.0,0.0,0.0
20230823094017372,SZSE,SZSE.ETF.159928,0.923,0.923,0.927,0.921,0.0,1.018,0.833,11677700.0,5100.0,10793815.3,4707.300000000745,0.0,0.0,20230823,20230823,94017373,0.925,0.0,0.0,0.922,0.921,0.92,0.919,0.918,0.0,0.0,0.0,0.0,0.0,0.924,0.925,0.926,0.927,0.928,0.0,0.0,0.0,0.0,0.0,905300.0,2937600.0,1432900.0,364600.0,1399800.0,0.0,0.0,0.0,0.0,0.0,1521400.0,3185100.0,427400.0,286400.0,75600.0,0.0,0.0,0.0,0.0,0.0
20230823094020556,SZSE,SZSE.ETF.159928,0.923,0.923,0.927,0.921,0.0,1.018,0.833,11679700.0,2000.0,10795661.3,1846.0,0.0,0.0,20230823,20230823,94020555,0.925,0.0,0.0,0.922,0.921,0.92,0.919,0.918,0.0,0.0,0.0,0.0,0.0,0.924,0.925,0.926,0.927,0.928,0.0,0.0,0.0,0.0,0.0,785300.0,3057600.0,1432900.0,364600.0,1399800.0,0.0,0.0,0.0,0.0,0.0,3521400.0,1185100.0,427400.0,286400.0,75600.0,0.0,0.0,0.0,0.0,0.0
20230823094023348,SZSE,SZSE.ETF.159928,0.923,0.923,0.927,0.921,0.0,1.018,0.833,11679700.0,0.0,10795661.3,0.0,0.0,0.0,20230823,20230823,94023348,0.925,0.0,0.0,0.922,0.921,0.92,0.919,0.918,0.0,0.0,0.0,0.0,0.0,0.924,0.925,0.926,0.927,0.928,0.0,0.0,0.0,0.0,0.0,735300.0,3057700.0,1432900.0,364600.0,1399800.0,0.0,0.0,0.0,0.0,0.0,3521400.0,1185100.0,427400.0,286400.0,75600.0,0.0,0.0,0.0,0.0,0.0
20230823094026152,SZSE,SZSE.ETF.159928,0.923,0.923,0.927,0.921,0.0,1.018,0.833,11679700.0,0.0,10795661.3,0.0,0.0,0.0,20230823,20230823,94026150,0.925,0.0,0.0,0.922,0.921,0.92,0.919,0.918,0.0,0.0,0.0,0.0,0.0,0.923,0.924,0.925,0.926,0.927,0.0,0.0,0.0,0.0,0.0,735300.0,3057700.0,1432900.0,364600.0,1399800.0,0.0,0.0,0.0,0.0,0.0,72400.0,3171400.0,1185100.0,427400.0,286400.0,0.0,0.0,0.0,0.0,0.0
20230823094029068,SZSE,SZSE.ETF.159928,0.923,0.923,0.927,0.921,0.0,1.018,0.833,11679700.0,0.0,10795661.3,0.0,0.0,0.0,20230823,20230823,94029069,0.925,0.0,0.0,0.922,0.921,0.92,0.919,0.918,0.0,0.0,0.0,0.0,0.0,0.923,0.924,0.925,0.926,0.927,0.0,0.0,0.0,0.0,0.0,735300.0,3407700.0,1433400.0,365100.0,1399800.0,0.0,0.0,0.0,0.0,0.0,86800.0,3191400.0,1065100.0,427400.0,286400.0,0.0,0.0,0.0,0.0,0.0
20230823094032216,SZSE,SZSE.ETF.159928,0.923,0.923,0.927,0.921,0.0,1.018,0.833,11679700.0,0.0,10795661.3,0.0,0.0,0.0,20230823,20230823,94032214,0.925,0.0,0.0,0.922,0.921,0.92,0.919,0.918,0.0,0.0,0.0,0.0,0.0,0.923,0.924,0.925,0.926,0.927,0.0,0.0,0.0,0.0,0.0,745300.0,3057700.0,1433400.0,365100.0,1399300.0,0.0,0.0,0.0,0.0,0.0,289700.0,3191400.0,1065100.0,227400.0,286400.0,0.0,0.0,0.0,0.0,0.0
20230823094035432,SZSE,SZSE.ETF.159928,0.923,0.923,0.927,0.921,0.0,1.018,0.833,11684700.0,5000.0,10800276.3,4615.0,0.0,0.0,20230823,20230823,94035434,0.925,0.0,0.0,0.922,0.921,0.92,0.919,0.918,0.0,0.0,0.0,0.0,0.0,0.923,0.924,0.925,0.926,0.927,0.0,0.0,0.0,0.0,0.0,745300.0,3057700.0,1433400.0,365100.0,1399300.0,0.0,0.0,0.0,0.0,0.0,125300.0,3191400.0,1065100.0,427400.0,286400.0,0.0,0.0,0.0,0.0,0.0
20230823094041952,SZSE,SZSE.ETF.159928,0.923,0.923,0.927,0.921,0.0,1.018,0.833,11684700.0,0.0,10800276.3,0.0,0.0,0.0,20230823,20230823,94041951,0.925,0.0,0.0,0.922,0.921,0.92,0.919,0.918,0.0,0.0,0.0,0.0,0.0,0.923,0.924,0.925,0.926,0.927,0.0,0.0,0.0,0.0,0.0,745300.0,3057700.0,1433400.0,365100.0,1399300.0,0.0,0.0,0.0,0.0,0.0,407900.0,3191400.0,1065100.0,427400.0,286400.0,0.0,0.0,0.0,0.0,0.0
20230823094044704,SZSE,SZSE.ETF.159928,0.923,0.923,0.927,0.921,0.0,1.018,0.833,11694700.0,10000.0,10809506.3,9230.0,0.0,0.0,20230823,20230823,94044703,0.925,0.0,0.0,0.922,0.921,0.92,0.919,0.918,0.0,0.0,0.0,0.0,0.0,0.923,0.924,0.925,0.926,0.927,0.0,0.0,0.0,0.0,0.0,745300.0,3057700.0,1433400.0,365100.0,1399300.0,0.0,0.0,0.0,0.0,0.0,621500.0,3191400.0,1065100.0,227400.0,286400.0,0.0,0.0,0.0,0.0,0.0
20230823094047660,SZSE,SZSE.ETF.159928,0.923,0.923,0.927,0.921,0.0,1.018,0.833,11739200.0,44500.0,10850579.8,41073.5,0.0,0.0,20230823,20230823,94047661,0.925,0.0,0.0,0.922,0.921,0.92,0.919,0.918,0.0,0.0,0.0,0.0,0.0,0.923,0.924,0.925,0.926,0.927,0.0,0.0,0.0,0.0,0.0,715300.0,1057700.0,3433400.0,365100.0,1399300.0,0.0,0.0,0.0,0.0,0.0,611400.0,3191400.0,1065100.0,227400.0,286400.0,0.0,0.0,0.0,0.0,0.0
20230823094050528,SZSE,SZSE.ETF.159928,0.923,0.923,0.927,0.921,0.0,1.018,0.833,11739200.0,0.0,10850579.8,0.0,0.0,0.0,20230823,20230823,94050530,0.925,0.0,0.0,0.922,0.921,0.92,0.919,0.918,0.0,0.0,0.0,0.0,0.0,0.923,0.924,0.925,0.926,0.927,0.0,0.0,0.0,0.0,0.0,715300.0,1057700.0,3433400.0,365100.0,1399300.0,0.0,0.0,0.0,0.0,0.0,115900.0,3541400.0,1065100.0,427400.0,286400.0,0.0,0.0,0.0,0.0,0.0
20230823094053380,SZSE,SZSE.ETF.159928,0.923,0.923,0.927,0.921,0.0,1.018,0.833,11739200.0,0.0,10850579.8,0.0,0.0,0.0,20230823,20230823,94053381,0.925,0.0,0.0,0.922,0.921,0.92,0.919,0.918,0.0,0.0,0.0,0.0,0.0,0.923,0.924,0.925,0.926,0.927,0.0,0.0,0.0,0.0,0.0,515300.0,1057700.0,3433400.0,565100.0,1399500.0,0.0,0.0,0.0,0.0,0.0,251900.0,3191400.0,1065100.0,227400.0,286400.0,0.0,0.0,0.0,0.0,0.0
20230823094056336,SZSE,SZSE.ETF.159928,0.923,0.923,0.927,0.921,0.0,1.018,0.833,11739200.0,0.0,10850579.8,0.0,0.0,0.0,20230823,20230823,94056338,0.925,0.0,0.0,0.922,0.921,0.92,0.919,0.918,0.0,0.0,0.0,0.0,0.0,0.923,0.924,0.925,0.926,0.927,0.0,0.0,0.0,0.0,0.0,235300.0,1057700.0,3433400.0,565100.0,1399500.0,0.0,0.0,0.0,0.0,0.0,279100.0,3191400.0,1065100.0,227400.0,286400.0,0.0,0.0,0.0,0.0,0.0
20230823094059048,SZSE,SZSE.ETF.159928,0.923,0.923,0.927,0.921,0.0,1.018,0.833,11749200.0,10000.0,10859809.8,9230.0,0.0,0.0,20230823,20230823,94059047,0.925,0.0,0.0,0.922,0.921,0.92,0.919,0.918,0.0,0.0,0.0,0.0,0.0,0.923,0.924,0.925,0.926,0.927,0.0,0.0,0.0,0.0,0.0,235300.0,1259700.0,3433400.0,565100.0,1399500.0,0.0,0.0,0.0,0.0,0.0,274600.0,3191400.0,1065100.0,227400.0,286400.0,0.0,0.0,0.0,0.0,0.0
20230823094102064,SZSE,SZSE.ETF.159928,0.923,0.923,0.927,0.921,0.0,1.018,0.833,11749200.0,0.0,10859809.8,0.0,0.0,0.0,20230823,20230823,94102062,0.925,0.0,0.0,0.922,0.921,0.92,0.919,0.918,0.0,0.0,0.0,0.0,0.0,0.923,0.924,0.925,0.926,0.927,0.0,0.0,0.0,0.0,0.0,235300.0,1259700.0,3438400.0,565100.0,1399500.0,0.0,0.0,0.0,0.0,0.0,274600.0,3191400.0,1065100.0,227400.0,286400.0,0.0,0.0,0.0,0.0,0.0
20230823094105296,SZSE,SZSE.ETF.159928,0.922,0.923,0.927,0.921,0.0,1.018,0.833,11754200.0,5000.0,10864419.8,4610.0,0.0,0.0,20230823,20230823,94105294,0.925,0.0,0.0,0.922,0.921,0.92,0.919,0.918,0.0,0.0,0.0,0.0,0.0,0.923,0.924,0.925,0.926,0.927,0.0,0.0,0.0,0.0,0.0,230300.0,1139700.0,3558400.0,565100.0,1399500.0,0.0,0.0,0.0,0.0,0.0,394600.0,3071400.0,1065100.0,227400.0,286400.0,0.0,0.0,0.0,0.0,0.0
20230823094108048,SZSE,SZSE.ETF.159928,0.923,0.923,0.927,0.921,0.0,1.018,0.833,11756200.0,2000.0,10866265.8,1846.0,0.0,0.0,20230823,20230823,94108048,0.925,0.0,0.0,0.922,0.921,0.92,0.919,0.918,0.0,0.0,0.0,0.0,0.0,0.923,0.924,0.925,0.926,0.927,0.0,0.0,0.0,0.0,0.0,232400.0,643200.0,3558400.0,1065100.0,1399500.0,0.0,0.0,0.0,0.0,0.0,2915700.0,1071400.0,565100.0,227400.0,286400.0,0.0,0.0,0.0,0.0,0.0
20230823094111052,SZSE,SZSE.ETF.159928,0.923,0.923,0.927,0.921,0.0,1.018,0.833,11756300.0,100.0,10866358.1,92.29999999888241,0.0,0.0,20230823,20230823,94111052,0.925,0.0,0.0,0.922,0.921,0.92,0.919,0.918,0.0,0.0,0.0,0.0,0.0,0.923,0.924,0.925,0.926,0.927,0.0,0.0,0.0,0.0,0.0,232400.0,643200.0,3558400.0,1065100.0,1399500.0,0.0,0.0,0.0,0.0,0.0,2936700.0,1071400.0,565100.0,227400.0,286400.0,0.0,0.0,0.0,0.0,0.0
20230823094114244,SZSE,SZSE.ETF.159928,0.923,0.923,0.927,0.921,0.0,1.018,0.833,11756300.0,0.0,10866358.1,0.0,0.0,0.0,20230823,20230823,94114244,0.925,0.0,0.0,0.922,0.921,0.92,0.919,0.918,0.0,0.0,0.0,0.0,0.0,0.923,0.924,0.925,0.926,0.927,0.0,0.0,0.0,0.0,0.0,232400.0,643200.0,3558400.0,1065100.0,1399500.0,0.0,0.0,0.0,0.0,0.0,2936700.0,871400.0,565100.0,227400.0,286400.0,0.0,0.0,0.0,0.0,0.0
20230823094117024,SZSE,SZSE.ETF.159928,0.923,0.923,0.927,0.921,0.0,1.018,0.833,11756300.0,0.0,10866358.1,0.0,0.0,0.0,20230823,20230823,94117026,0.925,0.0,0.0,0.922,0.921,0.92,0.919,0.918,0.0,0.0,0.0,0.0,0.0,0.923,0.924,0.925,0.926,0.927,0.0,0.0,0.0,0.0,0.0,226500.0,643200.0,3558400.0,1065100.0,1399500.0,0.0,0.0,0.0,0.0,0.0,3136700.0,871400.0,565100.0,227400.0,286400.0,0.0,0.0,0.0,0.0,0.0
20230823094120260,SZSE,SZSE.ETF.159928,0.922,0.923,0.927,0.921,0.0,1.018,0.833,11978000.0,221700.0,11070765.5,204407.40000000037,0.0,0.0,20230823,20230823,94120261,0.925,0.0,0.0,0.921,0.92,0.919,0.918,0.917,0.0,0.0,0.0,0.0,0.0,0.922,0.923,0.924,0.925,0.926,0.0,0.0,0.0,0.0,0.0,723200.0,3543500.0,1068100.0,1399500.0,88600.0,0.0,0.0,0.0,0.0,0.0,11300.0,3158700.0,876500.0,568100.0,71500.0,0.0,0.0,0.0,0.0,0.0
20230823094123512,SZSE,SZSE.ETF.159928,0.922,0.923,0.927,0.921,0.0,1.018,0.833,11988600.0,10600.0,11080538.7,9773.199999999255,0.0,0.0,20230823,20230823,94123510,0.925,0.0,0.0,0.922,0.921,0.92,0.919,0.918,0.0,0.0,0.0,0.0,0.0,0.923,0.924,0.925,0.926,0.927,0.0,0.0,0.0,0.0,0.0,201200.0,990100.0,3663500.0,1068100.0,1399500.0,0.0,0.0,0.0,0.0,0.0,1345800.0,3156500.0,568100.0,71500.0,286400.0,0.0,0.0,0.0,0.0,0.0
20230823094126956,SZSE,SZSE.ETF.159928,0.922,0.923,0.927,0.921,0.0,1.018,0.833,11988600.0,0.0,11080538.7,0.0,0.0,0.0,20230823,20230823,94126957,0.925,0.0,0.0,0.922,0.921,0.92,0.919,0.918,0.0,0.0,0.0,0.0,0.0,0.923,0.924,0.925,0.926,0.927,0.0,0.0,0.0,0.0,0.0,190600.0,723200.0,3543500.0,1068100.0,1399500.0,0.0,0.0,0.0,0.0,0.0,1025800.0,3276500.0,568100.0,71500.0,286400.0,0.0,0.0,0.0,0.0,0.0
20230823094129484,SZSE,SZSE.ETF.159928,0.922,0.923,0.927,0.921,0.0,1.018,0.833,11988600.0,0.0,11080538.7,0.0,0.0,0.0,20230823,20230823,94129485,0.925,0.0,0.0,0.922,0.921,0.92,0.919,0.918,0.0,0.0,0.0,0.0,0.0,0.923,0.924,0.925,0.926,0.927,0.0,0.0,0.0,0.0,0.0,190600.0,723200.0,3543500.0,1068100.0,1399500.0,0.0,0.0,0.0,0.0,0.0,1038700.0,3126500.0,568100.0,71500.0,286400.0,0.0,0.0,0.0,0.0,0.0
20230823094132616,SZSE,SZSE.ETF.159928,0.922,0.923,0.927,0.921,0.0,1.018,0.833,12004100.0,15500.0,11094829.7,14291.0,0.0,0.0,20230823,20230823,94132614,0.925,0.0,0.0,0.922,0.921,0.92,0.919,0.918,0.0,0.0,0.0,0.0,0.0,0.923,0.924,0.925,0.926,0.927,0.0,0.0,0.0,0.0,0.0,255100.0,723200.0,3543500.0,1068100.0,1399500.0,0.0,0.0,0.0,0.0,0.0,1038700.0,3126500.0,568100.0,71500.0,286400.0,0.0,0.0,0.0,0.0,0.0
20230823094135316,SZSE,SZSE.ETF.159928,0.923,0.923,0.927,0.921,0.0,1.018,0.833,12005300.0,1200.0,11095937.3,1107.6000000014901,0.0,0.0,20230823,20230823,94135317,0.925,0.0,0.0,0.922,0.921,0.92,0.919,0.918,0.0,0.0,0.0,0.0,0.0,0.923,0.924,0.925,0.926,0.927,0.0,0.0,0.0,0.0,0.0,255100.0,723200.0,3543500.0,1068100.0,1399500.0,0.0,0.0,0.0,0.0,0.0,1037500.0,3126500.0,568100.0,71500.0,286400.0,0.0,0.0,0.0,0.0,0.0
20230823094138072,SZSE,SZSE.ETF.159928,0.922,0.923,0.927,0.921,0.0,1.018,0.833,12006100.0,800.0,11096674.9,737.5999999996275,0.0,0.0,20230823,20230823,94138072,0.925,0.0,0.0,0.922,0.921,0.92,0.919,0.918,0.0,0.0,0.0,0.0,0.0,0.923,0.924,0.925,0.926,0.927,0.0,0.0,0.0,0.0,0.0,254400.0,1073200.0,3543500.0,1068100.0,1399500.0,0.0,0.0,0.0,0.0,0.0,904600.0,3476500.0,568100.0,71500.0,286400.0,0.0,0.0,0.0,0.0,0.0
20230823094141016,SZSE,SZSE.ETF.159928,0.922,0.923,0.927,0.921,0.0,1.018,0.833,12016400.0,10300.0,11106171.5,9496.599999999627,0.0,0.0,20230823,20230823,94141015,0.925,0.0,0.0,0.922,0.921,0.92,0.919,0.918,0.0,0.0,0.0,0.0,0.0,0.923,0.924,0.925,0.926,0.927,0.0,0.0,0.0,0.0,0.0,244100.0,1073200.0,3543500.0,1068100.0,1399500.0,0.0,0.0,0.0,0.0,0.0,1024600.0,3476500.0,568100.0,71500.0,286400.0,0.0,0.0,0.0,0.0,0.0
20230823094144076,SZSE,SZSE.ETF.159928,0.922,0.923,0.927,0.921,0.0,1.018,0.833,12016400.0,0.0,11106171.5,0.0,0.0,0.0,20230823,20230823,94144077,0.925,0.0,0.0,0.922,0.921,0.92,0.919,0.918,0.0,0.0,0.0,0.0,0.0,0.923,0.924,0.925,0.926,0.927,0.0,0.0,0.0,0.0,0.0,244100.0,843200.0,3429400.0,1068100.0,1399500.0,0.0,0.0,0.0,0.0,0.0,904600.0,3596500.0,568100.0,71500.0,286400.0,0.0,0.0,0.0,0.0,0.0
20230823094147004,SZSE,SZSE.ETF.159928,0.923,0.923,0.927,0.921,0.0,1.018,0.833,12017400.0,1000.0,11107094.5,923.0,0.0,0.0,20230823,20230823,94147004,0.925,0.0,0.0,0.922,0.921,0.92,0.919,0.918,0.0,0.0,0.0,0.0,0.0,0.923,0.924,0.925,0.926,0.927,0.0,0.0,0.0,0.0,0.0,444100.0,724500.0,3549400.0,868100.0,1399500.0,0.0,0.0,0.0,0.0,0.0,823600.0,3476500.0,568100.0,271500.0,286400.0,0.0,0.0,0.0,0.0,0.0
20230823094150188,SZSE,SZSE.ETF.159928,0.922,0.923,0.927,0.921,0.0,1.018,0.833,12020500.0,3100.0,11109952.7,2858.199999999255,0.0,0.0,20230823,20230823,94150188,0.925,0.0,0.0,0.922,0.921,0.92,0.919,0.918,0.0,0.0,0.0,0.0,0.0,0.923,0.924,0.925,0.926,0.927,0.0,0.0,0.0,0.0,0.0,466700.0,1194500.0,3429400.0,868100.0,1399500.0,0.0,0.0,0.0,0.0,0.0,704600.0,3596500.0,568100.0,271500.0,286400.0,0.0,0.0,0.0,0.0,0.0
20230823094153088,SZSE,SZSE.ETF.159928,0.923,0.923,0.927,0.921,0.0,1.018,0.833,12031300.0,10800.0,11119921.1,9968.400000000373,0.0,0.0,20230823,20230823,94153086,0.925,0.0,0.0,0.922,0.921,0.92,0.919,0.918,0.0,0.0,0.0,0.0,0.0,0.923,0.924,0.925,0.926,0.927,0.0,0.0,0.0,0.0,0.0,471200.0,1699900.0,3429400.0,368100.0,1399500.0,0.0,0.0,0.0,0.0,0.0,23000.0,3596500.0,1068100.0,271500.0,286400.0,0.0,0.0,0.0,0.0,0.0
20230823094155992,SZSE,SZSE.ETF.159928,0.923,0.923,0.927,0.921,0.0,1.018,0.833,12031300.0,0.0,11119921.1,0.0,0.0,0.0,20230823,20230823,94155992,0.925,0.0,0.0,0.922,0.921,0.92,0.919,0.918,0.0,0.0,0.0,0.0,0.0,0.923,0.924,0.925,0.926,0.927,0.0,0.0,0.0,0.0,0.0,332900.0,1709900.0,3429400.0,568100.0,1399500.0,0.0,0.0,0.0,0.0,0.0,223000.0,3696500.0,1068100.0,71500.0,286400.0,0.0,0.0,0.0,0.0,0.0
20230823094159352,SZSE,SZSE.ETF.159928,0.923,0.923,0.927,0.921,0.0,1.018,0.833,12031300.0,0.0,11119921.1,0.0,0.0,0.0,20230823,20230823,94159350,0.925,0.0,0.0,0.922,0.921,0.92,0.919,0.918,0.0,0.0,0.0,0.0,0.0,0.923,0.924,0.925,0.926,0.927,0.0,0.0,0.0,0.0,0.0,532900.0,3520000.0,1439400.0,568100.0,1399500.0,0.0,0.0,0.0,0.0,0.0,287600.0,3596500.0,1068100.0,71500.0,286400.0,0.0,0.0,0.0,0.0,0.0
20230823094202136,SZSE,SZSE.ETF.159928,0.923,0.923,0.927,0.921,0.0,1.018,0.833,12331800.0,300500.0,11397282.6,277361.5,0.0,0.0,20230823,20230823,94202135,0.925,0.0,0.0,0.923,0.922,0.921,0.92,0.919,0.0,0.0,0.0,0.0,0.0,0.924,0.925,0.926,0.927,0.928,0.0,0.0,0.0,0.0,0.0,170900.0,788700.0,3520000.0,1239400.0,368100.0,0.0,0.0,0.0,0.0,0.0,3440400.0,1068100.0,271500.0,286400.0,72600.0,0.0,0.0,0.0,0.0,0.0
20230823094205164,SZSE,SZSE.ETF.159928,0.923,0.923,0.927,0.921,0.0,1.018,0.833,12331800.0,0.0,11397282.6,0.0,0.0,0.0,20230823,20230823,94205164,0.925,0.0,0.0,0.923,0.922,0.921,0.92,0.919,0.0,0.0,0.0,0.0,0.0,0.924,0.925,0.926,0.927,0.928,0.0,0.0,0.0,0.0,0.0,114200.0,861000.0,3400000.0,1089400.0,368100.0,0.0,0.0,0.0,0.0,0.0,3265200.0,1201000.0,271500.0,286400.0,72600.0,0.0,0.0,0.0,0.0,0.0
20230823094208188,SZSE,SZSE.ETF.159928,0.923,0.923,0.927,0.921,0.0,1.018,0.833,12331800.0,0.0,11397282.6,0.0,0.0,0.0,20230823,20230823,94208189,0.925,0.0,0.0,0.923,0.922,0.921,0.92,0.919,0.0,0.0,0.0,0.0,0.0,0.924,0.925,0.926,0.927,0.928,0.0,0.0,0.0,0.0,0.0,158900.0,1220900.0,3400000.0,889400.0,368100.0,0.0,0.0,0.0,0.0,0.0,1065200.0,3201000.0,271500.0,286400.0,72600.0,0.0,0.0,0.0,0.0,0.0
20230823094211040,SZSE,SZSE.ETF.159928,0.923,0.923,0.927,0.921,0.0,1.018,0.833,12331800.0,0.0,11397282.6,0.0,0.0,0.0,20230823,20230823,94211042,0.925,0.0,0.0,0.923,0.922,0.921,0.92,0.919,0.0,0.0,0.0,0.0,0.0,0.924,0.925,0.926,0.927,0.928,0.0,0.0,0.0,0.0,0.0,358900.0,870900.0,3400000.0,889400.0,368100.0,0.0,0.0,0.0,0.0,0.0,865200.0,3201000.0,271500.0,286400.0,72600.0,0.0,0.0,0.0,0.0,0.0
20230823094214032,SZSE,SZSE.ETF.159928,0.923,0.923,0.927,0.921,0.0,1.018,0.833,12331800.0,0.0,11397282.6,0.0,0.0,0.0,20230823,20230823,94214030,0.925,0.0,0.0,0.923,0.922,0.921,0.92,0.919,0.0,0.0,0.0,0.0,0.0,0.924,0.925,0.926,0.927,0.928,0.0,0.0,0.0,0.0,0.0,396500.0,1220900.0,3400000.0,889400.0,368100.0,0.0,0.0,0.0,0.0,0.0,865200.0,3401000.0,271500.0,486400.0,72600.0,0.0,0.0,0.0,0.0,0.0
20230823094217152,SZSE,SZSE.ETF.159928,0.924,0.923,0.927,0.921,0.0,1.018,0.833,12381800.0,50000.0,11443482.6,46200.0,0.0,0.0,20230823,20230823,94217152,0.925,0.0,0.0,0.923,0.922,0.921,0.92,0.919,0.0,0.0,0.0,0.0,0.0,0.924,0.925,0.926,0.927,0.928,0.0,0.0,0.0,0.0,0.0,404200.0,885900.0,3400000.0,889400.0,368100.0,0.0,0.0,0.0,0.0,0.0,815200.0,3401000.0,271500.0,486400.0,72600.0,0.0,0.0,0.0,0.0,0.0
20230823094219992,SZSE,SZSE.ETF.159928,0.924,0.923,0.927,0.921,0.0,1.018,0.833,12381800.0,0.0,11443482.6,0.0,0.0,0.0,20230823,20230823,94219990,0.925,0.0,0.0,0.923,0.922,0.921,0.92,0.919,0.0,0.0,0.0,0.0,0.0,0.924,0.925,0.926,0.927,0.928,0.0,0.0,0.0,0.0,0.0,405800.0,885900.0,3400000.0,889400.0,368100.0,0.0,0.0,0.0,0.0,0.0,1165200.0,3356200.0,271500.0,486400.0,72600.0,0.0,0.0,0.0,0.0,0.0
20230823094223080,SZSE,SZSE.ETF.159928,0.924,0.923,0.927,0.921,0.0,1.018,0.833,12381800.0,0.0,11443482.6,0.0,0.0,0.0,20230823,20230823,94223081,0.925,0.0,0.0,0.923,0.922,0.921,0.92,0.919,0.0,0.0,0.0,0.0,0.0,0.924,0.925,0.926,0.927,0.928,0.0,0.0,0.0,0.0,0.0,326100.0,885900.0,3400000.0,891400.0,368100.0,0.0,0.0,0.0,0.0,0.0,1185200.0,3356200.0,271300.0,486400.0,72600.0,0.0,0.0,0.0,0.0,0.0
20230823094226068,SZSE,SZSE.ETF.159928,0.924,0.923,0.927,0.921,0.0,1.018,0.833,12381800.0,0.0,11443482.6,0.0,0.0,0.0,20230823,20230823,94226069,0.925,0.0,0.0,0.923,0.922,0.921,0.92,0.919,0.0,0.0,0.0,0.0,0.0,0.924,0.925,0.926,0.927,0.928,0.0,0.0,0.0,0.0,0.0,326100.0,896900.0,3400000.0,891400.0,368100.0,0.0,0.0,0.0,0.0,0.0,1217100.0,3356200.0,271300.0,486400.0,72600.0,0.0,0.0,0.0,0.0,0.0
20230823094229040,SZSE,SZSE.ETF.159928,0.924,0.923,0.927,0.921,0.0,1.018,0.833,12431800.0,50000.0,11489682.6,46200.0,0.0,0.0,20230823,20230823,94229041,0.925,0.0,0.0,0.923,0.922,0.921,0.92,0.919,0.0,0.0,0.0,0.0,0.0,0.924,0.925,0.926,0.927,0.928,0.0,0.0,0.0,0.0,0.0,326100.0,896900.0,3400000.0,896400.0,368100.0,0.0,0.0,0.0,0.0,0.0,1167100.0,3356200.0,271300.0,486400.0,72600.0,0.0,0.0,0.0,0.0,0.0
20230823094232204,SZSE,SZSE.ETF.159928,0.923,0.923,0.927,0.921,0.0,1.018,0.833,12989100.0,557300.0,12004070.5,514387.9000000004,0.0,0.0,20230823,20230823,94232204,0.925,0.0,0.0,0.922,0.921,0.92,0.919,0.918,0.0,0.0,0.0,0.0,0.0,0.923,0.924,0.925,0.926,0.927,0.0,0.0,0.0,0.0,0.0,898900.0,1400000.0,2896400.0,368100.0,1399500.0,0.0,0.0,0.0,0.0,0.0,226700.0,3367100.0,1356200.0,271300.0,286400.0,0.0,0.0,0.0,0.0,0.0
20230823094235148,SZSE,SZSE.ETF.159928,0.923,0.923,0.927,0.921,0.0,1.018,0.833,12989100.0,0.0,12004070.5,0.0,0.0,0.0,20230823,20230823,94235149,0.925,0.0,0.0,0.922,0.921,0.92,0.919,0.918,0.0,0.0,0.0,0.0,0.0,0.923,0.924,0.925,0.926,0.927,0.0,0.0,0.0,0.0,0.0,852000.0,1520000.0,3096400.0,368100.0,1399500.0,0.0,0.0,0.0,0.0,0.0,158000.0,3592300.0,1036200.0,271300.0,286400.0,0.0,0.0,0.0,0.0,0.0
20230823094238064,SZSE,SZSE.ETF.159928,0.923,0.923,0.927,0.921,0.0,1.018,0.833,12989100.0,0.0,12004070.5,0.0,0.0,0.0,20230823,20230823,94238062,0.925,0.0,0.0,0.922,0.921,0.92,0.919,0.918,0.0,0.0,0.0,0.0,0.0,0.923,0.924,0.925,0.926,0.927,0.0,0.0,0.0,0.0,0.0,852000.0,1520000.0,3096900.0,368100.0,1399500.0,0.0,0.0,0.0,0.0,0.0,358000.0,3593300.0,1036200.0,71300.0,286400.0,0.0,0.0,0.0,0.0,0.0
20230823094241032,SZSE,SZSE.ETF.159928,0.923,0.923,0.927,0.921,0.0,1.018,0.833,12989500.0,400.0,12004439.7,369.19999999925494,0.0,0.0,20230823,20230823,94241032,0.925,0.0,0.0,0.922,0.921,0.92,0.919,0.918,0.0,0.0,0.0,0.0,0.0,0.923,0.924,0.925,0.926,0.927,0.0,0.0,0.0,0.0,0.0,852000.0,1520000.0,3096900.0,368100.0,1399500.0,0.0,0.0,0.0,0.0,0.0,363800.0,3593300.0,1036200.0,71300.0,286400.0,0.0,0.0,0.0,0.0,0.0
20230823094244024,SZSE,SZSE.ETF.159928,0.923,0.923,0.927,0.921,0.0,1.018,0.833,12994500.0,5000.0,12009054.7,4615.0,0.0,0.0,20230823,20230823,94244025,0.925,0.0,0.0,0.922,0.921,0.92,0.919,0.918,0.0,0.0,0.0,0.0,0.0,0.923,0.924,0.925,0.926,0.927,0.0,0.0,0.0,0.0,0.0,852000.0,1520000.0,3096900.0,368100.0,1399500.0,0.0,0.0,0.0,0.0,0.0,358800.0,3593300.0,1036200.0,71300.0,106400.0,0.0,0.0,0.0,0.0,0.0
20230823094246992,SZSE,SZSE.ETF.159928,0.923,0.923,0.927,0.921,0.0,1.018,0.833,12994500.0,0.0,12009054.7,0.0,0.0,0.0,20230823,20230823,94246994,0.925,0.0,0.0,0.922,0.921,0.92,0.919,0.918,0.0,0.0,0.0,0.0,0.0,0.923,0.924,0.925,0.926,0.927,0.0,0.0,0.0,0.0,0.0,852000.0,1520000.0,3096900.0,368100.0,1447300.0,0.0,0.0,0.0,0.0,0.0,358800.0,3593300.0,1036200.0,71300.0,106400.0,0.0,0.0,0.0,0.0,0.0
20230823094250036,SZSE,SZSE.ETF.159928,0.923,0.923,0.927,0.921,0.0,1.018,0.833,12995400.0,900.0,12009885.4,830.7000000011176,0.0,0.0,20230823,20230823,94250035,0.925,0.0,0.0,0.922,0.921,0.92,0.919,0.918,0.0,0.0,0.0,0.0,0.0,0.923,0.924,0.925,0.926,0.927,0.0,0.0,0.0,0.0,0.0,852000.0,1170000.0,3446900.0,368100.0,1447300.0,0.0,0.0,0.0,0.0,0.0,437900.0,3593300.0,1036200.0,71300.0,106400.0,0.0,0.0,0.0,0.0,0.0
20230823094253032,SZSE,SZSE.ETF.159928,0.923,0.923,0.927,0.921,0.0,1.018,0.833,12995600.0,200.0,12010070.0,184.59999999962747,0.0,0.0,20230823,20230823,94253033,0.925,0.0,0.0,0.922,0.921,0.92,0.919,0.918,0.0,0.0,0.0,0.0,0.0,0.923,0.924,0.925,0.926,0.927,0.0,0.0,0.0,0.0,0.0,706300.0,1170000.0,3446900.0,568100.0,1447300.0,0.0,0.0,0.0,0.0,0.0,448100.0,3593300.0,1036200.0,71300.0,106400.0,0.0,0.0,0.0,0.0,0.0
20230823094255976,SZSE,SZSE.ETF.159928,0.923,0.923,0.927,0.921,0.0,1.018,0.833,12995900.0,300.0,12010346.9,276.90000000037253,0.0,0.0,20230823,20230823,94255976,0.925,0.0,0.0,0.922,0.921,0.92,0.919,0.918,0.0,0.0,0.0,0.0,0.0,0.923,0.924,0.925,0.926,0.927,0.0,0.0,0.0,0.0,0.0,706300.0,1170000.0,3446900.0,568100.0,1447300.0,0.0,0.0,0.0,0.0,0.0,462800.0,3243300.0,1036200.0,71300.0,106400.0,0.0,0.0,0.0,0.0,0.0
20230823094259352,SZSE,SZSE.ETF.159928,0.923,0.923,0.927,0.921,0.0,1.018,0.833,12995900.0,0.0,12010346.9,0.0,0.0,0.0,20230823,20230823,94259352,0.925,0.0,0.0,0.922,0.921,0.92,0.919,0.918,0.0,0.0,0.0,0.0,0.0,0.923,0.924,0.925,0.926,0.927,0.0,0.0,0.0,0.0,0.0,506300.0,1170000.0,3446900.0,568100.0,1447300.0,0.0,0.0,0.0,0.0,0.0,465700.0,3243300.0,1036200.0,71300.0,106400.0,0.0,0.0,0.0,0.0,0.0
20230823094302104,SZSE,SZSE.ETF.159928,0.922,0.923,0.927,0.921,0.0,1.018,0.833,13452000.0,456100.0,12430871.1,420524.19999999925,0.0,0.0,20230823,20230823,94302104,0.925,0.0,0.0,0.921,0.92,0.919,0.918,0.917,0.0,0.0,0.0,0.0,0.0,0.923,0.924,0.925,0.926,0.927,0.0,0.0,0.0,0.0,0.0,1250100.0,3566900.0,568100.0,1447300.0,88700.0,0.0,0.0,0.0,0.0,0.0,2586300.0,1123300.0,1036200.0,71300.0,106400.0,0.0,0.0,0.0,0.0,0.0
20230823094305044,SZSE,SZSE.ETF.159928,0.922,0.923,0.927,0.921,0.0,1.018,0.833,13452000.0,0.0,12430871.1,0.0,0.0,0.0,20230823,20230823,94305045,0.925,0.0,0.0,0.922,0.921,0.92,0.919,0.918,0.0,0.0,0.0,0.0,0.0,0.923,0.924,0.925,0.926,0.927,0.0,0.0,0.0,0.0,0.0,2000.0,1130100.0,3686900.0,568100.0,1447300.0,0.0,0.0,0.0,0.0,0.0,2586300.0,1123300.0,1036200.0,71300.0,106400.0,0.0,0.0,0.0,0.0,0.0
20230823094308344,SZSE,SZSE.ETF.159928,0.922,0.923,0.927,0.921,0.0,1.018,0.833,13459000.0,7000.0,12437330.1,6459.0,0.0,0.0,20230823,20230823,94308346,0.925,0.0,0.0,0.921,0.92,0.919,0.918,0.917,0.0,0.0,0.0,0.0,0.0,0.923,0.924,0.925,0.926,0.927,0.0,0.0,0.0,0.0,0.0,1350100.0,3568400.0,568100.0,1447300.0,88700.0,0.0,0.0,0.0,0.0,0.0,2588200.0,1123300.0,1036200.0,71300.0,106400.0,0.0,0.0,0.0,0.0,0.0
20230823094311024,SZSE,SZSE.ETF.159928,0.922,0.923,0.927,0.921,0.0,1.018,0.833,13459000.0,0.0,12437330.1,0.0,0.0,0.0,20230823,20230823,94311023,0.925,0.0,0.0,0.922,0.921,0.92,0.919,0.918,0.0,0.0,0.0,0.0,0.0,0.923,0.924,0.925,0.926,0.927,0.0,0.0,0.0,0.0,0.0,80000.0,740100.0,3688600.0,1068100.0,1447300.0,0.0,0.0,0.0,0.0,0.0,3088200.0,1123300.0,536200.0,71300.0,106400.0,0.0,0.0,0.0,0.0,0.0
20230823094314116,SZSE,SZSE.ETF.159928,0.922,0.923,0.927,0.921,0.0,1.018,0.833,13459000.0,0.0,12437330.1,0.0,0.0,0.0,20230823,20230823,94314116,0.925,0.0,0.0,0.922,0.921,0.92,0.919,0.918,0.0,0.0,0.0,0.0,0.0,0.923,0.924,0.925,0.926,0.927,0.0,0.0,0.0,0.0,0.0,16000.0,760100.0,3568600.0,1068100.0,1447300.0,0.0,0.0,0.0,0.0,0.0,3088200.0,1123300.0,536200.0,71300.0,106400.0,0.0,0.0,0.0,0.0,0.0
20230823094316968,SZSE,SZSE.ETF.159928,0.922,0.923,0.927,0.921,0.0,1.018,0.833,13477600.0,18600.0,12454479.3,17149.200000001118,0.0,0.0,20230823,20230823,94316970,0.925,0.0,0.0,0.922,0.921,0.92,0.919,0.918,0.0,0.0,0.0,0.0,0.0,0.923,0.924,0.925,0.926,0.927,0.0,0.0,0.0,0.0,0.0,186100.0,861100.0,3568600.0,1068100.0,1447300.0,0.0,0.0,0.0,0.0,0.0,3088200.0,1103300.0,536200.0,71300.0,106400.0,0.0,0.0,0.0,0.0,0.0
20230823094319988,SZSE,SZSE.ETF.159928,0.922,0.923,0.927,0.921,0.0,1.018,0.833,13487600.0,10000.0,12463699.3,9220.0,0.0,0.0,20230823,20230823,94319988,0.925,0.0,0.0,0.922,0.921,0.92,0.919,0.918,0.0,0.0,0.0,0.0,0.0,0.923,0.924,0.925,0.926,0.927,0.0,0.0,0.0,0.0,0.0,293300.0,1111100.0,3568000.0,1068100.0,1447300.0,0.0,0.0,0.0,0.0,0.0,3075300.0,1633300.0,536200.0,71300.0,106400.0,0.0,0.0,0.0,0.0,0.0
20230823094323020,SZSE,SZSE.ETF.159928,0.923,0.923,0.927,0.921,0.0,1.018,0.833,13517600.0,30000.0,12491389.3,27690.0,0.0,0.0,20230823,20230823,94323020,0.925,0.0,0.0,0.922,0.921,0.92,0.919,0.918,0.0,0.0,0.0,0.0,0.0,0.923,0.924,0.925,0.926,0.927,0.0,0.0,0.0,0.0,0.0,234700.0,1111100.0,3568000.0,1068100.0,1447300.0,0.0,0.0,0.0,0.0,0.0,3045300.0,1633300.0,536200.0,71300.0,106400.0,0.0,0.0,0.0,0.0,0.0
20230823094325968,SZSE,SZSE.ETF.159928,0.922,0.923,0.927,0.921,0.0,1.018,0.833,13578400.0,60800.0,12547446.9,56057.59999999963,0.0,0.0,20230823,20230823,94325966,0.925,0.0,0.0,0.922,0.921,0.92,0.919,0.918,0.0,0.0,0.0,0.0,0.0,0.923,0.924,0.925,0.926,0.927,0.0,0.0,0.0,0.0,0.0,138600.0,761100.0,3568000.0,1068100.0,1447300.0,0.0,0.0,0.0,0.0,0.0,1058200.0,3283300.0,536200.0,71300.0,106400.0,0.0,0.0,0.0,0.0,0.0
20230823094328956,SZSE,SZSE.ETF.159928,0.922,0.923,0.927,0.921,0.0,1.018,0.833,13578400.0,0.0,12547446.9,0.0,0.0,0.0,20230823,20230823,94328957,0.925,0.0,0.0,0.922,0.921,0.92,0.919,0.918,0.0,0.0,0.0,0.0,0.0,0.923,0.924,0.925,0.926,0.927,0.0,0.0,0.0,0.0,0.0,58600.0,803100.0,3568000.0,1068100.0,1447300.0,0.0,0.0,0.0,0.0,0.0,1059200.0,3283300.0,536200.0,71300.0,106400.0,0.0,0.0,0.0,0.0,0.0
20230823094331968,SZSE,SZSE.ETF.159928,0.922,0.923,0.927,0.921,0.0,1.018,0.833,13578400.0,0.0,12547446.9,0.0,0.0,0.0,20230823,20230823,94331968,0.925,0.0,0.0,0.922,0.921,0.92,0.919,0.918,0.0,0.0,0.0,0.0,0.0,0.923,0.924,0.925,0.926,0.927,0.0,0.0,0.0,0.0,0.0,144700.0,803100.0,3568000.0,1068100.0,1447300.0,0.0,0.0,0.0,0.0,0.0,1046300.0,3633300.0,536200.0,71300.0,106400.0,0.0,0.0,0.0,0.0,0.0
20230823094335044,SZSE,SZSE.ETF.159928,0.923,0.923,0.927,0.921,0.0,1.018,0.833,13578500.0,100.0,12547539.2,92.29999999888241,0.0,0.0,20230823,20230823,94335045,0.925,0.0,0.0,0.922,0.921,0.92,0.919,0.918,0.0,0.0,0.0,0.0,0.0,0.923,0.924,0.925,0.926,0.927,0.0,0.0,0.0,0.0,0.0,111900.0,953200.0,3568000.0,1068100.0,1447300.0,0.0,0.0,0.0,0.0,0.0,1096200.0,3633300.0,536200.0,71300.0,106400.0,0.0,0.0,0.0,0.0,0.0
20230823094337996,SZSE,SZSE.ETF.159928,0.923,0.923,0.927,0.921,0.0,1.018,0.833,13578500.0,0.0,12547539.2,0.0,0.0,0.0,20230823,20230823,94337997,0.925,0.0,0.0,0.922,0.921,0.92,0.919,0.918,0.0,0.0,0.0,0.0,0.0,0.923,0.924,0.925,0.926,0.927,0.0,0.0,0.0,0.0,0.0,311900.0,1223200.0,3448600.0,568100.0,1447300.0,0.0,0.0,0.0,0.0,0.0,476200.0,3753300.0,1036200.0,71300.0,106400.0,0.0,0.0,0.0,0.0,0.0
20230823094340976,SZSE,SZSE.ETF.159928,0.923,0.923,0.927,0.921,0.0,1.018,0.833,13578500.0,0.0,12547539.2,0.0,0.0,0.0,20230823,20230823,94340977,0.925,0.0,0.0,0.922,0.921,0.92,0.919,0.918,0.0,0.0,0.0,0.0,0.0,0.923,0.924,0.925,0.926,0.927,0.0,0.0,0.0,0.0,0.0,245300.0,1773200.0,3448600.0,568100.0,1447300.0,0.0,0.0,0.0,0.0,0.0,477200.0,3753300.0,1036200.0,71300.0,106400.0,0.0,0.0,0.0,0.0,0.0
20230823094343956,SZSE,SZSE.ETF.159928,0.923,0.923,0.927,0.921,0.0,1.018,0.833,13578500.0,0.0,12547539.2,0.0,0.0,0.0,20230823,20230823,94343957,0.925,0.0,0.0,0.922,0.921,0.92,0.919,0.918,0.0,0.0,0.0,0.0,0.0,0.923,0.924,0.925,0.926,0.927,0.0,0.0,0.0,0.0,0.0,245300.0,1573200.0,3448600.0,568100.0,1447300.0,0.0,0.0,0.0,0.0,0.0,358200.0,3753300.0,1036200.0,71300.0,106400.0,0.0,0.0,0.0,0.0,0.0
20230823094346964,SZSE,SZSE.ETF.159928,0.923,0.923,0.927,0.921,0.0,1.018,0.833,13578500.0,0.0,12547539.2,0.0,0.0,0.0,20230823,20230823,94346965,0.925,0.0,0.0,0.922,0.921,0.92,0.919,0.918,0.0,0.0,0.0,0.0,0.0,0.923,0.924,0.925,0.926,0.927,0.0,0.0,0.0,0.0,0.0,645300.0,1573200.0,3448600.0,368100.0,1447300.0,0.0,0.0,0.0,0.0,0.0,438200.0,3753300.0,1036200.0,71300.0,106400.0,0.0,0.0,0.0,0.0,0.0
20230823094349968,SZSE,SZSE.ETF.159928,0.923,0.923,0.927,0.921,0.0,1.018,0.833,13578500.0,0.0,12547539.2,0.0,0.0,0.0,20230823,20230823,94349970,0.925,0.0,0.0,0.922,0.921,0.92,0.919,0.918,0.0,0.0,0.0,0.0,0.0,0.923,0.924,0.925,0.926,0.927,0.0,0.0,0.0,0.0,0.0,483000.0,1573200.0,3448600.0,568100.0,1447300.0,0.0,0.0,0.0,0.0,0.0,438200.0,3753300.0,1036200.0,71300.0,106400.0,0.0,0.0,0.0,0.0,0.0
20230823094353048,SZSE,SZSE.ETF.159928,0.923,0.923,0.927,0.921,0.0,1.018,0.833,13578600.0,100.0,12547631.5,92.30000000074506,0.0,0.0,20230823,20230823,94353047,0.925,0.0,0.0,0.922,0.921,0.92,0.919,0.918,0.0,0.0,0.0,0.0,0.0,0.923,0.924,0.925,0.926,0.927,0.0,0.0,0.0,0.0,0.0,683000.0,3573200.0,1448600.0,368100.0,1448300.0,0.0,0.0,0.0,0.0,0.0,358300.0,3753300.0,1036200.0,71300.0,106400.0,0.0,0.0,0.0,0.0,0.0
20230823094355976,SZSE,SZSE.ETF.159928,0.923,0.923,0.927,0.921,0.0,1.018,0.833,13578600.0,0.0,12547631.5,0.0,0.0,0.0,20230823,20230823,94355978,0.925,0.0,0.0,0.922,0.921,0.92,0.919,0.918,0.0,0.0,0.0,0.0,0.0,0.923,0.924,0.925,0.926,0.927,0.0,0.0,0.0,0.0,0.0,683100.0,1223200.0,3448600.0,368100.0,1448300.0,0.0,0.0,0.0,0.0,0.0,451200.0,3403300.0,1036200.0,71300.0,106400.0,0.0,0.0,0.0,0.0,0.0
20230823094614896,SZSE,SZSE.ETF.159928,0.922,0.923,0.927,0.921,0.0,1.018,0.833,13771200.0,0.0,12725211.1,0.0,0.0,0.0,20230823,20230823,94614897,0.925,0.0,0.0,0.921,0.92,0.919,0.918,0.917,0.0,0.0,0.0,0.0,0.0,0.922,0.923,0.924,0.925,0.926,0.0,0.0,0.0,0.0,0.0,480900.0,1656600.0,3660200.0,1922400.0,330700.0,0.0,0.0,0.0,0.0,0.0,2828500.0,1538000.0,1205300.0,578200.0,313300.0,0.0,0.0,0.0,0.0,0.0
20230823094617324,SZSE,SZSE.ETF.159928,0.921,0.923,0.927,0.921,0.0,1.018,0.833,14062100.0,290900.0,12993130.0,267918.9000000004,0.0,0.0,20230823,20230823,94617323,0.925,0.0,0.0,0.92,0.919,0.918,0.917,0.916,0.0,0.0,0.0,0.0,0.0,0.921,0.922,0.923,0.924,0.925,0.0,0.0,0.0,0.0,0.0,794600.0,3780300.0,2422400.0,330700.0,600700.0,0.0,0.0,0.0,0.0,0.0,252600.0,3705700.0,1418100.0,790000.0,453000.0,0.0,0.0,0.0,0.0,0.0
20230823094624284,SZSE,SZSE.ETF.159928,0.921,0.923,0.927,0.921,0.0,1.018,0.833,14086400.0,24300.0,13015510.3,22380.300000000745,0.0,0.0,20230823,20230823,94624285,0.925,0.0,0.0,0.92,0.919,0.918,0.917,0.916,0.0,0.0,0.0,0.0,0.0,0.921,0.922,0.923,0.924,0.925,0.0,0.0,0.0,0.0,0.0,876500.0,1900300.0,4422400.0,330700.0,600700.0,0.0,0.0,0.0,0.0,0.0,227400.0,3725700.0,1298100.0,790000.0,453000.0,0.0,0.0,0.0,0.0,0.0
20230823094624484,SZSE,SZSE.ETF.159928,0.921,0.923,0.927,0.921,0.0,1.018,0.833,14093400.0,7000.0,13021957.3,6447.0,0.0,0.0,20230823,20230823,94624485,0.925,0.0,0.0,0.92,0.919,0.918,0.917,0.916,0.0,0.0,0.0,0.0,0.0,0.921,0.922,0.923,0.924,0.925,0.0,0.0,0.0,0.0,0.0,962300.0,1900300.0,4422400.0,330700.0,600700.0,0.0,0.0,0.0,0.0,0.0,170500.0,3725700.0,1298100.0,790000.0,453000.0,0.0,0.0,0.0,0.0,0.0
20230823094627832,SZSE,SZSE.ETF.159928,0.921,0.923,0.927,0.921,0.0,1.018,0.833,14093400.0,0.0,13021957.3,0.0,0.0,0.0,20230823,20230823,94627831,0.925,0.0,0.0,0.92,0.919,0.918,0.917,0.916,0.0,0.0,0.0,0.0,0.0,0.921,0.922,0.923,0.924,0.925,0.0,0.0,0.0,0.0,0.0,962300.0,1900300.0,4422400.0,330700.0,600700.0,0.0,0.0,0.0,0.0,0.0,170500.0,3710500.0,1298100.0,790000.0,453000.0,0.0,0.0,0.0,0.0,0.0
20230823094630648,SZSE,SZSE.ETF.159928,0.921,0.923,0.927,0.921,0.0,1.018,0.833,14093400.0,0.0,13021957.3,0.0,0.0,0.0,20230823,20230823,94630648,0.925,0.0,0.0,0.92,0.919,0.918,0.917,0.916,0.0,0.0,0.0,0.0,0.0,0.921,0.922,0.923,0.924,0.925,0.0,0.0,0.0,0.0,0.0,963300.0,1900300.0,4422400.0,330700.0,600700.0,0.0,0.0,0.0,0.0,0.0,170500.0,3910500.0,1098100.0,790000.0,453000.0,0.0,0.0,0.0,0.0,0.0
20230823094641040,SZSE,SZSE.ETF.159928,0.921,0.923,0.927,0.921,0.0,1.018,0.833,14098400.0,5000.0,13026562.3,4605.0,0.0,0.0,20230823,20230823,94641041,0.925,0.0,0.0,0.92,0.919,0.918,0.917,0.916,0.0,0.0,0.0,0.0,0.0,0.921,0.922,0.923,0.924,0.925,0.0,0.0,0.0,0.0,0.0,965800.0,1900800.0,4420400.0,330700.0,600700.0,0.0,0.0,0.0,0.0,0.0,15200.0,3580000.0,1218100.0,790000.0,453000.0,0.0,0.0,0.0,0.0,0.0
20230823094644008,SZSE,SZSE.ETF.159928,0.921,0.923,0.927,0.921,0.0,1.018,0.833,14098400.0,0.0,13026562.3,0.0,0.0,0.0,20230823,20230823,94644009,0.925,0.0,0.0,0.92,0.919,0.918,0.917,0.916,0.0,0.0,0.0,0.0,0.0,0.921,0.922,0.923,0.924,0.925,0.0,0.0,0.0,0.0,0.0,965800.0,1901300.0,4420400.0,330700.0,600700.0,0.0,0.0,0.0,0.0,0.0,15200.0,3942000.0,1098100.0,790000.0,453000.0,0.0,0.0,0.0,0.0,0.0
20230823094650068,SZSE,SZSE.ETF.159928,0.921,0.923,0.927,0.921,0.0,1.018,0.833,14098400.0,0.0,13026562.3,0.0,0.0,0.0,20230823,20230823,94650067,0.925,0.0,0.0,0.92,0.919,0.918,0.917,0.916,0.0,0.0,0.0,0.0,0.0,0.921,0.922,0.923,0.924,0.925,0.0,0.0,0.0,0.0,0.0,975000.0,1901300.0,4420400.0,330700.0,600700.0,0.0,0.0,0.0,0.0,0.0,282100.0,3842000.0,1098100.0,590000.0,453000.0,0.0,0.0,0.0,0.0,0.0
20230823094653120,SZSE,SZSE.ETF.159928,0.921,0.923,0.927,0.921,0.0,1.018,0.833,14098400.0,0.0,13026562.3,0.0,0.0,0.0,20230823,20230823,94653119,0.925,0.0,0.0,0.92,0.919,0.918,0.917,0.916,0.0,0.0,0.0,0.0,0.0,0.921,0.922,0.923,0.924,0.925,0.0,0.0,0.0,0.0,0.0,975000.0,1909400.0,4420400.0,330700.0,600700.0,0.0,0.0,0.0,0.0,0.0,295500.0,3842000.0,1098100.0,590000.0,453000.0,0.0,0.0,0.0,0.0,0.0
20230823094655968,SZSE,SZSE.ETF.159928,0.921,0.923,0.927,0.921,0.0,1.018,0.833,14098400.0,0.0,13026562.3,0.0,0.0,0.0,20230823,20230823,94655970,0.925,0.0,0.0,0.92,0.919,0.918,0.917,0.916,0.0,0.0,0.0,0.0,0.0,0.921,0.922,0.923,0.924,0.925,0.0,0.0,0.0,0.0,0.0,975000.0,3908900.0,2420400.0,330700.0,600700.0,0.0,0.0,0.0,0.0,0.0,298200.0,3842000.0,1098100.0,590000.0,453000.0,0.0,0.0,0.0,0.0,0.0
20230823094658980,SZSE,SZSE.ETF.159928,0.921,0.923,0.927,0.921,0.0,1.018,0.833,14098400.0,0.0,13026562.3,0.0,0.0,0.0,20230823,20230823,94658980,0.925,0.0,0.0,0.92,0.919,0.918,0.917,0.916,0.0,0.0,0.0,0.0,0.0,0.921,0.922,0.923,0.924,0.925,0.0,0.0,0.0,0.0,0.0,975000.0,1908900.0,4420400.0,330700.0,600700.0,0.0,0.0,0.0,0.0,0.0,148700.0,3842000.0,1098100.0,790000.0,453000.0,0.0,0.0,0.0,0.0,0.0
20230823094701996,SZSE,SZSE.ETF.159928,0.921,0.923,0.927,0.921,0.0,1.018,0.833,14260300.0,161900.0,13175677.6,149115.29999999888,0.0,0.0,20230823,20230823,94701995,0.925,0.0,0.0,0.921,0.92,0.919,0.918,0.917,0.0,0.0,0.0,0.0,0.0,0.922,0.923,0.924,0.925,0.926,0.0,0.0,0.0,0.0,0.0,237900.0,1222000.0,3908900.0,2420400.0,330700.0,0.0,0.0,0.0,0.0,0.0,1594600.0,3098100.0,790000.0,453000.0,318300.0,0.0,0.0,0.0,0.0,0.0
20230823094705028,SZSE,SZSE.ETF.159928,0.921,0.923,0.927,0.921,0.0,1.018,0.833,14260300.0,0.0,13175677.6,0.0,0.0,0.0,20230823,20230823,94705027,0.925,0.0,0.0,0.921,0.92,0.919,0.918,0.917,0.0,0.0,0.0,0.0,0.0,0.922,0.923,0.924,0.925,0.926,0.0,0.0,0.0,0.0,0.0,248800.0,1338200.0,3788900.0,2420400.0,330700.0,0.0,0.0,0.0,0.0,0.0,1374600.0,3218100.0,790000.0,453000.0,318300.0,0.0,0.0,0.0,0.0,0.0
20230823094708092,SZSE,SZSE.ETF.159928,0.921,0.923,0.927,0.921,0.0,1.018,0.833,14260300.0,0.0,13175677.6,0.0,0.0,0.0,20230823,20230823,94708092,0.925,0.0,0.0,0.921,0.92,0.919,0.918,0.917,0.0,0.0,0.0,0.0,0.0,0.922,0.923,0.924,0.925,0.926,0.0,0.0,0.0,0.0,0.0,251000.0,1338200.0,3788900.0,2420400.0,330700.0,0.0,0.0,0.0,0.0,0.0,1374600.0,3417100.0,790000.0,453000.0,318300.0,0.0,0.0,0.0,0.0,0.0
20230823094710984,SZSE,SZSE.ETF.159928,0.921,0.923,0.927,0.921,0.0,1.018,0.833,14260300.0,0.0,13175677.6,0.0,0.0,0.0,20230823,20230823,94710983,0.925,0.0,0.0,0.921,0.92,0.919,0.918,0.917,0.0,0.0,0.0,0.0,0.0,0.922,0.923,0.924,0.925,0.926,0.0,0.0,0.0,0.0,0.0,251500.0,1338200.0,3788900.0,2420400.0,330700.0,0.0,0.0,0.0,0.0,0.0,1374600.0,3417100.0,790000.0,453000.0,318300.0,0.0,0.0,0.0,0.0,0.0
20230823094714008,SZSE,SZSE.ETF.159928,0.921,0.923,0.927,0.921,0.0,1.018,0.833,14260300.0,0.0,13175677.6,0.0,0.0,0.0,20230823,20230823,94714007,0.925,0.0,0.0,0.921,0.92,0.919,0.918,0.917,0.0,0.0,0.0,0.0,0.0,0.922,0.923,0.924,0.925,0.926,0.0,0.0,0.0,0.0,0.0,251600.0,1338200.0,3788900.0,2420400.0,330700.0,0.0,0.0,0.0,0.0,0.0,1374600.0,3397100.0,790000.0,453000.0,318300.0,0.0,0.0,0.0,0.0,0.0
20230823094720156,SZSE,SZSE.ETF.159928,0.921,0.923,0.927,0.921,0.0,1.018,0.833,14260300.0,0.0,13175677.6,0.0,0.0,0.0,20230823,20230823,94720155,0.925,0.0,0.0,0.921,0.92,0.919,0.918,0.917,0.0,0.0,0.0,0.0,0.0,0.922,0.923,0.924,0.925,0.926,0.0,0.0,0.0,0.0,0.0,251600.0,1346000.0,3788900.0,2427400.0,330700.0,0.0,0.0,0.0,0.0,0.0,1374600.0,3397100.0,790000.0,453000.0,318300.0,0.0,0.0,0.0,0.0,0.0
20230823094723536,SZSE,SZSE.ETF.159928,0.921,0.923,0.927,0.921,0.0,1.018,0.833,14461900.0,201600.0,13361351.2,185673.59999999963,0.0,0.0,20230823,20230823,94723538,0.925,0.0,0.0,0.92,0.919,0.918,0.917,0.916,0.0,0.0,0.0,0.0,0.0,0.921,0.922,0.923,0.924,0.925,0.0,0.0,0.0,0.0,0.0,1104000.0,1773900.0,4777400.0,345700.0,600700.0,0.0,0.0,0.0,0.0,0.0,119500.0,3616600.0,1397100.0,790000.0,453000.0,0.0,0.0,0.0,0.0,0.0
20230823094726304,SZSE,SZSE.ETF.159928,0.921,0.923,0.927,0.921,0.0,1.018,0.833,14461900.0,0.0,13361351.2,0.0,0.0,0.0,20230823,20230823,94726303,0.925,0.0,0.0,0.92,0.919,0.918,0.917,0.916,0.0,0.0,0.0,0.0,0.0,0.921,0.922,0.923,0.924,0.925,0.0,0.0,0.0,0.0,0.0,753700.0,1893900.0,4777400.0,555700.0,600700.0,0.0,0.0,0.0,0.0,0.0,343400.0,3636600.0,1077100.0,590000.0,453000.0,0.0,0.0,0.0,0.0,0.0
20230823094729172,SZSE,SZSE.ETF.159928,0.921,0.923,0.927,0.921,0.0,1.018,0.833,14461900.0,0.0,13361351.2,0.0,0.0,0.0,20230823,20230823,94729171,0.925,0.0,0.0,0.92,0.919,0.918,0.917,0.916,0.0,0.0,0.0,0.0,0.0,0.921,0.922,0.923,0.924,0.925,0.0,0.0,0.0,0.0,0.0,1027800.0,1893900.0,4777400.0,355700.0,600700.0,0.0,0.0,0.0,0.0,0.0,388100.0,3837600.0,1077100.0,590000.0,453000.0,0.0,0.0,0.0,0.0,0.0
20230823094732008,SZSE,SZSE.ETF.159928,0.921,0.923,0.927,0.921,0.0,1.018,0.833,14461900.0,0.0,13361351.2,0.0,0.0,0.0,20230823,20230823,94732009,0.925,0.0,0.0,0.92,0.919,0.918,0.917,0.916,0.0,0.0,0.0,0.0,0.0,0.921,0.922,0.923,0.924,0.925,0.0,0.0,0.0,0.0,0.0,1028800.0,1893900.0,4777400.0,355700.0,600700.0,0.0,0.0,0.0,0.0,0.0,197100.0,3837600.0,1077100.0,790000.0,453000.0,0.0,0.0,0.0,0.0,0.0
20230823094735012,SZSE,SZSE.ETF.159928,0.921,0.923,0.927,0.921,0.0,1.018,0.833,14463900.0,2000.0,13363193.2,1842.0,0.0,0.0,20230823,20230823,94735012,0.925,0.0,0.0,0.92,0.919,0.918,0.917,0.916,0.0,0.0,0.0,0.0,0.0,0.921,0.922,0.923,0.924,0.925,0.0,0.0,0.0,0.0,0.0,1038100.0,1893900.0,2777400.0,355700.0,600700.0,0.0,0.0,0.0,0.0,0.0,135100.0,3837600.0,1077100.0,610000.0,453000.0,0.0,0.0,0.0,0.0,0.0
20230823094737984,SZSE,SZSE.ETF.159928,0.921,0.923,0.927,0.921,0.0,1.018,0.833,14463900.0,0.0,13363193.2,0.0,0.0,0.0,20230823,20230823,94737983,0.925,0.0,0.0,0.92,0.919,0.918,0.917,0.916,0.0,0.0,0.0,0.0,0.0,0.921,0.922,0.923,0.924,0.925,0.0,0.0,0.0,0.0,0.0,1042500.0,3893900.0,2777400.0,355700.0,600700.0,0.0,0.0,0.0,0.0,0.0,135100.0,3637600.0,1077100.0,610000.0,453000.0,0.0,0.0,0.0,0.0,0.0
20230823094740976,SZSE,SZSE.ETF.159928,0.921,0.923,0.927,0.921,0.0,1.018,0.833,14463900.0,0.0,13363193.2,0.0,0.0,0.0,20230823,20230823,94740977,0.925,0.0,0.0,0.92,0.919,0.918,0.917,0.916,0.0,0.0,0.0,0.0,0.0,0.921,0.922,0.923,0.924,0.925,0.0,0.0,0.0,0.0,0.0,1042500.0,3893900.0,2777400.0,355700.0,600700.0,0.0,0.0,0.0,0.0,0.0,135100.0,3637600.0,1277100.0,610000.0,453000.0,0.0,0.0,0.0,0.0,0.0
20230823094743972,SZSE,SZSE.ETF.159928,0.921,0.923,0.927,0.921,0.0,1.018,0.833,14599500.0,135600.0,13488080.8,124887.60000000149,0.0,0.0,20230823,20230823,94743972,0.925,0.0,0.0,0.921,0.92,0.919,0.918,0.917,0.0,0.0,0.0,0.0,0.0,0.922,0.923,0.924,0.925,0.926,0.0,0.0,0.0,0.0,0.0,229200.0,1334800.0,3895700.0,2777400.0,355700.0,0.0,0.0,0.0,0.0,0.0,1395600.0,3277100.0,610000.0,453000.0,318300.0,0.0,0.0,0.0,0.0,0.0
20230823094747004,SZSE,SZSE.ETF.159928,0.921,0.923,0.927,0.921,0.0,1.018,0.833,14599500.0,0.0,13488080.8,0.0,0.0,0.0,20230823,20230823,94747004,0.925,0.0,0.0,0.921,0.92,0.919,0.918,0.917,0.0,0.0,0.0,0.0,0.0,0.922,0.923,0.924,0.925,0.926,0.0,0.0,0.0,0.0,0.0,235300.0,1354800.0,3775700.0,2777400.0,355700.0,0.0,0.0,0.0,0.0,0.0,1348300.0,3397100.0,610000.0,453000.0,318300.0,0.0,0.0,0.0,0.0,0.0
20230823094750024,SZSE,SZSE.ETF.159928,0.921,0.923,0.927,0.921,0.0,1.018,0.833,14599500.0,0.0,13488080.8,0.0,0.0,0.0,20230823,20230823,94750023,0.925,0.0,0.0,0.921,0.92,0.919,0.918,0.917,0.0,0.0,0.0,0.0,0.0,0.922,0.923,0.924,0.925,0.926,0.0,0.0,0.0,0.0,0.0,236500.0,1354800.0,3775700.0,2777400.0,355700.0,0.0,0.0,0.0,0.0,0.0,1348300.0,3397100.0,610000.0,453000.0,318300.0,0.0,0.0,0.0,0.0,0.0
20230823094753048,SZSE,SZSE.ETF.159928,0.921,0.923,0.927,0.921,0.0,1.018,0.833,14599500.0,0.0,13488080.8,0.0,0.0,0.0,20230823,20230823,94753048,0.925,0.0,0.0,0.921,0.92,0.919,0.918,0.917,0.0,0.0,0.0,0.0,0.0,0.922,0.923,0.924,0.925,0.926,0.0,0.0,0.0,0.0,0.0,236800.0,1354900.0,3775700.0,2777400.0,365700.0,0.0,0.0,0.0,0.0,0.0,1348300.0,3397100.0,610000.0,453000.0,318300.0,0.0,0.0,0.0,0.0,0.0
20230823094759136,SZSE,SZSE.ETF.159928,0.921,0.923,0.927,0.921,0.0,1.018,0.833,14599500.0,0.0,13488080.8,0.0,0.0,0.0,20230823,20230823,94759137,0.925,0.0,0.0,0.921,0.92,0.919,0.918,0.917,0.0,0.0,0.0,0.0,0.0,0.922,0.923,0.924,0.925,0.926,0.0,0.0,0.0,0.0,0.0,266800.0,1354900.0,3775700.0,2777400.0,366700.0,0.0,0.0,0.0,0.0,0.0,1348300.0,3397100.0,610000.0,453000.0,318300.0,0.0,0.0,0.0,0.0,0.0
20230823094802124,SZSE,SZSE.ETF.159928,0.921,0.923,0.927,0.921,0.0,1.018,0.833,14659500.0,60000.0,13543340.8,55260.0,0.0,0.0,20230823,20230823,94802125,0.925,0.0,0.0,0.921,0.92,0.919,0.918,0.917,0.0,0.0,0.0,0.0,0.0,0.922,0.923,0.924,0.925,0.926,0.0,0.0,0.0,0.0,0.0,212800.0,1355900.0,3775700.0,2777400.0,366700.0,0.0,0.0,0.0,0.0,0.0,1348300.0,3397100.0,610000.0,453000.0,318300.0,0.0,0.0,0.0,0.0,0.0
20230823094805080,SZSE,SZSE.ETF.159928,0.921,0.923,0.927,0.921,0.0,1.018,0.833,14659500.0,0.0,13543340.8,0.0,0.0,0.0,20230823,20230823,94805082,0.925,0.0,0.0,0.921,0.92,0.919,0.918,0.917,0.0,0.0,0.0,0.0,0.0,0.922,0.923,0.924,0.925,0.926,0.0,0.0,0.0,0.0,0.0,213300.0,1355900.0,3761600.0,2777400.0,366700.0,0.0,0.0,0.0,0.0,0.0,1348300.0,3397100.0,610000.0,453000.0,318300.0,0.0,0.0,0.0,0.0,0.0
20230823094808160,SZSE,SZSE.ETF.159928,0.921,0.923,0.927,0.921,0.0,1.018,0.833,14659500.0,0.0,13543340.8,0.0,0.0,0.0,20230823,20230823,94808162,0.925,0.0,0.0,0.921,0.92,0.919,0.918,0.917,0.0,0.0,0.0,0.0,0.0,0.922,0.923,0.924,0.925,0.926,0.0,0.0,0.0,0.0,0.0,213300.0,1356000.0,3761600.0,2777400.0,366700.0,0.0,0.0,0.0,0.0,0.0,1348300.0,3397100.0,610000.0,453000.0,318300.0,0.0,0.0,0.0,0.0,0.0
20230823094814096,SZSE,SZSE.ETF.159928,0.921,0.923,0.927,0.921,0.0,1.018,0.833,14659500.0,0.0,13543340.8,0.0,0.0,0.0,20230823,20230823,94814094,0.925,0.0,0.0,0.921,0.92,0.919,0.918,0.917,0.0,0.0,0.0,0.0,0.0,0.922,0.923,0.924,0.925,0.926,0.0,0.0,0.0,0.0,0.0,213300.0,1366000.0,3761600.0,2777400.0,366700.0,0.0,0.0,0.0,0.0,0.0,1348300.0,3397100.0,610000.0,453000.0,318300.0,0.0,0.0,0.0,0.0,0.0
20230823094816992,SZSE,SZSE.ETF.159928,0.921,0.923,0.927,0.921,0.0,1.018,0.833,14659500.0,0.0,13543340.8,0.0,0.0,0.0,20230823,20230823,94816993,0.925,0.0,0.0,0.921,0.92,0.919,0.918,0.917,0.0,0.0,0.0,0.0,0.0,0.922,0.923,0.924,0.925,0.926,0.0,0.0,0.0,0.0,0.0,213900.0,1366000.0,3761600.0,2777400.0,366900.0,0.0,0.0,0.0,0.0,0.0,1348300.0,3397100.0,610000.0,453000.0,318300.0,0.0,0.0,0.0,0.0,0.0
20230823094820036,SZSE,SZSE.ETF.159928,0.921,0.923,0.927,0.921,0.0,1.018,0.833,14659500.0,0.0,13543340.8,0.0,0.0,0.0,20230823,20230823,94820035,0.925,0.0,0.0,0.921,0.92,0.919,0.918,0.917,0.0,0.0,0.0,0.0,0.0,0.922,0.923,0.924,0.925,0.926,0.0,0.0,0.0,0.0,0.0,113900.0,1366000.0,3761600.0,2777400.0,366900.0,0.0,0.0,0.0,0.0,0.0,1359300.0,3397100.0,610000.0,453000.0,318300.0,0.0,0.0,0.0,0.0,0.0
20230823094822988,SZSE,SZSE.ETF.159928,0.922,0.923,0.927,0.921,0.0,1.018,0.833,14768700.0,109200.0,13643915.3,100574.5,0.0,0.0,20230823,20230823,94822989,0.925,0.0,0.0,0.921,0.92,0.919,0.918,0.917,0.0,0.0,0.0,0.0,0.0,0.922,0.923,0.924,0.925,0.926,0.0,0.0,0.0,0.0,0.0,15500.0,1366000.0,3761600.0,2777400.0,366900.0,0.0,0.0,0.0,0.0,0.0,1385300.0,3397100.0,610000.0,453000.0,318300.0,0.0,0.0,0.0,0.0,0.0
20230823094825988,SZSE,SZSE.ETF.159928,0.922,0.923,0.927,0.921,0.0,1.018,0.833,14768700.0,0.0,13643915.3,0.0,0.0,0.0,20230823,20230823,94825988,0.925,0.0,0.0,0.921,0.92,0.919,0.918,0.917,0.0,0.0,0.0,0.0,0.0,0.922,0.923,0.924,0.925,0.926,0.0,0.0,0.0,0.0,0.0,100.0,1216700.0,3761600.0,2777400.0,366900.0,0.0,0.0,0.0,0.0,0.0,3385300.0,1400100.0,610000.0,453000.0,318300.0,0.0,0.0,0.0,0.0,0.0
20230823094829012,SZSE,SZSE.ETF.159928,0.921,0.923,0.927,0.921,0.0,1.018,0.833,14768800.0,100.0,13644007.4,92.09999999962747,0.0,0.0,20230823,20230823,94829013,0.925,0.0,0.0,0.92,0.919,0.918,0.917,0.916,0.0,0.0,0.0,0.0,0.0,0.921,0.922,0.923,0.924,0.925,0.0,0.0,0.0,0.0,0.0,1216700.0,3761600.0,2777400.0,366900.0,600700.0,0.0,0.0,0.0,0.0,0.0,129100.0,3385300.0,1396300.0,610000.0,453000.0,0.0,0.0,0.0,0.0,0.0
20230823094832012,SZSE,SZSE.ETF.159928,0.921,0.923,0.927,0.921,0.0,1.018,0.833,14768800.0,0.0,13644007.4,0.0,0.0,0.0,20230823,20230823,94832011,0.925,0.0,0.0,0.92,0.919,0.918,0.917,0.916,0.0,0.0,0.0,0.0,0.0,0.921,0.922,0.923,0.924,0.925,0.0,0.0,0.0,0.0,0.0,1096700.0,3881600.0,2787400.0,366900.0,600700.0,0.0,0.0,0.0,0.0,0.0,154900.0,3647300.0,1276300.0,610000.0,453000.0,0.0,0.0,0.0,0.0,0.0
20230823094835048,SZSE,SZSE.ETF.159928,0.921,0.923,0.927,0.921,0.0,1.018,0.833,14768800.0,0.0,13644007.4,0.0,0.0,0.0,20230823,20230823,94835048,0.925,0.0,0.0,0.92,0.919,0.918,0.917,0.916,0.0,0.0,0.0,0.0,0.0,0.921,0.922,0.923,0.924,0.925,0.0,0.0,0.0,0.0,0.0,1099700.0,3881600.0,2787400.0,366900.0,600700.0,0.0,0.0,0.0,0.0,0.0,280000.0,3647300.0,1276300.0,613000.0,453000.0,0.0,0.0,0.0,0.0,0.0
20230823094837984,SZSE,SZSE.ETF.159928,0.921,0.923,0.927,0.921,0.0,1.018,0.833,14769100.0,300.0,13644283.7,276.2999999988824,0.0,0.0,20230823,20230823,94837986,0.925,0.0,0.0,0.92,0.919,0.918,0.917,0.916,0.0,0.0,0.0,0.0,0.0,0.921,0.922,0.923,0.924,0.925,0.0,0.0,0.0,0.0,0.0,1099700.0,3881600.0,2787400.0,366900.0,600700.0,0.0,0.0,0.0,0.0,0.0,304800.0,3647300.0,1276300.0,613000.0,453000.0,0.0,0.0,0.0,0.0,0.0
20230823094841020,SZSE,SZSE.ETF.159928,0.921,0.923,0.927,0.921,0.0,1.018,0.833,14769100.0,0.0,13644283.7,0.0,0.0,0.0,20230823,20230823,94841021,0.925,0.0,0.0,0.92,0.919,0.918,0.917,0.916,0.0,0.0,0.0,0.0,0.0,0.921,0.922,0.923,0.924,0.925,0.0,0.0,0.0,0.0,0.0,1099700.0,3881600.0,2787400.0,366900.0,600700.0,0.0,0.0,0.0,0.0,0.0,309700.0,3647300.0,1276300.0,613000.0,453000.0,0.0,0.0,0.0,0.0,0.0
20230823094935780,SZSE,SZSE.ETF.159928,0.921,0.923,0.927,0.921,0.0,1.018,0.833,14779700.0,10000.0,13654046.3,9210.0,0.0,0.0,20230823,20230823,94935779,0.925,0.0,0.0,0.92,0.919,0.918,0.917,0.916,0.0,0.0,0.0,0.0,0.0,0.921,0.922,0.923,0.924,0.925,0.0,0.0,0.0,0.0,0.0,892800.0,1536600.0,4787900.0,568400.0,600700.0,0.0,0.0,0.0,0.0,0.0,721300.0,3847300.0,1126300.0,413000.0,435300.0,0.0,0.0,0.0,0.0,0.0
20230823094942964,SZSE,SZSE.ETF.159928,0.921,0.923,0.927,0.921,0.0,1.018,0.833,14780200.0,500.0,13654506.8,460.5,0.0,0.0,20230823,20230823,94942965,0.925,0.0,0.0,0.92,0.919,0.918,0.917,0.916,0.0,0.0,0.0,0.0,0.0,0.921,0.922,0.923,0.924,0.925,0.0,0.0,0.0,0.0,0.0,892800.0,1536600.0,4787900.0,568400.0,600700.0,0.0,0.0,0.0,0.0,0.0,720800.0,3847300.0,1126300.0,413000.0,435300.0,0.0,0.0,0.0,0.0,0.0
20230823094946292,SZSE,SZSE.ETF.159928,0.921,0.923,0.927,0.921,0.0,1.018,0.833,14780200.0,0.0,13654506.8,0.0,0.0,0.0,20230823,20230823,94946293,0.925,0.0,0.0,0.92,0.919,0.918,0.917,0.916,0.0,0.0,0.0,0.0,0.0,0.921,0.922,0.923,0.924,0.925,0.0,0.0,0.0,0.0,0.0,892800.0,1766600.0,4907900.0,568400.0,600700.0,0.0,0.0,0.0,0.0,0.0,840800.0,3727300.0,1126300.0,413000.0,435300.0,0.0,0.0,0.0,0.0,0.0
20230823094948716,SZSE,SZSE.ETF.159928,0.92,0.923,0.927,0.92,0.0,1.018,0.833,14797200.0,17000.0,13670146.8,15640.0,0.0,0.0,20230823,20230823,94948717,0.925,0.0,0.0,0.92,0.919,0.918,0.917,0.916,0.0,0.0,0.0,0.0,0.0,0.921,0.922,0.923,0.924,0.925,0.0,0.0,0.0,0.0,0.0,875800.0,1766600.0,4909800.0,568400.0,601200.0,0.0,0.0,0.0,0.0,0.0,860800.0,3727300.0,1126300.0,413000.0,435300.0,0.0,0.0,0.0,0.0,0.0
20230823094951108,SZSE,SZSE.ETF.159928,0.921,0.923,0.927,0.92,0.0,1.018,0.833,14802300.0,5100.0,13674843.9,4697.0999999996275,0.0,0.0,20230823,20230823,94951107,0.925,0.0,0.0,0.92,0.919,0.918,0.917,0.916,0.0,0.0,0.0,0.0,0.0,0.921,0.922,0.923,0.924,0.925,0.0,0.0,0.0,0.0,0.0,909300.0,1886600.0,4791800.0,568400.0,601200.0,0.0,0.0,0.0,0.0,0.0,735700.0,3847300.0,1126300.0,413000.0,435300.0,0.0,0.0,0.0,0.0,0.0
20230823094953104,SZSE,SZSE.ETF.159928,0.921,0.923,0.927,0.92,0.0,1.018,0.833,14802400.0,100.0,13674936.0,92.09999999962747,0.0,0.0,20230823,20230823,94953103,0.925,0.0,0.0,0.92,0.919,0.918,0.917,0.916,0.0,0.0,0.0,0.0,0.0,0.921,0.922,0.923,0.924,0.925,0.0,0.0,0.0,0.0,0.0,909300.0,1766600.0,4911800.0,568400.0,601200.0,0.0,0.0,0.0,0.0,0.0,905600.0,3727300.0,1126300.0,413000.0,435300.0,0.0,0.0,0.0,0.0,0.0
20230823094955972,SZSE,SZSE.ETF.159928,0.92,0.923,0.927,0.92,0.0,1.018,0.833,14838400.0,36000.0,13708056.5,33120.5,0.0,0.0,20230823,20230823,94955972,0.925,0.0,0.0,0.92,0.919,0.918,0.917,0.916,0.0,0.0,0.0,0.0,0.0,0.921,0.922,0.923,0.924,0.925,0.0,0.0,0.0,0.0,0.0,873800.0,1886600.0,4791800.0,568400.0,604500.0,0.0,0.0,0.0,0.0,0.0,785100.0,3847300.0,1126300.0,413000.0,435300.0,0.0,0.0,0.0,0.0,0.0
20230823095014028,SZSE,SZSE.ETF.159928,0.921,0.923,0.927,0.92,0.0,1.018,0.833,14839400.0,900.0,13708977.5,828.9000000003725,0.0,0.0,20230823,20230823,95014027,0.925,0.0,0.0,0.92,0.919,0.918,0.917,0.916,0.0,0.0,0.0,0.0,0.0,0.921,0.922,0.923,0.924,0.925,0.0,0.0,0.0,0.0,0.0,879600.0,1887800.0,4791800.0,568400.0,604500.0,0.0,0.0,0.0,0.0,0.0,784100.0,3847300.0,1126300.0,413000.0,435300.0,0.0,0.0,0.0,0.0,0.0
20230823095017064,SZSE,SZSE.ETF.159928,0.921,0.923,0.927,0.92,0.0,1.018,0.833,14839700.0,300.0,13709253.8,276.30000000074506,0.0,0.0,20230823,20230823,95017064,0.925,0.0,0.0,0.92,0.919,0.918,0.917,0.916,0.0,0.0,0.0,0.0,0.0,0.921,0.922,0.923,0.924,0.925,0.0,0.0,0.0,0.0,0.0,890600.0,1537800.0,4791800.0,568400.0,604500.0,0.0,0.0,0.0,0.0,0.0,796700.0,3497300.0,1126300.0,413000.0,435300.0,0.0,0.0,0.0,0.0,0.0
20230823095020068,SZSE,SZSE.ETF.159928,0.921,0.923,0.927,0.92,0.0,1.018,0.833,14839700.0,0.0,13709253.8,0.0,0.0,0.0,20230823,20230823,95020068,0.925,0.0,0.0,0.92,0.919,0.918,0.917,0.916,0.0,0.0,0.0,0.0,0.0,0.921,0.922,0.923,0.924,0.925,0.0,0.0,0.0,0.0,0.0,810600.0,1537800.0,4791800.0,568400.0,604500.0,0.0,0.0,0.0,0.0,0.0,796700.0,3497300.0,1126300.0,413000.0,435300.0,0.0,0.0,0.0,0.0,0.0
20230823095023056,SZSE,SZSE.ETF.159928,0.921,0.923,0.927,0.92,0.0,1.018,0.833,14839700.0,0.0,13709253.8,0.0,0.0,0.0,20230823,20230823,95023057,0.925,0.0,0.0,0.92,0.919,0.918,0.917,0.916,0.0,0.0,0.0,0.0,0.0,0.921,0.922,0.923,0.924,0.925,0.0,0.0,0.0,0.0,0.0,811600.0,1537800.0,4791800.0,568400.0,604500.0,0.0,0.0,0.0,0.0,0.0,796700.0,3497300.0,1126300.0,413000.0,435300.0,0.0,0.0,0.0,0.0,0.0
20230823095029064,SZSE,SZSE.ETF.159928,0.921,0.923,0.927,0.92,0.0,1.018,0.833,14839900.0,200.0,13709438.0,184.19999999925494,0.0,0.0,20230823,20230823,95029063,0.925,0.0,0.0,0.92,0.919,0.918,0.917,0.916,0.0,0.0,0.0,0.0,0.0,0.921,0.922,0.923,0.924,0.925,0.0,0.0,0.0,0.0,0.0,631600.0,1417800.0,4911800.0,568400.0,604500.0,0.0,0.0,0.0,0.0,0.0,916500.0,3377300.0,1126300.0,413000.0,435300.0,0.0,0.0,0.0,0.0,0.0
20230823095032020,SZSE,SZSE.ETF.159928,0.921,0.923,0.927,0.92,0.0,1.018,0.833,14839900.0,0.0,13709438.0,0.0,0.0,0.0,20230823,20230823,95032019,0.925,0.0,0.0,0.92,0.919,0.918,0.917,0.916,0.0,0.0,0.0,0.0,0.0,0.921,0.922,0.923,0.924,0.925,0.0,0.0,0.0,0.0,0.0,631600.0,1627800.0,4912800.0,568400.0,604500.0,0.0,0.0,0.0,0.0,0.0,916500.0,3377300.0,1126300.0,413000.0,435300.0,0.0,0.0,0.0,0.0,0.0
20230823095108608,SZSE,SZSE.ETF.159928,0.921,0.923,0.927,0.92,0.0,1.018,0.833,14963500.0,300.0,13823161.4,276.30000000074506,0.0,0.0,20230823,20230823,95108610,0.925,0.0,0.0,0.92,0.919,0.918,0.917,0.916,0.0,0.0,0.0,0.0,0.0,0.921,0.922,0.923,0.924,0.925,0.0,0.0,0.0,0.0,0.0,543200.0,1128900.0,4922800.0,1068400.0,604500.0,0.0,0.0,0.0,0.0,0.0,3605100.0,1177300.0,626300.0,413000.0,437300.0,0.0,0.0,0.0,0.0,0.0
20230823095111028,SZSE,SZSE.ETF.159928,0.921,0.923,0.927,0.92,0.0,1.018,0.833,14963800.0,300.0,13823437.7,276.2999999988824,0.0,0.0,20230823,20230823,95111027,0.925,0.0,0.0,0.92,0.919,0.918,0.917,0.916,0.0,0.0,0.0,0.0,0.0,0.921,0.922,0.923,0.924,0.925,0.0,0.0,0.0,0.0,0.0,543400.0,1128900.0,4922800.0,1070400.0,604500.0,0.0,0.0,0.0,0.0,0.0,3604800.0,1177300.0,626300.0,413000.0,437300.0,0.0,0.0,0.0,0.0,0.0
20230823095118956,SZSE,SZSE.ETF.159928,0.921,0.923,0.927,0.92,0.0,1.018,0.833,14993800.0,30000.0,13851067.7,27630.0,0.0,0.0,20230823,20230823,95118956,0.925,0.0,0.0,0.92,0.919,0.918,0.917,0.916,0.0,0.0,0.0,0.0,0.0,0.921,0.922,0.923,0.924,0.925,0.0,0.0,0.0,0.0,0.0,548400.0,1128900.0,4922800.0,1070400.0,604500.0,0.0,0.0,0.0,0.0,0.0,3574800.0,1177300.0,626300.0,413000.0,437300.0,0.0,0.0,0.0,0.0,0.0
20230823095123512,SZSE,SZSE.ETF.159928,0.921,0.923,0.927,0.92,0.0,1.018,0.833,14993800.0,0.0,13851067.7,0.0,0.0,0.0,20230823,20230823,95123512,0.925,0.0,0.0,0.92,0.919,0.918,0.917,0.916,0.0,0.0,0.0,0.0,0.0,0.921,0.922,0.923,0.924,0.925,0.0,0.0,0.0,0.0,0.0,548400.0,1128900.0,4922800.0,1070400.0,606500.0,0.0,0.0,0.0,0.0,0.0,3574800.0,1177300.0,626300.0,413000.0,437300.0,0.0,0.0,0.0,0.0,0.0
20230823095129012,SZSE,SZSE.ETF.159928,0.92,0.923,0.927,0.92,0.0,1.018,0.833,14994300.0,500.0,13851527.7,460.0,0.0,0.0,20230823,20230823,95129012,0.925,0.0,0.0,0.92,0.919,0.918,0.917,0.916,0.0,0.0,0.0,0.0,0.0,0.921,0.922,0.923,0.924,0.925,0.0,0.0,0.0,0.0,0.0,547900.0,1128900.0,4922800.0,1070400.0,606500.0,0.0,0.0,0.0,0.0,0.0,3574800.0,1177300.0,626300.0,413000.0,437300.0,0.0,0.0,0.0,0.0,0.0
20230823095132344,SZSE,SZSE.ETF.159928,0.92,0.923,0.927,0.92,0.0,1.018,0.833,14994800.0,500.0,13851987.7,460.0,0.0,0.0,20230823,20230823,95132345,0.925,0.0,0.0,0.92,0.919,0.918,0.917,0.916,0.0,0.0,0.0,0.0,0.0,0.921,0.922,0.923,0.924,0.925,0.0,0.0,0.0,0.0,0.0,547400.0,1128900.0,4922800.0,1070400.0,606500.0,0.0,0.0,0.0,0.0,0.0,3574800.0,1177300.0,626300.0,413000.0,437300.0,0.0,0.0,0.0,0.0,0.0
20230823095135388,SZSE,SZSE.ETF.159928,0.92,0.923,0.927,0.92,0.0,1.018,0.833,14994800.0,0.0,13851987.7,0.0,0.0,0.0,20230823,20230823,95135387,0.925,0.0,0.0,0.92,0.919,0.918,0.917,0.916,0.0,0.0,0.0,0.0,0.0,0.921,0.922,0.923,0.924,0.925,0.0,0.0,0.0,0.0,0.0,574900.0,1128900.0,4922800.0,1070400.0,606500.0,0.0,0.0,0.0,0.0,0.0,3574800.0,1177300.0,626300.0,413000.0,437300.0,0.0,0.0,0.0,0.0,0.0
20230823095141036,SZSE,SZSE.ETF.159928,0.92,0.923,0.927,0.92,0.0,1.018,0.833,15004500.0,9700.0,13860911.7,8924.0,0.0,0.0,20230823,20230823,95141036,0.925,0.0,0.0,0.92,0.919,0.918,0.917,0.916,0.0,0.0,0.0,0.0,0.0,0.921,0.922,0.923,0.924,0.925,0.0,0.0,0.0,0.0,0.0,570700.0,1128900.0,4922800.0,1070400.0,606500.0,0.0,0.0,0.0,0.0,0.0,3574800.0,1177300.0,626300.0,413000.0,462300.0,0.0,0.0,0.0,0.0,0.0
20230823095144020,SZSE,SZSE.ETF.159928,0.92,0.923,0.927,0.92,0.0,1.018,0.833,15004500.0,0.0,13860911.7,0.0,0.0,0.0,20230823,20230823,95144019,0.925,0.0,0.0,0.92,0.919,0.918,0.917,0.916,0.0,0.0,0.0,0.0,0.0,0.921,0.922,0.923,0.924,0.925,0.0,0.0,0.0,0.0,0.0,570700.0,1129000.0,4922800.0,1070400.0,606500.0,0.0,0.0,0.0,0.0,0.0,3574800.0,1177300.0,626300.0,413000.0,462300.0,0.0,0.0,0.0,0.0,0.0
20230823095146960,SZSE,SZSE.ETF.159928,0.921,0.923,0.927,0.92,0.0,1.018,0.833,15006500.0,2000.0,13862753.7,1842.0,0.0,0.0,20230823,20230823,95146962,0.925,0.0,0.0,0.92,0.919,0.918,0.917,0.916,0.0,0.0,0.0,0.0,0.0,0.921,0.922,0.923,0.924,0.925,0.0,0.0,0.0,0.0,0.0,572700.0,1129000.0,4922800.0,1070400.0,606500.0,0.0,0.0,0.0,0.0,0.0,3572800.0,1177300.0,626300.0,413000.0,462300.0,0.0,0.0,0.0,0.0,0.0
20230823095152932,SZSE,SZSE.ETF.159928,0.921,0.923,0.927,0.92,0.0,1.018,0.833,15006500.0,0.0,13862753.7,0.0,0.0,0.0,20230823,20230823,95152931,0.925,0.0,0.0,0.92,0.919,0.918,0.917,0.916,0.0,0.0,0.0,0.0,0.0,0.921,0.922,0.923,0.924,0.925,0.0,0.0,0.0,0.0,0.0,573700.0,1129000.0,4922800.0,1070400.0,606500.0,0.0,0.0,0.0,0.0,0.0,3572800.0,1177300.0,626300.0,413000.0,462300.0,0.0,0.0,0.0,0.0,0.0
20230823095155956,SZSE,SZSE.ETF.159928,0.921,0.923,0.927,0.92,0.0,1.018,0.833,15006500.0,0.0,13862753.7,0.0,0.0,0.0,20230823,20230823,95155957,0.925,0.0,0.0,0.92,0.919,0.918,0.917,0.916,0.0,0.0,0.0,0.0,0.0,0.921,0.922,0.923,0.924,0.925,0.0,0.0,0.0,0.0,0.0,554200.0,1629000.0,4922800.0,570400.0,606500.0,0.0,0.0,0.0,0.0,0.0,3573900.0,1177300.0,626300.0,413000.0,462300.0,0.0,0.0,0.0,0.0,0.0
20230823095159324,SZSE,SZSE.ETF.159928,0.921,0.923,0.927,0.92,0.0,1.018,0.833,15006500.0,0.0,13862753.7,0.0,0.0,0.0,20230823,20230823,95159324,0.925,0.0,0.0,0.92,0.919,0.918,0.917,0.916,0.0,0.0,0.0,0.0,0.0,0.921,0.922,0.923,0.924,0.925,0.0,0.0,0.0,0.0,0.0,554200.0,1629000.0,4572800.0,920400.0,606500.0,0.0,0.0,0.0,0.0,0.0,3573900.0,1177300.0,626300.0,413000.0,462300.0,0.0,0.0,0.0,0.0,0.0
20230823095202672,SZSE,SZSE.ETF.159928,0.92,0.923,0.927,0.92,0.0,1.018,0.833,15620700.0,614200.0,14427817.7,565064.0,0.0,0.0,20230823,20230823,95202672,0.925,0.0,0.0,0.919,0.918,0.917,0.916,0.915,0.0,0.0,0.0,0.0,0.0,0.92,0.921,0.922,0.923,0.924,0.0,0.0,0.0,0.0,0.0,1467000.0,4572900.0,922600.0,606500.0,624900.0,0.0,0.0,0.0,0.0,0.0,87700.0,3803000.0,1177400.0,628500.0,332900.0,0.0,0.0,0.0,0.0,0.0
20230823095205640,SZSE,SZSE.ETF.159928,0.92,0.923,0.927,0.92,0.0,1.018,0.833,15620700.0,0.0,14427817.7,0.0,0.0,0.0,20230823,20230823,95205639,0.925,0.0,0.0,0.919,0.918,0.917,0.916,0.915,0.0,0.0,0.0,0.0,0.0,0.92,0.921,0.922,0.923,0.924,0.0,0.0,0.0,0.0,0.0,1347000.0,5043100.0,922600.0,606500.0,624900.0,0.0,0.0,0.0,0.0,0.0,17500.0,3835900.0,1057400.0,628500.0,332900.0,0.0,0.0,0.0,0.0,0.0
20230823095208448,SZSE,SZSE.ETF.159928,0.92,0.923,0.927,0.92,0.0,1.018,0.833,15622700.0,2000.0,14429657.7,1840.0,0.0,0.0,20230823,20230823,95208449,0.925,0.0,0.0,0.919,0.918,0.917,0.916,0.915,0.0,0.0,0.0,0.0,0.0,0.92,0.921,0.922,0.923,0.924,0.0,0.0,0.0,0.0,0.0,1349000.0,5043100.0,922600.0,606500.0,624900.0,0.0,0.0,0.0,0.0,0.0,101100.0,3935900.0,1057400.0,628500.0,308800.0,0.0,0.0,0.0,0.0,0.0
20230823095211012,SZSE,SZSE.ETF.159928,0.92,0.923,0.927,0.92,0.0,1.018,0.833,15622700.0,0.0,14429657.7,0.0,0.0,0.0,20230823,20230823,95211012,0.925,0.0,0.0,0.919,0.918,0.917,0.916,0.915,0.0,0.0,0.0,0.0,0.0,0.92,0.921,0.922,0.923,0.924,0.0,0.0,0.0,0.0,0.0,1349000.0,4693100.0,922600.0,606500.0,624900.0,0.0,0.0,0.0,0.0,0.0,201300.0,3835900.0,1057400.0,628500.0,308800.0,0.0,0.0,0.0,0.0,0.0
20230823095213984,SZSE,SZSE.ETF.159928,0.919,0.923,0.927,0.919,0.0,1.018,0.833,15633900.0,11200.0,14439960.5,10302.800000000745,0.0,0.0,20230823,20230823,95213985,0.925,0.0,0.0,0.919,0.918,0.917,0.916,0.915,0.0,0.0,0.0,0.0,0.0,0.92,0.921,0.922,0.923,0.924,0.0,0.0,0.0,0.0,0.0,1347800.0,2693100.0,2922600.0,606500.0,624900.0,0.0,0.0,0.0,0.0,0.0,411500.0,3823000.0,1057400.0,428500.0,308800.0,0.0,0.0,0.0,0.0,0.0
20230823095216952,SZSE,SZSE.ETF.159928,0.92,0.923,0.927,0.919,0.0,1.018,0.833,15640500.0,6600.0,14446031.3,6070.800000000745,0.0,0.0,20230823,20230823,95216953,0.925,0.0,0.0,0.919,0.918,0.917,0.916,0.915,0.0,0.0,0.0,0.0,0.0,0.92,0.921,0.922,0.923,0.924,0.0,0.0,0.0,0.0,0.0,1173800.0,3043100.0,2922600.0,806500.0,624900.0,0.0,0.0,0.0,0.0,0.0,448200.0,3835900.0,1089300.0,428500.0,308800.0,0.0,0.0,0.0,0.0,0.0
20230823095220064,SZSE,SZSE.ETF.159928,0.92,0.923,0.927,0.919,0.0,1.018,0.833,15640600.0,100.0,14446123.3,92.0,0.0,0.0,20230823,20230823,95220063,0.925,0.0,0.0,0.919,0.918,0.917,0.916,0.915,0.0,0.0,0.0,0.0,0.0,0.92,0.921,0.922,0.923,0.924,0.0,0.0,0.0,0.0,0.0,1176600.0,3043100.0,2922600.0,806500.0,625000.0,0.0,0.0,0.0,0.0,0.0,505400.0,3835900.0,1089300.0,428500.0,308800.0,0.0,0.0,0.0,0.0,0.0
20230823095223024,SZSE,SZSE.ETF.159928,0.92,0.923,0.927,0.919,0.0,1.018,0.833,15640600.0,0.0,14446123.3,0.0,0.0,0.0,20230823,20230823,95223022,0.925,0.0,0.0,0.919,0.918,0.917,0.916,0.915,0.0,0.0,0.0,0.0,0.0,0.92,0.921,0.922,0.923,0.924,0.0,0.0,0.0,0.0,0.0,1176600.0,3043100.0,2922600.0,806500.0,625000.0,0.0,0.0,0.0,0.0,0.0,515800.0,3835900.0,1089300.0,428500.0,308800.0,0.0,0.0,0.0,0.0,0.0
20230823095225940,SZSE,SZSE.ETF.159928,0.92,0.923,0.927,0.919,0.0,1.018,0.833,15640600.0,0.0,14446123.3,0.0,0.0,0.0,20230823,20230823,95225939,0.925,0.0,0.0,0.919,0.918,0.917,0.916,0.915,0.0,0.0,0.0,0.0,0.0,0.92,0.921,0.922,0.923,0.924,0.0,0.0,0.0,0.0,0.0,1176900.0,3048100.0,2922600.0,806500.0,625000.0,0.0,0.0,0.0,0.0,0.0,515800.0,3835900.0,1089300.0,428500.0,308800.0,0.0,0.0,0.0,0.0,0.0
20230823095228968,SZSE,SZSE.ETF.159928,0.92,0.923,0.927,0.919,0.0,1.018,0.833,15640600.0,0.0,14446123.3,0.0,0.0,0.0,20230823,20230823,95228969,0.925,0.0,0.0,0.919,0.918,0.917,0.916,0.915,0.0,0.0,0.0,0.0,0.0,0.92,0.921,0.922,0.923,0.924,0.0,0.0,0.0,0.0,0.0,1391900.0,3048100.0,2922600.0,606500.0,625000.0,0.0,0.0,0.0,0.0,0.0,515800.0,3835900.0,1089300.0,428500.0,308800.0,0.0,0.0,0.0,0.0,0.0
20230823095232144,SZSE,SZSE.ETF.159928,0.92,0.923,0.927,0.919,0.0,1.018,0.833,15640600.0,0.0,14446123.3,0.0,0.0,0.0,20230823,20230823,95232145,0.925,0.0,0.0,0.919,0.918,0.917,0.916,0.915,0.0,0.0,0.0,0.0,0.0,0.92,0.921,0.922,0.923,0.924,0.0,0.0,0.0,0.0,0.0,1193900.0,3048100.0,2922600.0,806500.0,625000.0,0.0,0.0,0.0,0.0,0.0,515800.0,3835900.0,1089300.0,428500.0,308800.0,0.0,0.0,0.0,0.0,0.0
20230823095235032,SZSE,SZSE.ETF.159928,0.92,0.923,0.927,0.919,0.0,1.018,0.833,15640600.0,0.0,14446123.3,0.0,0.0,0.0,20230823,20230823,95235031,0.925,0.0,0.0,0.919,0.918,0.917,0.916,0.915,0.0,0.0,0.0,0.0,0.0,0.92,0.921,0.922,0.923,0.924,0.0,0.0,0.0,0.0,0.0,1193900.0,3048100.0,2922600.0,806500.0,625000.0,0.0,0.0,0.0,0.0,0.0,515800.0,3835900.0,1089300.0,428500.0,311800.0,0.0,0.0,0.0,0.0,0.0
20230823095237912,SZSE,SZSE.ETF.159928,0.92,0.923,0.927,0.919,0.0,1.018,0.833,15640600.0,0.0,14446123.3,0.0,0.0,0.0,20230823,20230823,95237911,0.925,0.0,0.0,0.919,0.918,0.917,0.916,0.915,0.0,0.0,0.0,0.0,0.0,0.92,0.921,0.922,0.923,0.924,0.0,0.0,0.0,0.0,0.0,1393900.0,3048100.0,2922600.0,606500.0,625000.0,0.0,0.0,0.0,0.0,0.0,515800.0,3835900.0,1089300.0,429500.0,308800.0,0.0,0.0,0.0,0.0,0.0
20230823095240904,SZSE,SZSE.ETF.159928,0.92,0.923,0.927,0.919,0.0,1.018,0.833,15640600.0,0.0,14446123.3,0.0,0.0,0.0,20230823,20230823,95240905,0.925,0.0,0.0,0.919,0.918,0.917,0.916,0.915,0.0,0.0,0.0,0.0,0.0,0.92,0.921,0.922,0.923,0.924,0.0,0.0,0.0,0.0,0.0,1193900.0,3048100.0,2922600.0,806500.0,625000.0,0.0,0.0,0.0,0.0,0.0,555800.0,3835900.0,1089300.0,429500.0,308800.0,0.0,0.0,0.0,0.0,0.0
20230823095243952,SZSE,SZSE.ETF.159928,0.92,0.923,0.927,0.919,0.0,1.018,0.833,15640700.0,100.0,14446215.3,92.0,0.0,0.0,20230823,20230823,95243950,0.925,0.0,0.0,0.919,0.918,0.917,0.916,0.915,0.0,0.0,0.0,0.0,0.0,0.92,0.921,0.922,0.923,0.924,0.0,0.0,0.0,0.0,0.0,1393900.0,3048100.0,2922800.0,606500.0,625000.0,0.0,0.0,0.0,0.0,0.0,555700.0,3835900.0,1089300.0,429500.0,309800.0,0.0,0.0,0.0,0.0,0.0
20230823095246940,SZSE,SZSE.ETF.159928,0.92,0.923,0.927,0.919,0.0,1.018,0.833,15640700.0,0.0,14446215.3,0.0,0.0,0.0,20230823,20230823,95246939,0.925,0.0,0.0,0.919,0.918,0.917,0.916,0.915,0.0,0.0,0.0,0.0,0.0,0.92,0.921,0.922,0.923,0.924,0.0,0.0,0.0,0.0,0.0,1193900.0,3048100.0,2922800.0,806500.0,625000.0,0.0,0.0,0.0,0.0,0.0,555700.0,3835900.0,1089300.0,429500.0,309800.0,0.0,0.0,0.0,0.0,0.0
20230823095249936,SZSE,SZSE.ETF.159928,0.919,0.923,0.927,0.919,0.0,1.018,0.833,15803900.0,163200.0,14596196.1,149980.79999999888,0.0,0.0,20230823,20230823,95249935,0.925,0.0,0.0,0.919,0.918,0.917,0.916,0.915,0.0,0.0,0.0,0.0,0.0,0.92,0.921,0.922,0.923,0.924,0.0,0.0,0.0,0.0,0.0,1042700.0,3048100.0,2922900.0,806500.0,625000.0,0.0,0.0,0.0,0.0,0.0,555700.0,3836000.0,1089300.0,429500.0,309800.0,0.0,0.0,0.0,0.0,0.0
20230823095253040,SZSE,SZSE.ETF.159928,0.919,0.923,0.927,0.919,0.0,1.018,0.833,15803900.0,0.0,14596196.1,0.0,0.0,0.0,20230823,20230823,95253039,0.925,0.0,0.0,0.919,0.918,0.917,0.916,0.915,0.0,0.0,0.0,0.0,0.0,0.92,0.921,0.922,0.923,0.924,0.0,0.0,0.0,0.0,0.0,1042700.0,3048100.0,2922900.0,806500.0,635000.0,0.0,0.0,0.0,0.0,0.0,555700.0,3836000.0,1089300.0,429500.0,309800.0,0.0,0.0,0.0,0.0,0.0
20230823095255920,SZSE,SZSE.ETF.159928,0.919,0.923,0.927,0.919,0.0,1.018,0.833,15803900.0,0.0,14596196.1,0.0,0.0,0.0,20230823,20230823,95255919,0.925,0.0,0.0,0.919,0.918,0.917,0.916,0.915,0.0,0.0,0.0,0.0,0.0,0.92,0.921,0.922,0.923,0.924,0.0,0.0,0.0,0.0,0.0,1045400.0,3048100.0,2922900.0,806500.0,635000.0,0.0,0.0,0.0,0.0,0.0,605700.0,3836000.0,1089300.0,429500.0,309800.0,0.0,0.0,0.0,0.0,0.0
20230823095258964,SZSE,SZSE.ETF.159928,0.919,0.923,0.927,0.919,0.0,1.018,0.833,15803900.0,0.0,14596196.1,0.0,0.0,0.0,20230823,20230823,95258965,0.925,0.0,0.0,0.919,0.918,0.917,0.916,0.915,0.0,0.0,0.0,0.0,0.0,0.92,0.921,0.922,0.923,0.924,0.0,0.0,0.0,0.0,0.0,1045400.0,3048100.0,2922900.0,806500.0,637000.0,0.0,0.0,0.0,0.0,0.0,605700.0,3836000.0,1089300.0,429500.0,309800.0,0.0,0.0,0.0,0.0,0.0
20230823095301952,SZSE,SZSE.ETF.159928,0.92,0.923,0.927,0.919,0.0,1.018,0.833,15804600.0,700.0,14596840.1,644.0,0.0,0.0,20230823,20230823,95301951,0.925,0.0,0.0,0.919,0.918,0.917,0.916,0.915,0.0,0.0,0.0,0.0,0.0,0.92,0.921,0.922,0.923,0.924,0.0,0.0,0.0,0.0,0.0,1045400.0,3048100.0,2922900.0,806500.0,637000.0,0.0,0.0,0.0,0.0,0.0,605000.0,3836000.0,1089300.0,429500.0,309800.0,0.0,0.0,0.0,0.0,0.0
20230823095305180,SZSE,SZSE.ETF.159928,0.92,0.923,0.927,0.919,0.0,1.018,0.833,15804600.0,0.0,14596840.1,0.0,0.0,0.0,20230823,20230823,95305181,0.925,0.0,0.0,0.919,0.918,0.917,0.916,0.915,0.0,0.0,0.0,0.0,0.0,0.92,0.921,0.922,0.923,0.924,0.0,0.0,0.0,0.0,0.0,845400.0,2698100.0,2922900.0,806500.0,637000.0,0.0,0.0,0.0,0.0,0.0,605000.0,3926000.0,1089300.0,429500.0,309800.0,0.0,0.0,0.0,0.0,0.0
20230823095308064,SZSE,SZSE.ETF.159928,0.92,0.923,0.927,0.919,0.0,1.018,0.833,15805000.0,400.0,14597208.1,368.0,0.0,0.0,20230823,20230823,95308066,0.925,0.0,0.0,0.919,0.918,0.917,0.916,0.915,0.0,0.0,0.0,0.0,0.0,0.92,0.921,0.922,0.923,0.924,0.0,0.0,0.0,0.0,0.0,845500.0,2698100.0,2922900.0,806500.0,637200.0,0.0,0.0,0.0,0.0,0.0,604600.0,3913100.0,1139300.0,429500.0,309800.0,0.0,0.0,0.0,0.0,0.0
20230823095355784,SZSE,SZSE.ETF.159928,0.92,0.923,0.927,0.919,0.0,1.018,0.833,15942800.0,0.0,14723884.1,0.0,0.0,0.0,20230823,20230823,95355782,0.925,0.0,0.0,0.919,0.918,0.917,0.916,0.915,0.0,0.0,0.0,0.0,0.0,0.92,0.921,0.922,0.923,0.924,0.0,0.0,0.0,0.0,0.0,798900.0,3249400.0,2923000.0,811500.0,637800.0,0.0,0.0,0.0,0.0,0.0,567900.0,3925000.0,1131300.0,429400.0,309800.0,0.0,0.0,0.0,0.0,0.0
