time,exchg,code,price,open,high,low,settle_price,upper_limit,lower_limit,total_volume,volume,total_turnover,turnover,open_interest,diff_interest,trading_date,action_date,action_time,pre_close,pre_settle,pre_interest,bid_price_0,bid_price_1,bid_price_2,bid_price_3,bid_price_4,bid_price_5,bid_price_6,bid_price_7,bid_price_8,bid_price_9,ask_price_0,ask_price_1,ask_price_2,ask_price_3,ask_price_4,ask_price_5,ask_price_6,ask_price_7,ask_price_8,ask_price_9,bid_qty_0,bid_qty_1,bid_qty_2,bid_qty_3,bid_qty_4,bid_qty_5,bid_qty_6,bid_qty_7,bid_qty_8,bid_qty_9,ask_qty_0,ask_qty_1,ask_qty_2,ask_qty_3,ask_qty_4,ask_qty_5,ask_qty_6,ask_qty_7,ask_qty_8,ask_qty_9
20230830105431292,SSE,SSE.ETF.510050,2.6,2.61,2.617,2.598,0.0,2.867,2.345,344150871.0,21000.0,897620540.0,54589.0,0.0,0.0,20230830,20230830,105431293,2.606,0.0,0.0,2.599,2.598,2.597,2.596,2.595,0.0,0.0,0.0,0.0,0.0,2.6,2.601,2.602,2.603,2.604,0.0,0.0,0.0,0.0,0.0,916800.0,3208000.0,3050800.0,3264100.0,2131200.0,0.0,0.0,0.0,0.0,0.0,2460400.0,3782000.0,3704700.0,942500.0,964400.0,0.0,0.0,0.0,0.0,0.0
20230830105434264,SSE,SSE.ETF.510050,2.599,2.61,2.617,2.598,0.0,2.867,2.345,344350871.0,200000.0,898140340.0,519800.0,0.0,0.0,20230830,20230830,105434266,2.606,0.0,0.0,2.599,2.598,2.597,2.596,2.595,0.0,0.0,0.0,0.0,0.0,2.6,2.601,2.602,2.603,2.604,0.0,0.0,0.0,0.0,0.0,756100.0,3044700.0,3123800.0,3372100.0,2722300.0,0.0,0.0,0.0,0.0,0.0,2391500.0,3482000.0,3792700.0,730500.0,964400.0,0.0,0.0,0.0,0.0,0.0
20230830105437304,SSE,SSE.ETF.510050,2.6,2.61,2.617,2.598,0.0,2.867,2.345,344353971.0,3100.0,898148400.0,8060.0,0.0,0.0,20230830,20230830,105437306,2.606,0.0,0.0,2.599,2.598,2.597,2.596,2.595,0.0,0.0,0.0,0.0,0.0,2.6,2.601,2.602,2.603,2.604,0.0,0.0,0.0,0.0,0.0,758000.0,3459200.0,3123800.0,2462100.0,1899800.0,0.0,0.0,0.0,0.0,0.0,1211300.0,3322800.0,3781700.0,1040500.0,886900.0,0.0,0.0,0.0,0.0,0.0
20230830105440308,SSE,SSE.ETF.510050,2.6,2.61,2.617,2.598,0.0,2.867,2.345,344382371.0,28400.0,898222221.0,73821.0,0.0,0.0,20230830,20230830,105440307,2.606,0.0,0.0,2.599,2.598,2.597,2.596,2.595,0.0,0.0,0.0,0.0,0.0,2.6,2.601,2.602,2.603,2.604,0.0,0.0,0.0,0.0,0.0,889300.0,3449200.0,3118800.0,3373100.0,2209700.0,0.0,0.0,0.0,0.0,0.0,2108700.0,3632800.0,3784200.0,1030500.0,886900.0,0.0,0.0,0.0,0.0,0.0
20230830105443220,SSE,SSE.ETF.510050,2.599,2.61,2.617,2.598,0.0,2.867,2.345,344415271.0,32900.0,898307742.0,85521.0,0.0,0.0,20230830,20230830,105443220,2.606,0.0,0.0,2.599,2.598,2.597,2.596,2.595,0.0,0.0,0.0,0.0,0.0,2.6,2.601,2.602,2.603,2.604,0.0,0.0,0.0,0.0,0.0,880900.0,3314000.0,3118800.0,3373100.0,2132200.0,0.0,0.0,0.0,0.0,0.0,2200900.0,3632800.0,3784200.0,1030500.0,964400.0,0.0,0.0,0.0,0.0,0.0
20230830105446220,SSE,SSE.ETF.510050,2.6,2.61,2.617,2.598,0.0,2.867,2.345,344489671.0,74400.0,898501120.0,193378.0,0.0,0.0,20230830,20230830,105446220,2.606,0.0,0.0,2.599,2.598,2.597,2.596,2.595,0.0,0.0,0.0,0.0,0.0,2.6,2.601,2.602,2.603,2.604,0.0,0.0,0.0,0.0,0.0,823700.0,3314000.0,3030800.0,3284600.0,2133000.0,0.0,0.0,0.0,0.0,0.0,2488500.0,3632800.0,3396200.0,642500.0,964400.0,0.0,0.0,0.0,0.0,0.0
20230830105449236,SSE,SSE.ETF.510050,2.599,2.61,2.617,2.598,0.0,2.867,2.345,344509671.0,20000.0,898553110.0,51990.0,0.0,0.0,20230830,20230830,105449235,2.606,0.0,0.0,2.599,2.598,2.597,2.596,2.595,0.0,0.0,0.0,0.0,0.0,2.6,2.601,2.602,2.603,2.604,0.0,0.0,0.0,0.0,0.0,860700.0,3318200.0,3118800.0,3372600.0,2424100.0,0.0,0.0,0.0,0.0,0.0,1271900.0,3632800.0,3784200.0,1630500.0,964400.0,0.0,0.0,0.0,0.0,0.0
20230830105452220,SSE,SSE.ETF.510050,2.599,2.61,2.617,2.598,0.0,2.867,2.345,344616671.0,107000.0,898831206.0,278096.0,0.0,0.0,20230830,20230830,105452220,2.606,0.0,0.0,2.599,2.598,2.597,2.596,2.595,0.0,0.0,0.0,0.0,0.0,2.6,2.601,2.602,2.603,2.604,0.0,0.0,0.0,0.0,0.0,826000.0,3927800.0,3118800.0,3064600.0,2424100.0,0.0,0.0,0.0,0.0,0.0,2476500.0,3322800.0,3788200.0,1040500.0,964400.0,0.0,0.0,0.0,0.0,0.0
20230830105455252,SSE,SSE.ETF.510050,2.6,2.61,2.617,2.598,0.0,2.867,2.345,344626671.0,10000.0,898857206.0,26000.0,0.0,0.0,20230830,20230830,105455251,2.606,0.0,0.0,2.599,2.598,2.597,2.596,2.595,0.0,0.0,0.0,0.0,0.0,2.6,2.601,2.602,2.603,2.604,0.0,0.0,0.0,0.0,0.0,845200.0,3669900.0,3118800.0,3374600.0,2424100.0,0.0,0.0,0.0,0.0,0.0,2174000.0,3632800.0,3788200.0,1030500.0,964400.0,0.0,0.0,0.0,0.0,0.0
20230830105458220,SSE,SSE.ETF.510050,2.599,2.61,2.617,2.598,0.0,2.867,2.345,344647171.0,20500.0,898910486.0,53280.0,0.0,0.0,20230830,20230830,105458220,2.606,0.0,0.0,2.599,2.598,2.597,2.596,2.595,0.0,0.0,0.0,0.0,0.0,2.6,2.601,2.602,2.603,2.604,0.0,0.0,0.0,0.0,0.0,888800.0,3983400.0,3119800.0,3064600.0,2424100.0,0.0,0.0,0.0,0.0,0.0,2173500.0,3322800.0,3788200.0,1340500.0,964400.0,0.0,0.0,0.0,0.0,0.0
20230830105501280,SSE,SSE.ETF.510050,2.599,2.61,2.617,2.598,0.0,2.867,2.345,344666671.0,19500.0,898961166.0,50680.0,0.0,0.0,20230830,20230830,105501282,2.606,0.0,0.0,2.599,2.598,2.597,2.596,2.595,0.0,0.0,0.0,0.0,0.0,2.6,2.601,2.602,2.603,2.604,0.0,0.0,0.0,0.0,0.0,946000.0,3604900.0,3031800.0,3686600.0,2424100.0,0.0,0.0,0.0,0.0,0.0,2473500.0,3632800.0,3700200.0,642500.0,964400.0,0.0,0.0,0.0,0.0,0.0
20230830105504224,SSE,SSE.ETF.510050,2.599,2.61,2.617,2.598,0.0,2.867,2.345,344706371.0,39700.0,899064357.0,103191.0,0.0,0.0,20230830,20230830,105504226,2.606,0.0,0.0,2.599,2.598,2.597,2.596,2.595,0.0,0.0,0.0,0.0,0.0,2.6,2.601,2.602,2.603,2.604,0.0,0.0,0.0,0.0,0.0,1510100.0,3700000.0,3119800.0,2414600.0,1524100.0,0.0,0.0,0.0,0.0,0.0,810400.0,3322800.0,3788200.0,1339500.0,964400.0,0.0,0.0,0.0,0.0,0.0
20230830105707264,SSE,SSE.ETF.510050,2.597,2.61,2.617,2.596,0.0,2.867,2.345,349388371.0,24000.0,911228458.0,62328.0,0.0,0.0,20230830,20230830,105707262,2.606,0.0,0.0,2.597,2.596,2.595,2.594,2.593,0.0,0.0,0.0,0.0,0.0,2.598,2.599,2.6,2.601,2.602,0.0,0.0,0.0,0.0,0.0,25000.0,3356700.0,4074700.0,2929400.0,1865100.0,0.0,0.0,0.0,0.0,0.0,2340600.0,4123400.0,3925700.0,733100.0,870200.0,0.0,0.0,0.0,0.0,0.0
20230830105710304,SSE,SSE.ETF.510050,2.597,2.61,2.617,2.596,0.0,2.867,2.345,349427071.0,38700.0,911328951.0,100493.0,0.0,0.0,20230830,20230830,105710303,2.606,0.0,0.0,2.596,2.595,2.594,2.593,2.592,0.0,0.0,0.0,0.0,0.0,2.597,2.598,2.599,2.6,2.601,0.0,0.0,0.0,0.0,0.0,4054500.0,3475300.0,2869400.0,1942700.0,1015800.0,0.0,0.0,0.0,0.0,0.0,270300.0,2141000.0,4123400.0,3925700.0,733100.0,0.0,0.0,0.0,0.0,0.0
20230830105713232,SSE,SSE.ETF.510050,2.596,2.61,2.617,2.596,0.0,2.867,2.345,349578071.0,151000.0,911721098.0,392147.0,0.0,0.0,20230830,20230830,105713231,2.606,0.0,0.0,2.596,2.595,2.594,2.593,2.592,0.0,0.0,0.0,0.0,0.0,2.597,2.598,2.599,2.6,2.601,0.0,0.0,0.0,0.0,0.0,3974000.0,3484200.0,2584500.0,2091100.0,1263400.0,0.0,0.0,0.0,0.0,0.0,437700.0,1479500.0,4223500.0,3938700.0,1268100.0,0.0,0.0,0.0,0.0,0.0
20230830105716256,SSE,SSE.ETF.510050,2.597,2.61,2.617,2.596,0.0,2.867,2.345,349844371.0,266300.0,912412675.0,691577.0,0.0,0.0,20230830,20230830,105716255,2.606,0.0,0.0,2.596,2.595,2.594,2.593,2.592,0.0,0.0,0.0,0.0,0.0,2.597,2.598,2.599,2.6,2.601,0.0,0.0,0.0,0.0,0.0,3821800.0,3490700.0,2734500.0,2241100.0,1263400.0,0.0,0.0,0.0,0.0,0.0,326300.0,2195300.0,4811600.0,2888700.0,1118100.0,0.0,0.0,0.0,0.0,0.0
20230830105719240,SSE,SSE.ETF.510050,2.597,2.61,2.617,2.596,0.0,2.867,2.345,349861971.0,17600.0,912458380.0,45705.0,0.0,0.0,20230830,20230830,105719239,2.606,0.0,0.0,2.596,2.595,2.594,2.593,2.592,0.0,0.0,0.0,0.0,0.0,2.597,2.598,2.599,2.6,2.601,0.0,0.0,0.0,0.0,0.0,3523000.0,3495700.0,2734500.0,2541100.0,1263400.0,0.0,0.0,0.0,0.0,0.0,310700.0,2204200.0,3999600.0,3703700.0,730100.0,0.0,0.0,0.0,0.0,0.0
20230830105722240,SSE,SSE.ETF.510050,2.597,2.61,2.617,2.596,0.0,2.867,2.345,350343271.0,481300.0,913708302.0,1249922.0,0.0,0.0,20230830,20230830,105722239,2.606,0.0,0.0,2.597,2.596,2.595,2.594,2.593,0.0,0.0,0.0,0.0,0.0,2.598,2.599,2.6,2.601,2.602,0.0,0.0,0.0,0.0,0.0,232200.0,4984800.0,3574600.0,1234500.0,2091100.0,0.0,0.0,0.0,0.0,0.0,702000.0,4459600.0,3041700.0,2610100.0,404100.0,0.0,0.0,0.0,0.0,0.0
20230830105725224,SSE,SSE.ETF.510050,2.597,2.61,2.617,2.596,0.0,2.867,2.345,350343471.0,200.0,913708821.0,519.0,0.0,0.0,20230830,20230830,105725224,2.606,0.0,0.0,2.596,2.595,2.594,2.593,2.592,0.0,0.0,0.0,0.0,0.0,2.597,2.598,2.599,2.6,2.601,0.0,0.0,0.0,0.0,0.0,3737900.0,3574700.0,2924400.0,2218700.0,1017000.0,0.0,0.0,0.0,0.0,0.0,379800.0,2135000.0,4199700.0,3792000.0,820100.0,0.0,0.0,0.0,0.0,0.0
20230830105728224,SSE,SSE.ETF.510050,2.597,2.61,2.617,2.596,0.0,2.867,2.345,350351271.0,7800.0,913729076.0,20255.0,0.0,0.0,20230830,20230830,105728225,2.606,0.0,0.0,2.596,2.595,2.594,2.593,2.592,0.0,0.0,0.0,0.0,0.0,2.597,2.598,2.599,2.6,2.601,0.0,0.0,0.0,0.0,0.0,2757500.0,4456800.0,2734500.0,2241100.0,1264600.0,0.0,0.0,0.0,0.0,0.0,153900.0,2372200.0,4899800.0,2891900.0,1110100.0,0.0,0.0,0.0,0.0,0.0
20230830105731292,SSE,SSE.ETF.510050,2.596,2.61,2.617,2.596,0.0,2.867,2.345,350370971.0,19700.0,913780224.0,51148.0,0.0,0.0,20230830,20230830,105731293,2.606,0.0,0.0,2.596,2.595,2.594,2.593,2.592,0.0,0.0,0.0,0.0,0.0,2.597,2.598,2.599,2.6,2.601,0.0,0.0,0.0,0.0,0.0,4010200.0,3557100.0,2336500.0,2444200.0,1264600.0,0.0,0.0,0.0,0.0,0.0,157900.0,1839000.0,3601800.0,3703900.0,1420300.0,0.0,0.0,0.0,0.0,0.0
20230830105734224,SSE,SSE.ETF.510050,2.597,2.61,2.617,2.596,0.0,2.867,2.345,350436471.0,65500.0,913950327.0,170103.0,0.0,0.0,20230830,20230830,105734225,2.606,0.0,0.0,2.596,2.595,2.594,2.593,2.592,0.0,0.0,0.0,0.0,0.0,2.597,2.598,2.599,2.6,2.601,0.0,0.0,0.0,0.0,0.0,3667700.0,3557400.0,2730900.0,2241100.0,1264600.0,0.0,0.0,0.0,0.0,0.0,106900.0,2210700.0,3998900.0,3791900.0,810300.0,0.0,0.0,0.0,0.0,0.0
20230830105737268,SSE,SSE.ETF.510050,2.597,2.61,2.617,2.596,0.0,2.867,2.345,350512371.0,75900.0,914147427.0,197100.0,0.0,0.0,20230830,20230830,105737269,2.606,0.0,0.0,2.596,2.595,2.594,2.593,2.592,0.0,0.0,0.0,0.0,0.0,2.597,2.598,2.599,2.6,2.601,0.0,0.0,0.0,0.0,0.0,3848100.0,3558400.0,2730900.0,2091100.0,1264600.0,0.0,0.0,0.0,0.0,0.0,142200.0,2099000.0,3998900.0,3936900.0,810300.0,0.0,0.0,0.0,0.0,0.0
20230830105740284,SSE,SSE.ETF.510050,2.597,2.61,2.617,2.596,0.0,2.867,2.345,350532571.0,20200.0,914199866.0,52439.0,0.0,0.0,20230830,20230830,105740283,2.606,0.0,0.0,2.596,2.595,2.594,2.593,2.592,0.0,0.0,0.0,0.0,0.0,2.597,2.598,2.599,2.6,2.601,0.0,0.0,0.0,0.0,0.0,4130100.0,3558400.0,2421900.0,2477200.0,1264600.0,0.0,0.0,0.0,0.0,0.0,553900.0,1852000.0,3688900.0,3936900.0,1515300.0,0.0,0.0,0.0,0.0,0.0
20230830105743276,SSE,SSE.ETF.510050,2.597,2.61,2.617,2.596,0.0,2.867,2.345,350557071.0,24500.0,914263476.0,63610.0,0.0,0.0,20230830,20230830,105743276,2.606,0.0,0.0,2.596,2.595,2.594,2.593,2.592,0.0,0.0,0.0,0.0,0.0,2.597,2.598,2.599,2.6,2.601,0.0,0.0,0.0,0.0,0.0,2771100.0,4394400.0,2731900.0,2241400.0,1187400.0,0.0,0.0,0.0,0.0,0.0,729800.0,2130100.0,4898900.0,2905500.0,1187200.0,0.0,0.0,0.0,0.0,0.0
20230830105746224,SSE,SSE.ETF.510050,2.597,2.61,2.617,2.596,0.0,2.867,2.345,350807171.0,250100.0,914912736.0,649260.0,0.0,0.0,20230830,20230830,105746223,2.606,0.0,0.0,2.596,2.595,2.594,2.593,2.592,0.0,0.0,0.0,0.0,0.0,2.597,2.598,2.599,2.6,2.601,0.0,0.0,0.0,0.0,0.0,2622100.0,4618100.0,2729900.0,2241400.0,1109800.0,0.0,0.0,0.0,0.0,0.0,736700.0,2130100.0,4898900.0,2903500.0,1264800.0,0.0,0.0,0.0,0.0,0.0
20230830105749248,SSE,SSE.ETF.510050,2.596,2.61,2.617,2.596,0.0,2.867,2.345,350861971.0,54800.0,915055012.0,142276.0,0.0,0.0,20230830,20230830,105749249,2.606,0.0,0.0,2.596,2.595,2.594,2.593,2.592,0.0,0.0,0.0,0.0,0.0,2.597,2.598,2.599,2.6,2.601,0.0,0.0,0.0,0.0,0.0,2584800.0,4723800.0,2636400.0,2173400.0,1118800.0,0.0,0.0,0.0,0.0,0.0,1008600.0,2181100.0,4810900.0,2815500.0,1264800.0,0.0,0.0,0.0,0.0,0.0
20230830105752240,SSE,SSE.ETF.510050,2.597,2.61,2.617,2.596,0.0,2.867,2.345,350863971.0,2000.0,915060206.0,5194.0,0.0,0.0,20230830,20230830,105752242,2.606,0.0,0.0,2.596,2.595,2.594,2.593,2.592,0.0,0.0,0.0,0.0,0.0,2.597,2.598,2.599,2.6,2.601,0.0,0.0,0.0,0.0,0.0,3491600.0,3830800.0,2724400.0,2261400.0,1196900.0,0.0,0.0,0.0,0.0,0.0,1110500.0,1840000.0,3998900.0,3803500.0,1187200.0,0.0,0.0,0.0,0.0,0.0
20230830105755224,SSE,SSE.ETF.510050,2.597,2.61,2.617,2.596,0.0,2.867,2.345,350932971.0,69000.0,915239336.0,179130.0,0.0,0.0,20230830,20230830,105755222,2.606,0.0,0.0,2.596,2.595,2.594,2.593,2.592,0.0,0.0,0.0,0.0,0.0,2.597,2.598,2.599,2.6,2.601,0.0,0.0,0.0,0.0,0.0,3720900.0,3890900.0,2326400.0,2403500.0,1196900.0,0.0,0.0,0.0,0.0,0.0,955100.0,1836000.0,3600900.0,3803500.0,1497200.0,0.0,0.0,0.0,0.0,0.0
20230830105758248,SSE,SSE.ETF.510050,2.597,2.61,2.617,2.596,0.0,2.867,2.345,351320071.0,387100.0,916244487.0,1005151.0,0.0,0.0,20230830,20230830,105758249,2.606,0.0,0.0,2.596,2.595,2.594,2.593,2.592,0.0,0.0,0.0,0.0,0.0,2.597,2.598,2.599,2.6,2.601,0.0,0.0,0.0,0.0,0.0,3496600.0,3890900.0,3314400.0,1503500.0,1211900.0,0.0,0.0,0.0,0.0,0.0,715200.0,1697000.0,3688900.0,3953500.0,1497200.0,0.0,0.0,0.0,0.0,0.0
20230830105801228,SSE,SSE.ETF.510050,2.597,2.61,2.617,2.596,0.0,2.867,2.345,351324171.0,4100.0,916255135.0,10648.0,0.0,0.0,20230830,20230830,105801228,2.606,0.0,0.0,2.596,2.595,2.594,2.593,2.592,0.0,0.0,0.0,0.0,0.0,2.597,2.598,2.599,2.6,2.601,0.0,0.0,0.0,0.0,0.0,3496600.0,3891600.0,2414400.0,2112400.0,1211900.0,0.0,0.0,0.0,0.0,0.0,716200.0,1797000.0,3688900.0,3953500.0,1497200.0,0.0,0.0,0.0,0.0,0.0
20230830105804220,SSE,SSE.ETF.510050,2.597,2.61,2.617,2.596,0.0,2.867,2.345,351935971.0,611800.0,917843977.0,1588842.0,0.0,0.0,20230830,20230830,105804220,2.606,0.0,0.0,2.596,2.595,2.594,2.593,2.592,0.0,0.0,0.0,0.0,0.0,2.597,2.598,2.599,2.6,2.601,0.0,0.0,0.0,0.0,0.0,5101400.0,3941600.0,1819400.0,1503500.0,1211900.0,0.0,0.0,0.0,0.0,0.0,6000.0,1697000.0,3688900.0,3953500.0,1497200.0,0.0,0.0,0.0,0.0,0.0
20230830105807232,SSE,SSE.ETF.510050,2.597,2.61,2.617,2.596,0.0,2.867,2.345,351956971.0,21000.0,917898513.0,54536.0,0.0,0.0,20230830,20230830,105807230,2.606,0.0,0.0,2.597,2.596,2.595,2.594,2.593,0.0,0.0,0.0,0.0,0.0,2.598,2.599,2.6,2.601,2.602,0.0,0.0,0.0,0.0,0.0,1227800.0,4361800.0,4261600.0,1722700.0,1503700.0,0.0,0.0,0.0,0.0,0.0,429300.0,2359800.0,3653500.0,3820300.0,1014500.0,0.0,0.0,0.0,0.0,0.0
20230830112122008,SSE,SSE.ETF.510050,2.599,2.61,2.617,2.596,0.0,2.867,2.345,377957571.0,136000.0,985483985.0,353464.0,0.0,0.0,20230830,20230830,112122009,2.606,0.0,0.0,2.599,2.598,2.597,2.596,2.595,0.0,0.0,0.0,0.0,0.0,2.6,2.601,2.602,2.603,2.604,0.0,0.0,0.0,0.0,0.0,230900.0,2915400.0,4394400.0,3239600.0,2606400.0,0.0,0.0,0.0,0.0,0.0,1855001.0,3875300.0,3266300.0,1438500.0,1254400.0,0.0,0.0,0.0,0.0,0.0
20230830112131220,SSE,SSE.ETF.510050,2.599,2.61,2.617,2.596,0.0,2.867,2.345,378001471.0,34000.0,985598072.0,88361.0,0.0,0.0,20230830,20230830,112131219,2.606,0.0,0.0,2.599,2.598,2.597,2.596,2.595,0.0,0.0,0.0,0.0,0.0,2.6,2.601,2.602,2.603,2.604,0.0,0.0,0.0,0.0,0.0,265200.0,4208400.0,4048000.0,2550600.0,2518400.0,0.0,0.0,0.0,0.0,0.0,2255000.0,2296200.0,4678300.0,1138500.0,954400.0,0.0,0.0,0.0,0.0,0.0
20230830112134252,SSE,SSE.ETF.510050,2.599,2.61,2.617,2.596,0.0,2.867,2.345,378001671.0,200.0,985598592.0,520.0,0.0,0.0,20230830,20230830,112134252,2.606,0.0,0.0,2.599,2.598,2.597,2.596,2.595,0.0,0.0,0.0,0.0,0.0,2.6,2.601,2.602,2.603,2.604,0.0,0.0,0.0,0.0,0.0,265000.0,3696300.0,3573200.0,3937000.0,2300900.0,0.0,0.0,0.0,0.0,0.0,275100.0,3096100.0,3866400.0,2941500.0,1051900.0,0.0,0.0,0.0,0.0,0.0
20230830112137168,SSE,SSE.ETF.510050,2.599,2.61,2.617,2.596,0.0,2.867,2.345,378001671.0,0.0,985598592.0,0.0,0.0,0.0,20230830,20230830,112137169,2.606,0.0,0.0,2.599,2.598,2.597,2.596,2.595,0.0,0.0,0.0,0.0,0.0,2.6,2.601,2.602,2.603,2.604,0.0,0.0,0.0,0.0,0.0,265000.0,3699300.0,4470900.0,2887000.0,2393900.0,0.0,0.0,0.0,0.0,0.0,75100.0,2196100.0,4766400.0,2851500.0,1141900.0,0.0,0.0,0.0,0.0,0.0
20230830112127992,SSE,SSE.ETF.510050,2.598,2.61,2.617,2.596,0.0,2.867,2.345,377961471.0,0.0,985494117.0,0.0,0.0,0.0,20230830,20230830,112127994,2.606,0.0,0.0,2.598,2.597,2.596,2.595,2.594,0.0,0.0,0.0,0.0,0.0,2.599,2.6,2.601,2.602,2.603,0.0,0.0,0.0,0.0,0.0,1018300.0,4098100.0,5349600.0,2606400.0,1119200.0,0.0,0.0,0.0,0.0,0.0,34000.0,2255000.0,4485300.0,3266300.0,826100.0,0.0,0.0,0.0,0.0,0.0
20230830112140248,SSE,SSE.ETF.510050,2.599,2.61,2.617,2.596,0.0,2.867,2.345,378001671.0,0.0,985598592.0,0.0,0.0,0.0,20230830,20230830,112140250,2.606,0.0,0.0,2.599,2.598,2.597,2.596,2.595,0.0,0.0,0.0,0.0,0.0,2.6,2.601,2.602,2.603,2.604,0.0,0.0,0.0,0.0,0.0,270000.0,4351400.0,3833800.0,3227100.0,2481000.0,0.0,0.0,0.0,0.0,0.0,225100.0,3096100.0,3866400.0,2941500.0,975000.0,0.0,0.0,0.0,0.0,0.0
20230830112115600,SSE,SSE.ETF.510050,2.599,2.61,2.617,2.596,0.0,2.867,2.345,377692271.0,109900.0,984794478.0,285630.0,0.0,0.0,20230830,20230830,112115600,2.606,0.0,0.0,2.599,2.598,2.597,2.596,2.595,0.0,0.0,0.0,0.0,0.0,2.6,2.601,2.602,2.603,2.604,0.0,0.0,0.0,0.0,0.0,121300.0,1317900.0,4384500.0,5061600.0,2518400.0,0.0,0.0,0.0,0.0,0.0,1104101.0,3606200.0,3178300.0,1666100.0,876900.0,0.0,0.0,0.0,0.0,0.0
20230830112131064,SSE,SSE.ETF.510050,2.599,2.61,2.617,2.596,0.0,2.867,2.345,377967471.0,6000.0,985509711.0,15594.0,0.0,0.0,20230830,20230830,112131064,2.606,0.0,0.0,2.598,2.597,2.596,2.595,2.594,0.0,0.0,0.0,0.0,0.0,2.599,2.6,2.601,2.602,2.603,0.0,0.0,0.0,0.0,0.0,2976200.0,4398100.0,3455600.0,2518400.0,1119200.0,0.0,0.0,0.0,0.0,0.0,38000.0,2255000.0,4087300.0,3178300.0,1216100.0,0.0,0.0,0.0,0.0,0.0
20230830112143208,SSE,SSE.ETF.510050,2.599,2.61,2.617,2.596,0.0,2.867,2.345,378180671.0,179000.0,986063813.0,465221.0,0.0,0.0,20230830,20230830,112143207,2.606,0.0,0.0,2.599,2.598,2.597,2.596,2.595,0.0,0.0,0.0,0.0,0.0,2.6,2.601,2.602,2.603,2.604,0.0,0.0,0.0,0.0,0.0,91000.0,744300.0,4165900.0,5746000.0,2671000.0,0.0,0.0,0.0,0.0,0.0,2175000.0,4597200.0,3116400.0,831500.0,975000.0,0.0,0.0,0.0,0.0,0.0
20230830112134068,SSE,SSE.ETF.510050,2.599,2.61,2.617,2.596,0.0,2.867,2.345,378001471.0,34000.0,985598072.0,88361.0,0.0,0.0,20230830,20230830,112134067,2.606,0.0,0.0,2.599,2.598,2.597,2.596,2.595,0.0,0.0,0.0,0.0,0.0,2.6,2.601,2.602,2.603,2.604,0.0,0.0,0.0,0.0,0.0,265200.0,4208400.0,4048000.0,2550600.0,2518400.0,0.0,0.0,0.0,0.0,0.0,2255000.0,2296200.0,4678300.0,1138500.0,954400.0,0.0,0.0,0.0,0.0,0.0
20230830112146208,SSE,SSE.ETF.510050,2.6,2.61,2.617,2.596,0.0,2.867,2.345,378290671.0,110000.0,986349722.0,285909.0,0.0,0.0,20230830,20230830,112146207,2.606,0.0,0.0,2.599,2.598,2.597,2.596,2.595,0.0,0.0,0.0,0.0,0.0,2.6,2.601,2.602,2.603,2.604,0.0,0.0,0.0,0.0,0.0,1000.0,764000.0,4077900.0,5657300.0,2516400.0,0.0,0.0,0.0,0.0,0.0,2156000.0,4597200.0,3029100.0,743500.0,1129400.0,0.0,0.0,0.0,0.0,0.0
20230830112149172,SSE,SSE.ETF.510050,2.599,2.61,2.617,2.596,0.0,2.867,2.345,378291671.0,1000.0,986352321.0,2599.0,0.0,0.0,20230830,20230830,112149171,2.606,0.0,0.0,2.598,2.597,2.596,2.595,2.594,0.0,0.0,0.0,0.0,0.0,2.599,2.6,2.601,2.602,2.603,0.0,0.0,0.0,0.0,0.0,1229500.0,4165900.0,5435300.0,2683900.0,849200.0,0.0,0.0,0.0,0.0,0.0,7200.0,2156000.0,4287200.0,3267100.0,1051500.0,0.0,0.0,0.0,0.0,0.0
20230830112152240,SSE,SSE.ETF.510050,2.599,2.61,2.617,2.596,0.0,2.867,2.345,378296671.0,5000.0,986365316.0,12995.0,0.0,0.0,20230830,20230830,112152238,2.606,0.0,0.0,2.598,2.597,2.596,2.595,2.594,0.0,0.0,0.0,0.0,0.0,2.599,2.6,2.601,2.602,2.603,0.0,0.0,0.0,0.0,0.0,1164500.0,4168800.0,4450400.0,2811400.0,1109200.0,0.0,0.0,0.0,0.0,0.0,2200.0,2236000.0,4087300.0,3267000.0,1304100.0,0.0,0.0,0.0,0.0,0.0
20230830112140024,SSE,SSE.ETF.510050,2.599,2.61,2.617,2.596,0.0,2.867,2.345,378001671.0,0.0,985598592.0,0.0,0.0,0.0,20230830,20230830,112140024,2.606,0.0,0.0,2.599,2.598,2.597,2.596,2.595,0.0,0.0,0.0,0.0,0.0,2.6,2.601,2.602,2.603,2.604,0.0,0.0,0.0,0.0,0.0,265000.0,3699300.0,4470900.0,2887000.0,2393900.0,0.0,0.0,0.0,0.0,0.0,75100.0,2196100.0,4766400.0,2851500.0,1141900.0,0.0,0.0,0.0,0.0,0.0
20230830112155168,SSE,SSE.ETF.510050,2.599,2.61,2.617,2.596,0.0,2.867,2.345,378296671.0,0.0,986365316.0,0.0,0.0,0.0,20230830,20230830,112155167,2.606,0.0,0.0,2.598,2.597,2.596,2.595,2.594,0.0,0.0,0.0,0.0,0.0,2.599,2.6,2.601,2.602,2.603,0.0,0.0,0.0,0.0,0.0,854500.0,4178800.0,5462100.0,2711400.0,1109200.0,0.0,0.0,0.0,0.0,0.0,23400.0,2236000.0,4397300.0,3267000.0,994100.0,0.0,0.0,0.0,0.0,0.0
20230830112143032,SSE,SSE.ETF.510050,2.599,2.61,2.617,2.596,0.0,2.867,2.345,378001671.0,0.0,985598592.0,0.0,0.0,0.0,20230830,20230830,112143033,2.606,0.0,0.0,2.599,2.598,2.597,2.596,2.595,0.0,0.0,0.0,0.0,0.0,2.6,2.601,2.602,2.603,2.604,0.0,0.0,0.0,0.0,0.0,270000.0,4351400.0,3833800.0,3227100.0,2481000.0,0.0,0.0,0.0,0.0,0.0,225100.0,3096100.0,3866400.0,2941500.0,975000.0,0.0,0.0,0.0,0.0,0.0
20230830112158160,SSE,SSE.ETF.510050,2.599,2.61,2.617,2.596,0.0,2.867,2.345,378492771.0,196100.0,986874980.0,509664.0,0.0,0.0,20230830,20230830,112158158,2.606,0.0,0.0,2.598,2.597,2.596,2.595,2.594,0.0,0.0,0.0,0.0,0.0,2.599,2.6,2.601,2.602,2.603,0.0,0.0,0.0,0.0,0.0,792600.0,3381700.0,5203400.0,3320300.0,1109200.0,0.0,0.0,0.0,0.0,0.0,1327500.0,3467100.0,3497300.0,1767000.0,994100.0,0.0,0.0,0.0,0.0,0.0
20230830112201152,SSE,SSE.ETF.510050,2.599,2.61,2.617,2.596,0.0,2.867,2.345,378492771.0,0.0,986874980.0,0.0,0.0,0.0,20230830,20230830,112201153,2.606,0.0,0.0,2.599,2.598,2.597,2.596,2.595,0.0,0.0,0.0,0.0,0.0,2.6,2.601,2.602,2.603,2.604,0.0,0.0,0.0,0.0,0.0,10000.0,496600.0,4042800.0,5378300.0,2709500.0,0.0,0.0,0.0,0.0,0.0,2063600.0,4397300.0,3179000.0,905400.0,877500.0,0.0,0.0,0.0,0.0,0.0
20230830112204276,SSE,SSE.ETF.510050,2.599,2.61,2.617,2.596,0.0,2.867,2.345,378492771.0,0.0,986874980.0,0.0,0.0,0.0,20230830,20230830,112204277,2.606,0.0,0.0,2.599,2.598,2.597,2.596,2.595,0.0,0.0,0.0,0.0,0.0,2.6,2.601,2.602,2.603,2.604,0.0,0.0,0.0,0.0,0.0,10000.0,1420900.0,4130900.0,4841200.0,2380100.0,0.0,0.0,0.0,0.0,0.0,356100.0,3329800.0,3267100.0,1351500.0,1141900.0,0.0,0.0,0.0,0.0,0.0
20230830112207156,SSE,SSE.ETF.510050,2.599,2.61,2.617,2.596,0.0,2.867,2.345,378492771.0,0.0,986874980.0,0.0,0.0,0.0,20230830,20230830,112207157,2.606,0.0,0.0,2.599,2.598,2.597,2.596,2.595,0.0,0.0,0.0,0.0,0.0,2.6,2.601,2.602,2.603,2.604,0.0,0.0,0.0,0.0,0.0,187400.0,3007800.0,4131900.0,3941200.0,2212600.0,0.0,0.0,0.0,0.0,0.0,256100.0,3329800.0,3267100.0,2962900.0,1129400.0,0.0,0.0,0.0,0.0,0.0
20230830112210248,SSE,SSE.ETF.510050,2.599,2.61,2.617,2.596,0.0,2.867,2.345,378493271.0,500.0,986876279.0,1299.0,0.0,0.0,20230830,20230830,112210247,2.606,0.0,0.0,2.599,2.598,2.597,2.596,2.595,0.0,0.0,0.0,0.0,0.0,2.6,2.601,2.602,2.603,2.604,0.0,0.0,0.0,0.0,0.0,186900.0,3017800.0,4132900.0,3941200.0,2210600.0,0.0,0.0,0.0,0.0,0.0,1671900.0,3987200.0,3267100.0,1462900.0,1129400.0,0.0,0.0,0.0,0.0,0.0
20230830112213152,SSE,SSE.ETF.510050,2.599,2.61,2.617,2.596,0.0,2.867,2.345,378501271.0,8000.0,986897071.0,20792.0,0.0,0.0,20230830,20230830,112213150,2.606,0.0,0.0,2.599,2.598,2.597,2.596,2.595,0.0,0.0,0.0,0.0,0.0,2.6,2.601,2.602,2.603,2.604,0.0,0.0,0.0,0.0,0.0,199100.0,3027800.0,4132900.0,3791200.0,2288100.0,0.0,0.0,0.0,0.0,0.0,232600.0,3329800.0,3267100.0,2962900.0,1051900.0,0.0,0.0,0.0,0.0,0.0
20230830112216156,SSE,SSE.ETF.510050,2.599,2.61,2.617,2.596,0.0,2.867,2.345,378501271.0,0.0,986897071.0,0.0,0.0,0.0,20230830,20230830,112216155,2.606,0.0,0.0,2.599,2.598,2.597,2.596,2.595,0.0,0.0,0.0,0.0,0.0,2.6,2.601,2.602,2.603,2.604,0.0,0.0,0.0,0.0,0.0,583400.0,3680900.0,3407800.0,3994400.0,2300600.0,0.0,0.0,0.0,0.0,0.0,232600.0,3329800.0,3179100.0,2934900.0,1219400.0,0.0,0.0,0.0,0.0,0.0
20230830112219160,SSE,SSE.ETF.510050,2.599,2.61,2.617,2.596,0.0,2.867,2.345,378501271.0,0.0,986897071.0,0.0,0.0,0.0,20230830,20230830,112219159,2.606,0.0,0.0,2.599,2.598,2.597,2.596,2.595,0.0,0.0,0.0,0.0,0.0,2.6,2.601,2.602,2.603,2.604,0.0,0.0,0.0,0.0,0.0,1007400.0,3680900.0,3495800.0,4082400.0,2455200.0,0.0,0.0,0.0,0.0,0.0,185000.0,2429800.0,4167100.0,3022900.0,1065000.0,0.0,0.0,0.0,0.0,0.0
20230830112237184,SSE,SSE.ETF.510050,2.6,2.61,2.617,2.596,0.0,2.867,2.345,378746071.0,69900.0,987533509.0,181740.0,0.0,0.0,20230830,20230830,112237182,2.606,0.0,0.0,2.599,2.598,2.597,2.596,2.595,0.0,0.0,0.0,0.0,0.0,2.6,2.601,2.602,2.603,2.604,0.0,0.0,0.0,0.0,0.0,851600.0,4390200.0,4049900.0,3183400.0,2389700.0,0.0,0.0,0.0,0.0,0.0,1000.0,2196700.0,4679100.0,2942900.0,1142500.0,0.0,0.0,0.0,0.0,0.0
20230830112213032,SSE,SSE.ETF.510050,2.599,2.61,2.617,2.596,0.0,2.867,2.345,378493271.0,500.0,986876279.0,1299.0,0.0,0.0,20230830,20230830,112213030,2.606,0.0,0.0,2.599,2.598,2.597,2.596,2.595,0.0,0.0,0.0,0.0,0.0,2.6,2.601,2.602,2.603,2.604,0.0,0.0,0.0,0.0,0.0,186900.0,3017800.0,4132900.0,3941200.0,2210600.0,0.0,0.0,0.0,0.0,0.0,1671900.0,3987200.0,3267100.0,1462900.0,1129400.0,0.0,0.0,0.0,0.0,0.0
20230830112240152,SSE,SSE.ETF.510050,2.6,2.61,2.617,2.596,0.0,2.867,2.345,378746071.0,0.0,987533509.0,0.0,0.0,0.0,20230830,20230830,112240154,2.606,0.0,0.0,2.599,2.598,2.597,2.596,2.595,0.0,0.0,0.0,0.0,0.0,2.6,2.601,2.602,2.603,2.604,0.0,0.0,0.0,0.0,0.0,853500.0,4390200.0,4046900.0,3183400.0,2299700.0,0.0,0.0,0.0,0.0,0.0,1000.0,2196700.0,4767100.0,3032900.0,1052500.0,0.0,0.0,0.0,0.0,0.0
20230830112216064,SSE,SSE.ETF.510050,2.599,2.61,2.617,2.596,0.0,2.867,2.345,378501271.0,8000.0,986897071.0,20792.0,0.0,0.0,20230830,20230830,112216063,2.606,0.0,0.0,2.599,2.598,2.597,2.596,2.595,0.0,0.0,0.0,0.0,0.0,2.6,2.601,2.602,2.603,2.604,0.0,0.0,0.0,0.0,0.0,199100.0,3027800.0,4132900.0,3791200.0,2288100.0,0.0,0.0,0.0,0.0,0.0,232600.0,3329800.0,3267100.0,2962900.0,1051900.0,0.0,0.0,0.0,0.0,0.0
20230830112243200,SSE,SSE.ETF.510050,2.6,2.61,2.617,2.596,0.0,2.867,2.345,378770171.0,24100.0,987596167.0,62658.0,0.0,0.0,20230830,20230830,112243199,2.606,0.0,0.0,2.6,2.599,2.598,2.597,2.596,0.0,0.0,0.0,0.0,0.0,2.601,2.602,2.603,2.604,2.605,0.0,0.0,0.0,0.0,0.0,30000.0,852400.0,4390200.0,4046900.0,3184400.0,0.0,0.0,0.0,0.0,0.0,2196700.0,4767100.0,2942900.0,1151800.0,959500.0,0.0,0.0,0.0,0.0,0.0
20230830112246152,SSE,SSE.ETF.510050,2.6,2.61,2.617,2.596,0.0,2.867,2.345,378800371.0,30200.0,987674687.0,78520.0,0.0,0.0,20230830,20230830,112246150,2.606,0.0,0.0,2.599,2.598,2.597,2.596,2.595,0.0,0.0,0.0,0.0,0.0,2.6,2.601,2.602,2.603,2.604,0.0,0.0,0.0,0.0,0.0,852400.0,4400300.0,4121800.0,2989400.0,2377200.0,0.0,0.0,0.0,0.0,0.0,30000.0,3096700.0,3946000.0,2943000.0,989300.0,0.0,0.0,0.0,0.0,0.0
20230830112249160,SSE,SSE.ETF.510050,2.6,2.61,2.617,2.596,0.0,2.867,2.345,378800371.0,0.0,987674687.0,0.0,0.0,0.0,20230830,20230830,112249162,2.606,0.0,0.0,2.599,2.598,2.597,2.596,2.595,0.0,0.0,0.0,0.0,0.0,2.601,2.602,2.603,2.604,2.605,0.0,0.0,0.0,0.0,0.0,1054700.0,4400200.0,3836900.0,3096400.0,2389700.0,0.0,0.0,0.0,0.0,0.0,3125400.0,4046100.0,2854900.0,1231800.0,879500.0,0.0,0.0,0.0,0.0,0.0
20230830112252216,SSE,SSE.ETF.510050,2.6,2.61,2.617,2.596,0.0,2.867,2.345,378800371.0,0.0,987674687.0,0.0,0.0,0.0,20230830,20230830,112252218,2.606,0.0,0.0,2.599,2.598,2.597,2.596,2.595,0.0,0.0,0.0,0.0,0.0,2.601,2.602,2.603,2.604,2.605,0.0,0.0,0.0,0.0,0.0,1054700.0,3767200.0,4668900.0,2698300.0,2467200.0,0.0,0.0,0.0,0.0,0.0,3125400.0,3858000.0,2943000.0,1157300.0,1052000.0,0.0,0.0,0.0,0.0,0.0
20230830112255204,SSE,SSE.ETF.510050,2.6,2.61,2.617,2.596,0.0,2.867,2.345,378800371.0,0.0,987674687.0,0.0,0.0,0.0,20230830,20230830,112255204,2.606,0.0,0.0,2.6,2.599,2.598,2.597,2.596,0.0,0.0,0.0,0.0,0.0,2.601,2.602,2.603,2.604,2.605,0.0,0.0,0.0,0.0,0.0,1000.0,1064700.0,4404300.0,4031800.0,2989400.0,0.0,0.0,0.0,0.0,0.0,3125400.0,3858000.0,2943000.0,1157300.0,1052000.0,0.0,0.0,0.0,0.0,0.0
20230830112258148,SSE,SSE.ETF.510050,2.6,2.61,2.617,2.596,0.0,2.867,2.345,378805971.0,5600.0,987689247.0,14560.0,0.0,0.0,20230830,20230830,112258148,2.606,0.0,0.0,2.599,2.598,2.597,2.596,2.595,0.0,0.0,0.0,0.0,0.0,2.6,2.601,2.602,2.603,2.604,0.0,0.0,0.0,0.0,0.0,1064700.0,4404300.0,4121800.0,2989400.0,2373200.0,0.0,0.0,0.0,0.0,0.0,7000.0,3125400.0,3858000.0,2943000.0,1077300.0,0.0,0.0,0.0,0.0,0.0
20230830112230992,SSE,SSE.ETF.510050,2.599,2.61,2.617,2.596,0.0,2.867,2.345,378543871.0,2000.0,987007789.0,5198.0,0.0,0.0,20230830,20230830,112230994,2.606,0.0,0.0,2.599,2.598,2.597,2.596,2.595,0.0,0.0,0.0,0.0,0.0,2.6,2.601,2.602,2.603,2.604,0.0,0.0,0.0,0.0,0.0,982000.0,3680900.0,3499100.0,4083400.0,2287700.0,0.0,0.0,0.0,0.0,0.0,190000.0,2429800.0,4167100.0,3112900.0,1052500.0,0.0,0.0,0.0,0.0,0.0
20230830112301152,SSE,SSE.ETF.510050,2.599,2.61,2.617,2.596,0.0,2.867,2.345,378807071.0,1100.0,987692106.0,2859.0,0.0,0.0,20230830,20230830,112301151,2.606,0.0,0.0,2.599,2.598,2.597,2.596,2.595,0.0,0.0,0.0,0.0,0.0,2.6,2.601,2.602,2.603,2.604,0.0,0.0,0.0,0.0,0.0,1111000.0,4404200.0,3837400.0,3160400.0,2385700.0,0.0,0.0,0.0,0.0,0.0,7000.0,2185400.0,4858100.0,2924900.0,1221800.0,0.0,0.0,0.0,0.0,0.0
20230830112304208,SSE,SSE.ETF.510050,2.599,2.61,2.617,2.596,0.0,2.867,2.345,378807071.0,0.0,987692106.0,0.0,0.0,0.0,20230830,20230830,112304210,2.606,0.0,0.0,2.599,2.598,2.597,2.596,2.595,0.0,0.0,0.0,0.0,0.0,2.6,2.601,2.602,2.603,2.604,0.0,0.0,0.0,0.0,0.0,1162700.0,4422200.0,3749400.0,2772400.0,2536700.0,0.0,0.0,0.0,0.0,0.0,7000.0,1885400.0,4858100.0,2836900.0,1433800.0,0.0,0.0,0.0,0.0,0.0
20230830112307160,SSE,SSE.ETF.510050,2.599,2.61,2.617,2.596,0.0,2.867,2.345,378824971.0,17900.0,987738638.0,46532.0,0.0,0.0,20230830,20230830,112307158,2.606,0.0,0.0,2.599,2.598,2.597,2.596,2.595,0.0,0.0,0.0,0.0,0.0,2.601,2.602,2.603,2.604,2.605,0.0,0.0,0.0,0.0,0.0,3296700.0,4773200.0,2027400.0,2860400.0,2536700.0,0.0,0.0,0.0,0.0,0.0,1735400.0,4636100.0,2924900.0,1743800.0,941500.0,0.0,0.0,0.0,0.0,0.0
20230830112310184,SSE,SSE.ETF.510050,2.599,2.61,2.617,2.596,0.0,2.867,2.345,378824971.0,0.0,987738638.0,0.0,0.0,0.0,20230830,20230830,112310183,2.606,0.0,0.0,2.599,2.598,2.597,2.596,2.595,0.0,0.0,0.0,0.0,0.0,2.601,2.602,2.603,2.604,2.605,0.0,0.0,0.0,0.0,0.0,3297100.0,4773300.0,2072300.0,2665400.0,2624200.0,0.0,0.0,0.0,0.0,0.0,1685400.0,4536000.0,2925000.0,1581300.0,1114000.0,0.0,0.0,0.0,0.0,0.0
20230830112313200,SSE,SSE.ETF.510050,2.599,2.61,2.617,2.596,0.0,2.867,2.345,378824971.0,0.0,987738638.0,0.0,0.0,0.0,20230830,20230830,112313199,2.606,0.0,0.0,2.6,2.599,2.598,2.597,2.596,0.0,0.0,0.0,0.0,0.0,2.601,2.602,2.603,2.604,2.605,0.0,0.0,0.0,0.0,0.0,1000.0,3075200.0,4794600.0,2222300.0,2665400.0,0.0,0.0,0.0,0.0,0.0,1835400.0,4536000.0,2925000.0,1541900.0,1114000.0,0.0,0.0,0.0,0.0,0.0
20230830112316184,SSE,SSE.ETF.510050,2.601,2.61,2.617,2.596,0.0,2.867,2.345,378828971.0,4000.0,987749042.0,10404.0,0.0,0.0,20230830,20230830,112316184,2.606,0.0,0.0,2.6,2.599,2.598,2.597,2.596,0.0,0.0,0.0,0.0,0.0,2.601,2.602,2.603,2.604,2.605,0.0,0.0,0.0,0.0,0.0,151000.0,3089900.0,4794600.0,2180300.0,2742900.0,0.0,0.0,0.0,0.0,0.0,1681400.0,4536000.0,2925000.0,1691900.0,1036500.0,0.0,0.0,0.0,0.0,0.0
20230830112319152,SSE,SSE.ETF.510050,2.601,2.61,2.617,2.596,0.0,2.867,2.345,378828971.0,0.0,987749042.0,0.0,0.0,0.0,20230830,20230830,112319150,2.606,0.0,0.0,2.6,2.599,2.598,2.597,2.596,0.0,0.0,0.0,0.0,0.0,2.601,2.602,2.603,2.604,2.605,0.0,0.0,0.0,0.0,0.0,151000.0,3089900.0,4587600.0,2180300.0,2654900.0,0.0,0.0,0.0,0.0,0.0,186100.0,4156900.0,2925000.0,3279900.0,1036500.0,0.0,0.0,0.0,0.0,0.0
20230830112322196,SSE,SSE.ETF.510050,2.601,2.61,2.617,2.596,0.0,2.867,2.345,378828971.0,0.0,987749042.0,0.0,0.0,0.0,20230830,20230830,112322196,2.606,0.0,0.0,2.6,2.599,2.598,2.597,2.596,0.0,0.0,0.0,0.0,0.0,2.601,2.602,2.603,2.604,2.605,0.0,0.0,0.0,0.0,0.0,152000.0,3089900.0,4587600.0,2180300.0,2577400.0,0.0,0.0,0.0,0.0,0.0,186100.0,4156900.0,2925000.0,3279900.0,1114000.0,0.0,0.0,0.0,0.0,0.0
20230830112325196,SSE,SSE.ETF.510050,2.6,2.61,2.617,2.596,0.0,2.867,2.345,378833471.0,4500.0,987760742.0,11700.0,0.0,0.0,20230830,20230830,112325197,2.606,0.0,0.0,2.6,2.599,2.598,2.597,2.596,0.0,0.0,0.0,0.0,0.0,2.601,2.602,2.603,2.604,2.605,0.0,0.0,0.0,0.0,0.0,147500.0,3120000.0,4354300.0,2193300.0,2577400.0,0.0,0.0,0.0,0.0,0.0,1678000.0,4448000.0,2925000.0,1779900.0,1114000.0,0.0,0.0,0.0,0.0,0.0
20230830112328200,SSE,SSE.ETF.510050,2.601,2.61,2.617,2.596,0.0,2.867,2.345,378833571.0,100.0,987761003.0,261.0,0.0,0.0,20230830,20230830,112328201,2.606,0.0,0.0,2.6,2.599,2.598,2.597,2.596,0.0,0.0,0.0,0.0,0.0,2.601,2.602,2.603,2.604,2.605,0.0,0.0,0.0,0.0,0.0,1000.0,1438800.0,4334300.0,3843300.0,2954900.0,0.0,0.0,0.0,0.0,0.0,2185700.0,4448000.0,2925000.0,1329900.0,1036500.0,0.0,0.0,0.0,0.0,0.0
20230830112331152,SSE,SSE.ETF.510050,2.6,2.61,2.617,2.596,0.0,2.867,2.345,378835671.0,2100.0,987766463.0,5460.0,0.0,0.0,20230830,20230830,112331152,2.606,0.0,0.0,2.599,2.598,2.597,2.596,2.595,0.0,0.0,0.0,0.0,0.0,2.6,2.601,2.602,2.603,2.604,0.0,0.0,0.0,0.0,0.0,1328800.0,3893300.0,3543300.0,2564400.0,2534200.0,0.0,0.0,0.0,0.0,0.0,10600.0,1885700.0,4148000.0,2537000.0,1329900.0,0.0,0.0,0.0,0.0,0.0
20230830112334160,SSE,SSE.ETF.510050,2.6,2.61,2.617,2.596,0.0,2.867,2.345,378846271.0,10600.0,987794023.0,27560.0,0.0,0.0,20230830,20230830,112334158,2.606,0.0,0.0,2.6,2.599,2.598,2.597,2.596,0.0,0.0,0.0,0.0,0.0,2.601,2.602,2.603,2.604,2.605,0.0,0.0,0.0,0.0,0.0,200.0,1228800.0,4281200.0,3556400.0,3059400.0,0.0,0.0,0.0,0.0,0.0,2185700.0,4548100.0,2924900.0,1492400.0,941500.0,0.0,0.0,0.0,0.0,0.0
20230830112337204,SSE,SSE.ETF.510050,2.6,2.61,2.617,2.596,0.0,2.867,2.345,378846471.0,200.0,987794543.0,520.0,0.0,0.0,20230830,20230830,112337204,2.606,0.0,0.0,2.599,2.598,2.597,2.596,2.595,0.0,0.0,0.0,0.0,0.0,2.6,2.601,2.602,2.603,2.604,0.0,0.0,0.0,0.0,0.0,1228800.0,4281300.0,3841300.0,2864400.0,2534900.0,0.0,0.0,0.0,0.0,0.0,34600.0,2234700.0,4448000.0,2925000.0,1329900.0,0.0,0.0,0.0,0.0,0.0
20230830112340148,SSE,SSE.ETF.510050,2.6,2.61,2.617,2.596,0.0,2.867,2.345,378847471.0,1000.0,987797143.0,2600.0,0.0,0.0,20230830,20230830,112340147,2.606,0.0,0.0,2.599,2.598,2.597,2.596,2.595,0.0,0.0,0.0,0.0,0.0,2.6,2.601,2.602,2.603,2.604,0.0,0.0,0.0,0.0,0.0,1228800.0,4281200.0,3556400.0,3059400.0,2547400.0,0.0,0.0,0.0,0.0,0.0,50000.0,2238500.0,4572000.0,2924900.0,1492400.0,0.0,0.0,0.0,0.0,0.0
20230830112343192,SSE,SSE.ETF.510050,2.599,2.61,2.617,2.596,0.0,2.867,2.345,378862171.0,14700.0,987835358.0,38215.0,0.0,0.0,20230830,20230830,112343193,2.606,0.0,0.0,2.599,2.598,2.597,2.596,2.595,0.0,0.0,0.0,0.0,0.0,2.6,2.601,2.602,2.603,2.604,0.0,0.0,0.0,0.0,0.0,1224100.0,4193200.0,3468400.0,3059400.0,2547400.0,0.0,0.0,0.0,0.0,0.0,91200.0,2192200.0,4572000.0,2836900.0,1404400.0,0.0,0.0,0.0,0.0,0.0
20230830112346200,SSE,SSE.ETF.510050,2.6,2.61,2.617,2.596,0.0,2.867,2.345,378864071.0,1900.0,987840298.0,4940.0,0.0,0.0,20230830,20230830,112346198,2.606,0.0,0.0,2.599,2.598,2.597,2.596,2.595,0.0,0.0,0.0,0.0,0.0,2.6,2.601,2.602,2.603,2.604,0.0,0.0,0.0,0.0,0.0,914100.0,4193200.0,3866400.0,3147400.0,2547400.0,0.0,0.0,0.0,0.0,0.0,131900.0,2187600.0,4970000.0,2924900.0,1094400.0,0.0,0.0,0.0,0.0,0.0
20230830112310040,SSE,SSE.ETF.510050,2.599,2.61,2.617,2.596,0.0,2.867,2.345,378824971.0,17900.0,987738638.0,46532.0,0.0,0.0,20230830,20230830,112310040,2.606,0.0,0.0,2.599,2.598,2.597,2.596,2.595,0.0,0.0,0.0,0.0,0.0,2.601,2.602,2.603,2.604,2.605,0.0,0.0,0.0,0.0,0.0,3296700.0,4773200.0,2027400.0,2860400.0,2536700.0,0.0,0.0,0.0,0.0,0.0,1735400.0,4636100.0,2924900.0,1743800.0,941500.0,0.0,0.0,0.0,0.0,0.0
20230830112349224,SSE,SSE.ETF.510050,2.6,2.61,2.617,2.596,0.0,2.867,2.345,378864071.0,0.0,987840298.0,0.0,0.0,0.0,20230830,20230830,112349225,2.606,0.0,0.0,2.599,2.598,2.597,2.596,2.595,0.0,0.0,0.0,0.0,0.0,2.6,2.601,2.602,2.603,2.604,0.0,0.0,0.0,0.0,0.0,1224100.0,4193200.0,3556400.0,3147400.0,2550400.0,0.0,0.0,0.0,0.0,0.0,136300.0,2187600.0,4660000.0,2924900.0,1404400.0,0.0,0.0,0.0,0.0,0.0
20230830112352184,SSE,SSE.ETF.510050,2.6,2.61,2.617,2.596,0.0,2.867,2.345,378864071.0,0.0,987840298.0,0.0,0.0,0.0,20230830,20230830,112352182,2.606,0.0,0.0,2.599,2.598,2.597,2.596,2.595,0.0,0.0,0.0,0.0,0.0,2.6,2.601,2.602,2.603,2.604,0.0,0.0,0.0,0.0,0.0,1225600.0,4193200.0,3556400.0,3147400.0,2550400.0,0.0,0.0,0.0,0.0,0.0,136300.0,2205600.0,4660000.0,2924900.0,1404400.0,0.0,0.0,0.0,0.0,0.0
20230830112355148,SSE,SSE.ETF.510050,2.6,2.61,2.617,2.596,0.0,2.867,2.345,378965071.0,101000.0,988102898.0,262600.0,0.0,0.0,20230830,20230830,112355147,2.606,0.0,0.0,2.599,2.598,2.597,2.596,2.595,0.0,0.0,0.0,0.0,0.0,2.6,2.601,2.602,2.603,2.604,0.0,0.0,0.0,0.0,0.0,1235600.0,4193200.0,3556400.0,3147400.0,2550200.0,0.0,0.0,0.0,0.0,0.0,71600.0,2196500.0,4660000.0,2923900.0,1404400.0,0.0,0.0,0.0,0.0,0.0
20230830112358152,SSE,SSE.ETF.510050,2.6,2.61,2.617,2.596,0.0,2.867,2.345,378967471.0,2400.0,988109138.0,6240.0,0.0,0.0,20230830,20230830,112358154,2.606,0.0,0.0,2.599,2.598,2.597,2.596,2.595,0.0,0.0,0.0,0.0,0.0,2.6,2.601,2.602,2.603,2.604,0.0,0.0,0.0,0.0,0.0,1092900.0,4193200.0,3866400.0,3127400.0,2550200.0,0.0,0.0,0.0,0.0,0.0,87500.0,2196500.0,4970000.0,2923900.0,1094400.0,0.0,0.0,0.0,0.0,0.0
20230830112401160,SSE,SSE.ETF.510050,2.6,2.61,2.617,2.596,0.0,2.867,2.345,378967471.0,0.0,988109138.0,0.0,0.0,0.0,20230830,20230830,112401159,2.606,0.0,0.0,2.599,2.598,2.597,2.596,2.595,0.0,0.0,0.0,0.0,0.0,2.6,2.601,2.602,2.603,2.604,0.0,0.0,0.0,0.0,0.0,1092900.0,4193200.0,3778400.0,3044400.0,2550200.0,0.0,0.0,0.0,0.0,0.0,87500.0,2296500.0,4882000.0,2835900.0,1094400.0,0.0,0.0,0.0,0.0,0.0
20230830112404224,SSE,SSE.ETF.510050,2.6,2.61,2.617,2.596,0.0,2.867,2.345,378977471.0,10000.0,988135138.0,26000.0,0.0,0.0,20230830,20230830,112404222,2.606,0.0,0.0,2.599,2.598,2.597,2.596,2.595,0.0,0.0,0.0,0.0,0.0,2.6,2.601,2.602,2.603,2.604,0.0,0.0,0.0,0.0,0.0,1394200.0,4193200.0,3556400.0,3191400.0,2550200.0,0.0,0.0,0.0,0.0,0.0,164100.0,2296500.0,4660000.0,2941900.0,1404400.0,0.0,0.0,0.0,0.0,0.0
20230830112407176,SSE,SSE.ETF.510050,2.6,2.61,2.617,2.596,0.0,2.867,2.345,378978071.0,600.0,988136698.0,1560.0,0.0,0.0,20230830,20230830,112407177,2.606,0.0,0.0,2.599,2.598,2.597,2.596,2.595,0.0,0.0,0.0,0.0,0.0,2.6,2.601,2.602,2.603,2.604,0.0,0.0,0.0,0.0,0.0,1704200.0,4193200.0,1756400.0,2986400.0,2549700.0,0.0,0.0,0.0,0.0,0.0,163500.0,1996500.0,4655000.0,2941900.0,1499400.0,0.0,0.0,0.0,0.0,0.0
20230830112410224,SSE,SSE.ETF.510050,2.6,2.61,2.617,2.596,0.0,2.867,2.345,378988071.0,10000.0,988162698.0,26000.0,0.0,0.0,20230830,20230830,112410225,2.606,0.0,0.0,2.599,2.598,2.597,2.596,2.595,0.0,0.0,0.0,0.0,0.0,2.6,2.601,2.602,2.603,2.604,0.0,0.0,0.0,0.0,0.0,1704200.0,4193200.0,3556400.0,2891400.0,2544700.0,0.0,0.0,0.0,0.0,0.0,169400.0,1996500.0,4655000.0,2941900.0,1784400.0,0.0,0.0,0.0,0.0,0.0
20230830112413192,SSE,SSE.ETF.510050,2.6,2.61,2.617,2.596,0.0,2.867,2.345,378988071.0,0.0,988162698.0,0.0,0.0,0.0,20230830,20230830,112413192,2.606,0.0,0.0,2.599,2.598,2.597,2.596,2.595,0.0,0.0,0.0,0.0,0.0,2.6,2.601,2.602,2.603,2.604,0.0,0.0,0.0,0.0,0.0,1704200.0,4193200.0,3556400.0,2891400.0,2544700.0,0.0,0.0,0.0,0.0,0.0,180400.0,1996500.0,4655000.0,2941900.0,1784400.0,0.0,0.0,0.0,0.0,0.0
20230830112416184,SSE,SSE.ETF.510050,2.599,2.61,2.617,2.596,0.0,2.867,2.345,379093671.0,105600.0,988437252.0,274554.0,0.0,0.0,20230830,20230830,112416182,2.606,0.0,0.0,2.599,2.598,2.597,2.596,2.595,0.0,0.0,0.0,0.0,0.0,2.6,2.601,2.602,2.603,2.604,0.0,0.0,0.0,0.0,0.0,2898600.0,4188200.0,1968400.0,3103400.0,2544700.0,0.0,0.0,0.0,0.0,0.0,85400.0,2296500.0,4567000.0,2853900.0,1484400.0,0.0,0.0,0.0,0.0,0.0
20230830112419188,SSE,SSE.ETF.510050,2.6,2.61,2.617,2.596,0.0,2.867,2.345,379179071.0,85400.0,988659292.0,222040.0,0.0,0.0,20230830,20230830,112419188,2.606,0.0,0.0,2.6,2.599,2.598,2.597,2.596,0.0,0.0,0.0,0.0,0.0,2.601,2.602,2.603,2.604,2.605,0.0,0.0,0.0,0.0,0.0,64700.0,3213600.0,4488200.0,1896400.0,2891400.0,0.0,0.0,0.0,0.0,0.0,1846500.0,4655000.0,2941900.0,1856900.0,939000.0,0.0,0.0,0.0,0.0,0.0
20230830112422184,SSE,SSE.ETF.510050,2.6,2.61,2.617,2.596,0.0,2.867,2.345,379179071.0,0.0,988659292.0,0.0,0.0,0.0,20230830,20230830,112422183,2.606,0.0,0.0,2.599,2.598,2.597,2.596,2.595,0.0,0.0,0.0,0.0,0.0,2.601,2.602,2.603,2.604,2.605,0.0,0.0,0.0,0.0,0.0,3313600.0,4188300.0,2335300.0,2773900.0,2454700.0,0.0,0.0,0.0,0.0,0.0,1896500.0,4554900.0,2942000.0,1541900.0,1036500.0,0.0,0.0,0.0,0.0,0.0
20230830112425196,SSE,SSE.ETF.510050,2.6,2.61,2.617,2.596,0.0,2.867,2.345,379179071.0,0.0,988659292.0,0.0,0.0,0.0,20230830,20230830,112425195,2.606,0.0,0.0,2.6,2.599,2.598,2.597,2.596,0.0,0.0,0.0,0.0,0.0,2.601,2.602,2.603,2.604,2.605,0.0,0.0,0.0,0.0,0.0,10000.0,3323600.0,4188300.0,2232300.0,2696400.0,0.0,0.0,0.0,0.0,0.0,1896500.0,4554900.0,2942000.0,1559900.0,1114000.0,0.0,0.0,0.0,0.0,0.0
20230830112428144,SSE,SSE.ETF.510050,2.6,2.61,2.617,2.596,0.0,2.867,2.345,379179071.0,0.0,988659292.0,0.0,0.0,0.0,20230830,20230830,112428143,2.606,0.0,0.0,2.6,2.599,2.598,2.597,2.596,0.0,0.0,0.0,0.0,0.0,2.601,2.602,2.603,2.604,2.605,0.0,0.0,0.0,0.0,0.0,10000.0,3334100.0,4188300.0,2421800.0,2693100.0,0.0,0.0,0.0,0.0,0.0,1896500.0,4554900.0,2942000.0,1559900.0,956500.0,0.0,0.0,0.0,0.0,0.0
20230830112431148,SSE,SSE.ETF.510050,2.6,2.61,2.617,2.596,0.0,2.867,2.345,379298971.0,119900.0,988971032.0,311740.0,0.0,0.0,20230830,20230830,112431147,2.606,0.0,0.0,2.6,2.599,2.598,2.597,2.596,0.0,0.0,0.0,0.0,0.0,2.601,2.602,2.603,2.604,2.605,0.0,0.0,0.0,0.0,0.0,290100.0,3334500.0,4188300.0,2210800.0,2705100.0,0.0,0.0,0.0,0.0,0.0,1846500.0,4466900.0,2854000.0,1559900.0,1036500.0,0.0,0.0,0.0,0.0,0.0
20230830112434216,SSE,SSE.ETF.510050,2.6,2.61,2.617,2.596,0.0,2.867,2.345,379493671.0,194700.0,989477252.0,506220.0,0.0,0.0,20230830,20230830,112434217,2.606,0.0,0.0,2.6,2.599,2.598,2.597,2.596,0.0,0.0,0.0,0.0,0.0,2.601,2.602,2.603,2.604,2.605,0.0,0.0,0.0,0.0,0.0,95400.0,1834500.0,4281300.0,2298800.0,2705100.0,0.0,0.0,0.0,0.0,0.0,1858500.0,4466900.0,2942000.0,1647900.0,1036500.0,0.0,0.0,0.0,0.0,0.0
20230830112437168,SSE,SSE.ETF.510050,2.6,2.61,2.617,2.596,0.0,2.867,2.345,379503671.0,10000.0,989503252.0,26000.0,0.0,0.0,20230830,20230830,112437170,2.606,0.0,0.0,2.6,2.599,2.598,2.597,2.596,0.0,0.0,0.0,0.0,0.0,2.601,2.602,2.603,2.604,2.605,0.0,0.0,0.0,0.0,0.0,93500.0,1934500.0,4281300.0,3798800.0,2605100.0,0.0,0.0,0.0,0.0,0.0,1911200.0,4466900.0,2942000.0,1647900.0,1036500.0,0.0,0.0,0.0,0.0,0.0
20230830112440180,SSE,SSE.ETF.510050,2.6,2.61,2.617,2.596,0.0,2.867,2.345,379505771.0,2100.0,989508712.0,5460.0,0.0,0.0,20230830,20230830,112440179,2.606,0.0,0.0,2.6,2.599,2.598,2.597,2.596,0.0,0.0,0.0,0.0,0.0,2.601,2.602,2.603,2.604,2.605,0.0,0.0,0.0,0.0,0.0,91400.0,3434500.0,4281300.0,2398800.0,2605100.0,0.0,0.0,0.0,0.0,0.0,1911200.0,4466900.0,2938000.0,1647900.0,956500.0,0.0,0.0,0.0,0.0,0.0
20230830112443152,SSE,SSE.ETF.510050,2.6,2.61,2.617,2.596,0.0,2.867,2.345,379547471.0,41700.0,989617132.0,108420.0,0.0,0.0,20230830,20230830,112443150,2.606,0.0,0.0,2.6,2.599,2.598,2.597,2.596,0.0,0.0,0.0,0.0,0.0,2.601,2.602,2.603,2.604,2.605,0.0,0.0,0.0,0.0,0.0,149700.0,3434500.0,4193300.0,2310800.0,2622500.0,0.0,0.0,0.0,0.0,0.0,1861200.0,4180800.0,2850000.0,1639900.0,956500.0,0.0,0.0,0.0,0.0,0.0
20230830112446180,SSE,SSE.ETF.510050,2.6,2.61,2.617,2.596,0.0,2.867,2.345,379548671.0,1200.0,989620252.0,3120.0,0.0,0.0,20230830,20230830,112446181,2.606,0.0,0.0,2.6,2.599,2.598,2.597,2.596,0.0,0.0,0.0,0.0,0.0,2.601,2.602,2.603,2.604,2.605,0.0,0.0,0.0,0.0,0.0,148500.0,3134500.0,4281300.0,2298800.0,2923500.0,0.0,0.0,0.0,0.0,0.0,2161700.0,4180800.0,2938000.0,1427900.0,956500.0,0.0,0.0,0.0,0.0,0.0
20230830112403940,SSE,SSE.ETF.510050,2.6,2.61,2.617,2.596,0.0,2.867,2.345,378967471.0,0.0,988109138.0,0.0,0.0,0.0,20230830,20230830,112403941,2.606,0.0,0.0,2.599,2.598,2.597,2.596,2.595,0.0,0.0,0.0,0.0,0.0,2.6,2.601,2.602,2.603,2.604,0.0,0.0,0.0,0.0,0.0,1092900.0,4193200.0,3778400.0,3044400.0,2550200.0,0.0,0.0,0.0,0.0,0.0,87500.0,2296500.0,4882000.0,2835900.0,1094400.0,0.0,0.0,0.0,0.0,0.0
20230830112449148,SSE,SSE.ETF.510050,2.6,2.61,2.617,2.596,0.0,2.867,2.345,379548671.0,0.0,989620252.0,0.0,0.0,0.0,20230830,20230830,112449148,2.606,0.0,0.0,2.6,2.599,2.598,2.597,2.596,0.0,0.0,0.0,0.0,0.0,2.601,2.602,2.603,2.604,2.605,0.0,0.0,0.0,0.0,0.0,148500.0,3434500.0,4281300.0,2393800.0,2623500.0,0.0,0.0,0.0,0.0,0.0,1861700.0,4471900.0,2938000.0,1727900.0,1051500.0,0.0,0.0,0.0,0.0,0.0
20230830112452172,SSE,SSE.ETF.510050,2.6,2.61,2.617,2.596,0.0,2.867,2.345,379548671.0,0.0,989620252.0,0.0,0.0,0.0,20230830,20230830,112452171,2.606,0.0,0.0,2.6,2.599,2.598,2.597,2.596,0.0,0.0,0.0,0.0,0.0,2.601,2.602,2.603,2.604,2.605,0.0,0.0,0.0,0.0,0.0,149500.0,3433700.0,4281300.0,2398800.0,2623500.0,0.0,0.0,0.0,0.0,0.0,1861700.0,4471900.0,2938000.0,1727900.0,956500.0,0.0,0.0,0.0,0.0,0.0
20230830112455200,SSE,SSE.ETF.510050,2.6,2.61,2.617,2.596,0.0,2.867,2.345,379598671.0,50000.0,989750252.0,130000.0,0.0,0.0,20230830,20230830,112455200,2.606,0.0,0.0,2.6,2.599,2.598,2.597,2.596,0.0,0.0,0.0,0.0,0.0,2.601,2.602,2.603,2.604,2.605,0.0,0.0,0.0,0.0,0.0,99500.0,3123700.0,4316900.0,2398800.0,2923500.0,0.0,0.0,0.0,0.0,0.0,2190000.0,4471900.0,2638000.0,1427900.0,956500.0,0.0,0.0,0.0,0.0,0.0
20230830112458192,SSE,SSE.ETF.510050,2.6,2.61,2.617,2.596,0.0,2.867,2.345,379610471.0,11800.0,989780936.0,30684.0,0.0,0.0,20230830,20230830,112458190,2.606,0.0,0.0,2.6,2.599,2.598,2.597,2.596,0.0,0.0,0.0,0.0,0.0,2.601,2.602,2.603,2.604,2.605,0.0,0.0,0.0,0.0,0.0,95500.0,3123700.0,4228900.0,2310800.0,2923500.0,0.0,0.0,0.0,0.0,0.0,2236000.0,4471900.0,2850000.0,1339900.0,956500.0,0.0,0.0,0.0,0.0,0.0
20230830112501148,SSE,SSE.ETF.510050,2.601,2.61,2.617,2.596,0.0,2.867,2.345,379613371.0,2900.0,989788476.0,7540.0,0.0,0.0,20230830,20230830,112501147,2.606,0.0,0.0,2.6,2.599,2.598,2.597,2.596,0.0,0.0,0.0,0.0,0.0,2.601,2.602,2.603,2.604,2.605,0.0,0.0,0.0,0.0,0.0,92800.0,3423700.0,4316900.0,2398800.0,2623500.0,0.0,0.0,0.0,0.0,0.0,1935800.0,4471900.0,2938500.0,1727900.0,956500.0,0.0,0.0,0.0,0.0,0.0
20230830112504144,SSE,SSE.ETF.510050,2.601,2.61,2.617,2.596,0.0,2.867,2.345,379613371.0,0.0,989788476.0,0.0,0.0,0.0,20230830,20230830,112504146,2.606,0.0,0.0,2.6,2.599,2.598,2.597,2.596,0.0,0.0,0.0,0.0,0.0,2.601,2.602,2.603,2.604,2.605,0.0,0.0,0.0,0.0,0.0,93700.0,3423700.0,4316900.0,2398800.0,2713500.0,0.0,0.0,0.0,0.0,0.0,1885800.0,4471900.0,2938500.0,1637900.0,1046500.0,0.0,0.0,0.0,0.0,0.0
20230830112507200,SSE,SSE.ETF.510050,2.6,2.61,2.617,2.596,0.0,2.867,2.345,379629671.0,16300.0,989830856.0,42380.0,0.0,0.0,20230830,20230830,112507202,2.606,0.0,0.0,2.6,2.599,2.598,2.597,2.596,0.0,0.0,0.0,0.0,0.0,2.601,2.602,2.603,2.604,2.605,0.0,0.0,0.0,0.0,0.0,461700.0,4770800.0,3980800.0,1639900.0,2714500.0,0.0,0.0,0.0,0.0,0.0,288300.0,3280800.0,3838500.0,2687900.0,1046500.0,0.0,0.0,0.0,0.0,0.0
20230830112510176,SSE,SSE.ETF.510050,2.6,2.61,2.617,2.596,0.0,2.867,2.345,379629671.0,0.0,989830856.0,0.0,0.0,0.0,20230830,20230830,112510178,2.606,0.0,0.0,2.6,2.599,2.598,2.597,2.596,0.0,0.0,0.0,0.0,0.0,2.601,2.602,2.603,2.604,2.605,0.0,0.0,0.0,0.0,0.0,467700.0,4770800.0,3979800.0,1639900.0,2791600.0,0.0,0.0,0.0,0.0,0.0,328100.0,2680800.0,4438500.0,3291900.0,969700.0,0.0,0.0,0.0,0.0,0.0
20230830112513196,SSE,SSE.ETF.510050,2.6,2.61,2.617,2.596,0.0,2.867,2.345,379632871.0,3200.0,989839179.0,8323.0,0.0,0.0,20230830,20230830,112513196,2.606,0.0,0.0,2.6,2.599,2.598,2.597,2.596,0.0,0.0,0.0,0.0,0.0,2.601,2.602,2.603,2.604,2.605,0.0,0.0,0.0,0.0,0.0,1092300.0,4770800.0,3674800.0,1251900.0,2791600.0,0.0,0.0,0.0,0.0,0.0,307800.0,2380800.0,4040500.0,3203900.0,1579700.0,0.0,0.0,0.0,0.0,0.0
20230830112516216,SSE,SSE.ETF.510050,2.601,2.61,2.617,2.596,0.0,2.867,2.345,379633571.0,700.0,989840999.0,1820.0,0.0,0.0,20230830,20230830,112516218,2.606,0.0,0.0,2.6,2.599,2.598,2.597,2.596,0.0,0.0,0.0,0.0,0.0,2.601,2.602,2.603,2.604,2.605,0.0,0.0,0.0,0.0,0.0,805600.0,4770800.0,3674800.0,1734900.0,2714100.0,0.0,0.0,0.0,0.0,0.0,344000.0,2640800.0,4128500.0,3291900.0,1452200.0,0.0,0.0,0.0,0.0,0.0
20230830112519144,SSE,SSE.ETF.510050,2.601,2.61,2.617,2.596,0.0,2.867,2.345,379636971.0,3400.0,989849843.0,8844.0,0.0,0.0,20230830,20230830,112519143,2.606,0.0,0.0,2.6,2.599,2.598,2.597,2.596,0.0,0.0,0.0,0.0,0.0,2.601,2.602,2.603,2.604,2.605,0.0,0.0,0.0,0.0,0.0,804100.0,5120800.0,3671800.0,1639900.0,2714100.0,0.0,0.0,0.0,0.0,0.0,343000.0,2640800.0,4040500.0,3291900.0,1357200.0,0.0,0.0,0.0,0.0,0.0
20230830112522224,SSE,SSE.ETF.510050,2.601,2.61,2.617,2.596,0.0,2.867,2.345,379637071.0,100.0,989850103.0,260.0,0.0,0.0,20230830,20230830,112522223,2.606,0.0,0.0,2.6,2.599,2.598,2.597,2.596,0.0,0.0,0.0,0.0,0.0,2.601,2.602,2.603,2.604,2.605,0.0,0.0,0.0,0.0,0.0,2606600.0,5122800.0,2171800.0,1339900.0,2727100.0,0.0,0.0,0.0,0.0,0.0,352900.0,2240800.0,4128500.0,3291900.0,1657200.0,0.0,0.0,0.0,0.0,0.0
20230830112525140,SSE,SSE.ETF.510050,2.6,2.61,2.617,2.596,0.0,2.867,2.345,379647571.0,10500.0,989877403.0,27300.0,0.0,0.0,20230830,20230830,112525141,2.606,0.0,0.0,2.6,2.599,2.598,2.597,2.596,0.0,0.0,0.0,0.0,0.0,2.601,2.602,2.603,2.604,2.605,0.0,0.0,0.0,0.0,0.0,2686700.0,4822800.0,2171800.0,1339900.0,2904600.0,0.0,0.0,0.0,0.0,0.0,352900.0,2240800.0,4128500.0,3291900.0,1579700.0,0.0,0.0,0.0,0.0,0.0
20230830112528216,SSE,SSE.ETF.510050,2.601,2.61,2.617,2.596,0.0,2.867,2.345,379668271.0,20700.0,989931242.0,53839.0,0.0,0.0,20230830,20230830,112528216,2.606,0.0,0.0,2.6,2.599,2.598,2.597,2.596,0.0,0.0,0.0,0.0,0.0,2.601,2.602,2.603,2.604,2.605,0.0,0.0,0.0,0.0,0.0,810000.0,4822800.0,3981800.0,1340100.0,2904600.0,0.0,0.0,0.0,0.0,0.0,333900.0,2240800.0,4438500.0,3291900.0,1269700.0,0.0,0.0,0.0,0.0,0.0
20230830112531152,SSE,SSE.ETF.510050,2.601,2.61,2.617,2.596,0.0,2.867,2.345,379668271.0,0.0,989931242.0,0.0,0.0,0.0,20230830,20230830,112531154,2.606,0.0,0.0,2.6,2.599,2.598,2.597,2.596,0.0,0.0,0.0,0.0,0.0,2.601,2.602,2.603,2.604,2.605,0.0,0.0,0.0,0.0,0.0,2330000.0,4826800.0,2171900.0,1640100.0,2827100.0,0.0,0.0,0.0,0.0,0.0,348900.0,2540800.0,4128500.0,3292000.0,1357200.0,0.0,0.0,0.0,0.0,0.0
20230830112534144,SSE,SSE.ETF.510050,2.601,2.61,2.617,2.596,0.0,2.867,2.345,379686271.0,18000.0,989978060.0,46818.0,0.0,0.0,20230830,20230830,112534144,2.606,0.0,0.0,2.6,2.599,2.598,2.597,2.596,0.0,0.0,0.0,0.0,0.0,2.601,2.602,2.603,2.604,2.605,0.0,0.0,0.0,0.0,0.0,820700.0,4816100.0,1971900.0,1240100.0,2827400.0,0.0,0.0,0.0,0.0,0.0,326800.0,2241500.0,3537400.0,2992000.0,1357200.0,0.0,0.0,0.0,0.0,0.0
20230830112537232,SSE,SSE.ETF.510050,2.601,2.61,2.617,2.596,0.0,2.867,2.345,379686271.0,0.0,989978060.0,0.0,0.0,0.0,20230830,20230830,112537234,2.606,0.0,0.0,2.6,2.599,2.598,2.597,2.596,0.0,0.0,0.0,0.0,0.0,2.601,2.602,2.603,2.604,2.605,0.0,0.0,0.0,0.0,0.0,2760700.0,5116100.0,2266900.0,1240100.0,2827400.0,0.0,0.0,0.0,0.0,0.0,331800.0,2235600.0,3837400.0,3292000.0,1657200.0,0.0,0.0,0.0,0.0,0.0
20230830112540152,SSE,SSE.ETF.510050,2.601,2.61,2.617,2.596,0.0,2.867,2.345,379759571.0,73300.0,990168713.0,190653.0,0.0,0.0,20230830,20230830,112540152,2.606,0.0,0.0,2.6,2.599,2.598,2.597,2.596,0.0,0.0,0.0,0.0,0.0,2.601,2.602,2.603,2.604,2.605,0.0,0.0,0.0,0.0,0.0,990700.0,4816100.0,3766900.0,1540100.0,2900900.0,0.0,0.0,0.0,0.0,0.0,268500.0,2555600.0,4128500.0,3212000.0,1359700.0,0.0,0.0,0.0,0.0,0.0
20230830112543184,SSE,SSE.ETF.510050,2.601,2.61,2.617,2.596,0.0,2.867,2.345,379759571.0,0.0,990168713.0,0.0,0.0,0.0,20230830,20230830,112543183,2.606,0.0,0.0,2.6,2.599,2.598,2.597,2.596,0.0,0.0,0.0,0.0,0.0,2.601,2.602,2.603,2.604,2.605,0.0,0.0,0.0,0.0,0.0,2690700.0,5116100.0,2178900.0,1242100.0,2733400.0,0.0,0.0,0.0,0.0,0.0,268500.0,2255600.0,4040500.0,3292000.0,1567200.0,0.0,0.0,0.0,0.0,0.0
20230830112546176,SSE,SSE.ETF.510050,2.601,2.61,2.617,2.596,0.0,2.867,2.345,379759571.0,0.0,990168713.0,0.0,0.0,0.0,20230830,20230830,112546177,2.606,0.0,0.0,2.6,2.599,2.598,2.597,2.596,0.0,0.0,0.0,0.0,0.0,2.601,2.602,2.603,2.604,2.605,0.0,0.0,0.0,0.0,0.0,2800700.0,5116500.0,2266900.0,1330100.0,2810900.0,0.0,0.0,0.0,0.0,0.0,258500.0,2255600.0,4128500.0,3212000.0,1569700.0,0.0,0.0,0.0,0.0,0.0
20230830112549192,SSE,SSE.ETF.510050,2.601,2.61,2.617,2.596,0.0,2.867,2.345,379762571.0,3000.0,990176516.0,7803.0,0.0,0.0,20230830,20230830,112549194,2.606,0.0,0.0,2.6,2.599,2.598,2.597,2.596,0.0,0.0,0.0,0.0,0.0,2.601,2.602,2.603,2.604,2.605,0.0,0.0,0.0,0.0,0.0,2200700.0,5116500.0,2266900.0,1330100.0,2810900.0,0.0,0.0,0.0,0.0,0.0,249400.0,2255600.0,3837400.0,3212000.0,1569700.0,0.0,0.0,0.0,0.0,0.0
20230830112552176,SSE,SSE.ETF.510050,2.601,2.61,2.617,2.596,0.0,2.867,2.345,379797871.0,35300.0,990268332.0,91816.0,0.0,0.0,20230830,20230830,112552177,2.606,0.0,0.0,2.6,2.599,2.598,2.597,2.596,0.0,0.0,0.0,0.0,0.0,2.601,2.602,2.603,2.604,2.605,0.0,0.0,0.0,0.0,0.0,2800700.0,5116500.0,2266900.0,1350100.0,2723400.0,0.0,0.0,0.0,0.0,0.0,214100.0,2255600.0,3837400.0,3212000.0,1647200.0,0.0,0.0,0.0,0.0,0.0
20230830112555192,SSE,SSE.ETF.510050,2.601,2.61,2.617,2.596,0.0,2.867,2.345,379853771.0,55900.0,990413727.0,145395.0,0.0,0.0,20230830,20230830,112555191,2.606,0.0,0.0,2.6,2.599,2.598,2.597,2.596,0.0,0.0,0.0,0.0,0.0,2.601,2.602,2.603,2.604,2.605,0.0,0.0,0.0,0.0,0.0,2800700.0,5129500.0,2266900.0,1350100.0,2800900.0,0.0,0.0,0.0,0.0,0.0,158200.0,2564600.0,3837400.0,3212000.0,1569700.0,0.0,0.0,0.0,0.0,0.0
20230830112506956,SSE,SSE.ETF.510050,2.601,2.61,2.617,2.596,0.0,2.867,2.345,379613371.0,0.0,989788476.0,0.0,0.0,0.0,20230830,20230830,112506957,2.606,0.0,0.0,2.6,2.599,2.598,2.597,2.596,0.0,0.0,0.0,0.0,0.0,2.601,2.602,2.603,2.604,2.605,0.0,0.0,0.0,0.0,0.0,93700.0,3423700.0,4316900.0,2398800.0,2713500.0,0.0,0.0,0.0,0.0,0.0,1885800.0,4471900.0,2938500.0,1637900.0,1046500.0,0.0,0.0,0.0,0.0,0.0
20230830112558204,SSE,SSE.ETF.510050,2.601,2.61,2.617,2.596,0.0,2.867,2.345,380011971.0,158200.0,990825206.0,411479.0,0.0,0.0,20230830,20230830,112558204,2.606,0.0,0.0,2.601,2.6,2.599,2.598,2.597,0.0,0.0,0.0,0.0,0.0,2.602,2.603,2.604,2.605,2.606,0.0,0.0,0.0,0.0,0.0,227100.0,3908500.0,4812400.0,1128900.0,1262100.0,0.0,0.0,0.0,0.0,0.0,914600.0,2849400.0,4024000.0,3215700.0,1288000.0,0.0,0.0,0.0,0.0,0.0
20230830112510280,SSE,SSE.ETF.510050,2.6,2.61,2.617,2.596,0.0,2.867,2.345,379629671.0,16300.0,989830856.0,42380.0,0.0,0.0,20230830,20230830,112510278,2.606,0.0,0.0,2.6,2.599,2.598,2.597,2.596,0.0,0.0,0.0,0.0,0.0,2.601,2.602,2.603,2.604,2.605,0.0,0.0,0.0,0.0,0.0,461700.0,4770800.0,3980800.0,1639900.0,2714500.0,0.0,0.0,0.0,0.0,0.0,288300.0,3280800.0,3838500.0,2687900.0,1046500.0,0.0,0.0,0.0,0.0,0.0
20230830112601208,SSE,SSE.ETF.510050,2.601,2.61,2.617,2.596,0.0,2.867,2.345,380012971.0,1000.0,990827807.0,2601.0,0.0,0.0,20230830,20230830,112601206,2.606,0.0,0.0,2.601,2.6,2.599,2.598,2.597,0.0,0.0,0.0,0.0,0.0,2.602,2.603,2.604,2.605,2.606,0.0,0.0,0.0,0.0,0.0,226100.0,3351400.0,4338500.0,2041800.0,1144500.0,0.0,0.0,0.0,0.0,0.0,2421800.0,3839300.0,3212000.0,1618700.0,1305500.0,0.0,0.0,0.0,0.0,0.0
20230830112604220,SSE,SSE.ETF.510050,2.602,2.61,2.617,2.596,0.0,2.867,2.345,380016071.0,3100.0,990835870.0,8063.0,0.0,0.0,20230830,20230830,112604219,2.606,0.0,0.0,2.601,2.6,2.599,2.598,2.597,0.0,0.0,0.0,0.0,0.0,2.602,2.603,2.604,2.605,2.606,0.0,0.0,0.0,0.0,0.0,223200.0,3987500.0,3447100.0,2332900.0,1144500.0,0.0,0.0,0.0,0.0,0.0,2433200.0,3839300.0,3212000.0,1618700.0,1305500.0,0.0,0.0,0.0,0.0,0.0
20230830112607192,SSE,SSE.ETF.510050,2.601,2.61,2.617,2.596,0.0,2.867,2.345,380017071.0,1000.0,990838471.0,2601.0,0.0,0.0,20230830,20230830,112607191,2.606,0.0,0.0,2.601,2.6,2.599,2.598,2.597,0.0,0.0,0.0,0.0,0.0,2.602,2.603,2.604,2.605,2.606,0.0,0.0,0.0,0.0,0.0,82600.0,3050400.0,4096200.0,1921500.0,1444500.0,0.0,0.0,0.0,0.0,0.0,2736400.0,3833400.0,2824000.0,1168700.0,1305500.0,0.0,0.0,0.0,0.0,0.0
20230830112610184,SSE,SSE.ETF.510050,2.602,2.61,2.617,2.596,0.0,2.867,2.345,380027471.0,10400.0,990865522.0,27051.0,0.0,0.0,20230830,20230830,112610182,2.606,0.0,0.0,2.601,2.6,2.599,2.598,2.597,0.0,0.0,0.0,0.0,0.0,2.602,2.603,2.604,2.605,2.606,0.0,0.0,0.0,0.0,0.0,72600.0,3350400.0,4184200.0,2071500.0,1144500.0,0.0,0.0,0.0,0.0,0.0,2692600.0,3833400.0,3212000.0,1468700.0,1305500.0,0.0,0.0,0.0,0.0,0.0
20230830112613184,SSE,SSE.ETF.510050,2.602,2.61,2.617,2.596,0.0,2.867,2.345,380027471.0,0.0,990865522.0,0.0,0.0,0.0,20230830,20230830,112613185,2.606,0.0,0.0,2.601,2.6,2.599,2.598,2.597,0.0,0.0,0.0,0.0,0.0,2.602,2.603,2.604,2.605,2.606,0.0,0.0,0.0,0.0,0.0,84500.0,3350400.0,4184200.0,1921500.0,1144500.0,0.0,0.0,0.0,0.0,0.0,2542600.0,3833400.0,3212000.0,1468700.0,1305500.0,0.0,0.0,0.0,0.0,0.0
20230830112616184,SSE,SSE.ETF.510050,2.602,2.61,2.617,2.596,0.0,2.867,2.345,380027471.0,0.0,990865522.0,0.0,0.0,0.0,20230830,20230830,112616182,2.606,0.0,0.0,2.601,2.6,2.599,2.598,2.597,0.0,0.0,0.0,0.0,0.0,2.602,2.603,2.604,2.605,2.606,0.0,0.0,0.0,0.0,0.0,84500.0,950400.0,4684200.0,3672500.0,1144500.0,0.0,0.0,0.0,0.0,0.0,3002600.0,3824500.0,2912000.0,1168700.0,1305500.0,0.0,0.0,0.0,0.0,0.0
20230830112619176,SSE,SSE.ETF.510050,2.601,2.61,2.617,2.596,0.0,2.867,2.345,380111971.0,84500.0,991085306.0,219784.0,0.0,0.0,20230830,20230830,112619178,2.606,0.0,0.0,2.6,2.599,2.598,2.597,2.596,0.0,0.0,0.0,0.0,0.0,2.602,2.603,2.604,2.605,2.606,0.0,0.0,0.0,0.0,0.0,2742700.0,4784200.0,2072500.0,1067100.0,2630900.0,0.0,0.0,0.0,0.0,0.0,2702600.0,3833400.0,3212000.0,1468700.0,1383000.0,0.0,0.0,0.0,0.0,0.0
20230830112622196,SSE,SSE.ETF.510050,2.601,2.61,2.617,2.596,0.0,2.867,2.345,380117971.0,6000.0,991100912.0,15606.0,0.0,0.0,20230830,20230830,112622197,2.606,0.0,0.0,2.6,2.599,2.598,2.597,2.596,0.0,0.0,0.0,0.0,0.0,2.602,2.603,2.604,2.605,2.606,0.0,0.0,0.0,0.0,0.0,2672700.0,5004200.0,2022500.0,955300.0,2790900.0,0.0,0.0,0.0,0.0,0.0,1052700.0,3833400.0,3212000.0,1398700.0,1373000.0,0.0,0.0,0.0,0.0,0.0
20230830112625172,SSE,SSE.ETF.510050,2.601,2.61,2.617,2.596,0.0,2.867,2.345,380117971.0,0.0,991100912.0,0.0,0.0,0.0,20230830,20230830,112625173,2.606,0.0,0.0,2.601,2.6,2.599,2.598,2.597,0.0,0.0,0.0,0.0,0.0,2.602,2.603,2.604,2.605,2.606,0.0,0.0,0.0,0.0,0.0,150000.0,3419800.0,5229100.0,1325600.0,955300.0,0.0,0.0,0.0,0.0,0.0,1055700.0,2933400.0,4024000.0,2960700.0,1373000.0,0.0,0.0,0.0,0.0,0.0
20230830112628200,SSE,SSE.ETF.510050,2.602,2.61,2.617,2.596,0.0,2.867,2.345,380132971.0,15000.0,991139942.0,39030.0,0.0,0.0,20230830,20230830,112628200,2.606,0.0,0.0,2.6,2.599,2.598,2.597,2.596,0.0,0.0,0.0,0.0,0.0,2.602,2.603,2.604,2.605,2.606,0.0,0.0,0.0,0.0,0.0,1066400.0,4554200.0,2072500.0,1422700.0,2543900.0,0.0,0.0,0.0,0.0,0.0,2999700.0,4124500.0,3212000.0,1098700.0,1385500.0,0.0,0.0,0.0,0.0,0.0
20230830112631200,SSE,SSE.ETF.510050,2.602,2.61,2.617,2.596,0.0,2.867,2.345,380132971.0,0.0,991139942.0,0.0,0.0,0.0,20230830,20230830,112631201,2.606,0.0,0.0,2.601,2.6,2.599,2.598,2.597,0.0,0.0,0.0,0.0,0.0,2.602,2.603,2.604,2.605,2.606,0.0,0.0,0.0,0.0,0.0,14100.0,873300.0,4296200.0,2172500.0,1343300.0,0.0,0.0,0.0,0.0,0.0,3007600.0,4124500.0,3212000.0,1098700.0,1373000.0,0.0,0.0,0.0,0.0,0.0
20230830112634144,SSE,SSE.ETF.510050,2.601,2.61,2.617,2.596,0.0,2.867,2.345,380144071.0,11100.0,991168813.0,28871.0,0.0,0.0,20230830,20230830,112634144,2.606,0.0,0.0,2.601,2.6,2.599,2.598,2.597,0.0,0.0,0.0,0.0,0.0,2.602,2.603,2.604,2.605,2.606,0.0,0.0,0.0,0.0,0.0,8000.0,1262300.0,4396200.0,3572500.0,1133300.0,0.0,0.0,0.0,0.0,0.0,2707600.0,4124500.0,3212000.0,1398700.0,1463000.0,0.0,0.0,0.0,0.0,0.0
20230830112637200,SSE,SSE.ETF.510050,2.601,2.61,2.617,2.596,0.0,2.867,2.345,380167671.0,23600.0,991230197.0,61384.0,0.0,0.0,20230830,20230830,112637200,2.606,0.0,0.0,2.601,2.6,2.599,2.598,2.597,0.0,0.0,0.0,0.0,0.0,2.602,2.603,2.604,2.605,2.606,0.0,0.0,0.0,0.0,0.0,5900.0,1262300.0,4396200.0,3572500.0,1133300.0,0.0,0.0,0.0,0.0,0.0,2684000.0,3833400.0,3212000.0,1443700.0,1463000.0,0.0,0.0,0.0,0.0,0.0
20230830112640204,SSE,SSE.ETF.510050,2.602,2.61,2.617,2.596,0.0,2.867,2.345,380209671.0,42000.0,991339481.0,109284.0,0.0,0.0,20230830,20230830,112640205,2.606,0.0,0.0,2.601,2.6,2.599,2.598,2.597,0.0,0.0,0.0,0.0,0.0,2.602,2.603,2.604,2.605,2.606,0.0,0.0,0.0,0.0,0.0,45900.0,1336700.0,4296200.0,2172500.0,1133300.0,0.0,0.0,0.0,0.0,0.0,2662000.0,3833400.0,3212000.0,1523700.0,1383000.0,0.0,0.0,0.0,0.0,0.0
20230830112643160,SSE,SSE.ETF.510050,2.601,2.61,2.617,2.596,0.0,2.867,2.345,380220171.0,10500.0,991366791.0,27310.0,0.0,0.0,20230830,20230830,112643159,2.606,0.0,0.0,2.601,2.6,2.599,2.598,2.597,0.0,0.0,0.0,0.0,0.0,2.602,2.603,2.604,2.605,2.606,0.0,0.0,0.0,0.0,0.0,49900.0,2771100.0,4484200.0,2072500.0,1045300.0,0.0,0.0,0.0,0.0,0.0,2762000.0,3833400.0,3212000.0,1523700.0,1383000.0,0.0,0.0,0.0,0.0,0.0
20230830112646136,SSE,SSE.ETF.510050,2.601,2.61,2.617,2.596,0.0,2.867,2.345,380235171.0,15000.0,991405806.0,39015.0,0.0,0.0,20230830,20230830,112646136,2.606,0.0,0.0,2.601,2.6,2.599,2.598,2.597,0.0,0.0,0.0,0.0,0.0,2.602,2.603,2.604,2.605,2.606,0.0,0.0,0.0,0.0,0.0,34900.0,1086600.0,4084200.0,3667500.0,1122700.0,0.0,0.0,0.0,0.0,0.0,2762000.0,3824500.0,2912000.0,1443700.0,1385500.0,0.0,0.0,0.0,0.0,0.0
20230830112649176,SSE,SSE.ETF.510050,2.601,2.61,2.617,2.596,0.0,2.867,2.345,380256771.0,21600.0,991461988.0,56182.0,0.0,0.0,20230830,20230830,112649175,2.606,0.0,0.0,2.6,2.599,2.598,2.597,2.596,0.0,0.0,0.0,0.0,0.0,2.601,2.602,2.603,2.604,2.605,0.0,0.0,0.0,0.0,0.0,1029200.0,4484200.0,3567500.0,1345300.0,2621400.0,0.0,0.0,0.0,0.0,0.0,26700.0,3062000.0,4124500.0,3212000.0,1223700.0,0.0,0.0,0.0,0.0,0.0
20230830112652160,SSE,SSE.ETF.510050,2.601,2.61,2.617,2.596,0.0,2.867,2.345,380256771.0,0.0,991461988.0,0.0,0.0,0.0,20230830,20230830,112652161,2.606,0.0,0.0,2.6,2.599,2.598,2.597,2.596,0.0,0.0,0.0,0.0,0.0,2.601,2.602,2.603,2.604,2.605,0.0,0.0,0.0,0.0,0.0,906100.0,4384200.0,3482500.0,1440300.0,2713900.0,0.0,0.0,0.0,0.0,0.0,26700.0,3069600.0,4224500.0,3112000.0,1406200.0,0.0,0.0,0.0,0.0,0.0
20230830112655156,SSE,SSE.ETF.510050,2.601,2.61,2.617,2.596,0.0,2.867,2.345,380267271.0,10500.0,991489298.0,27310.0,0.0,0.0,20230830,20230830,112655156,2.606,0.0,0.0,2.6,2.599,2.598,2.597,2.596,0.0,0.0,0.0,0.0,0.0,2.601,2.602,2.603,2.604,2.605,0.0,0.0,0.0,0.0,0.0,2704200.0,4596200.0,1894500.0,1140300.0,2713900.0,0.0,0.0,0.0,0.0,0.0,49200.0,2737700.0,3933400.0,3024000.0,1618200.0,0.0,0.0,0.0,0.0,0.0
20230830112658144,SSE,SSE.ETF.510050,2.6,2.61,2.617,2.596,0.0,2.867,2.345,380284271.0,17000.0,991533509.0,44211.0,0.0,0.0,20230830,20230830,112658142,2.606,0.0,0.0,2.6,2.599,2.598,2.597,2.596,0.0,0.0,0.0,0.0,0.0,2.601,2.602,2.603,2.604,2.605,0.0,0.0,0.0,0.0,0.0,2390100.0,4596200.0,1982500.0,1528300.0,2713900.0,0.0,0.0,0.0,0.0,0.0,67200.0,2992000.0,4312500.0,3112000.0,1398200.0,0.0,0.0,0.0,0.0,0.0
20230830112701204,SSE,SSE.ETF.510050,2.601,2.61,2.617,2.596,0.0,2.867,2.345,380368171.0,83900.0,991751733.0,218224.0,0.0,0.0,20230830,20230830,112701203,2.606,0.0,0.0,2.601,2.6,2.599,2.598,2.597,0.0,0.0,0.0,0.0,0.0,2.602,2.603,2.604,2.605,2.606,0.0,0.0,0.0,0.0,0.0,62200.0,2922100.0,4651200.0,1982500.0,1228300.0,0.0,0.0,0.0,0.0,0.0,2692000.0,4021400.0,3112000.0,1698200.0,1210500.0,0.0,0.0,0.0,0.0,0.0
20230830112704216,SSE,SSE.ETF.510050,2.601,2.61,2.617,2.596,0.0,2.867,2.345,380368171.0,0.0,991751733.0,0.0,0.0,0.0,20230830,20230830,112704215,2.606,0.0,0.0,2.601,2.6,2.599,2.598,2.597,0.0,0.0,0.0,0.0,0.0,2.602,2.603,2.604,2.605,2.606,0.0,0.0,0.0,0.0,0.0,62200.0,3142400.0,4451200.0,2067500.0,1210700.0,0.0,0.0,0.0,0.0,0.0,2692200.0,3921400.0,3212000.0,1435700.0,1305500.0,0.0,0.0,0.0,0.0,0.0
20230830112707184,SSE,SSE.ETF.510050,2.601,2.61,2.617,2.596,0.0,2.867,2.345,380368371.0,200.0,991752254.0,521.0,0.0,0.0,20230830,20230830,112707182,2.606,0.0,0.0,2.601,2.6,2.599,2.598,2.597,0.0,0.0,0.0,0.0,0.0,2.602,2.603,2.604,2.605,2.606,0.0,0.0,0.0,0.0,0.0,86800.0,970100.0,4301200.0,2067500.0,1510700.0,0.0,0.0,0.0,0.0,0.0,2992800.0,4512500.0,3212000.0,1135700.0,1305500.0,0.0,0.0,0.0,0.0,0.0
20230830112710144,SSE,SSE.ETF.510050,2.601,2.61,2.617,2.596,0.0,2.867,2.345,380368371.0,0.0,991752254.0,0.0,0.0,0.0,20230830,20230830,112710145,2.606,0.0,0.0,2.601,2.6,2.599,2.598,2.597,0.0,0.0,0.0,0.0,0.0,2.602,2.603,2.604,2.605,2.606,0.0,0.0,0.0,0.0,0.0,86800.0,1579700.0,4381200.0,1979500.0,1045300.0,0.0,0.0,0.0,0.0,0.0,2692800.0,3833400.0,3124000.0,1355700.0,1463000.0,0.0,0.0,0.0,0.0,0.0
20230830112713168,SSE,SSE.ETF.510050,2.601,2.61,2.617,2.596,0.0,2.867,2.345,380368371.0,0.0,991752254.0,0.0,0.0,0.0,20230830,20230830,112713168,2.606,0.0,0.0,2.601,2.6,2.599,2.598,2.597,0.0,0.0,0.0,0.0,0.0,2.602,2.603,2.604,2.605,2.606,0.0,0.0,0.0,0.0,0.0,86800.0,1352200.0,4369200.0,3757500.0,1255300.0,0.0,0.0,0.0,0.0,0.0,3097700.0,4124500.0,3212000.0,1143700.0,1373000.0,0.0,0.0,0.0,0.0,0.0
20230830112716144,SSE,SSE.ETF.510050,2.601,2.61,2.617,2.596,0.0,2.867,2.345,380455171.0,86800.0,991978020.0,225766.0,0.0,0.0,20230830,20230830,112716143,2.606,0.0,0.0,2.6,2.599,2.598,2.597,2.596,0.0,0.0,0.0,0.0,0.0,2.601,2.602,2.603,2.604,2.605,0.0,0.0,0.0,0.0,0.0,989900.0,4069200.0,3977500.0,1045300.0,2621400.0,0.0,0.0,0.0,0.0,0.0,300000.0,2810900.0,4434500.0,2912000.0,913700.0,0.0,0.0,0.0,0.0,0.0
20230830112719164,SSE,SSE.ETF.510050,2.601,2.61,2.617,2.596,0.0,2.867,2.345,380455171.0,0.0,991978020.0,0.0,0.0,0.0,20230830,20230830,112719164,2.606,0.0,0.0,2.6,2.599,2.598,2.597,2.596,0.0,0.0,0.0,0.0,0.0,2.602,2.603,2.604,2.605,2.606,0.0,0.0,0.0,0.0,0.0,909900.0,4368200.0,3887500.0,1345300.0,2713900.0,0.0,0.0,0.0,0.0,0.0,3110900.0,4834500.0,3122000.0,1082800.0,1305500.0,0.0,0.0,0.0,0.0,0.0
20230830112722172,SSE,SSE.ETF.510050,2.601,2.61,2.617,2.596,0.0,2.867,2.345,380455171.0,0.0,991978020.0,0.0,0.0,0.0,20230830,20230830,112722172,2.606,0.0,0.0,2.6,2.599,2.598,2.597,2.596,0.0,0.0,0.0,0.0,0.0,2.601,2.602,2.603,2.604,2.605,0.0,0.0,0.0,0.0,0.0,809900.0,4368200.0,3887500.0,1345300.0,2791400.0,0.0,0.0,0.0,0.0,0.0,1000.0,4010900.0,3834500.0,3222000.0,923000.0,0.0,0.0,0.0,0.0,0.0
20230830112725220,SSE,SSE.ETF.510050,2.601,2.61,2.617,2.596,0.0,2.867,2.345,380455171.0,0.0,991978020.0,0.0,0.0,0.0,20230830,20230830,112725221,2.606,0.0,0.0,2.6,2.599,2.598,2.597,2.596,0.0,0.0,0.0,0.0,0.0,2.601,2.602,2.603,2.604,2.605,0.0,0.0,0.0,0.0,0.0,819900.0,4280200.0,3792500.0,1528300.0,2713900.0,0.0,0.0,0.0,0.0,0.0,1000.0,3111700.0,4622500.0,3122000.0,1097500.0,0.0,0.0,0.0,0.0,0.0
20230830112728228,SSE,SSE.ETF.510050,2.6,2.61,2.617,2.596,0.0,2.867,2.345,380466171.0,11000.0,992006621.0,28601.0,0.0,0.0,20230830,20230830,112728228,2.606,0.0,0.0,2.6,2.599,2.598,2.597,2.596,0.0,0.0,0.0,0.0,0.0,2.602,2.603,2.604,2.605,2.606,0.0,0.0,0.0,0.0,0.0,1118900.0,4280200.0,3482500.0,1528300.0,2713900.0,0.0,0.0,0.0,0.0,0.0,3106700.0,4312500.0,3122000.0,1327500.0,1292100.0,0.0,0.0,0.0,0.0,0.0
20230830112731152,SSE,SSE.ETF.510050,2.602,2.61,2.617,2.596,0.0,2.867,2.345,380471171.0,5000.0,992019631.0,13010.0,0.0,0.0,20230830,20230830,112731150,2.606,0.0,0.0,2.601,2.6,2.599,2.598,2.597,0.0,0.0,0.0,0.0,0.0,2.602,2.603,2.604,2.605,2.606,0.0,0.0,0.0,0.0,0.0,29000.0,1128900.0,4260200.0,2077500.0,1433300.0,0.0,0.0,0.0,0.0,0.0,3101700.0,4215500.0,3222000.0,1065000.0,1464600.0,0.0,0.0,0.0,0.0,0.0
20230830112734152,SSE,SSE.ETF.510050,2.601,2.61,2.617,2.596,0.0,2.867,2.345,380505171.0,34000.0,992108065.0,88434.0,0.0,0.0,20230830,20230830,112734151,2.606,0.0,0.0,2.601,2.6,2.599,2.598,2.597,0.0,0.0,0.0,0.0,0.0,2.602,2.603,2.604,2.605,2.606,0.0,0.0,0.0,0.0,0.0,200.0,702700.0,4360200.0,3877500.0,1433300.0,0.0,0.0,0.0,0.0,0.0,3076700.0,4845500.0,2622000.0,755000.0,1464600.0,0.0,0.0,0.0,0.0,0.0
20230830112737176,SSE,SSE.ETF.510050,2.601,2.61,2.617,2.596,0.0,2.867,2.345,380505371.0,200.0,992108586.0,521.0,0.0,0.0,20230830,20230830,112737176,2.606,0.0,0.0,2.6,2.599,2.598,2.597,2.596,0.0,0.0,0.0,0.0,0.0,2.601,2.602,2.603,2.604,2.605,0.0,0.0,0.0,0.0,0.0,904200.0,4360200.0,3879500.0,1333700.0,2543900.0,0.0,0.0,0.0,0.0,0.0,11200.0,3076700.0,4457500.0,3134000.0,755000.0,0.0,0.0,0.0,0.0,0.0
20230830112740144,SSE,SSE.ETF.510050,2.602,2.61,2.617,2.596,0.0,2.867,2.345,380546071.0,40700.0,992214422.0,105836.0,0.0,0.0,20230830,20230830,112740146,2.606,0.0,0.0,2.6,2.599,2.598,2.597,2.596,0.0,0.0,0.0,0.0,0.0,2.602,2.603,2.604,2.605,2.606,0.0,0.0,0.0,0.0,0.0,1413100.0,4263700.0,3667500.0,1044400.0,2713900.0,0.0,0.0,0.0,0.0,0.0,2753000.0,4335500.0,3122000.0,1532500.0,1297100.0,0.0,0.0,0.0,0.0,0.0
20230830112743176,SSE,SSE.ETF.510050,2.602,2.61,2.617,2.596,0.0,2.867,2.345,380546071.0,0.0,992214422.0,0.0,0.0,0.0,20230830,20230830,112743176,2.606,0.0,0.0,2.6,2.599,2.598,2.597,2.596,0.0,0.0,0.0,0.0,0.0,2.601,2.602,2.603,2.604,2.605,0.0,0.0,0.0,0.0,0.0,623100.0,3576600.0,3626600.0,1953300.0,2791400.0,0.0,0.0,0.0,0.0,0.0,1399100.0,4244100.0,3857500.0,1484000.0,843000.0,0.0,0.0,0.0,0.0,0.0
20230830112746176,SSE,SSE.ETF.510050,2.602,2.61,2.617,2.596,0.0,2.867,2.345,380546071.0,0.0,992214422.0,0.0,0.0,0.0,20230830,20230830,112746176,2.606,0.0,0.0,2.6,2.599,2.598,2.597,2.596,0.0,0.0,0.0,0.0,0.0,2.601,2.602,2.603,2.604,2.605,0.0,0.0,0.0,0.0,0.0,588600.0,3576600.0,3529600.0,2138300.0,2714400.0,0.0,0.0,0.0,0.0,0.0,1399100.0,3956000.0,3657500.0,1622000.0,1104800.0,0.0,0.0,0.0,0.0,0.0
20230830112749136,SSE,SSE.ETF.510050,2.601,2.61,2.617,2.596,0.0,2.867,2.345,380552271.0,6200.0,992230548.0,16126.0,0.0,0.0,20230830,20230830,112749135,2.606,0.0,0.0,2.6,2.599,2.598,2.597,2.596,0.0,0.0,0.0,0.0,0.0,2.601,2.602,2.603,2.604,2.605,0.0,0.0,0.0,0.0,0.0,644500.0,3276600.0,3529600.0,2288700.0,3014400.0,0.0,0.0,0.0,0.0,0.0,1842900.0,4547100.0,3657500.0,1172000.0,1104800.0,0.0,0.0,0.0,0.0,0.0
20230830112752148,SSE,SSE.ETF.510050,2.601,2.61,2.617,2.596,0.0,2.867,2.345,380552371.0,100.0,992230808.0,260.0,0.0,0.0,20230830,20230830,112752147,2.606,0.0,0.0,2.6,2.599,2.598,2.597,2.596,0.0,0.0,0.0,0.0,0.0,2.601,2.602,2.603,2.604,2.605,0.0,0.0,0.0,0.0,0.0,644500.0,3276600.0,3529600.0,2288700.0,3014400.0,0.0,0.0,0.0,0.0,0.0,1866800.0,4221900.0,3657500.0,1172000.0,1104800.0,0.0,0.0,0.0,0.0,0.0
20230830112755228,SSE,SSE.ETF.510050,2.601,2.61,2.617,2.596,0.0,2.867,2.345,380552371.0,0.0,992230808.0,0.0,0.0,0.0,20230830,20230830,112755229,2.606,0.0,0.0,2.6,2.599,2.598,2.597,2.596,0.0,0.0,0.0,0.0,0.0,2.601,2.602,2.603,2.604,2.605,0.0,0.0,0.0,0.0,0.0,682600.0,3276600.0,3443900.0,2200700.0,3014400.0,0.0,0.0,0.0,0.0,0.0,1905400.0,4194500.0,3657500.0,1084000.0,1015200.0,0.0,0.0,0.0,0.0,0.0
20230830112758200,SSE,SSE.ETF.510050,2.601,2.61,2.617,2.596,0.0,2.867,2.345,380556871.0,4500.0,992242513.0,11705.0,0.0,0.0,20230830,20230830,112758200,2.606,0.0,0.0,2.6,2.599,2.598,2.597,2.596,0.0,0.0,0.0,0.0,0.0,2.601,2.602,2.603,2.604,2.605,0.0,0.0,0.0,0.0,0.0,682700.0,3276600.0,3531900.0,2288700.0,3014400.0,0.0,0.0,0.0,0.0,0.0,1910400.0,3874700.0,3745500.0,1172000.0,1015200.0,0.0,0.0,0.0,0.0,0.0
20230830112801200,SSE,SSE.ETF.510050,2.601,2.61,2.617,2.596,0.0,2.867,2.345,380556871.0,0.0,992242513.0,0.0,0.0,0.0,20230830,20230830,112801201,2.606,0.0,0.0,2.6,2.599,2.598,2.597,2.596,0.0,0.0,0.0,0.0,0.0,2.601,2.602,2.603,2.604,2.605,0.0,0.0,0.0,0.0,0.0,685700.0,3276600.0,3532000.0,2288700.0,3014400.0,0.0,0.0,0.0,0.0,0.0,1942600.0,4168800.0,3745500.0,1168000.0,1015200.0,0.0,0.0,0.0,0.0,0.0
20230830112804140,SSE,SSE.ETF.510050,2.601,2.61,2.617,2.596,0.0,2.867,2.345,380556871.0,0.0,992242513.0,0.0,0.0,0.0,20230830,20230830,112804139,2.606,0.0,0.0,2.6,2.599,2.598,2.597,2.596,0.0,0.0,0.0,0.0,0.0,2.601,2.602,2.603,2.604,2.605,0.0,0.0,0.0,0.0,0.0,789000.0,3576600.0,3532000.0,2288700.0,2714400.0,0.0,0.0,0.0,0.0,0.0,1642600.0,3877700.0,3745500.0,1468000.0,1015200.0,0.0,0.0,0.0,0.0,0.0
20230830112807168,SSE,SSE.ETF.510050,2.6,2.61,2.617,2.596,0.0,2.867,2.345,380558071.0,1200.0,992245633.0,3120.0,0.0,0.0,20230830,20230830,112807167,2.606,0.0,0.0,2.6,2.599,2.598,2.597,2.596,0.0,0.0,0.0,0.0,0.0,2.601,2.602,2.603,2.604,2.605,0.0,0.0,0.0,0.0,0.0,788000.0,3276600.0,3532000.0,1838700.0,2714400.0,0.0,0.0,0.0,0.0,0.0,1792400.0,3577700.0,3445500.0,1168000.0,1015200.0,0.0,0.0,0.0,0.0,0.0
20230830112810136,SSE,SSE.ETF.510050,2.6,2.61,2.617,2.596,0.0,2.867,2.345,380568271.0,10200.0,992272153.0,26520.0,0.0,0.0,20230830,20230830,112810134,2.606,0.0,0.0,2.6,2.599,2.598,2.597,2.596,0.0,0.0,0.0,0.0,0.0,2.601,2.602,2.603,2.604,2.605,0.0,0.0,0.0,0.0,0.0,783000.0,3913700.0,2806900.0,2491800.0,3012400.0,0.0,0.0,0.0,0.0,0.0,1942200.0,3877700.0,3657500.0,1080000.0,1015200.0,0.0,0.0,0.0,0.0,0.0
20230830112813144,SSE,SSE.ETF.510050,2.6,2.61,2.617,2.596,0.0,2.867,2.345,380568271.0,0.0,992272153.0,0.0,0.0,0.0,20230830,20230830,112813142,2.606,0.0,0.0,2.6,2.599,2.598,2.597,2.596,0.0,0.0,0.0,0.0,0.0,2.601,2.602,2.603,2.604,2.605,0.0,0.0,0.0,0.0,0.0,940000.0,3626600.0,4432000.0,1333700.0,2712400.0,0.0,0.0,0.0,0.0,0.0,104300.0,3854100.0,3745500.0,1618000.0,1110200.0,0.0,0.0,0.0,0.0,0.0
20230830112816144,SSE,SSE.ETF.510050,2.6,2.61,2.617,2.596,0.0,2.867,2.345,380591871.0,23600.0,992333513.0,61360.0,0.0,0.0,20230830,20230830,112816145,2.606,0.0,0.0,2.6,2.599,2.598,2.597,2.596,0.0,0.0,0.0,0.0,0.0,2.601,2.602,2.603,2.604,2.605,0.0,0.0,0.0,0.0,0.0,768400.0,4213700.0,3794900.0,1529800.0,2712000.0,0.0,0.0,0.0,0.0,0.0,1492200.0,3854100.0,3745500.0,1468000.0,1015900.0,0.0,0.0,0.0,0.0,0.0
20230830112819208,SSE,SSE.ETF.510050,2.6,2.61,2.617,2.596,0.0,2.867,2.345,380591871.0,0.0,992333513.0,0.0,0.0,0.0,20230830,20230830,112819208,2.606,0.0,0.0,2.6,2.599,2.598,2.597,2.596,0.0,0.0,0.0,0.0,0.0,2.601,2.602,2.603,2.604,2.605,0.0,0.0,0.0,0.0,0.0,768300.0,3426600.0,3472000.0,2048700.0,2710400.0,0.0,0.0,0.0,0.0,0.0,1531400.0,3995200.0,3595500.0,1468000.0,1015200.0,0.0,0.0,0.0,0.0,0.0
20230830112822140,SSE,SSE.ETF.510050,2.6,2.61,2.617,2.596,0.0,2.867,2.345,380708571.0,116700.0,992636933.0,303420.0,0.0,0.0,20230830,20230830,112822140,2.606,0.0,0.0,2.6,2.599,2.598,2.597,2.596,0.0,0.0,0.0,0.0,0.0,2.601,2.602,2.603,2.604,2.605,0.0,0.0,0.0,0.0,0.0,656000.0,3427300.0,3382000.0,2138700.0,2710700.0,0.0,0.0,0.0,0.0,0.0,1532100.0,3703400.0,3595500.0,1468000.0,1015200.0,0.0,0.0,0.0,0.0,0.0
20230830112801304,SSE,SSE.ETF.510050,2.601,2.61,2.617,2.596,0.0,2.867,2.345,380556871.0,4500.0,992242513.0,11705.0,0.0,0.0,20230830,20230830,112801303,2.606,0.0,0.0,2.6,2.599,2.598,2.597,2.596,0.0,0.0,0.0,0.0,0.0,2.601,2.602,2.603,2.604,2.605,0.0,0.0,0.0,0.0,0.0,682700.0,3276600.0,3531900.0,2288700.0,3014400.0,0.0,0.0,0.0,0.0,0.0,1910400.0,3874700.0,3745500.0,1172000.0,1015200.0,0.0,0.0,0.0,0.0,0.0
20230830112825212,SSE,SSE.ETF.510050,2.6,2.61,2.617,2.596,0.0,2.867,2.345,380708571.0,0.0,992636933.0,0.0,0.0,0.0,20230830,20230830,112825211,2.606,0.0,0.0,2.6,2.599,2.598,2.597,2.596,0.0,0.0,0.0,0.0,0.0,2.601,2.602,2.603,2.604,2.605,0.0,0.0,0.0,0.0,0.0,656000.0,3764400.0,2744900.0,2429800.0,3010700.0,0.0,0.0,0.0,0.0,0.0,1832100.0,3703400.0,3595500.0,1168000.0,1015200.0,0.0,0.0,0.0,0.0,0.0
20230830112828196,SSE,SSE.ETF.510050,2.6,2.61,2.617,2.596,0.0,2.867,2.345,380709571.0,1000.0,992639533.0,2600.0,0.0,0.0,20230830,20230830,112828196,2.606,0.0,0.0,2.6,2.599,2.598,2.597,2.596,0.0,0.0,0.0,0.0,0.0,2.601,2.602,2.603,2.604,2.605,0.0,0.0,0.0,0.0,0.0,657500.0,4064400.0,2744900.0,2429800.0,2710200.0,0.0,0.0,0.0,0.0,0.0,1532100.0,3703400.0,3595500.0,1468000.0,1015200.0,0.0,0.0,0.0,0.0,0.0
20230830112831136,SSE,SSE.ETF.510050,2.6,2.61,2.617,2.596,0.0,2.867,2.345,380709571.0,0.0,992639533.0,0.0,0.0,0.0,20230830,20230830,112831135,2.606,0.0,0.0,2.6,2.599,2.598,2.597,2.596,0.0,0.0,0.0,0.0,0.0,2.601,2.602,2.603,2.604,2.605,0.0,0.0,0.0,0.0,0.0,451600.0,4069400.0,2834900.0,2339800.0,2710200.0,0.0,0.0,0.0,0.0,0.0,1532100.0,3703400.0,3595500.0,1468000.0,1015200.0,0.0,0.0,0.0,0.0,0.0
20230830112834140,SSE,SSE.ETF.510050,2.6,2.61,2.617,2.596,0.0,2.867,2.345,380709571.0,0.0,992639533.0,0.0,0.0,0.0,20230830,20230830,112834139,2.606,0.0,0.0,2.6,2.599,2.598,2.597,2.596,0.0,0.0,0.0,0.0,0.0,2.601,2.602,2.603,2.604,2.605,0.0,0.0,0.0,0.0,0.0,469200.0,4069400.0,2834900.0,2339800.0,2710200.0,0.0,0.0,0.0,0.0,0.0,1532100.0,3703400.0,3595500.0,1468000.0,1015200.0,0.0,0.0,0.0,0.0,0.0
20230830112839988,SSE,SSE.ETF.510050,2.6,2.61,2.617,2.596,0.0,2.867,2.345,380709571.0,0.0,992639533.0,0.0,0.0,0.0,20230830,20230830,112839989,2.606,0.0,0.0,2.6,2.599,2.598,2.597,2.596,0.0,0.0,0.0,0.0,0.0,2.601,2.602,2.603,2.604,2.605,0.0,0.0,0.0,0.0,0.0,472200.0,4069400.0,2746900.0,2251800.0,2710200.0,0.0,0.0,0.0,0.0,0.0,1532100.0,3703400.0,3507500.0,1380000.0,1015200.0,0.0,0.0,0.0,0.0,0.0
20230830112833952,SSE,SSE.ETF.510050,2.6,2.61,2.617,2.596,0.0,2.867,2.345,380709571.0,0.0,992639533.0,0.0,0.0,0.0,20230830,20230830,112833950,2.606,0.0,0.0,2.6,2.599,2.598,2.597,2.596,0.0,0.0,0.0,0.0,0.0,2.601,2.602,2.603,2.604,2.605,0.0,0.0,0.0,0.0,0.0,472200.0,4069400.0,2746900.0,2251800.0,2710200.0,0.0,0.0,0.0,0.0,0.0,1532100.0,3703400.0,3507500.0,1380000.0,1015200.0,0.0,0.0,0.0,0.0,0.0
20230830112837208,SSE,SSE.ETF.510050,2.6,2.61,2.617,2.596,0.0,2.867,2.345,380709571.0,0.0,992639533.0,0.0,0.0,0.0,20230830,20230830,112837207,2.606,0.0,0.0,2.6,2.599,2.598,2.597,2.596,0.0,0.0,0.0,0.0,0.0,2.601,2.602,2.603,2.604,2.605,0.0,0.0,0.0,0.0,0.0,472200.0,4069400.0,2746900.0,2251800.0,2710200.0,0.0,0.0,0.0,0.0,0.0,1532100.0,3703400.0,3507500.0,1380000.0,1015200.0,0.0,0.0,0.0,0.0,0.0
20230830112840212,SSE,SSE.ETF.510050,2.6,2.61,2.617,2.596,0.0,2.867,2.345,380713571.0,4000.0,992649933.0,10400.0,0.0,0.0,20230830,20230830,112840212,2.606,0.0,0.0,2.6,2.599,2.598,2.597,2.596,0.0,0.0,0.0,0.0,0.0,2.601,2.602,2.603,2.604,2.605,0.0,0.0,0.0,0.0,0.0,482300.0,4069000.0,3644900.0,1529800.0,2710200.0,0.0,0.0,0.0,0.0,0.0,1635600.0,3703400.0,3595500.0,1468000.0,1015200.0,0.0,0.0,0.0,0.0,0.0
20230830112842992,SSE,SSE.ETF.510050,2.6,2.61,2.617,2.596,0.0,2.867,2.345,380713571.0,4000.0,992649933.0,10400.0,0.0,0.0,20230830,20230830,112842994,2.606,0.0,0.0,2.6,2.599,2.598,2.597,2.596,0.0,0.0,0.0,0.0,0.0,2.601,2.602,2.603,2.604,2.605,0.0,0.0,0.0,0.0,0.0,482300.0,4069000.0,3644900.0,1529800.0,2710200.0,0.0,0.0,0.0,0.0,0.0,1635600.0,3703400.0,3595500.0,1468000.0,1015200.0,0.0,0.0,0.0,0.0,0.0
20230830112845512,SSE,SSE.ETF.510050,2.6,2.61,2.617,2.596,0.0,2.867,2.345,380713571.0,4000.0,992649933.0,10400.0,0.0,0.0,20230830,20230830,112845510,2.606,0.0,0.0,2.6,2.599,2.598,2.597,2.596,0.0,0.0,0.0,0.0,0.0,2.601,2.602,2.603,2.604,2.605,0.0,0.0,0.0,0.0,0.0,482300.0,4069000.0,3644900.0,1529800.0,2710200.0,0.0,0.0,0.0,0.0,0.0,1635600.0,3703400.0,3595500.0,1468000.0,1015200.0,0.0,0.0,0.0,0.0,0.0
20230830112846000,SSE,SSE.ETF.510050,2.6,2.61,2.617,2.596,0.0,2.867,2.345,380713571.0,0.0,992649933.0,0.0,0.0,0.0,20230830,20230830,112845998,2.606,0.0,0.0,2.6,2.599,2.598,2.597,2.596,0.0,0.0,0.0,0.0,0.0,2.601,2.602,2.603,2.604,2.605,0.0,0.0,0.0,0.0,0.0,584300.0,4121100.0,3734900.0,1439800.0,2710200.0,0.0,0.0,0.0,0.0,0.0,247700.0,2803400.0,4495500.0,1468000.0,1015200.0,0.0,0.0,0.0,0.0,0.0
20230830112843216,SSE,SSE.ETF.510050,2.6,2.61,2.617,2.596,0.0,2.867,2.345,380713571.0,0.0,992649933.0,0.0,0.0,0.0,20230830,20230830,112843215,2.606,0.0,0.0,2.6,2.599,2.598,2.597,2.596,0.0,0.0,0.0,0.0,0.0,2.601,2.602,2.603,2.604,2.605,0.0,0.0,0.0,0.0,0.0,584300.0,4121100.0,3734900.0,1439800.0,2710200.0,0.0,0.0,0.0,0.0,0.0,247700.0,2803400.0,4495500.0,1468000.0,1015200.0,0.0,0.0,0.0,0.0,0.0
20230830112845712,SSE,SSE.ETF.510050,2.6,2.61,2.617,2.596,0.0,2.867,2.345,380713571.0,0.0,992649933.0,0.0,0.0,0.0,20230830,20230830,112845710,2.606,0.0,0.0,2.6,2.599,2.598,2.597,2.596,0.0,0.0,0.0,0.0,0.0,2.601,2.602,2.603,2.604,2.605,0.0,0.0,0.0,0.0,0.0,584300.0,4121100.0,3734900.0,1439800.0,2710200.0,0.0,0.0,0.0,0.0,0.0,247700.0,2803400.0,4495500.0,1468000.0,1015200.0,0.0,0.0,0.0,0.0,0.0
20230830112848972,SSE,SSE.ETF.510050,2.601,2.61,2.617,2.596,0.0,2.867,2.345,380714571.0,1000.0,992652534.0,2601.0,0.0,0.0,20230830,20230830,112848973,2.606,0.0,0.0,2.6,2.599,2.598,2.597,2.596,0.0,0.0,0.0,0.0,0.0,2.601,2.602,2.603,2.604,2.605,0.0,0.0,0.0,0.0,0.0,561200.0,3821100.0,3644900.0,1529800.0,3087300.0,0.0,0.0,0.0,0.0,0.0,546700.0,2803400.0,4495500.0,2668000.0,938400.0,0.0,0.0,0.0,0.0,0.0
20230830112846192,SSE,SSE.ETF.510050,2.601,2.61,2.617,2.596,0.0,2.867,2.345,380714571.0,1000.0,992652534.0,2601.0,0.0,0.0,20230830,20230830,112846191,2.606,0.0,0.0,2.6,2.599,2.598,2.597,2.596,0.0,0.0,0.0,0.0,0.0,2.601,2.602,2.603,2.604,2.605,0.0,0.0,0.0,0.0,0.0,561200.0,3821100.0,3644900.0,1529800.0,3087300.0,0.0,0.0,0.0,0.0,0.0,546700.0,2803400.0,4495500.0,2668000.0,938400.0,0.0,0.0,0.0,0.0,0.0
20230830112851848,SSE,SSE.ETF.510050,2.601,2.61,2.617,2.596,0.0,2.867,2.345,380714571.0,1000.0,992652534.0,2601.0,0.0,0.0,20230830,20230830,112851850,2.606,0.0,0.0,2.6,2.599,2.598,2.597,2.596,0.0,0.0,0.0,0.0,0.0,2.601,2.602,2.603,2.604,2.605,0.0,0.0,0.0,0.0,0.0,561200.0,3821100.0,3644900.0,1529800.0,3087300.0,0.0,0.0,0.0,0.0,0.0,546700.0,2803400.0,4495500.0,2668000.0,938400.0,0.0,0.0,0.0,0.0,0.0
20230830112849212,SSE,SSE.ETF.510050,2.601,2.61,2.617,2.596,0.0,2.867,2.345,380831571.0,117000.0,992956846.0,304312.0,0.0,0.0,20230830,20230830,112849211,2.606,0.0,0.0,2.6,2.599,2.598,2.597,2.596,0.0,0.0,0.0,0.0,0.0,2.601,2.602,2.603,2.604,2.605,0.0,0.0,0.0,0.0,0.0,2608400.0,4150300.0,1446900.0,1141800.0,2710200.0,0.0,0.0,0.0,0.0,0.0,134700.0,2403400.0,3797500.0,2580000.0,1325200.0,0.0,0.0,0.0,0.0,0.0
20230830112851992,SSE,SSE.ETF.510050,2.601,2.61,2.617,2.596,0.0,2.867,2.345,380831571.0,117000.0,992956846.0,304312.0,0.0,0.0,20230830,20230830,112851993,2.606,0.0,0.0,2.6,2.599,2.598,2.597,2.596,0.0,0.0,0.0,0.0,0.0,2.601,2.602,2.603,2.604,2.605,0.0,0.0,0.0,0.0,0.0,2608400.0,4150300.0,1446900.0,1141800.0,2710200.0,0.0,0.0,0.0,0.0,0.0,134700.0,2403400.0,3797500.0,2580000.0,1325200.0,0.0,0.0,0.0,0.0,0.0
20230830112857712,SSE,SSE.ETF.510050,2.601,2.61,2.617,2.596,0.0,2.867,2.345,380981871.0,150300.0,993347761.0,390915.0,0.0,0.0,20230830,20230830,112857710,2.606,0.0,0.0,2.601,2.6,2.599,2.598,2.597,0.0,0.0,0.0,0.0,0.0,2.602,2.603,2.604,2.605,2.606,0.0,0.0,0.0,0.0,0.0,166300.0,1122800.0,4449600.0,3425400.0,1139800.0,0.0,0.0,0.0,0.0,0.0,2403400.0,4185500.0,2968000.0,1548400.0,1279600.0,0.0,0.0,0.0,0.0,0.0
20230830112854996,SSE,SSE.ETF.510050,2.601,2.61,2.617,2.596,0.0,2.867,2.345,380981871.0,150300.0,993347761.0,390915.0,0.0,0.0,20230830,20230830,112854996,2.606,0.0,0.0,2.601,2.6,2.599,2.598,2.597,0.0,0.0,0.0,0.0,0.0,2.602,2.603,2.604,2.605,2.606,0.0,0.0,0.0,0.0,0.0,166300.0,1122800.0,4449600.0,3425400.0,1139800.0,0.0,0.0,0.0,0.0,0.0,2403400.0,4185500.0,2968000.0,1548400.0,1279600.0,0.0,0.0,0.0,0.0,0.0
20230830112852216,SSE,SSE.ETF.510050,2.601,2.61,2.617,2.596,0.0,2.867,2.345,380981871.0,150300.0,993347761.0,390915.0,0.0,0.0,20230830,20230830,112852214,2.606,0.0,0.0,2.601,2.6,2.599,2.598,2.597,0.0,0.0,0.0,0.0,0.0,2.602,2.603,2.604,2.605,2.606,0.0,0.0,0.0,0.0,0.0,166300.0,1122800.0,4449600.0,3425400.0,1139800.0,0.0,0.0,0.0,0.0,0.0,2403400.0,4185500.0,2968000.0,1548400.0,1279600.0,0.0,0.0,0.0,0.0,0.0
20230830112901220,SSE,SSE.ETF.510050,2.601,2.61,2.617,2.596,0.0,2.867,2.345,381081971.0,100100.0,993608121.0,260360.0,0.0,0.0,20230830,20230830,112901221,2.606,0.0,0.0,2.6,2.599,2.598,2.597,2.596,0.0,0.0,0.0,0.0,0.0,2.601,2.602,2.603,2.604,2.605,0.0,0.0,0.0,0.0,0.0,917200.0,3959600.0,3147400.0,1256800.0,2917300.0,0.0,0.0,0.0,0.0,0.0,689900.0,2708300.0,4297500.0,2680000.0,1063400.0,0.0,0.0,0.0,0.0,0.0
20230830112904004,SSE,SSE.ETF.510050,2.601,2.61,2.617,2.596,0.0,2.867,2.345,381081971.0,100100.0,993608121.0,260360.0,0.0,0.0,20230830,20230830,112904003,2.606,0.0,0.0,2.6,2.599,2.598,2.597,2.596,0.0,0.0,0.0,0.0,0.0,2.601,2.602,2.603,2.604,2.605,0.0,0.0,0.0,0.0,0.0,917200.0,3959600.0,3147400.0,1256800.0,2917300.0,0.0,0.0,0.0,0.0,0.0,689900.0,2708300.0,4297500.0,2680000.0,1063400.0,0.0,0.0,0.0,0.0,0.0
20230830112906540,SSE,SSE.ETF.510050,2.601,2.61,2.617,2.596,0.0,2.867,2.345,381081971.0,100100.0,993608121.0,260360.0,0.0,0.0,20230830,20230830,112906540,2.606,0.0,0.0,2.6,2.599,2.598,2.597,2.596,0.0,0.0,0.0,0.0,0.0,2.601,2.602,2.603,2.604,2.605,0.0,0.0,0.0,0.0,0.0,917200.0,3959600.0,3147400.0,1256800.0,2917300.0,0.0,0.0,0.0,0.0,0.0,689900.0,2708300.0,4297500.0,2680000.0,1063400.0,0.0,0.0,0.0,0.0,0.0
20230830112904132,SSE,SSE.ETF.510050,2.601,2.61,2.617,2.596,0.0,2.867,2.345,381081971.0,0.0,993608121.0,0.0,0.0,0.0,20230830,20230830,112904132,2.606,0.0,0.0,2.6,2.599,2.598,2.597,2.596,0.0,0.0,0.0,0.0,0.0,2.601,2.602,2.603,2.604,2.605,0.0,0.0,0.0,0.0,0.0,537200.0,4159600.0,3545400.0,1053700.0,2328700.0,0.0,0.0,0.0,0.0,0.0,395900.0,2708300.0,4104400.0,2681000.0,539800.0,0.0,0.0,0.0,0.0,0.0
20230830112906912,SSE,SSE.ETF.510050,2.601,2.61,2.617,2.596,0.0,2.867,2.345,381081971.0,0.0,993608121.0,0.0,0.0,0.0,20230830,20230830,112906914,2.606,0.0,0.0,2.6,2.599,2.598,2.597,2.596,0.0,0.0,0.0,0.0,0.0,2.601,2.602,2.603,2.604,2.605,0.0,0.0,0.0,0.0,0.0,537200.0,4159600.0,3545400.0,1053700.0,2328700.0,0.0,0.0,0.0,0.0,0.0,395900.0,2708300.0,4104400.0,2681000.0,539800.0,0.0,0.0,0.0,0.0,0.0
20230830112906740,SSE,SSE.ETF.510050,2.601,2.61,2.617,2.596,0.0,2.867,2.345,381081971.0,0.0,993608121.0,0.0,0.0,0.0,20230830,20230830,112906740,2.606,0.0,0.0,2.6,2.599,2.598,2.597,2.596,0.0,0.0,0.0,0.0,0.0,2.601,2.602,2.603,2.604,2.605,0.0,0.0,0.0,0.0,0.0,538700.0,4159600.0,3545400.0,1053700.0,2328700.0,0.0,0.0,0.0,0.0,0.0,399800.0,2708300.0,4104400.0,2681000.0,462300.0,0.0,0.0,0.0,0.0,0.0
20230830112909964,SSE,SSE.ETF.510050,2.601,2.61,2.617,2.596,0.0,2.867,2.345,381081971.0,0.0,993608121.0,0.0,0.0,0.0,20230830,20230830,112909964,2.606,0.0,0.0,2.6,2.599,2.598,2.597,2.596,0.0,0.0,0.0,0.0,0.0,2.601,2.602,2.603,2.604,2.605,0.0,0.0,0.0,0.0,0.0,538700.0,4159600.0,3545400.0,1053700.0,2328700.0,0.0,0.0,0.0,0.0,0.0,399800.0,2708300.0,4104400.0,2681000.0,462300.0,0.0,0.0,0.0,0.0,0.0
20230830112907184,SSE,SSE.ETF.510050,2.601,2.61,2.617,2.596,0.0,2.867,2.345,381081971.0,0.0,993608121.0,0.0,0.0,0.0,20230830,20230830,112907182,2.606,0.0,0.0,2.6,2.599,2.598,2.597,2.596,0.0,0.0,0.0,0.0,0.0,2.601,2.602,2.603,2.604,2.605,0.0,0.0,0.0,0.0,0.0,538700.0,4159600.0,3545400.0,1053700.0,2328700.0,0.0,0.0,0.0,0.0,0.0,399800.0,2708300.0,4104400.0,2681000.0,462300.0,0.0,0.0,0.0,0.0,0.0
20230830112906740,SSE,SSE.ETF.510050,2.601,2.61,2.617,2.596,0.0,2.867,2.345,381081971.0,0.0,993608121.0,0.0,0.0,0.0,20230830,20230830,112906740,2.606,0.0,0.0,2.6,2.599,2.598,2.597,2.596,0.0,0.0,0.0,0.0,0.0,2.601,2.602,2.603,2.604,2.605,0.0,0.0,0.0,0.0,0.0,428700.0,3522500.0,4182500.0,1053700.0,2328700.0,0.0,0.0,0.0,0.0,0.0,1956000.0,2708300.0,4104400.0,1181000.0,472300.0,0.0,0.0,0.0,0.0,0.0
20230830112912972,SSE,SSE.ETF.510050,2.601,2.61,2.617,2.596,0.0,2.867,2.345,381081971.0,0.0,993608121.0,0.0,0.0,0.0,20230830,20230830,112912972,2.606,0.0,0.0,2.6,2.599,2.598,2.597,2.596,0.0,0.0,0.0,0.0,0.0,2.601,2.602,2.603,2.604,2.605,0.0,0.0,0.0,0.0,0.0,428700.0,3522500.0,4182500.0,1053700.0,2328700.0,0.0,0.0,0.0,0.0,0.0,1956000.0,2708300.0,4104400.0,1181000.0,472300.0,0.0,0.0,0.0,0.0,0.0
20230830112910192,SSE,SSE.ETF.510050,2.601,2.61,2.617,2.596,0.0,2.867,2.345,381081971.0,0.0,993608121.0,0.0,0.0,0.0,20230830,20230830,112910190,2.606,0.0,0.0,2.6,2.599,2.598,2.597,2.596,0.0,0.0,0.0,0.0,0.0,2.601,2.602,2.603,2.604,2.605,0.0,0.0,0.0,0.0,0.0,428700.0,3522500.0,4182500.0,1053700.0,2328700.0,0.0,0.0,0.0,0.0,0.0,1956000.0,2708300.0,4104400.0,1181000.0,472300.0,0.0,0.0,0.0,0.0,0.0
20230830112913132,SSE,SSE.ETF.510050,2.601,2.61,2.617,2.596,0.0,2.867,2.345,381081971.0,0.0,993608121.0,0.0,0.0,0.0,20230830,20230830,112913131,2.606,0.0,0.0,2.6,2.599,2.598,2.597,2.596,0.0,0.0,0.0,0.0,0.0,2.601,2.602,2.603,2.604,2.605,0.0,0.0,0.0,0.0,0.0,428700.0,4159600.0,3635400.0,974700.0,2328700.0,0.0,0.0,0.0,0.0,0.0,1956000.0,2816000.0,4104400.0,1181000.0,472300.0,0.0,0.0,0.0,0.0,0.0
20230830112919016,SSE,SSE.ETF.510050,2.601,2.61,2.617,2.596,0.0,2.867,2.345,381085671.0,3700.0,993617745.0,9624.0,0.0,0.0,20230830,20230830,112919017,2.606,0.0,0.0,2.6,2.599,2.598,2.597,2.596,0.0,0.0,0.0,0.0,0.0,2.601,2.602,2.603,2.604,2.605,0.0,0.0,0.0,0.0,0.0,420700.0,3172500.0,3194500.0,1876700.0,2628700.0,0.0,0.0,0.0,0.0,0.0,2252300.0,3715400.0,3116400.0,793000.0,472300.0,0.0,0.0,0.0,0.0,0.0
20230830112916232,SSE,SSE.ETF.510050,2.601,2.61,2.617,2.596,0.0,2.867,2.345,381085671.0,3700.0,993617745.0,9624.0,0.0,0.0,20230830,20230830,112916234,2.606,0.0,0.0,2.6,2.599,2.598,2.597,2.596,0.0,0.0,0.0,0.0,0.0,2.601,2.602,2.603,2.604,2.605,0.0,0.0,0.0,0.0,0.0,420700.0,3172500.0,3194500.0,1876700.0,2628700.0,0.0,0.0,0.0,0.0,0.0,2252300.0,3715400.0,3116400.0,793000.0,472300.0,0.0,0.0,0.0,0.0,0.0
20230830112919140,SSE,SSE.ETF.510050,2.601,2.61,2.617,2.596,0.0,2.867,2.345,381085671.0,0.0,993617745.0,0.0,0.0,0.0,20230830,20230830,112919140,2.606,0.0,0.0,2.6,2.599,2.598,2.597,2.596,0.0,0.0,0.0,0.0,0.0,2.601,2.602,2.603,2.604,2.605,0.0,0.0,0.0,0.0,0.0,442700.0,4109700.0,3527400.0,1064700.0,2328700.0,0.0,0.0,0.0,0.0,0.0,1952300.0,2815400.0,4104400.0,1181000.0,472300.0,0.0,0.0,0.0,0.0,0.0
20230830112922168,SSE,SSE.ETF.510050,2.601,2.61,2.617,2.596,0.0,2.867,2.345,381085671.0,0.0,993617745.0,0.0,0.0,0.0,20230830,20230830,112922166,2.606,0.0,0.0,2.6,2.599,2.598,2.597,2.596,0.0,0.0,0.0,0.0,0.0,2.601,2.602,2.603,2.604,2.605,0.0,0.0,0.0,0.0,0.0,442700.0,3472600.0,4164500.0,1064700.0,2328700.0,0.0,0.0,0.0,0.0,0.0,1952300.0,2815400.0,4104400.0,1181000.0,472300.0,0.0,0.0,0.0,0.0,0.0
20230830112925128,SSE,SSE.ETF.510050,2.601,2.61,2.617,2.596,0.0,2.867,2.345,381085671.0,0.0,993617745.0,0.0,0.0,0.0,20230830,20230830,112925130,2.606,0.0,0.0,2.6,2.599,2.598,2.597,2.596,0.0,0.0,0.0,0.0,0.0,2.601,2.602,2.603,2.604,2.605,0.0,0.0,0.0,0.0,0.0,442700.0,3437700.0,3264500.0,1064700.0,2328700.0,0.0,0.0,0.0,0.0,0.0,1952300.0,3715400.0,3204400.0,1181000.0,478200.0,0.0,0.0,0.0,0.0,0.0
20230830112928132,SSE,SSE.ETF.510050,2.6,2.61,2.617,2.596,0.0,2.867,2.345,381093771.0,8100.0,993638805.0,21060.0,0.0,0.0,20230830,20230830,112928133,2.606,0.0,0.0,2.6,2.599,2.598,2.597,2.596,0.0,0.0,0.0,0.0,0.0,2.601,2.602,2.603,2.604,2.605,0.0,0.0,0.0,0.0,0.0,434600.0,3446400.0,3264500.0,1974700.0,2328700.0,0.0,0.0,0.0,0.0,0.0,1952300.0,3715400.0,3204400.0,1181000.0,478200.0,0.0,0.0,0.0,0.0,0.0
20230830112933924,SSE,SSE.ETF.510050,2.6,2.61,2.617,2.596,0.0,2.867,2.345,381093771.0,0.0,993638805.0,0.0,0.0,0.0,20230830,20230830,112933924,2.606,0.0,0.0,2.6,2.599,2.598,2.597,2.596,0.0,0.0,0.0,0.0,0.0,2.601,2.602,2.603,2.604,2.605,0.0,0.0,0.0,0.0,0.0,434600.0,1886400.0,3264500.0,3474700.0,2328700.0,0.0,0.0,0.0,0.0,0.0,1952300.0,4315400.0,2604400.0,1181000.0,478200.0,0.0,0.0,0.0,0.0,0.0
20230830112931144,SSE,SSE.ETF.510050,2.6,2.61,2.617,2.596,0.0,2.867,2.345,381093771.0,0.0,993638805.0,0.0,0.0,0.0,20230830,20230830,112931142,2.606,0.0,0.0,2.6,2.599,2.598,2.597,2.596,0.0,0.0,0.0,0.0,0.0,2.601,2.602,2.603,2.604,2.605,0.0,0.0,0.0,0.0,0.0,434600.0,1886400.0,3264500.0,3474700.0,2328700.0,0.0,0.0,0.0,0.0,0.0,1952300.0,4315400.0,2604400.0,1181000.0,478200.0,0.0,0.0,0.0,0.0,0.0
20230830112934192,SSE,SSE.ETF.510050,2.6,2.61,2.617,2.596,0.0,2.867,2.345,381093771.0,0.0,993638805.0,0.0,0.0,0.0,20230830,20230830,112934192,2.606,0.0,0.0,2.6,2.599,2.598,2.597,2.596,0.0,0.0,0.0,0.0,0.0,2.601,2.602,2.603,2.604,2.605,0.0,0.0,0.0,0.0,0.0,434600.0,1863600.0,3354500.0,1884700.0,2328700.0,0.0,0.0,0.0,0.0,0.0,1952300.0,4315400.0,2604400.0,1181000.0,478200.0,0.0,0.0,0.0,0.0,0.0
20230830112937208,SSE,SSE.ETF.510050,2.6,2.61,2.617,2.596,0.0,2.867,2.345,381093771.0,0.0,993638805.0,0.0,0.0,0.0,20230830,20230830,112937206,2.606,0.0,0.0,2.6,2.599,2.598,2.597,2.596,0.0,0.0,0.0,0.0,0.0,2.601,2.602,2.603,2.604,2.605,0.0,0.0,0.0,0.0,0.0,429600.0,2153600.0,2237400.0,1972300.0,2548700.0,0.0,0.0,0.0,0.0,0.0,2247800.0,2815400.0,2294400.0,491000.0,478200.0,0.0,0.0,0.0,0.0,0.0
20230830112940192,SSE,SSE.ETF.510050,2.6,2.61,2.617,2.596,0.0,2.867,2.345,381114771.0,21000.0,993693405.0,54600.0,0.0,0.0,20230830,20230830,112940190,2.606,0.0,0.0,2.6,2.599,2.598,2.597,2.596,0.0,0.0,0.0,0.0,0.0,2.601,2.602,2.603,2.604,2.605,0.0,0.0,0.0,0.0,0.0,408600.0,2453600.0,3227900.0,894300.0,2248700.0,0.0,0.0,0.0,0.0,0.0,746400.0,2811200.0,2294400.0,403000.0,478200.0,0.0,0.0,0.0,0.0,0.0
20230830112943132,SSE,SSE.ETF.510050,2.6,2.61,2.617,2.596,0.0,2.867,2.345,381227371.0,112600.0,993986249.0,292844.0,0.0,0.0,20230830,20230830,112943133,2.606,0.0,0.0,2.6,2.599,2.598,2.597,2.596,0.0,0.0,0.0,0.0,0.0,2.601,2.602,2.603,2.604,2.605,0.0,0.0,0.0,0.0,0.0,380400.0,2453600.0,2234900.0,1794300.0,2248700.0,0.0,0.0,0.0,0.0,0.0,2124500.0,2811200.0,2206400.0,403000.0,478200.0,0.0,0.0,0.0,0.0,0.0
20230830112946136,SSE,SSE.ETF.510050,2.6,2.61,2.617,2.596,0.0,2.867,2.345,381236571.0,9200.0,994010169.0,23920.0,0.0,0.0,20230830,20230830,112946137,2.606,0.0,0.0,2.6,2.599,2.598,2.597,2.596,0.0,0.0,0.0,0.0,0.0,2.601,2.602,2.603,2.604,2.605,0.0,0.0,0.0,0.0,0.0,386300.0,2353600.0,2232900.0,984300.0,2248700.0,0.0,0.0,0.0,0.0,0.0,2130200.0,2661200.0,2104400.0,403000.0,478200.0,0.0,0.0,0.0,0.0,0.0
20230830112949832,SSE,SSE.ETF.510050,2.6,2.61,2.617,2.596,0.0,2.867,2.345,381236571.0,9200.0,994010169.0,23920.0,0.0,0.0,20230830,20230830,112949830,2.606,0.0,0.0,2.6,2.599,2.598,2.597,2.596,0.0,0.0,0.0,0.0,0.0,2.601,2.602,2.603,2.604,2.605,0.0,0.0,0.0,0.0,0.0,386300.0,2353600.0,2232900.0,984300.0,2248700.0,0.0,0.0,0.0,0.0,0.0,2130200.0,2661200.0,2104400.0,403000.0,478200.0,0.0,0.0,0.0,0.0,0.0
20230830112949132,SSE,SSE.ETF.510050,2.6,2.61,2.617,2.596,0.0,2.867,2.345,381236571.0,0.0,994010169.0,0.0,0.0,0.0,20230830,20230830,112949133,2.606,0.0,0.0,2.6,2.599,2.598,2.597,2.596,0.0,0.0,0.0,0.0,0.0,2.601,2.602,2.603,2.604,2.605,0.0,0.0,0.0,0.0,0.0,391300.0,2353600.0,2144900.0,984300.0,2248700.0,0.0,0.0,0.0,0.0,0.0,2130200.0,2661200.0,2016400.0,403000.0,478200.0,0.0,0.0,0.0,0.0,0.0
20230830112952132,SSE,SSE.ETF.510050,2.601,2.61,2.617,2.596,0.0,2.867,2.345,381236671.0,100.0,994010429.0,260.0,0.0,0.0,20230830,20230830,112952133,2.606,0.0,0.0,2.6,2.599,2.598,2.597,2.596,0.0,0.0,0.0,0.0,0.0,2.601,2.602,2.603,2.604,2.605,0.0,0.0,0.0,0.0,0.0,391700.0,853600.0,737900.0,894300.0,2248700.0,0.0,0.0,0.0,0.0,0.0,630200.0,1277100.0,516400.0,403000.0,478200.0,0.0,0.0,0.0,0.0,0.0
20230830112955136,SSE,SSE.ETF.510050,2.6,2.61,2.617,2.596,0.0,2.867,2.345,381240371.0,3700.0,994020049.0,9620.0,0.0,0.0,20230830,20230830,112955134,2.606,0.0,0.0,2.6,2.599,2.598,2.597,2.596,0.0,0.0,0.0,0.0,0.0,2.601,2.602,2.603,2.604,2.605,0.0,0.0,0.0,0.0,0.0,388300.0,853600.0,737900.0,894300.0,2248700.0,0.0,0.0,0.0,0.0,0.0,630200.0,1277100.0,516400.0,403000.0,478200.0,0.0,0.0,0.0,0.0,0.0
20230830112957916,SSE,SSE.ETF.510050,2.6,2.61,2.617,2.596,0.0,2.867,2.345,381240371.0,3700.0,994020049.0,9620.0,0.0,0.0,20230830,20230830,112957916,2.606,0.0,0.0,2.6,2.599,2.598,2.597,2.596,0.0,0.0,0.0,0.0,0.0,2.601,2.602,2.603,2.604,2.605,0.0,0.0,0.0,0.0,0.0,388300.0,853600.0,737900.0,894300.0,2248700.0,0.0,0.0,0.0,0.0,0.0,630200.0,1277100.0,516400.0,403000.0,478200.0,0.0,0.0,0.0,0.0,0.0
20230830112958960,SSE,SSE.ETF.510050,2.6,2.61,2.617,2.596,0.0,2.867,2.345,381240371.0,3700.0,994020049.0,9620.0,0.0,0.0,20230830,20230830,112958960,2.606,0.0,0.0,2.6,2.599,2.598,2.597,2.596,0.0,0.0,0.0,0.0,0.0,2.601,2.602,2.603,2.604,2.605,0.0,0.0,0.0,0.0,0.0,388300.0,853600.0,737900.0,894300.0,2248700.0,0.0,0.0,0.0,0.0,0.0,630200.0,1277100.0,516400.0,403000.0,478200.0,0.0,0.0,0.0,0.0,0.0
20230830130100660,SSE,SSE.ETF.510050,2.601,2.61,2.617,2.596,0.0,2.867,2.345,383623571.0,4000.0,1000217893.0,10404.0,0.0,0.0,20230830,20230830,130100659,2.606,0.0,0.0,2.601,2.6,2.599,2.598,2.597,0.0,0.0,0.0,0.0,0.0,2.602,2.603,2.604,2.605,2.606,0.0,0.0,0.0,0.0,0.0,1636600.0,4132500.0,3832200.0,897300.0,819300.0,0.0,0.0,0.0,0.0,0.0,894400.0,1923300.0,4020000.0,2753600.0,1164200.0,0.0,0.0,0.0,0.0,0.0
20230830130103168,SSE,SSE.ETF.510050,2.601,2.61,2.617,2.596,0.0,2.867,2.345,383623571.0,4000.0,1000217893.0,10404.0,0.0,0.0,20230830,20230830,130103170,2.606,0.0,0.0,2.601,2.6,2.599,2.598,2.597,0.0,0.0,0.0,0.0,0.0,2.602,2.603,2.604,2.605,2.606,0.0,0.0,0.0,0.0,0.0,1636600.0,4132500.0,3832200.0,897300.0,819300.0,0.0,0.0,0.0,0.0,0.0,894400.0,1923300.0,4020000.0,2753600.0,1164200.0,0.0,0.0,0.0,0.0,0.0
20230830130103664,SSE,SSE.ETF.510050,2.602,2.61,2.617,2.596,0.0,2.867,2.345,384467971.0,844400.0,1002415022.0,2197129.0,0.0,0.0,20230830,20230830,130103662,2.606,0.0,0.0,2.602,2.601,2.6,2.599,2.598,0.0,0.0,0.0,0.0,0.0,2.603,2.604,2.605,2.606,2.607,0.0,0.0,0.0,0.0,0.0,389600.0,1937300.0,4532500.0,3682200.0,597300.0,0.0,0.0,0.0,0.0,0.0,1774000.0,4020700.0,2753600.0,1164900.0,1084787.0,0.0,0.0,0.0,0.0,0.0
20230830130100880,SSE,SSE.ETF.510050,2.602,2.61,2.617,2.596,0.0,2.867,2.345,384467971.0,844400.0,1002415022.0,2197129.0,0.0,0.0,20230830,20230830,130100879,2.606,0.0,0.0,2.602,2.601,2.6,2.599,2.598,0.0,0.0,0.0,0.0,0.0,2.603,2.604,2.605,2.606,2.607,0.0,0.0,0.0,0.0,0.0,389600.0,1937300.0,4532500.0,3682200.0,597300.0,0.0,0.0,0.0,0.0,0.0,1774000.0,4020700.0,2753600.0,1164900.0,1084787.0,0.0,0.0,0.0,0.0,0.0
20230830130104076,SSE,SSE.ETF.510050,2.602,2.61,2.617,2.596,0.0,2.867,2.345,384467971.0,0.0,1002415022.0,0.0,0.0,0.0,20230830,20230830,130104075,2.606,0.0,0.0,2.602,2.601,2.6,2.599,2.598,0.0,0.0,0.0,0.0,0.0,2.603,2.604,2.605,2.606,2.607,0.0,0.0,0.0,0.0,0.0,1269900.0,4676900.0,3732500.0,1012200.0,507300.0,0.0,0.0,0.0,0.0,0.0,254500.0,2190200.0,4353600.0,3024900.0,994787.0,0.0,0.0,0.0,0.0,0.0
20230830130109752,SSE,SSE.ETF.510050,2.602,2.61,2.617,2.596,0.0,2.867,2.345,384481371.0,13400.0,1002449888.0,34866.0,0.0,0.0,20230830,20230830,130109751,2.606,0.0,0.0,2.602,2.601,2.6,2.599,2.598,0.0,0.0,0.0,0.0,0.0,2.603,2.604,2.605,2.606,2.607,0.0,0.0,0.0,0.0,0.0,1866500.0,5026900.0,3422500.0,712200.0,515000.0,0.0,0.0,0.0,0.0,0.0,242500.0,1890200.0,4043600.0,3024900.0,1682187.0,0.0,0.0,0.0,0.0,0.0
20230830130106976,SSE,SSE.ETF.510050,2.602,2.61,2.617,2.596,0.0,2.867,2.345,384481371.0,13400.0,1002449888.0,34866.0,0.0,0.0,20230830,20230830,130106976,2.606,0.0,0.0,2.602,2.601,2.6,2.599,2.598,0.0,0.0,0.0,0.0,0.0,2.603,2.604,2.605,2.606,2.607,0.0,0.0,0.0,0.0,0.0,1866500.0,5026900.0,3422500.0,712200.0,515000.0,0.0,0.0,0.0,0.0,0.0,242500.0,1890200.0,4043600.0,3024900.0,1682187.0,0.0,0.0,0.0,0.0,0.0
20230830130112328,SSE,SSE.ETF.510050,2.602,2.61,2.617,2.596,0.0,2.867,2.345,384481371.0,13400.0,1002449888.0,34866.0,0.0,0.0,20230830,20230830,130112330,2.606,0.0,0.0,2.602,2.601,2.6,2.599,2.598,0.0,0.0,0.0,0.0,0.0,2.603,2.604,2.605,2.606,2.607,0.0,0.0,0.0,0.0,0.0,1866500.0,5026900.0,3422500.0,712200.0,515000.0,0.0,0.0,0.0,0.0,0.0,242500.0,1890200.0,4043600.0,3024900.0,1682187.0,0.0,0.0,0.0,0.0,0.0
20230830130109900,SSE,SSE.ETF.510050,2.603,2.61,2.617,2.596,0.0,2.867,2.345,384488971.0,7600.0,1002469671.0,19783.0,0.0,0.0,20230830,20230830,130109901,2.606,0.0,0.0,2.602,2.601,2.6,2.599,2.598,0.0,0.0,0.0,0.0,0.0,2.603,2.604,2.605,2.606,2.607,0.0,0.0,0.0,0.0,0.0,2766500.0,5077800.0,3131500.0,712200.0,515200.0,0.0,0.0,0.0,0.0,0.0,313500.0,1810200.0,4043600.0,3024900.0,1302187.0,0.0,0.0,0.0,0.0,0.0
20230830130112668,SSE,SSE.ETF.510050,2.603,2.61,2.617,2.596,0.0,2.867,2.345,384488971.0,7600.0,1002469671.0,19783.0,0.0,0.0,20230830,20230830,130112669,2.606,0.0,0.0,2.602,2.601,2.6,2.599,2.598,0.0,0.0,0.0,0.0,0.0,2.603,2.604,2.605,2.606,2.607,0.0,0.0,0.0,0.0,0.0,2766500.0,5077800.0,3131500.0,712200.0,515200.0,0.0,0.0,0.0,0.0,0.0,313500.0,1810200.0,4043600.0,3024900.0,1302187.0,0.0,0.0,0.0,0.0,0.0
20230830130115992,SSE,SSE.ETF.510050,2.603,2.61,2.617,2.596,0.0,2.867,2.345,384488971.0,7600.0,1002469671.0,19783.0,0.0,0.0,20230830,20230830,130115990,2.606,0.0,0.0,2.602,2.601,2.6,2.599,2.598,0.0,0.0,0.0,0.0,0.0,2.603,2.604,2.605,2.606,2.607,0.0,0.0,0.0,0.0,0.0,2766500.0,5077800.0,3131500.0,712200.0,515200.0,0.0,0.0,0.0,0.0,0.0,313500.0,1810200.0,4043600.0,3024900.0,1302187.0,0.0,0.0,0.0,0.0,0.0
20230830130112896,SSE,SSE.ETF.510050,2.602,2.61,2.617,2.596,0.0,2.867,2.345,384640571.0,151600.0,1002864134.0,394463.0,0.0,0.0,20230830,20230830,130112895,2.606,0.0,0.0,2.602,2.601,2.6,2.599,2.598,0.0,0.0,0.0,0.0,0.0,2.603,2.604,2.605,2.606,2.607,0.0,0.0,0.0,0.0,0.0,2304900.0,4827800.0,3741500.0,838100.0,593600.0,0.0,0.0,0.0,0.0,0.0,317000.0,1810200.0,4353600.0,3024900.0,1311787.0,0.0,0.0,0.0,0.0,0.0
20230830130117180,SSE,SSE.ETF.510050,2.602,2.61,2.617,2.596,0.0,2.867,2.345,384640571.0,151600.0,1002864134.0,394463.0,0.0,0.0,20230830,20230830,130117180,2.606,0.0,0.0,2.602,2.601,2.6,2.599,2.598,0.0,0.0,0.0,0.0,0.0,2.603,2.604,2.605,2.606,2.607,0.0,0.0,0.0,0.0,0.0,2304900.0,4827800.0,3741500.0,838100.0,593600.0,0.0,0.0,0.0,0.0,0.0,317000.0,1810200.0,4353600.0,3024900.0,1311787.0,0.0,0.0,0.0,0.0,0.0
20230830130118656,SSE,SSE.ETF.510050,2.603,2.61,2.617,2.596,0.0,2.867,2.345,384646571.0,6000.0,1002879752.0,15618.0,0.0,0.0,20230830,20230830,130118657,2.606,0.0,0.0,2.602,2.601,2.6,2.599,2.598,0.0,0.0,0.0,0.0,0.0,2.603,2.604,2.605,2.606,2.607,0.0,0.0,0.0,0.0,0.0,1404900.0,4845800.0,3741500.0,1143100.0,593600.0,0.0,0.0,0.0,0.0,0.0,318600.0,3114200.0,3453600.0,1524900.0,1016787.0,0.0,0.0,0.0,0.0,0.0
20230830130115888,SSE,SSE.ETF.510050,2.603,2.61,2.617,2.596,0.0,2.867,2.345,384646571.0,6000.0,1002879752.0,15618.0,0.0,0.0,20230830,20230830,130115886,2.606,0.0,0.0,2.602,2.601,2.6,2.599,2.598,0.0,0.0,0.0,0.0,0.0,2.603,2.604,2.605,2.606,2.607,0.0,0.0,0.0,0.0,0.0,1404900.0,4845800.0,3741500.0,1143100.0,593600.0,0.0,0.0,0.0,0.0,0.0,318600.0,3114200.0,3453600.0,1524900.0,1016787.0,0.0,0.0,0.0,0.0,0.0
20230830130124992,SSE,SSE.ETF.510050,2.602,2.61,2.617,2.596,0.0,2.867,2.345,384660271.0,13700.0,1002915410.0,35658.0,0.0,0.0,20230830,20230830,130124990,2.606,0.0,0.0,2.602,2.601,2.6,2.599,2.598,0.0,0.0,0.0,0.0,0.0,2.603,2.604,2.605,2.606,2.607,0.0,0.0,0.0,0.0,0.0,1401200.0,4845800.0,3831500.0,1053200.0,516200.0,0.0,0.0,0.0,0.0,0.0,397900.0,2214200.0,4353600.0,3024900.0,1088687.0,0.0,0.0,0.0,0.0,0.0
