TradeDate,OrigTime,BidPx1,BidPx2,BidPx3,BidPx4,BidPx5,BidSize1,BidSize2,BidSize3,BidSize4,BidSize5,DownLimitPx,HighPx,LastPx,LowPx,OFI1,OFI2,OFI3,OFI4,OFI5,OfferPx1,OfferPx2,OfferPx3,OfferPx4,OfferPx5,OfferSize1,OfferSize2,OfferSize3,OfferSize4,OfferSize5,OpenPx,PreClosePx,PxChange1,PxChange2,TotalValueTrade,TotalVolumeTrade,UpLimitPx,aOF1,aOF2,aOF3,aOF4,aOF5,abs_diff,abs_diff_v,amount,ask_spread,bOF1,bOF2,bOF3,bOF4,bOF5,bid_ask_spread,bid_spread,close,df_max,df_min,energy,energy_v,f_max,f_min,high,iqr_p,iqr_p_v,log_return,low,mid,minute,open,price_spread,price_spread2,tendency,ticker,total_ask_qty,total_bid_qty,total_qty_diff,total_volume,volatility,volatility_QMLE,volume,volume_imbalance,vwap,wap1,weighted_ask_prc,weighted_bid_prc
0.0,0.0,0.0,0.0,0.0,0.0,0.0,0.0,0.0,0.0,0.0,0.0,0.0,0.0,0.0,0.0,0.0,0.0,0.0,0.0,0.0,0.0,0.0,0.0,0.0,0.0,0.0,0.0,0.0,0.0,0.0,0.0,0.0,0.0,0.0,0.0,0.0,0.0,0.0,0.0,0.0,0.0,0.0,0.0,0.0,0.0,0.0,0.0,0.0,0.0,0.0,0.0,0.0,0.0,0.0,0.0,0.0,0.0,0.0,0.0,0.0,0.0,0.0,0.0,0.0,0.0,0.0,0.0,0.0,0.0,0.0,0.0,0.0,0.0,0.0,0.0,0.0,0.0,0.0,0.0,0.0,0.0,0.0,0.0,0.0
0.0,0.0,0.0,0.0,0.0,0.0,0.0,0.0,0.0,0.0,0.0,0.0,0.0,0.0,0.0,0.0,0.0,0.0,0.0,0.0,0.0,0.0,0.0,0.0,0.0,0.0,0.0,0.0,0.0,0.0,0.0,0.0,0.0,0.0,0.0,0.0,0.0,0.0,0.0,0.0,0.0,0.0,0.0,0.0,0.0,0.0,0.0,0.0,0.0,0.0,0.0,0.0,0.0,0.0,0.0,0.0,0.0,0.0,0.0,0.0,0.0,0.0,0.0,0.0,0.0,0.0,0.0,0.0,0.0,0.0,0.0,0.0,0.0,0.0,0.0,0.0,0.0,0.0,0.0,0.0,0.0,0.0,0.0,0.0,0.0
0.0,0.0,0.0,0.0,0.0,0.0,0.0,0.0,0.0,0.0,0.0,0.0,0.0,0.0,0.0,0.0,0.0,0.0,0.0,0.0,0.0,0.0,0.0,0.0,0.0,0.0,0.0,0.0,0.0,0.0,0.0,0.0,0.0,0.0,0.0,0.0,0.0,0.0,0.0,0.0,0.0,0.0,0.0,0.0,0.0,0.0,0.0,0.0,0.0,0.0,0.0,0.0,0.0,0.0,0.0,0.0,0.0,0.0,0.0,0.0,0.0,0.0,0.0,0.0,0.0,0.0,0.0,0.0,0.0,0.0,0.0,0.0,0.0,0.0,0.0,0.0,0.0,0.0,0.0,0.0,0.0,0.0,0.0,0.0,0.0
0.0,0.0,0.0,0.0,0.0,0.0,0.0,0.0,0.0,0.0,0.0,0.0,0.0,0.0,0.0,0.0,0.0,0.0,0.0,0.0,0.0,0.0,0.0,0.0,0.0,0.0,0.0,0.0,0.0,0.0,0.0,0.0,0.0,0.0,0.0,0.0,0.0,0.0,0.0,0.0,0.0,0.0,0.0,0.0,0.0,0.0,0.0,0.0,0.0,0.0,0.0,0.0,0.0,0.0,0.0,0.0,0.0,0.0,0.0,0.0,0.0,0.0,0.0,0.0,0.0,0.0,0.0,0.0,0.0,0.0,0.0,0.0,0.0,0.0,0.0,0.0,0.0,0.0,0.0,0.0,0.0,0.0,0.0,0.0,0.0
0.0,0.0,0.0,0.0,0.0,0.0,0.0,0.0,0.0,0.0,0.0,0.0,0.0,0.0,0.0,0.0,0.0,0.0,0.0,0.0,0.0,0.0,0.0,0.0,0.0,0.0,0.0,0.0,0.0,0.0,0.0,0.0,0.0,0.0,0.0,0.0,0.0,0.0,0.0,0.0,0.0,0.0,0.0,0.0,0.0,0.0,0.0,0.0,0.0,0.0,0.0,0.0,0.0,0.0,0.0,0.0,0.0,0.0,0.0,0.0,0.0,0.0,0.0,0.0,0.0,0.0,0.0,0.0,0.0,0.0,0.0,0.0,0.0,0.0,0.0,0.0,0.0,0.0,0.0,0.0,0.0,0.0,0.0,0.0,0.0
0.0,0.0,0.0,0.0,0.0,0.0,0.0,0.0,0.0,0.0,0.0,0.0,0.0,0.0,0.0,0.0,0.0,0.0,0.0,0.0,0.0,0.0,0.0,0.0,0.0,0.0,0.0,0.0,0.0,0.0,0.0,0.0,0.0,0.0,0.0,0.0,0.0,0.0,0.0,0.0,0.0,0.0,0.0,0.0,0.0,0.0,0.0,0.0,0.0,0.0,0.0,0.0,0.0,0.0,0.0,0.0,0.0,0.0,0.0,0.0,0.0,0.0,0.0,0.0,0.0,0.0,0.0,0.0,0.0,0.0,0.0,0.0,0.0,0.0,0.0,0.0,0.0,0.0,0.0,0.0,0.0,0.0,0.0,0.0,0.0
0.0,0.0,0.0,0.0,0.0,0.0,0.0,0.0,0.0,0.0,0.0,0.0,0.0,0.0,0.0,0.0,0.0,0.0,0.0,0.0,0.0,0.0,0.0,0.0,0.0,0.0,0.0,0.0,0.0,0.0,0.0,0.0,0.0,0.0,0.0,0.0,0.0,0.0,0.0,0.0,0.0,0.0,0.0,0.0,0.0,0.0,0.0,0.0,0.0,0.0,0.0,0.0,0.0,0.0,0.0,0.0,0.0,0.0,0.0,0.0,0.0,0.0,0.0,0.0,0.0,0.0,0.0,0.0,0.0,0.0,0.0,0.0,0.0,0.0,0.0,0.0,0.0,0.0,0.0,0.0,0.0,0.0,0.0,0.0,0.0
0.0,0.0,0.0,0.0,0.0,0.0,0.0,0.0,0.0,0.0,0.0,0.0,0.0,0.0,0.0,0.0,0.0,0.0,0.0,0.0,0.0,0.0,0.0,0.0,0.0,0.0,0.0,0.0,0.0,0.0,0.0,0.0,0.0,0.0,0.0,0.0,0.0,0.0,0.0,0.0,0.0,0.0,0.0,0.0,0.0,0.0,0.0,0.0,0.0,0.0,0.0,0.0,0.0,0.0,0.0,0.0,0.0,0.0,0.0,0.0,0.0,0.0,0.0,0.0,0.0,0.0,0.0,0.0,0.0,0.0,0.0,0.0,0.0,0.0,0.0,0.0,0.0,0.0,0.0,0.0,0.0,0.0,0.0,0.0,0.0
0.0,0.0,0.0,0.0,0.0,0.0,0.0,0.0,0.0,0.0,0.0,0.0,0.0,0.0,0.0,0.0,0.0,0.0,0.0,0.0,0.0,0.0,0.0,0.0,0.0,0.0,0.0,0.0,0.0,0.0,0.0,0.0,0.0,0.0,0.0,0.0,0.0,0.0,0.0,0.0,0.0,0.0,0.0,0.0,0.0,0.0,0.0,0.0,0.0,0.0,0.0,0.0,0.0,0.0,0.0,0.0,0.0,0.0,0.0,0.0,0.0,0.0,0.0,0.0,0.0,0.0,0.0,0.0,0.0,0.0,0.0,0.0,0.0,0.0,0.0,0.0,0.0,0.0,0.0,0.0,0.0,0.0,0.0,0.0,0.0
0.0,0.0,0.0,0.0,0.0,0.0,0.0,0.0,0.0,0.0,0.0,0.0,0.0,0.0,0.0,0.0,0.0,0.0,0.0,0.0,0.0,0.0,0.0,0.0,0.0,0.0,0.0,0.0,0.0,0.0,0.0,0.0,0.0,0.0,0.0,0.0,0.0,0.0,0.0,0.0,0.0,0.0,0.0,0.0,0.0,0.0,0.0,0.0,0.0,0.0,0.0,0.0,0.0,0.0,0.0,0.0,0.0,0.0,0.0,0.0,0.0,0.0,0.0,0.0,0.0,0.0,0.0,0.0,0.0,0.0,0.0,0.0,0.0,0.0,0.0,0.0,0.0,0.0,0.0,0.0,0.0,0.0,0.0,0.0,0.0
0.0,0.0,0.0,0.0,0.0,0.0,0.0,0.0,0.0,0.0,0.0,0.0,0.0,0.0,0.0,0.0,0.0,0.0,0.0,0.0,0.0,0.0,0.0,0.0,0.0,0.0,0.0,0.0,0.0,0.0,0.0,0.0,0.0,0.0,0.0,0.0,0.0,0.0,0.0,0.0,0.0,0.0,0.0,0.0,0.0,0.0,0.0,0.0,0.0,0.0,0.0,0.0,0.0,0.0,0.0,0.0,0.0,0.0,0.0,0.0,0.0,0.0,0.0,0.0,0.0,0.0,0.0,0.0,0.0,0.0,0.0,0.0,0.0,0.0,0.0,0.0,0.0,0.0,0.0,0.0,0.0,0.0,0.0,0.0,0.0
0.0,0.0,0.0,0.0,0.0,0.0,0.0,0.0,0.0,0.0,0.0,0.0,0.0,0.0,0.0,0.0,0.0,0.0,0.0,0.0,0.0,0.0,0.0,0.0,0.0,0.0,0.0,0.0,0.0,0.0,0.0,0.0,0.0,0.0,0.0,0.0,0.0,0.0,0.0,0.0,0.0,0.0,0.0,0.0,0.0,0.0,0.0,0.0,0.0,0.0,0.0,0.0,0.0,0.0,0.0,0.0,0.0,0.0,0.0,0.0,0.0,0.0,0.0,0.0,0.0,0.0,0.0,0.0,0.0,0.0,0.0,0.0,0.0,0.0,0.0,0.0,0.0,0.0,0.0,0.0,0.0,0.0,0.0,0.0,0.0
0.0,0.0,0.0,0.0,0.0,0.0,0.0,0.0,0.0,0.0,0.0,0.0,0.0,0.0,0.0,0.0,0.0,0.0,0.0,0.0,0.0,0.0,0.0,0.0,0.0,0.0,0.0,0.0,0.0,0.0,0.0,0.0,0.0,0.0,0.0,0.0,0.0,0.0,0.0,0.0,0.0,0.0,0.0,0.0,0.0,0.0,0.0,0.0,0.0,0.0,0.0,0.0,0.0,0.0,0.0,0.0,0.0,0.0,0.0,0.0,0.0,0.0,0.0,0.0,0.0,0.0,0.0,0.0,0.0,0.0,0.0,0.0,0.0,0.0,0.0,0.0,0.0,0.0,0.0,0.0,0.0,0.0,0.0,0.0,0.0
0.0,0.0,0.0,0.0,0.0,0.0,0.0,0.0,0.0,0.0,0.0,0.0,0.0,0.0,0.0,0.0,0.0,0.0,0.0,0.0,0.0,0.0,0.0,0.0,0.0,0.0,0.0,0.0,0.0,0.0,0.0,0.0,0.0,0.0,0.0,0.0,0.0,0.0,0.0,0.0,0.0,0.0,0.0,0.0,0.0,0.0,0.0,0.0,0.0,0.0,0.0,0.0,0.0,0.0,0.0,0.0,0.0,0.0,0.0,0.0,0.0,0.0,0.0,0.0,0.0,0.0,0.0,0.0,0.0,0.0,0.0,0.0,0.0,0.0,0.0,0.0,0.0,0.0,0.0,0.0,0.0,0.0,0.0,0.0,0.0
0.0,0.0,0.0,0.0,0.0,0.0,0.0,0.0,0.0,0.0,0.0,0.0,0.0,0.0,0.0,0.0,0.0,0.0,0.0,0.0,0.0,0.0,0.0,0.0,0.0,0.0,0.0,0.0,0.0,0.0,0.0,0.0,0.0,0.0,0.0,0.0,0.0,0.0,0.0,0.0,0.0,0.0,0.0,0.0,0.0,0.0,0.0,0.0,0.0,0.0,0.0,0.0,0.0,0.0,0.0,0.0,0.0,0.0,0.0,0.0,0.0,0.0,0.0,0.0,0.0,0.0,0.0,0.0,0.0,0.0,0.0,0.0,0.0,0.0,0.0,0.0,0.0,0.0,0.0,0.0,0.0,0.0,0.0,0.0,0.0
0.0,0.0,0.0,0.0,0.0,0.0,0.0,0.0,0.0,0.0,0.0,0.0,0.0,0.0,0.0,0.0,0.0,0.0,0.0,0.0,0.0,0.0,0.0,0.0,0.0,0.0,0.0,0.0,0.0,0.0,0.0,0.0,0.0,0.0,0.0,0.0,0.0,0.0,0.0,0.0,0.0,0.0,0.0,0.0,0.0,0.0,0.0,0.0,0.0,0.0,0.0,0.0,0.0,0.0,0.0,0.0,0.0,0.0,0.0,0.0,0.0,0.0,0.0,0.0,0.0,0.0,0.0,0.0,0.0,0.0,0.0,0.0,0.0,0.0,0.0,0.0,0.0,0.0,0.0,0.0,0.0,0.0,0.0,0.0,0.0
0.0,0.0,0.0,0.0,0.0,0.0,0.0,0.0,0.0,0.0,0.0,0.0,0.0,0.0,0.0,0.0,0.0,0.0,0.0,0.0,0.0,0.0,0.0,0.0,0.0,0.0,0.0,0.0,0.0,0.0,0.0,0.0,0.0,0.0,0.0,0.0,0.0,0.0,0.0,0.0,0.0,0.0,0.0,0.0,0.0,0.0,0.0,0.0,0.0,0.0,0.0,0.0,0.0,0.0,0.0,0.0,0.0,0.0,0.0,0.0,0.0,0.0,0.0,0.0,0.0,0.0,0.0,0.0,0.0,0.0,0.0,0.0,0.0,0.0,0.0,0.0,0.0,0.0,0.0,0.0,0.0,0.0,0.0,0.0,0.0
0.0,0.0,0.0,0.0,0.0,0.0,0.0,0.0,0.0,0.0,0.0,0.0,0.0,0.0,0.0,0.0,0.0,0.0,0.0,0.0,0.0,0.0,0.0,0.0,0.0,0.0,0.0,0.0,0.0,0.0,0.0,0.0,0.0,0.0,0.0,0.0,0.0,0.0,0.0,0.0,0.0,0.0,0.0,0.0,0.0,0.0,0.0,0.0,0.0,0.0,0.0,0.0,0.0,0.0,0.0,0.0,0.0,0.0,0.0,0.0,0.0,0.0,0.0,0.0,0.0,0.0,0.0,0.0,0.0,0.0,0.0,0.0,0.0,0.0,0.0,0.0,0.0,0.0,0.0,0.0,0.0,0.0,0.0,0.0,0.0
0.0,0.0,0.0,0.0,0.0,0.0,0.0,0.0,0.0,0.0,0.0,0.0,0.0,0.0,0.0,0.0,0.0,0.0,0.0,0.0,0.0,0.0,0.0,0.0,0.0,0.0,0.0,0.0,0.0,0.0,0.0,0.0,0.0,0.0,0.0,0.0,0.0,0.0,0.0,0.0,0.0,0.0,0.0,0.0,0.0,0.0,0.0,0.0,0.0,0.0,0.0,0.0,0.0,0.0,0.0,0.0,0.0,0.0,0.0,0.0,0.0,0.0,0.0,0.0,0.0,0.0,0.0,0.0,0.0,0.0,0.0,0.0,0.0,0.0,0.0,0.0,0.0,0.0,0.0,0.0,0.0,0.0,0.0,0.0,0.0
0.0,0.0,0.0,0.0,0.0,0.0,0.0,0.0,0.0,0.0,0.0,0.0,0.0,0.0,0.0,0.0,0.0,0.0,0.0,0.0,0.0,0.0,0.0,0.0,0.0,0.0,0.0,0.0,0.0,0.0,0.0,0.0,0.0,0.0,0.0,0.0,0.0,0.0,0.0,0.0,0.0,0.0,0.0,0.0,0.0,0.0,0.0,0.0,0.0,0.0,0.0,0.0,0.0,0.0,0.0,0.0,0.0,0.0,0.0,0.0,0.0,0.0,0.0,0.0,0.0,0.0,0.0,0.0,0.0,0.0,0.0,0.0,0.0,0.0,0.0,0.0,0.0,0.0,0.0,0.0,0.0,0.0,0.0,0.0,0.0
0.0,0.0,0.0,0.0,0.0,0.0,0.0,0.0,0.0,0.0,0.0,0.0,0.0,0.0,0.0,0.0,0.0,0.0,0.0,0.0,0.0,0.0,0.0,0.0,0.0,0.0,0.0,0.0,0.0,0.0,0.0,0.0,0.0,0.0,0.0,0.0,0.0,0.0,0.0,0.0,0.0,0.0,0.0,0.0,0.0,0.0,0.0,0.0,0.0,0.0,0.0,0.0,0.0,0.0,0.0,0.0,0.0,0.0,0.0,0.0,0.0,0.0,0.0,0.0,0.0,0.0,0.0,0.0,0.0,0.0,0.0,0.0,0.0,0.0,0.0,0.0,0.0,0.0,0.0,0.0,0.0,0.0,0.0,0.0,0.0
0.0,0.0,0.0,0.0,0.0,0.0,0.0,0.0,0.0,0.0,0.0,0.0,0.0,0.0,0.0,0.0,0.0,0.0,0.0,0.0,0.0,0.0,0.0,0.0,0.0,0.0,0.0,0.0,0.0,0.0,0.0,0.0,0.0,0.0,0.0,0.0,0.0,0.0,0.0,0.0,0.0,0.0,0.0,0.0,0.0,0.0,0.0,0.0,0.0,0.0,0.0,0.0,0.0,0.0,0.0,0.0,0.0,0.0,0.0,0.0,0.0,0.0,0.0,0.0,0.0,0.0,0.0,0.0,0.0,0.0,0.0,0.0,0.0,0.0,0.0,0.0,0.0,0.0,0.0,0.0,0.0,0.0,0.0,0.0,0.0
0.0,0.0,0.0,0.0,0.0,0.0,0.0,0.0,0.0,0.0,0.0,0.0,0.0,0.0,0.0,0.0,0.0,0.0,0.0,0.0,0.0,0.0,0.0,0.0,0.0,0.0,0.0,0.0,0.0,0.0,0.0,0.0,0.0,0.0,0.0,0.0,0.0,0.0,0.0,0.0,0.0,0.0,0.0,0.0,0.0,0.0,0.0,0.0,0.0,0.0,0.0,0.0,0.0,0.0,0.0,0.0,0.0,0.0,0.0,0.0,0.0,0.0,0.0,0.0,0.0,0.0,0.0,0.0,0.0,0.0,0.0,0.0,0.0,0.0,0.0,0.0,0.0,0.0,0.0,0.0,0.0,0.0,0.0,0.0,0.0
0.0,0.0,0.0,0.0,0.0,0.0,0.0,0.0,0.0,0.0,0.0,0.0,0.0,0.0,0.0,0.0,0.0,0.0,0.0,0.0,0.0,0.0,0.0,0.0,0.0,0.0,0.0,0.0,0.0,0.0,0.0,0.0,0.0,0.0,0.0,0.0,0.0,0.0,0.0,0.0,0.0,0.0,0.0,0.0,0.0,0.0,0.0,0.0,0.0,0.0,0.0,0.0,0.0,0.0,0.0,0.0,0.0,0.0,0.0,0.0,0.0,0.0,0.0,0.0,0.0,0.0,0.0,0.0,0.0,0.0,0.0,0.0,0.0,0.0,0.0,0.0,0.0,0.0,0.0,0.0,0.0,0.0,0.0,0.0,0.0
0.0,0.0,0.0,0.0,0.0,0.0,0.0,0.0,0.0,0.0,0.0,0.0,0.0,0.0,0.0,0.0,0.0,0.0,0.0,0.0,0.0,0.0,0.0,0.0,0.0,0.0,0.0,0.0,0.0,0.0,0.0,0.0,0.0,0.0,0.0,0.0,0.0,0.0,0.0,0.0,0.0,0.0,0.0,0.0,0.0,0.0,0.0,0.0,0.0,0.0,0.0,0.0,0.0,0.0,0.0,0.0,0.0,0.0,0.0,0.0,0.0,0.0,0.0,0.0,0.0,0.0,0.0,0.0,0.0,0.0,0.0,0.0,0.0,0.0,0.0,0.0,0.0,0.0,0.0,0.0,0.0,0.0,0.0,0.0,0.0
0.0,0.0,0.0,0.0,0.0,0.0,0.0,0.0,0.0,0.0,0.0,0.0,0.0,0.0,0.0,0.0,0.0,0.0,0.0,0.0,0.0,0.0,0.0,0.0,0.0,0.0,0.0,0.0,0.0,0.0,0.0,0.0,0.0,0.0,0.0,0.0,0.0,0.0,0.0,0.0,0.0,0.0,0.0,0.0,0.0,0.0,0.0,0.0,0.0,0.0,0.0,0.0,0.0,0.0,0.0,0.0,0.0,0.0,0.0,0.0,0.0,0.0,0.0,0.0,0.0,0.0,0.0,0.0,0.0,0.0,0.0,0.0,0.0,0.0,0.0,0.0,0.0,0.0,0.0,0.0,0.0,0.0,0.0,0.0,0.0
0.0,0.0,0.0,0.0,0.0,0.0,0.0,0.0,0.0,0.0,0.0,0.0,0.0,0.0,0.0,0.0,0.0,0.0,0.0,0.0,0.0,0.0,0.0,0.0,0.0,0.0,0.0,0.0,0.0,0.0,0.0,0.0,0.0,0.0,0.0,0.0,0.0,0.0,0.0,0.0,0.0,0.0,0.0,0.0,0.0,0.0,0.0,0.0,0.0,0.0,0.0,0.0,0.0,0.0,0.0,0.0,0.0,0.0,0.0,0.0,0.0,0.0,0.0,0.0,0.0,0.0,0.0,0.0,0.0,0.0,0.0,0.0,0.0,0.0,0.0,0.0,0.0,0.0,0.0,0.0,0.0,0.0,0.0,0.0,0.0
0.0,0.0,0.0,0.0,0.0,0.0,0.0,0.0,0.0,0.0,0.0,0.0,0.0,0.0,0.0,0.0,0.0,0.0,0.0,0.0,0.0,0.0,0.0,0.0,0.0,0.0,0.0,0.0,0.0,0.0,0.0,0.0,0.0,0.0,0.0,0.0,0.0,0.0,0.0,0.0,0.0,0.0,0.0,0.0,0.0,0.0,0.0,0.0,0.0,0.0,0.0,0.0,0.0,0.0,0.0,0.0,0.0,0.0,0.0,0.0,0.0,0.0,0.0,0.0,0.0,0.0,0.0,0.0,0.0,0.0,0.0,0.0,0.0,0.0,0.0,0.0,0.0,0.0,0.0,0.0,0.0,0.0,0.0,0.0,0.0
0.0,0.0,0.0,0.0,0.0,0.0,0.0,0.0,0.0,0.0,0.0,0.0,0.0,0.0,0.0,0.0,0.0,0.0,0.0,0.0,0.0,0.0,0.0,0.0,0.0,0.0,0.0,0.0,0.0,0.0,0.0,0.0,0.0,0.0,0.0,0.0,0.0,0.0,0.0,0.0,0.0,0.0,0.0,0.0,0.0,0.0,0.0,0.0,0.0,0.0,0.0,0.0,0.0,0.0,0.0,0.0,0.0,0.0,0.0,0.0,0.0,0.0,0.0,0.0,0.0,0.0,0.0,0.0,0.0,0.0,0.0,0.0,0.0,0.0,0.0,0.0,0.0,0.0,0.0,0.0,0.0,0.0,0.0,0.0,0.0
0.0,0.0,0.0,0.0,0.0,0.0,0.0,0.0,0.0,0.0,0.0,0.0,0.0,0.0,0.0,0.0,0.0,0.0,0.0,0.0,0.0,0.0,0.0,0.0,0.0,0.0,0.0,0.0,0.0,0.0,0.0,0.0,0.0,0.0,0.0,0.0,0.0,0.0,0.0,0.0,0.0,0.0,0.0,0.0,0.0,0.0,0.0,0.0,0.0,0.0,0.0,0.0,0.0,0.0,0.0,0.0,0.0,0.0,0.0,0.0,0.0,0.0,0.0,0.0,0.0,0.0,0.0,0.0,0.0,0.0,0.0,0.0,0.0,0.0,0.0,0.0,0.0,0.0,0.0,0.0,0.0,0.0,0.0,0.0,0.0
0.0,0.0,0.0,0.0,0.0,0.0,0.0,0.0,0.0,0.0,0.0,0.0,0.0,0.0,0.0,0.0,0.0,0.0,0.0,0.0,0.0,0.0,0.0,0.0,0.0,0.0,0.0,0.0,0.0,0.0,0.0,0.0,0.0,0.0,0.0,0.0,0.0,0.0,0.0,0.0,0.0,0.0,0.0,0.0,0.0,0.0,0.0,0.0,0.0,0.0,0.0,0.0,0.0,0.0,0.0,0.0,0.0,0.0,0.0,0.0,0.0,0.0,0.0,0.0,0.0,0.0,0.0,0.0,0.0,0.0,0.0,0.0,0.0,0.0,0.0,0.0,0.0,0.0,0.0,0.0,0.0,0.0,0.0,0.0,0.0
0.0,0.0,0.0,0.0,0.0,0.0,0.0,0.0,0.0,0.0,0.0,0.0,0.0,0.0,0.0,0.0,0.0,0.0,0.0,0.0,0.0,0.0,0.0,0.0,0.0,0.0,0.0,0.0,0.0,0.0,0.0,0.0,0.0,0.0,0.0,0.0,0.0,0.0,0.0,0.0,0.0,0.0,0.0,0.0,0.0,0.0,0.0,0.0,0.0,0.0,0.0,0.0,0.0,0.0,0.0,0.0,0.0,0.0,0.0,0.0,0.0,0.0,0.0,0.0,0.0,0.0,0.0,0.0,0.0,0.0,0.0,0.0,0.0,0.0,0.0,0.0,0.0,0.0,0.0,0.0,0.0,0.0,0.0,0.0,0.0
0.0,0.0,0.0,0.0,0.0,0.0,0.0,0.0,0.0,0.0,0.0,0.0,0.0,0.0,0.0,0.0,0.0,0.0,0.0,0.0,0.0,0.0,0.0,0.0,0.0,0.0,0.0,0.0,0.0,0.0,0.0,0.0,0.0,0.0,0.0,0.0,0.0,0.0,0.0,0.0,0.0,0.0,0.0,0.0,0.0,0.0,0.0,0.0,0.0,0.0,0.0,0.0,0.0,0.0,0.0,0.0,0.0,0.0,0.0,0.0,0.0,0.0,0.0,0.0,0.0,0.0,0.0,0.0,0.0,0.0,0.0,0.0,0.0,0.0,0.0,0.0,0.0,0.0,0.0,0.0,0.0,0.0,0.0,0.0,0.0
0.0,0.0,0.0,0.0,0.0,0.0,0.0,0.0,0.0,0.0,0.0,0.0,0.0,0.0,0.0,0.0,0.0,0.0,0.0,0.0,0.0,0.0,0.0,0.0,0.0,0.0,0.0,0.0,0.0,0.0,0.0,0.0,0.0,0.0,0.0,0.0,0.0,0.0,0.0,0.0,0.0,0.0,0.0,0.0,0.0,0.0,0.0,0.0,0.0,0.0,0.0,0.0,0.0,0.0,0.0,0.0,0.0,0.0,0.0,0.0,0.0,0.0,0.0,0.0,0.0,0.0,0.0,0.0,0.0,0.0,0.0,0.0,0.0,0.0,0.0,0.0,0.0,0.0,0.0,0.0,0.0,0.0,0.0,0.0,0.0
0.0,0.0,0.0,0.0,0.0,0.0,0.0,0.0,0.0,0.0,0.0,0.0,0.0,0.0,0.0,0.0,0.0,0.0,0.0,0.0,0.0,0.0,0.0,0.0,0.0,0.0,0.0,0.0,0.0,0.0,0.0,0.0,0.0,0.0,0.0,0.0,0.0,0.0,0.0,0.0,0.0,0.0,0.0,0.0,0.0,0.0,0.0,0.0,0.0,0.0,0.0,0.0,0.0,0.0,0.0,0.0,0.0,0.0,0.0,0.0,0.0,0.0,0.0,0.0,0.0,0.0,0.0,0.0,0.0,0.0,0.0,0.0,0.0,0.0,0.0,0.0,0.0,0.0,0.0,0.0,0.0,0.0,0.0,0.0,0.0
0.0,0.0,0.0,0.0,0.0,0.0,0.0,0.0,0.0,0.0,0.0,0.0,0.0,0.0,0.0,0.0,0.0,0.0,0.0,0.0,0.0,0.0,0.0,0.0,0.0,0.0,0.0,0.0,0.0,0.0,0.0,0.0,0.0,0.0,0.0,0.0,0.0,0.0,0.0,0.0,0.0,0.0,0.0,0.0,0.0,0.0,0.0,0.0,0.0,0.0,0.0,0.0,0.0,0.0,0.0,0.0,0.0,0.0,0.0,0.0,0.0,0.0,0.0,0.0,0.0,0.0,0.0,0.0,0.0,0.0,0.0,0.0,0.0,0.0,0.0,0.0,0.0,0.0,0.0,0.0,0.0,0.0,0.0,0.0,0.0
0.0,0.0,0.0,0.0,0.0,0.0,0.0,0.0,0.0,0.0,0.0,0.0,0.0,0.0,0.0,0.0,0.0,0.0,0.0,0.0,0.0,0.0,0.0,0.0,0.0,0.0,0.0,0.0,0.0,0.0,0.0,0.0,0.0,0.0,0.0,0.0,0.0,0.0,0.0,0.0,0.0,0.0,0.0,0.0,0.0,0.0,0.0,0.0,0.0,0.0,0.0,0.0,0.0,0.0,0.0,0.0,0.0,0.0,0.0,0.0,0.0,0.0,0.0,0.0,0.0,0.0,0.0,0.0,0.0,0.0,0.0,0.0,0.0,0.0,0.0,0.0,0.0,0.0,0.0,0.0,0.0,0.0,0.0,0.0,0.0
0.0,0.0,0.0,0.0,0.0,0.0,0.0,0.0,0.0,0.0,0.0,0.0,0.0,0.0,0.0,0.0,0.0,0.0,0.0,0.0,0.0,0.0,0.0,0.0,0.0,0.0,0.0,0.0,0.0,0.0,0.0,0.0,0.0,0.0,0.0,0.0,0.0,0.0,0.0,0.0,0.0,0.0,0.0,0.0,0.0,0.0,0.0,0.0,0.0,0.0,0.0,0.0,0.0,0.0,0.0,0.0,0.0,0.0,0.0,0.0,0.0,0.0,0.0,0.0,0.0,0.0,0.0,0.0,0.0,0.0,0.0,0.0,0.0,0.0,0.0,0.0,0.0,0.0,0.0,0.0,0.0,0.0,0.0,0.0,0.0
0.0,0.0,0.0,0.0,0.0,0.0,0.0,0.0,0.0,0.0,0.0,0.0,0.0,0.0,0.0,0.0,0.0,0.0,0.0,0.0,0.0,0.0,0.0,0.0,0.0,0.0,0.0,0.0,0.0,0.0,0.0,0.0,0.0,0.0,0.0,0.0,0.0,0.0,0.0,0.0,0.0,0.0,0.0,0.0,0.0,0.0,0.0,0.0,0.0,0.0,0.0,0.0,0.0,0.0,0.0,0.0,0.0,0.0,0.0,0.0,0.0,0.0,0.0,0.0,0.0,0.0,0.0,0.0,0.0,0.0,0.0,0.0,0.0,0.0,0.0,0.0,0.0,0.0,0.0,0.0,0.0,0.0,0.0,0.0,0.0
0.0,0.0,0.0,0.0,0.0,0.0,0.0,0.0,0.0,0.0,0.0,0.0,0.0,0.0,0.0,0.0,0.0,0.0,0.0,0.0,0.0,0.0,0.0,0.0,0.0,0.0,0.0,0.0,0.0,0.0,0.0,0.0,0.0,0.0,0.0,0.0,0.0,0.0,0.0,0.0,0.0,0.0,0.0,0.0,0.0,0.0,0.0,0.0,0.0,0.0,0.0,0.0,0.0,0.0,0.0,0.0,0.0,0.0,0.0,0.0,0.0,0.0,0.0,0.0,0.0,0.0,0.0,0.0,0.0,0.0,0.0,0.0,0.0,0.0,0.0,0.0,0.0,0.0,0.0,0.0,0.0,0.0,0.0,0.0,0.0
0.0,0.0,0.0,0.0,0.0,0.0,0.0,0.0,0.0,0.0,0.0,0.0,0.0,0.0,0.0,0.0,0.0,0.0,0.0,0.0,0.0,0.0,0.0,0.0,0.0,0.0,0.0,0.0,0.0,0.0,0.0,0.0,0.0,0.0,0.0,0.0,0.0,0.0,0.0,0.0,0.0,0.0,0.0,0.0,0.0,0.0,0.0,0.0,0.0,0.0,0.0,0.0,0.0,0.0,0.0,0.0,0.0,0.0,0.0,0.0,0.0,0.0,0.0,0.0,0.0,0.0,0.0,0.0,0.0,0.0,0.0,0.0,0.0,0.0,0.0,0.0,0.0,0.0,0.0,0.0,0.0,0.0,0.0,0.0,0.0
0.0,0.0,0.0,0.0,0.0,0.0,0.0,0.0,0.0,0.0,0.0,0.0,0.0,0.0,0.0,0.0,0.0,0.0,0.0,0.0,0.0,0.0,0.0,0.0,0.0,0.0,0.0,0.0,0.0,0.0,0.0,0.0,0.0,0.0,0.0,0.0,0.0,0.0,0.0,0.0,0.0,0.0,0.0,0.0,0.0,0.0,0.0,0.0,0.0,0.0,0.0,0.0,0.0,0.0,0.0,0.0,0.0,0.0,0.0,0.0,0.0,0.0,0.0,0.0,0.0,0.0,0.0,0.0,0.0,0.0,0.0,0.0,0.0,0.0,0.0,0.0,0.0,0.0,0.0,0.0,0.0,0.0,0.0,0.0,0.0
0.0,0.0,0.0,0.0,0.0,0.0,0.0,0.0,0.0,0.0,0.0,0.0,0.0,0.0,0.0,0.0,0.0,0.0,0.0,0.0,0.0,0.0,0.0,0.0,0.0,0.0,0.0,0.0,0.0,0.0,0.0,0.0,0.0,0.0,0.0,0.0,0.0,0.0,0.0,0.0,0.0,0.0,0.0,0.0,0.0,0.0,0.0,0.0,0.0,0.0,0.0,0.0,0.0,0.0,0.0,0.0,0.0,0.0,0.0,0.0,0.0,0.0,0.0,0.0,0.0,0.0,0.0,0.0,0.0,0.0,0.0,0.0,0.0,0.0,0.0,0.0,0.0,0.0,0.0,0.0,0.0,0.0,0.0,0.0,0.0
0.0,0.0,0.0,0.0,0.0,0.0,0.0,0.0,0.0,0.0,0.0,0.0,0.0,0.0,0.0,0.0,0.0,0.0,0.0,0.0,0.0,0.0,0.0,0.0,0.0,0.0,0.0,0.0,0.0,0.0,0.0,0.0,0.0,0.0,0.0,0.0,0.0,0.0,0.0,0.0,0.0,0.0,0.0,0.0,0.0,0.0,0.0,0.0,0.0,0.0,0.0,0.0,0.0,0.0,0.0,0.0,0.0,0.0,0.0,0.0,0.0,0.0,0.0,0.0,0.0,0.0,0.0,0.0,0.0,0.0,0.0,0.0,0.0,0.0,0.0,0.0,0.0,0.0,0.0,0.0,0.0,0.0,0.0,0.0,0.0
0.0,0.0,0.0,0.0,0.0,0.0,0.0,0.0,0.0,0.0,0.0,0.0,0.0,0.0,0.0,0.0,0.0,0.0,0.0,0.0,0.0,0.0,0.0,0.0,0.0,0.0,0.0,0.0,0.0,0.0,0.0,0.0,0.0,0.0,0.0,0.0,0.0,0.0,0.0,0.0,0.0,0.0,0.0,0.0,0.0,0.0,0.0,0.0,0.0,0.0,0.0,0.0,0.0,0.0,0.0,0.0,0.0,0.0,0.0,0.0,0.0,0.0,0.0,0.0,0.0,0.0,0.0,0.0,0.0,0.0,0.0,0.0,0.0,0.0,0.0,0.0,0.0,0.0,0.0,0.0,0.0,0.0,0.0,0.0,0.0
0.0,0.0,0.0,0.0,0.0,0.0,0.0,0.0,0.0,0.0,0.0,0.0,0.0,0.0,0.0,0.0,0.0,0.0,0.0,0.0,0.0,0.0,0.0,0.0,0.0,0.0,0.0,0.0,0.0,0.0,0.0,0.0,0.0,0.0,0.0,0.0,0.0,0.0,0.0,0.0,0.0,0.0,0.0,0.0,0.0,0.0,0.0,0.0,0.0,0.0,0.0,0.0,0.0,0.0,0.0,0.0,0.0,0.0,0.0,0.0,0.0,0.0,0.0,0.0,0.0,0.0,0.0,0.0,0.0,0.0,0.0,0.0,0.0,0.0,0.0,0.0,0.0,0.0,0.0,0.0,0.0,0.0,0.0,0.0,0.0
0.0,0.0,0.0,0.0,0.0,0.0,0.0,0.0,0.0,0.0,0.0,0.0,0.0,0.0,0.0,0.0,0.0,0.0,0.0,0.0,0.0,0.0,0.0,0.0,0.0,0.0,0.0,0.0,0.0,0.0,0.0,0.0,0.0,0.0,0.0,0.0,0.0,0.0,0.0,0.0,0.0,0.0,0.0,0.0,0.0,0.0,0.0,0.0,0.0,0.0,0.0,0.0,0.0,0.0,0.0,0.0,0.0,0.0,0.0,0.0,0.0,0.0,0.0,0.0,0.0,0.0,0.0,0.0,0.0,0.0,0.0,0.0,0.0,0.0,0.0,0.0,0.0,0.0,0.0,0.0,0.0,0.0,0.0,0.0,0.0
0.0,0.0,0.0,0.0,0.0,0.0,0.0,0.0,0.0,0.0,0.0,0.0,0.0,0.0,0.0,0.0,0.0,0.0,0.0,0.0,0.0,0.0,0.0,0.0,0.0,0.0,0.0,0.0,0.0,0.0,0.0,0.0,0.0,0.0,0.0,0.0,0.0,0.0,0.0,0.0,0.0,0.0,0.0,0.0,0.0,0.0,0.0,0.0,0.0,0.0,0.0,0.0,0.0,0.0,0.0,0.0,0.0,0.0,0.0,0.0,0.0,0.0,0.0,0.0,0.0,0.0,0.0,0.0,0.0,0.0,0.0,0.0,0.0,0.0,0.0,0.0,0.0,0.0,0.0,0.0,0.0,0.0,0.0,0.0,0.0
0.0,0.0,0.0,0.0,0.0,0.0,0.0,0.0,0.0,0.0,0.0,0.0,0.0,0.0,0.0,0.0,0.0,0.0,0.0,0.0,0.0,0.0,0.0,0.0,0.0,0.0,0.0,0.0,0.0,0.0,0.0,0.0,0.0,0.0,0.0,0.0,0.0,0.0,0.0,0.0,0.0,0.0,0.0,0.0,0.0,0.0,0.0,0.0,0.0,0.0,0.0,0.0,0.0,0.0,0.0,0.0,0.0,0.0,0.0,0.0,0.0,0.0,0.0,0.0,0.0,0.0,0.0,0.0,0.0,0.0,0.0,0.0,0.0,0.0,0.0,0.0,0.0,0.0,0.0,0.0,0.0,0.0,0.0,0.0,0.0
0.0,0.0,0.0,0.0,0.0,0.0,0.0,0.0,0.0,0.0,0.0,0.0,0.0,0.0,0.0,0.0,0.0,0.0,0.0,0.0,0.0,0.0,0.0,0.0,0.0,0.0,0.0,0.0,0.0,0.0,0.0,0.0,0.0,0.0,0.0,0.0,0.0,0.0,0.0,0.0,0.0,0.0,0.0,0.0,0.0,0.0,0.0,0.0,0.0,0.0,0.0,0.0,0.0,0.0,0.0,0.0,0.0,0.0,0.0,0.0,0.0,0.0,0.0,0.0,0.0,0.0,0.0,0.0,0.0,0.0,0.0,0.0,0.0,0.0,0.0,0.0,0.0,0.0,0.0,0.0,0.0,0.0,0.0,0.0,0.0
0.0,0.0,0.0,0.0,0.0,0.0,0.0,0.0,0.0,0.0,0.0,0.0,0.0,0.0,0.0,0.0,0.0,0.0,0.0,0.0,0.0,0.0,0.0,0.0,0.0,0.0,0.0,0.0,0.0,0.0,0.0,0.0,0.0,0.0,0.0,0.0,0.0,0.0,0.0,0.0,0.0,0.0,0.0,0.0,0.0,0.0,0.0,0.0,0.0,0.0,0.0,0.0,0.0,0.0,0.0,0.0,0.0,0.0,0.0,0.0,0.0,0.0,0.0,0.0,0.0,0.0,0.0,0.0,0.0,0.0,0.0,0.0,0.0,0.0,0.0,0.0,0.0,0.0,0.0,0.0,0.0,0.0,0.0,0.0,0.0
0.0,0.0,0.0,0.0,0.0,0.0,0.0,0.0,0.0,0.0,0.0,0.0,0.0,0.0,0.0,0.0,0.0,0.0,0.0,0.0,0.0,0.0,0.0,0.0,0.0,0.0,0.0,0.0,0.0,0.0,0.0,0.0,0.0,0.0,0.0,0.0,0.0,0.0,0.0,0.0,0.0,0.0,0.0,0.0,0.0,0.0,0.0,0.0,0.0,0.0,0.0,0.0,0.0,0.0,0.0,0.0,0.0,0.0,0.0,0.0,0.0,0.0,0.0,0.0,0.0,0.0,0.0,0.0,0.0,0.0,0.0,0.0,0.0,0.0,0.0,0.0,0.0,0.0,0.0,0.0,0.0,0.0,0.0,0.0,0.0
0.0,0.0,0.0,0.0,0.0,0.0,0.0,0.0,0.0,0.0,0.0,0.0,0.0,0.0,0.0,0.0,0.0,0.0,0.0,0.0,0.0,0.0,0.0,0.0,0.0,0.0,0.0,0.0,0.0,0.0,0.0,0.0,0.0,0.0,0.0,0.0,0.0,0.0,0.0,0.0,0.0,0.0,0.0,0.0,0.0,0.0,0.0,0.0,0.0,0.0,0.0,0.0,0.0,0.0,0.0,0.0,0.0,0.0,0.0,0.0,0.0,0.0,0.0,0.0,0.0,0.0,0.0,0.0,0.0,0.0,0.0,0.0,0.0,0.0,0.0,0.0,0.0,0.0,0.0,0.0,0.0,0.0,0.0,0.0,0.0
0.0,0.0,0.0,0.0,0.0,0.0,0.0,0.0,0.0,0.0,0.0,0.0,0.0,0.0,0.0,0.0,0.0,0.0,0.0,0.0,0.0,0.0,0.0,0.0,0.0,0.0,0.0,0.0,0.0,0.0,0.0,0.0,0.0,0.0,0.0,0.0,0.0,0.0,0.0,0.0,0.0,0.0,0.0,0.0,0.0,0.0,0.0,0.0,0.0,0.0,0.0,0.0,0.0,0.0,0.0,0.0,0.0,0.0,0.0,0.0,0.0,0.0,0.0,0.0,0.0,0.0,0.0,0.0,0.0,0.0,0.0,0.0,0.0,0.0,0.0,0.0,0.0,0.0,0.0,0.0,0.0,0.0,0.0,0.0,0.0
0.0,0.0,0.0,0.0,0.0,0.0,0.0,0.0,0.0,0.0,0.0,0.0,0.0,0.0,0.0,0.0,0.0,0.0,0.0,0.0,0.0,0.0,0.0,0.0,0.0,0.0,0.0,0.0,0.0,0.0,0.0,0.0,0.0,0.0,0.0,0.0,0.0,0.0,0.0,0.0,0.0,0.0,0.0,0.0,0.0,0.0,0.0,0.0,0.0,0.0,0.0,0.0,0.0,0.0,0.0,0.0,0.0,0.0,0.0,0.0,0.0,0.0,0.0,0.0,0.0,0.0,0.0,0.0,0.0,0.0,0.0,0.0,0.0,0.0,0.0,0.0,0.0,0.0,0.0,0.0,0.0,0.0,0.0,0.0,0.0
0.0,0.0,0.0,0.0,0.0,0.0,0.0,0.0,0.0,0.0,0.0,0.0,0.0,0.0,0.0,0.0,0.0,0.0,0.0,0.0,0.0,0.0,0.0,0.0,0.0,0.0,0.0,0.0,0.0,0.0,0.0,0.0,0.0,0.0,0.0,0.0,0.0,0.0,0.0,0.0,0.0,0.0,0.0,0.0,0.0,0.0,0.0,0.0,0.0,0.0,0.0,0.0,0.0,0.0,0.0,0.0,0.0,0.0,0.0,0.0,0.0,0.0,0.0,0.0,0.0,0.0,0.0,0.0,0.0,0.0,0.0,0.0,0.0,0.0,0.0,0.0,0.0,0.0,0.0,0.0,0.0,0.0,0.0,0.0,0.0
0.0,0.0,0.0,0.0,0.0,0.0,0.0,0.0,0.0,0.0,0.0,0.0,0.0,0.0,0.0,0.0,0.0,0.0,0.0,0.0,0.0,0.0,0.0,0.0,0.0,0.0,0.0,0.0,0.0,0.0,0.0,0.0,0.0,0.0,0.0,0.0,0.0,0.0,0.0,0.0,0.0,0.0,0.0,0.0,0.0,0.0,0.0,0.0,0.0,0.0,0.0,0.0,0.0,0.0,0.0,0.0,0.0,0.0,0.0,0.0,0.0,0.0,0.0,0.0,0.0,0.0,0.0,0.0,0.0,0.0,0.0,0.0,0.0,0.0,0.0,0.0,0.0,0.0,0.0,0.0,0.0,0.0,0.0,0.0,0.0
0.0,0.0,0.0,0.0,0.0,0.0,0.0,0.0,0.0,0.0,0.0,0.0,0.0,0.0,0.0,0.0,0.0,0.0,0.0,0.0,0.0,0.0,0.0,0.0,0.0,0.0,0.0,0.0,0.0,0.0,0.0,0.0,0.0,0.0,0.0,0.0,0.0,0.0,0.0,0.0,0.0,0.0,0.0,0.0,0.0,0.0,0.0,0.0,0.0,0.0,0.0,0.0,0.0,0.0,0.0,0.0,0.0,0.0,0.0,0.0,0.0,0.0,0.0,0.0,0.0,0.0,0.0,0.0,0.0,0.0,0.0,0.0,0.0,0.0,0.0,0.0,0.0,0.0,0.0,0.0,0.0,0.0,0.0,0.0,0.0
0.0,0.0,0.0,0.0,0.0,0.0,0.0,0.0,0.0,0.0,0.0,0.0,0.0,0.0,0.0,0.0,0.0,0.0,0.0,0.0,0.0,0.0,0.0,0.0,0.0,0.0,0.0,0.0,0.0,0.0,0.0,0.0,0.0,0.0,0.0,0.0,0.0,0.0,0.0,0.0,0.0,0.0,0.0,0.0,0.0,0.0,0.0,0.0,0.0,0.0,0.0,0.0,0.0,0.0,0.0,0.0,0.0,0.0,0.0,0.0,0.0,0.0,0.0,0.0,0.0,0.0,0.0,0.0,0.0,0.0,0.0,0.0,0.0,0.0,0.0,0.0,0.0,0.0,0.0,0.0,0.0,0.0,0.0,0.0,0.0
0.0,0.0,0.0,0.0,0.0,0.0,0.0,0.0,0.0,0.0,0.0,0.0,0.0,0.0,0.0,0.0,0.0,0.0,0.0,0.0,0.0,0.0,0.0,0.0,0.0,0.0,0.0,0.0,0.0,0.0,0.0,0.0,0.0,0.0,0.0,0.0,0.0,0.0,0.0,0.0,0.0,0.0,0.0,0.0,0.0,0.0,0.0,0.0,0.0,0.0,0.0,0.0,0.0,0.0,0.0,0.0,0.0,0.0,0.0,0.0,0.0,0.0,0.0,0.0,0.0,0.0,0.0,0.0,0.0,0.0,0.0,0.0,0.0,0.0,0.0,0.0,0.0,0.0,0.0,0.0,0.0,0.0,0.0,0.0,0.0
0.0,0.0,0.0,0.0,0.0,0.0,0.0,0.0,0.0,0.0,0.0,0.0,0.0,0.0,0.0,0.0,0.0,0.0,0.0,0.0,0.0,0.0,0.0,0.0,0.0,0.0,0.0,0.0,0.0,0.0,0.0,0.0,0.0,0.0,0.0,0.0,0.0,0.0,0.0,0.0,0.0,0.0,0.0,0.0,0.0,0.0,0.0,0.0,0.0,0.0,0.0,0.0,0.0,0.0,0.0,0.0,0.0,0.0,0.0,0.0,0.0,0.0,0.0,0.0,0.0,0.0,0.0,0.0,0.0,0.0,0.0,0.0,0.0,0.0,0.0,0.0,0.0,0.0,0.0,0.0,0.0,0.0,0.0,0.0,0.0
0.0,0.0,0.0,0.0,0.0,0.0,0.0,0.0,0.0,0.0,0.0,0.0,0.0,0.0,0.0,0.0,0.0,0.0,0.0,0.0,0.0,0.0,0.0,0.0,0.0,0.0,0.0,0.0,0.0,0.0,0.0,0.0,0.0,0.0,0.0,0.0,0.0,0.0,0.0,0.0,0.0,0.0,0.0,0.0,0.0,0.0,0.0,0.0,0.0,0.0,0.0,0.0,0.0,0.0,0.0,0.0,0.0,0.0,0.0,0.0,0.0,0.0,0.0,0.0,0.0,0.0,0.0,0.0,0.0,0.0,0.0,0.0,0.0,0.0,0.0,0.0,0.0,0.0,0.0,0.0,0.0,0.0,0.0,0.0,0.0
0.0,0.0,0.0,0.0,0.0,0.0,0.0,0.0,0.0,0.0,0.0,0.0,0.0,0.0,0.0,0.0,0.0,0.0,0.0,0.0,0.0,0.0,0.0,0.0,0.0,0.0,0.0,0.0,0.0,0.0,0.0,0.0,0.0,0.0,0.0,0.0,0.0,0.0,0.0,0.0,0.0,0.0,0.0,0.0,0.0,0.0,0.0,0.0,0.0,0.0,0.0,0.0,0.0,0.0,0.0,0.0,0.0,0.0,0.0,0.0,0.0,0.0,0.0,0.0,0.0,0.0,0.0,0.0,0.0,0.0,0.0,0.0,0.0,0.0,0.0,0.0,0.0,0.0,0.0,0.0,0.0,0.0,0.0,0.0,0.0
0.0,0.0,0.0,0.0,0.0,0.0,0.0,0.0,0.0,0.0,0.0,0.0,0.0,0.0,0.0,0.0,0.0,0.0,0.0,0.0,0.0,0.0,0.0,0.0,0.0,0.0,0.0,0.0,0.0,0.0,0.0,0.0,0.0,0.0,0.0,0.0,0.0,0.0,0.0,0.0,0.0,0.0,0.0,0.0,0.0,0.0,0.0,0.0,0.0,0.0,0.0,0.0,0.0,0.0,0.0,0.0,0.0,0.0,0.0,0.0,0.0,0.0,0.0,0.0,0.0,0.0,0.0,0.0,0.0,0.0,0.0,0.0,0.0,0.0,0.0,0.0,0.0,0.0,0.0,0.0,0.0,0.0,0.0,0.0,0.0
0.0,0.0,0.0,0.0,0.0,0.0,0.0,0.0,0.0,0.0,0.0,0.0,0.0,0.0,0.0,0.0,0.0,0.0,0.0,0.0,0.0,0.0,0.0,0.0,0.0,0.0,0.0,0.0,0.0,0.0,0.0,0.0,0.0,0.0,0.0,0.0,0.0,0.0,0.0,0.0,0.0,0.0,0.0,0.0,0.0,0.0,0.0,0.0,0.0,0.0,0.0,0.0,0.0,0.0,0.0,0.0,0.0,0.0,0.0,0.0,0.0,0.0,0.0,0.0,0.0,0.0,0.0,0.0,0.0,0.0,0.0,0.0,0.0,0.0,0.0,0.0,0.0,0.0,0.0,0.0,0.0,0.0,0.0,0.0,0.0
0.0,0.0,0.0,0.0,0.0,0.0,0.0,0.0,0.0,0.0,0.0,0.0,0.0,0.0,0.0,0.0,0.0,0.0,0.0,0.0,0.0,0.0,0.0,0.0,0.0,0.0,0.0,0.0,0.0,0.0,0.0,0.0,0.0,0.0,0.0,0.0,0.0,0.0,0.0,0.0,0.0,0.0,0.0,0.0,0.0,0.0,0.0,0.0,0.0,0.0,0.0,0.0,0.0,0.0,0.0,0.0,0.0,0.0,0.0,0.0,0.0,0.0,0.0,0.0,0.0,0.0,0.0,0.0,0.0,0.0,0.0,0.0,0.0,0.0,0.0,0.0,0.0,0.0,0.0,0.0,0.0,0.0,0.0,0.0,0.0
0.0,0.0,0.0,0.0,0.0,0.0,0.0,0.0,0.0,0.0,0.0,0.0,0.0,0.0,0.0,0.0,0.0,0.0,0.0,0.0,0.0,0.0,0.0,0.0,0.0,0.0,0.0,0.0,0.0,0.0,0.0,0.0,0.0,0.0,0.0,0.0,0.0,0.0,0.0,0.0,0.0,0.0,0.0,0.0,0.0,0.0,0.0,0.0,0.0,0.0,0.0,0.0,0.0,0.0,0.0,0.0,0.0,0.0,0.0,0.0,0.0,0.0,0.0,0.0,0.0,0.0,0.0,0.0,0.0,0.0,0.0,0.0,0.0,0.0,0.0,0.0,0.0,0.0,0.0,0.0,0.0,0.0,0.0,0.0,0.0
0.0,0.0,0.0,0.0,0.0,0.0,0.0,0.0,0.0,0.0,0.0,0.0,0.0,0.0,0.0,0.0,0.0,0.0,0.0,0.0,0.0,0.0,0.0,0.0,0.0,0.0,0.0,0.0,0.0,0.0,0.0,0.0,0.0,0.0,0.0,0.0,0.0,0.0,0.0,0.0,0.0,0.0,0.0,0.0,0.0,0.0,0.0,0.0,0.0,0.0,0.0,0.0,0.0,0.0,0.0,0.0,0.0,0.0,0.0,0.0,0.0,0.0,0.0,0.0,0.0,0.0,0.0,0.0,0.0,0.0,0.0,0.0,0.0,0.0,0.0,0.0,0.0,0.0,0.0,0.0,0.0,0.0,0.0,0.0,0.0
0.0,0.0,0.0,0.0,0.0,0.0,0.0,0.0,0.0,0.0,0.0,0.0,0.0,0.0,0.0,0.0,0.0,0.0,0.0,0.0,0.0,0.0,0.0,0.0,0.0,0.0,0.0,0.0,0.0,0.0,0.0,0.0,0.0,0.0,0.0,0.0,0.0,0.0,0.0,0.0,0.0,0.0,0.0,0.0,0.0,0.0,0.0,0.0,0.0,0.0,0.0,0.0,0.0,0.0,0.0,0.0,0.0,0.0,0.0,0.0,0.0,0.0,0.0,0.0,0.0,0.0,0.0,0.0,0.0,0.0,0.0,0.0,0.0,0.0,0.0,0.0,0.0,0.0,0.0,0.0,0.0,0.0,0.0,0.0,0.0
0.0,0.0,0.0,0.0,0.0,0.0,0.0,0.0,0.0,0.0,0.0,0.0,0.0,0.0,0.0,0.0,0.0,0.0,0.0,0.0,0.0,0.0,0.0,0.0,0.0,0.0,0.0,0.0,0.0,0.0,0.0,0.0,0.0,0.0,0.0,0.0,0.0,0.0,0.0,0.0,0.0,0.0,0.0,0.0,0.0,0.0,0.0,0.0,0.0,0.0,0.0,0.0,0.0,0.0,0.0,0.0,0.0,0.0,0.0,0.0,0.0,0.0,0.0,0.0,0.0,0.0,0.0,0.0,0.0,0.0,0.0,0.0,0.0,0.0,0.0,0.0,0.0,0.0,0.0,0.0,0.0,0.0,0.0,0.0,0.0
0.0,0.0,0.0,0.0,0.0,0.0,0.0,0.0,0.0,0.0,0.0,0.0,0.0,0.0,0.0,0.0,0.0,0.0,0.0,0.0,0.0,0.0,0.0,0.0,0.0,0.0,0.0,0.0,0.0,0.0,0.0,0.0,0.0,0.0,0.0,0.0,0.0,0.0,0.0,0.0,0.0,0.0,0.0,0.0,0.0,0.0,0.0,0.0,0.0,0.0,0.0,0.0,0.0,0.0,0.0,0.0,0.0,0.0,0.0,0.0,0.0,0.0,0.0,0.0,0.0,0.0,0.0,0.0,0.0,0.0,0.0,0.0,0.0,0.0,0.0,0.0,0.0,0.0,0.0,0.0,0.0,0.0,0.0,0.0,0.0
0.0,0.0,0.0,0.0,0.0,0.0,0.0,0.0,0.0,0.0,0.0,0.0,0.0,0.0,0.0,0.0,0.0,0.0,0.0,0.0,0.0,0.0,0.0,0.0,0.0,0.0,0.0,0.0,0.0,0.0,0.0,0.0,0.0,0.0,0.0,0.0,0.0,0.0,0.0,0.0,0.0,0.0,0.0,0.0,0.0,0.0,0.0,0.0,0.0,0.0,0.0,0.0,0.0,0.0,0.0,0.0,0.0,0.0,0.0,0.0,0.0,0.0,0.0,0.0,0.0,0.0,0.0,0.0,0.0,0.0,0.0,0.0,0.0,0.0,0.0,0.0,0.0,0.0,0.0,0.0,0.0,0.0,0.0,0.0,0.0
0.0,0.0,0.0,0.0,0.0,0.0,0.0,0.0,0.0,0.0,0.0,0.0,0.0,0.0,0.0,0.0,0.0,0.0,0.0,0.0,0.0,0.0,0.0,0.0,0.0,0.0,0.0,0.0,0.0,0.0,0.0,0.0,0.0,0.0,0.0,0.0,0.0,0.0,0.0,0.0,0.0,0.0,0.0,0.0,0.0,0.0,0.0,0.0,0.0,0.0,0.0,0.0,0.0,0.0,0.0,0.0,0.0,0.0,0.0,0.0,0.0,0.0,0.0,0.0,0.0,0.0,0.0,0.0,0.0,0.0,0.0,0.0,0.0,0.0,0.0,0.0,0.0,0.0,0.0,0.0,0.0,0.0,0.0,0.0,0.0
0.0,0.0,0.0,0.0,0.0,0.0,0.0,0.0,0.0,0.0,0.0,0.0,0.0,0.0,0.0,0.0,0.0,0.0,0.0,0.0,0.0,0.0,0.0,0.0,0.0,0.0,0.0,0.0,0.0,0.0,0.0,0.0,0.0,0.0,0.0,0.0,0.0,0.0,0.0,0.0,0.0,0.0,0.0,0.0,0.0,0.0,0.0,0.0,0.0,0.0,0.0,0.0,0.0,0.0,0.0,0.0,0.0,0.0,0.0,0.0,0.0,0.0,0.0,0.0,0.0,0.0,0.0,0.0,0.0,0.0,0.0,0.0,0.0,0.0,0.0,0.0,0.0,0.0,0.0,0.0,0.0,0.0,0.0,0.0,0.0
0.0,0.0,0.0,0.0,0.0,0.0,0.0,0.0,0.0,0.0,0.0,0.0,0.0,0.0,0.0,0.0,0.0,0.0,0.0,0.0,0.0,0.0,0.0,0.0,0.0,0.0,0.0,0.0,0.0,0.0,0.0,0.0,0.0,0.0,0.0,0.0,0.0,0.0,0.0,0.0,0.0,0.0,0.0,0.0,0.0,0.0,0.0,0.0,0.0,0.0,0.0,0.0,0.0,0.0,0.0,0.0,0.0,0.0,0.0,0.0,0.0,0.0,0.0,0.0,0.0,0.0,0.0,0.0,0.0,0.0,0.0,0.0,0.0,0.0,0.0,0.0,0.0,0.0,0.0,0.0,0.0,0.0,0.0,0.0,0.0
0.0,0.0,0.0,0.0,0.0,0.0,0.0,0.0,0.0,0.0,0.0,0.0,0.0,0.0,0.0,0.0,0.0,0.0,0.0,0.0,0.0,0.0,0.0,0.0,0.0,0.0,0.0,0.0,0.0,0.0,0.0,0.0,0.0,0.0,0.0,0.0,0.0,0.0,0.0,0.0,0.0,0.0,0.0,0.0,0.0,0.0,0.0,0.0,0.0,0.0,0.0,0.0,0.0,0.0,0.0,0.0,0.0,0.0,0.0,0.0,0.0,0.0,0.0,0.0,0.0,0.0,0.0,0.0,0.0,0.0,0.0,0.0,0.0,0.0,0.0,0.0,0.0,0.0,0.0,0.0,0.0,0.0,0.0,0.0,0.0
0.0,0.0,0.0,0.0,0.0,0.0,0.0,0.0,0.0,0.0,0.0,0.0,0.0,0.0,0.0,0.0,0.0,0.0,0.0,0.0,0.0,0.0,0.0,0.0,0.0,0.0,0.0,0.0,0.0,0.0,0.0,0.0,0.0,0.0,0.0,0.0,0.0,0.0,0.0,0.0,0.0,0.0,0.0,0.0,0.0,0.0,0.0,0.0,0.0,0.0,0.0,0.0,0.0,0.0,0.0,0.0,0.0,0.0,0.0,0.0,0.0,0.0,0.0,0.0,0.0,0.0,0.0,0.0,0.0,0.0,0.0,0.0,0.0,0.0,0.0,0.0,0.0,0.0,0.0,0.0,0.0,0.0,0.0,0.0,0.0
0.0,0.0,0.0,0.0,0.0,0.0,0.0,0.0,0.0,0.0,0.0,0.0,0.0,0.0,0.0,0.0,0.0,0.0,0.0,0.0,0.0,0.0,0.0,0.0,0.0,0.0,0.0,0.0,0.0,0.0,0.0,0.0,0.0,0.0,0.0,0.0,0.0,0.0,0.0,0.0,0.0,0.0,0.0,0.0,0.0,0.0,0.0,0.0,0.0,0.0,0.0,0.0,0.0,0.0,0.0,0.0,0.0,0.0,0.0,0.0,0.0,0.0,0.0,0.0,0.0,0.0,0.0,0.0,0.0,0.0,0.0,0.0,0.0,0.0,0.0,0.0,0.0,0.0,0.0,0.0,0.0,0.0,0.0,0.0,0.0
0.0,0.0,0.0,0.0,0.0,0.0,0.0,0.0,0.0,0.0,0.0,0.0,0.0,0.0,0.0,0.0,0.0,0.0,0.0,0.0,0.0,0.0,0.0,0.0,0.0,0.0,0.0,0.0,0.0,0.0,0.0,0.0,0.0,0.0,0.0,0.0,0.0,0.0,0.0,0.0,0.0,0.0,0.0,0.0,0.0,0.0,0.0,0.0,0.0,0.0,0.0,0.0,0.0,0.0,0.0,0.0,0.0,0.0,0.0,0.0,0.0,0.0,0.0,0.0,0.0,0.0,0.0,0.0,0.0,0.0,0.0,0.0,0.0,0.0,0.0,0.0,0.0,0.0,0.0,0.0,0.0,0.0,0.0,0.0,0.0
0.0,0.0,0.0,0.0,0.0,0.0,0.0,0.0,0.0,0.0,0.0,0.0,0.0,0.0,0.0,0.0,0.0,0.0,0.0,0.0,0.0,0.0,0.0,0.0,0.0,0.0,0.0,0.0,0.0,0.0,0.0,0.0,0.0,0.0,0.0,0.0,0.0,0.0,0.0,0.0,0.0,0.0,0.0,0.0,0.0,0.0,0.0,0.0,0.0,0.0,0.0,0.0,0.0,0.0,0.0,0.0,0.0,0.0,0.0,0.0,0.0,0.0,0.0,0.0,0.0,0.0,0.0,0.0,0.0,0.0,0.0,0.0,0.0,0.0,0.0,0.0,0.0,0.0,0.0,0.0,0.0,0.0,0.0,0.0,0.0
0.0,0.0,0.0,0.0,0.0,0.0,0.0,0.0,0.0,0.0,0.0,0.0,0.0,0.0,0.0,0.0,0.0,0.0,0.0,0.0,0.0,0.0,0.0,0.0,0.0,0.0,0.0,0.0,0.0,0.0,0.0,0.0,0.0,0.0,0.0,0.0,0.0,0.0,0.0,0.0,0.0,0.0,0.0,0.0,0.0,0.0,0.0,0.0,0.0,0.0,0.0,0.0,0.0,0.0,0.0,0.0,0.0,0.0,0.0,0.0,0.0,0.0,0.0,0.0,0.0,0.0,0.0,0.0,0.0,0.0,0.0,0.0,0.0,0.0,0.0,0.0,0.0,0.0,0.0,0.0,0.0,0.0,0.0,0.0,0.0
0.0,0.0,0.0,0.0,0.0,0.0,0.0,0.0,0.0,0.0,0.0,0.0,0.0,0.0,0.0,0.0,0.0,0.0,0.0,0.0,0.0,0.0,0.0,0.0,0.0,0.0,0.0,0.0,0.0,0.0,0.0,0.0,0.0,0.0,0.0,0.0,0.0,0.0,0.0,0.0,0.0,0.0,0.0,0.0,0.0,0.0,0.0,0.0,0.0,0.0,0.0,0.0,0.0,0.0,0.0,0.0,0.0,0.0,0.0,0.0,0.0,0.0,0.0,0.0,0.0,0.0,0.0,0.0,0.0,0.0,0.0,0.0,0.0,0.0,0.0,0.0,0.0,0.0,0.0,0.0,0.0,0.0,0.0,0.0,0.0
0.0,0.0,0.0,0.0,0.0,0.0,0.0,0.0,0.0,0.0,0.0,0.0,0.0,0.0,0.0,0.0,0.0,0.0,0.0,0.0,0.0,0.0,0.0,0.0,0.0,0.0,0.0,0.0,0.0,0.0,0.0,0.0,0.0,0.0,0.0,0.0,0.0,0.0,0.0,0.0,0.0,0.0,0.0,0.0,0.0,0.0,0.0,0.0,0.0,0.0,0.0,0.0,0.0,0.0,0.0,0.0,0.0,0.0,0.0,0.0,0.0,0.0,0.0,0.0,0.0,0.0,0.0,0.0,0.0,0.0,0.0,0.0,0.0,0.0,0.0,0.0,0.0,0.0,0.0,0.0,0.0,0.0,0.0,0.0,0.0
0.0,0.0,0.0,0.0,0.0,0.0,0.0,0.0,0.0,0.0,0.0,0.0,0.0,0.0,0.0,0.0,0.0,0.0,0.0,0.0,0.0,0.0,0.0,0.0,0.0,0.0,0.0,0.0,0.0,0.0,0.0,0.0,0.0,0.0,0.0,0.0,0.0,0.0,0.0,0.0,0.0,0.0,0.0,0.0,0.0,0.0,0.0,0.0,0.0,0.0,0.0,0.0,0.0,0.0,0.0,0.0,0.0,0.0,0.0,0.0,0.0,0.0,0.0,0.0,0.0,0.0,0.0,0.0,0.0,0.0,0.0,0.0,0.0,0.0,0.0,0.0,0.0,0.0,0.0,0.0,0.0,0.0,0.0,0.0,0.0
0.0,0.0,0.0,0.0,0.0,0.0,0.0,0.0,0.0,0.0,0.0,0.0,0.0,0.0,0.0,0.0,0.0,0.0,0.0,0.0,0.0,0.0,0.0,0.0,0.0,0.0,0.0,0.0,0.0,0.0,0.0,0.0,0.0,0.0,0.0,0.0,0.0,0.0,0.0,0.0,0.0,0.0,0.0,0.0,0.0,0.0,0.0,0.0,0.0,0.0,0.0,0.0,0.0,0.0,0.0,0.0,0.0,0.0,0.0,0.0,0.0,0.0,0.0,0.0,0.0,0.0,0.0,0.0,0.0,0.0,0.0,0.0,0.0,0.0,0.0,0.0,0.0,0.0,0.0,0.0,0.0,0.0,0.0,0.0,0.0
0.0,0.0,0.0,0.0,0.0,0.0,0.0,0.0,0.0,0.0,0.0,0.0,0.0,0.0,0.0,0.0,0.0,0.0,0.0,0.0,0.0,0.0,0.0,0.0,0.0,0.0,0.0,0.0,0.0,0.0,0.0,0.0,0.0,0.0,0.0,0.0,0.0,0.0,0.0,0.0,0.0,0.0,0.0,0.0,0.0,0.0,0.0,0.0,0.0,0.0,0.0,0.0,0.0,0.0,0.0,0.0,0.0,0.0,0.0,0.0,0.0,0.0,0.0,0.0,0.0,0.0,0.0,0.0,0.0,0.0,0.0,0.0,0.0,0.0,0.0,0.0,0.0,0.0,0.0,0.0,0.0,0.0,0.0,0.0,0.0
0.0,0.0,0.0,0.0,0.0,0.0,0.0,0.0,0.0,0.0,0.0,0.0,0.0,0.0,0.0,0.0,0.0,0.0,0.0,0.0,0.0,0.0,0.0,0.0,0.0,0.0,0.0,0.0,0.0,0.0,0.0,0.0,0.0,0.0,0.0,0.0,0.0,0.0,0.0,0.0,0.0,0.0,0.0,0.0,0.0,0.0,0.0,0.0,0.0,0.0,0.0,0.0,0.0,0.0,0.0,0.0,0.0,0.0,0.0,0.0,0.0,0.0,0.0,0.0,0.0,0.0,0.0,0.0,0.0,0.0,0.0,0.0,0.0,0.0,0.0,0.0,0.0,0.0,0.0,0.0,0.0,0.0,0.0,0.0,0.0
0.0,0.0,0.0,0.0,0.0,0.0,0.0,0.0,0.0,0.0,0.0,0.0,0.0,0.0,0.0,0.0,0.0,0.0,0.0,0.0,0.0,0.0,0.0,0.0,0.0,0.0,0.0,0.0,0.0,0.0,0.0,0.0,0.0,0.0,0.0,0.0,0.0,0.0,0.0,0.0,0.0,0.0,0.0,0.0,0.0,0.0,0.0,0.0,0.0,0.0,0.0,0.0,0.0,0.0,0.0,0.0,0.0,0.0,0.0,0.0,0.0,0.0,0.0,0.0,0.0,0.0,0.0,0.0,0.0,0.0,0.0,0.0,0.0,0.0,0.0,0.0,0.0,0.0,0.0,0.0,0.0,0.0,0.0,0.0,0.0
0.0,0.0,0.0,0.0,0.0,0.0,0.0,0.0,0.0,0.0,0.0,0.0,0.0,0.0,0.0,0.0,0.0,0.0,0.0,0.0,0.0,0.0,0.0,0.0,0.0,0.0,0.0,0.0,0.0,0.0,0.0,0.0,0.0,0.0,0.0,0.0,0.0,0.0,0.0,0.0,0.0,0.0,0.0,0.0,0.0,0.0,0.0,0.0,0.0,0.0,0.0,0.0,0.0,0.0,0.0,0.0,0.0,0.0,0.0,0.0,0.0,0.0,0.0,0.0,0.0,0.0,0.0,0.0,0.0,0.0,0.0,0.0,0.0,0.0,0.0,0.0,0.0,0.0,0.0,0.0,0.0,0.0,0.0,0.0,0.0
0.0,0.0,0.0,0.0,0.0,0.0,0.0,0.0,0.0,0.0,0.0,0.0,0.0,0.0,0.0,0.0,0.0,0.0,0.0,0.0,0.0,0.0,0.0,0.0,0.0,0.0,0.0,0.0,0.0,0.0,0.0,0.0,0.0,0.0,0.0,0.0,0.0,0.0,0.0,0.0,0.0,0.0,0.0,0.0,0.0,0.0,0.0,0.0,0.0,0.0,0.0,0.0,0.0,0.0,0.0,0.0,0.0,0.0,0.0,0.0,0.0,0.0,0.0,0.0,0.0,0.0,0.0,0.0,0.0,0.0,0.0,0.0,0.0,0.0,0.0,0.0,0.0,0.0,0.0,0.0,0.0,0.0,0.0,0.0,0.0
0.0,0.0,0.0,0.0,0.0,0.0,0.0,0.0,0.0,0.0,0.0,0.0,0.0,0.0,0.0,0.0,0.0,0.0,0.0,0.0,0.0,0.0,0.0,0.0,0.0,0.0,0.0,0.0,0.0,0.0,0.0,0.0,0.0,0.0,0.0,0.0,0.0,0.0,0.0,0.0,0.0,0.0,0.0,0.0,0.0,0.0,0.0,0.0,0.0,0.0,0.0,0.0,0.0,0.0,0.0,0.0,0.0,0.0,0.0,0.0,0.0,0.0,0.0,0.0,0.0,0.0,0.0,0.0,0.0,0.0,0.0,0.0,0.0,0.0,0.0,0.0,0.0,0.0,0.0,0.0,0.0,0.0,0.0,0.0,0.0
0.0,0.0,0.0,0.0,0.0,0.0,0.0,0.0,0.0,0.0,0.0,0.0,0.0,0.0,0.0,0.0,0.0,0.0,0.0,0.0,0.0,0.0,0.0,0.0,0.0,0.0,0.0,0.0,0.0,0.0,0.0,0.0,0.0,0.0,0.0,0.0,0.0,0.0,0.0,0.0,0.0,0.0,0.0,0.0,0.0,0.0,0.0,0.0,0.0,0.0,0.0,0.0,0.0,0.0,0.0,0.0,0.0,0.0,0.0,0.0,0.0,0.0,0.0,0.0,0.0,0.0,0.0,0.0,0.0,0.0,0.0,0.0,0.0,0.0,0.0,0.0,0.0,0.0,0.0,0.0,0.0,0.0,0.0,0.0,0.0
0.0,0.0,0.0,0.0,0.0,0.0,0.0,0.0,0.0,0.0,0.0,0.0,0.0,0.0,0.0,0.0,0.0,0.0,0.0,0.0,0.0,0.0,0.0,0.0,0.0,0.0,0.0,0.0,0.0,0.0,0.0,0.0,0.0,0.0,0.0,0.0,0.0,0.0,0.0,0.0,0.0,0.0,0.0,0.0,0.0,0.0,0.0,0.0,0.0,0.0,0.0,0.0,0.0,0.0,0.0,0.0,0.0,0.0,0.0,0.0,0.0,0.0,0.0,0.0,0.0,0.0,0.0,0.0,0.0,0.0,0.0,0.0,0.0,0.0,0.0,0.0,0.0,0.0,0.0,0.0,0.0,0.0,0.0,0.0,0.0
0.0,0.0,0.0,0.0,0.0,0.0,0.0,0.0,0.0,0.0,0.0,0.0,0.0,0.0,0.0,0.0,0.0,0.0,0.0,0.0,0.0,0.0,0.0,0.0,0.0,0.0,0.0,0.0,0.0,0.0,0.0,0.0,0.0,0.0,0.0,0.0,0.0,0.0,0.0,0.0,0.0,0.0,0.0,0.0,0.0,0.0,0.0,0.0,0.0,0.0,0.0,0.0,0.0,0.0,0.0,0.0,0.0,0.0,0.0,0.0,0.0,0.0,0.0,0.0,0.0,0.0,0.0,0.0,0.0,0.0,0.0,0.0,0.0,0.0,0.0,0.0,0.0,0.0,0.0,0.0,0.0,0.0,0.0,0.0,0.0
0.0,0.0,0.0,0.0,0.0,0.0,0.0,0.0,0.0,0.0,0.0,0.0,0.0,0.0,0.0,0.0,0.0,0.0,0.0,0.0,0.0,0.0,0.0,0.0,0.0,0.0,0.0,0.0,0.0,0.0,0.0,0.0,0.0,0.0,0.0,0.0,0.0,0.0,0.0,0.0,0.0,0.0,0.0,0.0,0.0,0.0,0.0,0.0,0.0,0.0,0.0,0.0,0.0,0.0,0.0,0.0,0.0,0.0,0.0,0.0,0.0,0.0,0.0,0.0,0.0,0.0,0.0,0.0,0.0,0.0,0.0,0.0,0.0,0.0,0.0,0.0,0.0,0.0,0.0,0.0,0.0,0.0,0.0,0.0,0.0
0.0,0.0,0.0,0.0,0.0,0.0,0.0,0.0,0.0,0.0,0.0,0.0,0.0,0.0,0.0,0.0,0.0,0.0,0.0,0.0,0.0,0.0,0.0,0.0,0.0,0.0,0.0,0.0,0.0,0.0,0.0,0.0,0.0,0.0,0.0,0.0,0.0,0.0,0.0,0.0,0.0,0.0,0.0,0.0,0.0,0.0,0.0,0.0,0.0,0.0,0.0,0.0,0.0,0.0,0.0,0.0,0.0,0.0,0.0,0.0,0.0,0.0,0.0,0.0,0.0,0.0,0.0,0.0,0.0,0.0,0.0,0.0,0.0,0.0,0.0,0.0,0.0,0.0,0.0,0.0,0.0,0.0,0.0,0.0,0.0
0.0,0.0,0.0,0.0,0.0,0.0,0.0,0.0,0.0,0.0,0.0,0.0,0.0,0.0,0.0,0.0,0.0,0.0,0.0,0.0,0.0,0.0,0.0,0.0,0.0,0.0,0.0,0.0,0.0,0.0,0.0,0.0,0.0,0.0,0.0,0.0,0.0,0.0,0.0,0.0,0.0,0.0,0.0,0.0,0.0,0.0,0.0,0.0,0.0,0.0,0.0,0.0,0.0,0.0,0.0,0.0,0.0,0.0,0.0,0.0,0.0,0.0,0.0,0.0,0.0,0.0,0.0,0.0,0.0,0.0,0.0,0.0,0.0,0.0,0.0,0.0,0.0,0.0,0.0,0.0,0.0,0.0,0.0,0.0,0.0
0.0,0.0,0.0,0.0,0.0,0.0,0.0,0.0,0.0,0.0,0.0,0.0,0.0,0.0,0.0,0.0,0.0,0.0,0.0,0.0,0.0,0.0,0.0,0.0,0.0,0.0,0.0,0.0,0.0,0.0,0.0,0.0,0.0,0.0,0.0,0.0,0.0,0.0,0.0,0.0,0.0,0.0,0.0,0.0,0.0,0.0,0.0,0.0,0.0,0.0,0.0,0.0,0.0,0.0,0.0,0.0,0.0,0.0,0.0,0.0,0.0,0.0,0.0,0.0,0.0,0.0,0.0,0.0,0.0,0.0,0.0,0.0,0.0,0.0,0.0,0.0,0.0,0.0,0.0,0.0,0.0,0.0,0.0,0.0,0.0
0.0,0.0,0.0,0.0,0.0,0.0,0.0,0.0,0.0,0.0,0.0,0.0,0.0,0.0,0.0,0.0,0.0,0.0,0.0,0.0,0.0,0.0,0.0,0.0,0.0,0.0,0.0,0.0,0.0,0.0,0.0,0.0,0.0,0.0,0.0,0.0,0.0,0.0,0.0,0.0,0.0,0.0,0.0,0.0,0.0,0.0,0.0,0.0,0.0,0.0,0.0,0.0,0.0,0.0,0.0,0.0,0.0,0.0,0.0,0.0,0.0,0.0,0.0,0.0,0.0,0.0,0.0,0.0,0.0,0.0,0.0,0.0,0.0,0.0,0.0,0.0,0.0,0.0,0.0,0.0,0.0,0.0,0.0,0.0,0.0
0.0,0.0,0.0,0.0,0.0,0.0,0.0,0.0,0.0,0.0,0.0,0.0,0.0,0.0,0.0,0.0,0.0,0.0,0.0,0.0,0.0,0.0,0.0,0.0,0.0,0.0,0.0,0.0,0.0,0.0,0.0,0.0,0.0,0.0,0.0,0.0,0.0,0.0,0.0,0.0,0.0,0.0,0.0,0.0,0.0,0.0,0.0,0.0,0.0,0.0,0.0,0.0,0.0,0.0,0.0,0.0,0.0,0.0,0.0,0.0,0.0,0.0,0.0,0.0,0.0,0.0,0.0,0.0,0.0,0.0,0.0,0.0,0.0,0.0,0.0,0.0,0.0,0.0,0.0,0.0,0.0,0.0,0.0,0.0,0.0
0.0,0.0,0.0,0.0,0.0,0.0,0.0,0.0,0.0,0.0,0.0,0.0,0.0,0.0,0.0,0.0,0.0,0.0,0.0,0.0,0.0,0.0,0.0,0.0,0.0,0.0,0.0,0.0,0.0,0.0,0.0,0.0,0.0,0.0,0.0,0.0,0.0,0.0,0.0,0.0,0.0,0.0,0.0,0.0,0.0,0.0,0.0,0.0,0.0,0.0,0.0,0.0,0.0,0.0,0.0,0.0,0.0,0.0,0.0,0.0,0.0,0.0,0.0,0.0,0.0,0.0,0.0,0.0,0.0,0.0,0.0,0.0,0.0,0.0,0.0,0.0,0.0,0.0,0.0,0.0,0.0,0.0,0.0,0.0,0.0
0.0,0.0,0.0,0.0,0.0,0.0,0.0,0.0,0.0,0.0,0.0,0.0,0.0,0.0,0.0,0.0,0.0,0.0,0.0,0.0,0.0,0.0,0.0,0.0,0.0,0.0,0.0,0.0,0.0,0.0,0.0,0.0,0.0,0.0,0.0,0.0,0.0,0.0,0.0,0.0,0.0,0.0,0.0,0.0,0.0,0.0,0.0,0.0,0.0,0.0,0.0,0.0,0.0,0.0,0.0,0.0,0.0,0.0,0.0,0.0,0.0,0.0,0.0,0.0,0.0,0.0,0.0,0.0,0.0,0.0,0.0,0.0,0.0,0.0,0.0,0.0,0.0,0.0,0.0,0.0,0.0,0.0,0.0,0.0,0.0
0.0,0.0,0.0,0.0,0.0,0.0,0.0,0.0,0.0,0.0,0.0,0.0,0.0,0.0,0.0,0.0,0.0,0.0,0.0,0.0,0.0,0.0,0.0,0.0,0.0,0.0,0.0,0.0,0.0,0.0,0.0,0.0,0.0,0.0,0.0,0.0,0.0,0.0,0.0,0.0,0.0,0.0,0.0,0.0,0.0,0.0,0.0,0.0,0.0,0.0,0.0,0.0,0.0,0.0,0.0,0.0,0.0,0.0,0.0,0.0,0.0,0.0,0.0,0.0,0.0,0.0,0.0,0.0,0.0,0.0,0.0,0.0,0.0,0.0,0.0,0.0,0.0,0.0,0.0,0.0,0.0,0.0,0.0,0.0,0.0
0.0,0.0,0.0,0.0,0.0,0.0,0.0,0.0,0.0,0.0,0.0,0.0,0.0,0.0,0.0,0.0,0.0,0.0,0.0,0.0,0.0,0.0,0.0,0.0,0.0,0.0,0.0,0.0,0.0,0.0,0.0,0.0,0.0,0.0,0.0,0.0,0.0,0.0,0.0,0.0,0.0,0.0,0.0,0.0,0.0,0.0,0.0,0.0,0.0,0.0,0.0,0.0,0.0,0.0,0.0,0.0,0.0,0.0,0.0,0.0,0.0,0.0,0.0,0.0,0.0,0.0,0.0,0.0,0.0,0.0,0.0,0.0,0.0,0.0,0.0,0.0,0.0,0.0,0.0,0.0,0.0,0.0,0.0,0.0,0.0
0.0,0.0,0.0,0.0,0.0,0.0,0.0,0.0,0.0,0.0,0.0,0.0,0.0,0.0,0.0,0.0,0.0,0.0,0.0,0.0,0.0,0.0,0.0,0.0,0.0,0.0,0.0,0.0,0.0,0.0,0.0,0.0,0.0,0.0,0.0,0.0,0.0,0.0,0.0,0.0,0.0,0.0,0.0,0.0,0.0,0.0,0.0,0.0,0.0,0.0,0.0,0.0,0.0,0.0,0.0,0.0,0.0,0.0,0.0,0.0,0.0,0.0,0.0,0.0,0.0,0.0,0.0,0.0,0.0,0.0,0.0,0.0,0.0,0.0,0.0,0.0,0.0,0.0,0.0,0.0,0.0,0.0,0.0,0.0,0.0
0.0,0.0,0.0,0.0,0.0,0.0,0.0,0.0,0.0,0.0,0.0,0.0,0.0,0.0,0.0,0.0,0.0,0.0,0.0,0.0,0.0,0.0,0.0,0.0,0.0,0.0,0.0,0.0,0.0,0.0,0.0,0.0,0.0,0.0,0.0,0.0,0.0,0.0,0.0,0.0,0.0,0.0,0.0,0.0,0.0,0.0,0.0,0.0,0.0,0.0,0.0,0.0,0.0,0.0,0.0,0.0,0.0,0.0,0.0,0.0,0.0,0.0,0.0,0.0,0.0,0.0,0.0,0.0,0.0,0.0,0.0,0.0,0.0,0.0,0.0,0.0,0.0,0.0,0.0,0.0,0.0,0.0,0.0,0.0,0.0
0.0,0.0,0.0,0.0,0.0,0.0,0.0,0.0,0.0,0.0,0.0,0.0,0.0,0.0,0.0,0.0,0.0,0.0,0.0,0.0,0.0,0.0,0.0,0.0,0.0,0.0,0.0,0.0,0.0,0.0,0.0,0.0,0.0,0.0,0.0,0.0,0.0,0.0,0.0,0.0,0.0,0.0,0.0,0.0,0.0,0.0,0.0,0.0,0.0,0.0,0.0,0.0,0.0,0.0,0.0,0.0,0.0,0.0,0.0,0.0,0.0,0.0,0.0,0.0,0.0,0.0,0.0,0.0,0.0,0.0,0.0,0.0,0.0,0.0,0.0,0.0,0.0,0.0,0.0,0.0,0.0,0.0,0.0,0.0,0.0
0.0,0.0,0.0,0.0,0.0,0.0,0.0,0.0,0.0,0.0,0.0,0.0,0.0,0.0,0.0,0.0,0.0,0.0,0.0,0.0,0.0,0.0,0.0,0.0,0.0,0.0,0.0,0.0,0.0,0.0,0.0,0.0,0.0,0.0,0.0,0.0,0.0,0.0,0.0,0.0,0.0,0.0,0.0,0.0,0.0,0.0,0.0,0.0,0.0,0.0,0.0,0.0,0.0,0.0,0.0,0.0,0.0,0.0,0.0,0.0,0.0,0.0,0.0,0.0,0.0,0.0,0.0,0.0,0.0,0.0,0.0,0.0,0.0,0.0,0.0,0.0,0.0,0.0,0.0,0.0,0.0,0.0,0.0,0.0,0.0
0.0,0.0,0.0,0.0,0.0,0.0,0.0,0.0,0.0,0.0,0.0,0.0,0.0,0.0,0.0,0.0,0.0,0.0,0.0,0.0,0.0,0.0,0.0,0.0,0.0,0.0,0.0,0.0,0.0,0.0,0.0,0.0,0.0,0.0,0.0,0.0,0.0,0.0,0.0,0.0,0.0,0.0,0.0,0.0,0.0,0.0,0.0,0.0,0.0,0.0,0.0,0.0,0.0,0.0,0.0,0.0,0.0,0.0,0.0,0.0,0.0,0.0,0.0,0.0,0.0,0.0,0.0,0.0,0.0,0.0,0.0,0.0,0.0,0.0,0.0,0.0,0.0,0.0,0.0,0.0,0.0,0.0,0.0,0.0,0.0
0.0,0.0,0.0,0.0,0.0,0.0,0.0,0.0,0.0,0.0,0.0,0.0,0.0,0.0,0.0,0.0,0.0,0.0,0.0,0.0,0.0,0.0,0.0,0.0,0.0,0.0,0.0,0.0,0.0,0.0,0.0,0.0,0.0,0.0,0.0,0.0,0.0,0.0,0.0,0.0,0.0,0.0,0.0,0.0,0.0,0.0,0.0,0.0,0.0,0.0,0.0,0.0,0.0,0.0,0.0,0.0,0.0,0.0,0.0,0.0,0.0,0.0,0.0,0.0,0.0,0.0,0.0,0.0,0.0,0.0,0.0,0.0,0.0,0.0,0.0,0.0,0.0,0.0,0.0,0.0,0.0,0.0,0.0,0.0,0.0
0.0,0.0,0.0,0.0,0.0,0.0,0.0,0.0,0.0,0.0,0.0,0.0,0.0,0.0,0.0,0.0,0.0,0.0,0.0,0.0,0.0,0.0,0.0,0.0,0.0,0.0,0.0,0.0,0.0,0.0,0.0,0.0,0.0,0.0,0.0,0.0,0.0,0.0,0.0,0.0,0.0,0.0,0.0,0.0,0.0,0.0,0.0,0.0,0.0,0.0,0.0,0.0,0.0,0.0,0.0,0.0,0.0,0.0,0.0,0.0,0.0,0.0,0.0,0.0,0.0,0.0,0.0,0.0,0.0,0.0,0.0,0.0,0.0,0.0,0.0,0.0,0.0,0.0,0.0,0.0,0.0,0.0,0.0,0.0,0.0
20230830.0,2.023083011215816e+16,2.598,2.597,2.596,2.595,2.594,792600.0,3381700.0,5203400.0,3320300.0,1109200.0,2.345,2.617,2.599,2.596,-2120100.0,-6848800.0,-8700700.0,-5087300.0,-2103300.0,2.599,2.6,2.601,2.602,2.603,1327500.0,3467100.0,3497300.0,1767000.0,994100.0,2.61,2.606,-0.0069999999999996,0.0,986874980.0,378492771.0,2.867,1327500.0,3467100.0,3497300.0,1767000.0,994100.0,0.0,117188.23529410362,986874980.0,-0.0009999999999998,-792600.0,-3381700.0,-5203400.0,-3320300.0,-1109200.0,0.0019999999999997,0.0009999999999998,2.599,2.0,2.0,6.75480111764706,2.430116760604501e+18,1.0,1.0,2.6,0.0,289200.0,-0.0002790347316582,2.598,2.5985,1122.0,2.599,0.000384837406196,0.0011545122185876,-11003.39043731615,510050.0,11053000.0,13807200.0,-2754200.0,24860200.0,0.0990123763483726,0.1142131700398446,378492771.0,2754200.0,2.607381317726673,2.5983738502900806,2.600785859042794,2.595958586824266
20230830.0,2.0230830112258148e+16,2.599,2.598,2.597,2.596,2.595,1064700.0,4404300.0,4121800.0,2989400.0,2373200.0,2.345,2.617,2.6,2.596,1071700.0,7529700.0,7979800.0,5932400.0,3450500.0,2.6,2.601,2.602,2.603,2.604,7000.0,3125400.0,3858000.0,2943000.0,1077300.0,2.61,2.606,-0.005999999999999783,0.0009999999999998899,987689247.0,378805971.0,2.867,-7000.0,-3125400.0,-3858000.0,-2943000.0,-1077300.0,0.00044444444444424747,133844.44444441795,814267.0,-0.0009999999999998899,1064700.0,4404300.0,4121800.0,2989400.0,2373200.0,0.002000000000000224,0.001000000000000334,2.6,1.0,0.0,6.757111666666669,2.580449819327908e+18,8.0,10.0,2.6,0.0009999999999998899,297550.0,0.0006231256794361206,2.599,2.5995,1123.0,2.599,0.00038468936333906133,0.0011540680900173547,14567156.576921472,510050,11010700.0,14953400.0,-3942700.0,25964100.0,0.10792320276007014,0.09339968554927121,313200.0,3942700.0,2.599830779054917,2.5999934683213586,2.602177845186955,2.5969196102558616
20230830.0,2.023083011235815e+16,2.599,2.598,2.597,2.596,2.595,1092900.0,4193200.0,3866400.0,3127400.0,2550200.0,2.345,2.617,2.6,2.596,-52300.0,717800.0,-1367400.0,157100.0,159900.0,2.6,2.601,2.602,2.603,2.604,87500.0,2196500.0,4970000.0,2923900.0,1094400.0,2.61,2.606,-0.005999999999999783,0.0,988109138.0,378967471.0,2.867,80500.0,-928900.0,1112000.0,-19100.0,17100.0,0.0008571428571428896,20114.285714268684,419891.0,-0.0009999999999998899,28200.0,-211100.0,-255400.0,138000.0,177000.0,0.002000000000000224,0.001000000000000334,2.6,3.0,3.0,6.759257666666668,3.014059253923036e+18,14.0,7.0,2.601,0.0009999999999998899,37200.0,-2.5998763198753494e-05,2.599,2.5995,1124.0,2.599,0.00038468936333906133,0.0011540680900173547,14547752.101888623,510050,11272300.0,14830100.0,-3557800.0,26102400.0,0.09407480523289427,0.08381734564811517,161500.0,3557800.0,2.5999442724458204,2.599925872585564,2.6022431801850554,2.5968753346235025
20230830.0,2.023083011245819e+16,2.6,2.599,2.598,2.597,2.596,95500.0,3123700.0,4228900.0,2310800.0,2923500.0,2.345,2.617,2.6,2.596,2331500.0,7595600.0,7078900.0,3650700.0,3880000.0,2.601,2.602,2.603,2.604,2.605,2236000.0,4471900.0,2850000.0,1339900.0,956500.0,2.61,2.606,-0.005999999999999783,0.0,989780936.0,379610471.0,2.867,-2236000.0,-4471900.0,-2850000.0,-1339900.0,-956500.0,4.761904761885205e-05,268609.5238095522,1671798.0,-0.0009999999999998899,95500.0,3123700.0,4228900.0,2310800.0,2923500.0,0.0019999999999997797,0.0009999999999998899,2.6,1.0,1.0,6.759752428571429,3.0209219355166577e+18,20.0,1.0,2.6,0.0,559400.0,4.4264962843820754e-05,2.599,2.6005000000000003,1125.0,2.6,0.0003845414343395077,0.001153624303018523,-2325.4368692077696,510050,11854300.0,12682400.0,-828100.0,24536700.0,0.08255229652069326,0.07146654038079801,643000.0,828100.0,2.599996889580093,2.6000409607548787,2.60251992104131,2.5976181243297796
20230830.0,2.0230830112558204e+16,2.601,2.6,2.599,2.598,2.597,227100.0,3908500.0,4812400.0,1128900.0,1262100.0,2.345,2.617,2.601,2.596,1141700.0,6757900.0,8836400.0,4344600.0,2550100.0,2.602,2.603,2.604,2.605,2.606,914600.0,2849400.0,4024000.0,3215700.0,1288000.0,2.61,2.606,-0.004999999999999893,0.0009999999999998899,990825206.0,380011971.0,2.867,-914600.0,-2849400.0,-4024000.0,-3215700.0,-1288000.0,0.00022727272727296466,63650.0,1044270.0,-0.001000000000000334,227100.0,3908500.0,4812400.0,1128900.0,1262100.0,0.002000000000000224,0.0009999999999998899,2.601,2.0,2.0,6.764018954545454,3.171733908877515e+18,17.0,5.0,2.601,0.0,129100.0,0.0004452604350047018,2.6,2.6014999999999997,1126.0,2.601,0.0003843936190658812,0.0011531808571978142,-10281.803477950394,510050,12291700.0,11339000.0,952700.0,23630700.0,0.07978332472708019,0.0672324675456448,401500.0,952700.0,2.6009215442092155,2.601198913900324,2.604090557042557,2.599062580474469
20230830.0,2.0230830112658144e+16,2.6,2.599,2.598,2.597,2.596,2390100.0,4596200.0,1982500.0,1528300.0,2713900.0,2.345,2.617,2.6,2.596,-2457300.0,-7588200.0,-6295000.0,-4640300.0,-4112100.0,2.601,2.602,2.603,2.604,2.605,67200.0,2992000.0,4312500.0,3112000.0,1398200.0,2.61,2.606,-0.005999999999999783,-0.0009999999999998899,991533509.0,380284271.0,2.867,67200.0,2992000.0,4312500.0,3112000.0,1398200.0,0.0002999999999993008,103850.0,708303.0,-0.0009999999999998899,-2390100.0,-4596200.0,-1982500.0,-1528300.0,-2713900.0,0.0019999999999997797,0.0009999999999998899,2.6,4.0,5.0,6.766762,2.890116566635398e+18,7.0,13.0,2.602,0.0009999999999998899,196450.0,-8.698713059673846e-05,2.6,2.6005000000000003,1127.0,2.601,0.0003845414343395077,0.001153624303018523,-14652900.75453231,510050,11881900.0,13211000.0,-1329100.0,25092900.0,0.0734475241174654,0.04962914519650371,272300.0,1329100.0,2.6011861917003305,2.6009726529117323,2.6032341376379198,2.5981832033911134
20230830.0,2.02308301127582e+16,2.6,2.599,2.598,2.597,2.596,682700.0,3276600.0,3531900.0,2288700.0,3014400.0,2.345,2.617,2.601,2.596,-3550600.0,-2202300.0,2116400.0,2700400.0,683500.0,2.601,2.602,2.603,2.604,2.605,1910400.0,3874700.0,3745500.0,1172000.0,1015200.0,2.61,2.606,-0.004999999999999893,0.0009999999999998899,992242513.0,380556871.0,2.867,1843200.0,882700.0,-567000.0,-1940000.0,-383000.0,0.0001499999999996504,72965.0,709004.0,-0.0009999999999998899,-1707400.0,-1319600.0,1549400.0,760400.0,300500.0,0.0019999999999997797,0.0009999999999998899,2.601,2.0,3.0,6.765981549999999,2.8951957879456307e+18,4.0,16.0,2.602,0.0,112600.0,-0.0002727725909075218,2.6,2.6005000000000003,1128.0,2.601,0.0003845414343395077,0.001153624303018523,-23845.816563261673,510050,11717800.0,12794300.0,-1076500.0,24512100.0,0.07496341620949132,0.04399184077561561,272600.0,1076500.0,2.6008950843727074,2.600263275616058,2.602616557715612,2.5977127236347433
20230830.0,2.023083011285771e+16,2.601,2.6,2.599,2.598,2.597,166300.0,1122800.0,4449600.0,3425400.0,1139800.0,2.345,2.617,2.601,2.596,2569700.0,5308300.0,7417600.0,4973800.0,2419400.0,2.602,2.603,2.604,2.605,2.606,2403400.0,4185500.0,2968000.0,1548400.0,1279600.0,2.61,2.606,-0.004999999999999893,0.0,993347761.0,380981871.0,2.867,-2403400.0,-4185500.0,-2968000.0,-1548400.0,-1279600.0,0.00036666666666640424,5990.0,1105248.0,-0.001000000000000334,166300.0,1122800.0,4449600.0,3425400.0,1139800.0,0.002000000000000224,0.0009999999999998899,2.601,1.0,1.0,6.761907033333333,4.3481711223065533e+18,11.0,19.0,2.601,0.0009999999999998899,93275.0,0.0003081674976813664,2.6,2.6014999999999997,1129.0,2.601,0.0003843936190658812,0.0011531808571978142,389.52368911355734,510050,12384900.0,10303900.0,2081000.0,22688800.0,0.08700069425682569,0.04194623689298472,425000.0,2081000.0,2.6005835294117645,2.6010647157255713,2.6036055922938415,2.5985875736371664
20230830.0,2.023083011295896e+16,2.6,2.599,2.598,2.597,2.596,388300.0,853600.0,737900.0,894300.0,2248700.0,2.345,2.617,2.6,2.596,-1018500.0,-2130700.0,-1254300.0,-1297300.0,-2726900.0,2.601,2.602,2.603,2.604,2.605,630200.0,1277100.0,516400.0,403000.0,478200.0,2.61,2.606,-0.005999999999999783,-0.0009999999999998899,994020049.0,381240371.0,2.867,630200.0,1277100.0,516400.0,403000.0,478200.0,0.00041935483870991774,43529.03225809336,672288.0,-0.0009999999999998899,-388300.0,-853600.0,-737900.0,-894300.0,-2248700.0,0.0019999999999997797,0.0009999999999998899,2.6,1.0,2.0,6.763019935483871,4.5029561851708247e+18,18.0,13.0,2.601,0.0009999999999998899,89100.0,-0.00026279953791674693,2.6,2.6005000000000003,1130.0,2.601,0.0003845414343395077,0.001153624303018523,-14663232.465943435,510050,3304900.0,5122800.0,-1817900.0,8427700.0,0.09271972882216059,0.04002539845930568,258500.0,1817900.0,2.6007272727272728,2.600381246931762,2.6026435293049714,2.5972657335831966
0.0,0.0,0.0,0.0,0.0,0.0,0.0,0.0,0.0,0.0,0.0,0.0,0.0,0.0,0.0,0.0,0.0,0.0,0.0,0.0,0.0,0.0,0.0,0.0,0.0,0.0,0.0,0.0,0.0,0.0,0.0,0.0,0.0,0.0,0.0,0.0,0.0,0.0,0.0,0.0,0.0,0.0,0.0,0.0,0.0,0.0,0.0,0.0,0.0,0.0,0.0,0.0,0.0,0.0,0.0,0.0,0.0,0.0,0.0,0.0,0.0,0.0,0.0,0.0,0.0,0.0,0.0,0.0,0.0,0.0,0.0,0.0,0.0,0.0,0.0,0.0,0.0,0.0,0.0,0.0,0.0,0.0,0.0,0.0,0.0
20230830.0,2.0230830130151892e+16,2.603,2.602,2.601,2.6,2.599,855800.0,2014600.0,4909100.0,3464500.0,724200.0,2.345,2.617,2.603,2.596,2608500.0,6150200.0,8022700.0,5105787.0,1585700.0,2.604,2.605,2.606,2.607,2.608,1752700.0,4135600.0,3113600.0,1641287.0,861500.0,2.61,2.606,-0.0029999999999996696,0.0030000000000001137,1003889945.0,385034671.0,2.867,-1752700.0,-4135600.0,-3113600.0,-1641287.0,-861500.0,0.00023333333333352968,96800.0,9869896.0,-0.0009999999999998899,855800.0,2014600.0,4909100.0,3464500.0,724200.0,0.002000000000000224,0.001000000000000334,2.603,7.0,5.0,6.7716186333333335,4.4366743148118554e+18,9.0,21.0,2.603,0.001000000000000334,186950.0,0.0011325900315127813,2.601,2.6035000000000004,1302.0,2.601,0.00038409832917222575,0.001152294987516848,29552797.97948832,510050,11504687.0,11968200.0,-463513.0,23472887.0,0.11238150586541489,0.09065586221863171,3794300.0,463513.0,2.6012429170070894,2.6033280812727626,2.6056282634199435,2.6009008455741047
20230830.0,2.0230830130251908e+16,2.605,2.604,2.603,2.602,2.601,568500.0,1840700.0,3288500.0,4627800.0,2584600.0,2.345,2.617,2.605,2.596,4367200.0,5194687.0,5546900.0,5192600.0,3725200.0,2.606,2.607,2.608,2.609,2.61,3798700.0,3353987.0,2258400.0,564800.0,1140600.0,2.61,2.606,-0.0009999999999998899,0.0019999999999997797,1011599383.0,387994571.0,2.867,-3798700.0,-3353987.0,-2258400.0,-564800.0,-1140600.0,0.00011538461538496136,350196.1538461447,7709438.0,-0.001000000000000334,568500.0,1840700.0,3288500.0,4627800.0,2584600.0,0.002000000000000224,0.0009999999999998899,2.605,3.0,2.0,6.786626499999998,3.895616887637088e+18,6.0,20.0,2.606,0.0,253825.0,0.0006919873985601344,2.604,2.6055,1303.0,2.604,0.00038380349261174046,0.0011514104778353918,14809786.479574911,510050,11116487.0,12910100.0,-1793613.0,24026587.0,0.12650222129687055,0.11594143917546709,2959900.0,1793613.0,2.6046278590492924,2.605130174940465,2.6072708679459615,2.6024717856561916
20230830.0,2.0230830130354656e+16,2.601,2.6,2.599,2.598,2.597,369100.0,2314800.0,3541100.0,3253400.0,1801800.0,2.345,2.617,2.602,2.596,-1428100.0,-5999800.0,-7085000.0,-4037300.0,-2918000.0,2.602,2.603,2.604,2.605,2.606,1059000.0,3685000.0,3543900.0,783900.0,1116200.0,2.61,2.606,-0.0040000000000000036,-0.0030000000000001137,1016756144.0,389974971.0,2.867,1059000.0,3685000.0,3543900.0,783900.0,1116200.0,0.0005588235294120558,340411.7647058964,5156761.0,-0.001000000000000334,-369100.0,-2314800.0,-3541100.0,-3253400.0,-1801800.0,0.002000000000000224,0.0009999999999998899,2.602,3.0,5.0,6.777906794117647,5.154549203326471e+18,19.0,15.0,2.605,0.0009999999999998899,676375.0,-0.0014872959507635786,2.602,2.6014999999999997,1304.0,2.604,0.0003843936190658812,0.0011531808571978142,-29995502.416581955,510050,10188000.0,11280200.0,-1092200.0,21468200.0,0.1220844050404893,0.1315458805035171,1980400.0,1092200.0,2.6038987073318522,2.601258455290246,2.6037264723203766,2.5986627719366675
20230830.0,2.023083013045727e+16,2.598,2.597,2.596,2.595,2.594,1011000.0,4542400.0,4582200.0,3356200.0,725700.0,2.345,2.617,2.598,2.596,-1929800.0,-7319900.0,-7764800.0,-4344900.0,-1099800.0,2.599,2.6,2.601,2.602,2.603,918800.0,2777500.0,3182600.0,988700.0,374100.0,2.61,2.606,-0.008000000000000007,-0.0040000000000000036,1025506955.0,393341371.0,2.867,918800.0,2777500.0,3182600.0,988700.0,374100.0,0.00040000000000040004,203348.57142859697,8750811.0,-0.0009999999999998899,-1011000.0,-4542400.0,-4582200.0,-3356200.0,-725700.0,0.0019999999999997797,0.0009999999999998899,2.598,6.0,9.0,6.757920742857144,5.376156800714422e+18,21.0,14.0,2.601,0.0009999999999998899,400900.0,-0.001051800585371243,2.598,2.5985,1305.0,2.601,0.00038483740619601076,0.0011545122185876904,-45380568.45183328,510050,8241700.0,14217500.0,-5975800.0,22459200.0,0.15294740444572325,0.11433509899195937,3366400.0,5975800.0,2.5994566896387834,2.5985238884858535,2.60065077593215,2.5961235660277824
20230830.0,2.023083013055187e+16,2.597,2.596,2.595,2.594,2.593,1955800.0,3847400.0,4795800.0,2246800.0,920200.0,2.345,2.617,2.597,2.596,-2042900.0,-5582500.0,-8276400.0,-2830500.0,-1771500.0,2.598,2.599,2.6,2.601,2.602,87100.0,1735100.0,3480600.0,583700.0,851300.0,2.61,2.606,-0.008999999999999897,-0.0009999999999998899,1036567608.0,397599771.0,2.867,87100.0,1735100.0,3480600.0,583700.0,851300.0,0.0008571428571428896,1347600.0,11060653.0,-0.001000000000000334,-1955800.0,-3847400.0,-4795800.0,-2246800.0,-920200.0,0.002000000000000224,0.0009999999999998899,2.597,2.0,4.0,6.748862285714287,4.3889387067771474e+18,18.0,10.0,2.599,0.0009999999999998899,2623100.0,-0.00021804137442238414,2.597,2.5975,1306.0,2.599,0.00038498556304134354,0.0011549566891242014,-30526490.53057354,510050,6737800.0,13766000.0,-7028200.0,20503800.0,0.15818886639575178,0.11495414406240406,4258400.0,7028200.0,2.597372956979147,2.597957364530814,2.6000559529816853,2.5952667296237104
20230830.0,2.0230830130654644e+16,2.597,2.596,2.595,2.594,2.593,1150600.0,4739700.0,5019700.0,2239900.0,913400.0,2.345,2.617,2.598,2.596,-1100400.0,529900.0,78700.0,-405100.0,431700.0,2.598,2.599,2.6,2.601,2.602,382300.0,2097500.0,3625800.0,981900.0,412800.0,2.61,2.606,-0.008000000000000007,0.0009999999999998899,1039247936.0,398631671.0,2.867,295200.0,362400.0,145200.0,398200.0,-438500.0,0.0002647058823530557,127038.23529410362,2680328.0,-0.001000000000000334,-805200.0,892300.0,223900.0,-6900.0,-6800.0,0.002000000000000224,0.0009999999999998899,2.598,7.0,7.0,6.7482288529411765,5.392496544133326e+18,25.0,9.0,2.598,0.0007500000000000284,226500.0,-7.9589191999907e-05,2.597,2.5975,1307.0,2.598,0.00038498556304134354,0.0011549566891242014,-38228.709104446694,510050,7500300.0,14063300.0,-6563000.0,21563600.0,0.15781352302944704,0.10355652472551283,1031900.0,6563000.0,2.5974687469716056,2.5977506034314044,2.5998593922909747,2.595211486635427
20230830.0,2.023083013075189e+16,2.596,2.595,2.594,2.593,2.592,1278300.0,5678100.0,1737500.0,1904200.0,1066200.0,2.345,2.617,2.596,2.596,-2351500.0,-8273000.0,-3722200.0,-4594200.0,-1452100.0,2.597,2.598,2.599,2.6,2.601,1073200.0,2594900.0,1984700.0,2690000.0,385900.0,2.61,2.606,-0.009999999999999787,-0.0019999999999997797,1045654205.0,401098571.0,2.867,1073200.0,2594900.0,1984700.0,2690000.0,385900.0,0.0007096774193549038,931287.0967742205,6406269.0,-0.0009999999999998899,-1278300.0,-5678100.0,-1737500.0,-1904200.0,-1066200.0,0.0019999999999997797,0.0009999999999998899,2.596,5.0,7.0,6.745917548387097,4.953488678047772e+18,14.0,17.0,2.598,0.0009999999999998899,2045100.0,-0.0004647380152213998,2.596,2.5965,1308.0,2.598,0.00038513383400727515,0.0011554015020218255,-30906994.517840482,510050,8728700.0,11664300.0,-2935600.0,20393000.0,0.15766678358193262,0.10079705191000607,2466900.0,2935600.0,2.5968904292837163,2.596543610461408,2.598853414597821,2.5943599101532024
20230830.0,2.0230830130854696e+16,2.597,2.596,2.595,2.594,2.593,291200.0,2942300.0,4770200.0,3882600.0,982800.0,2.345,2.617,2.598,2.596,2053700.0,5013900.0,8159200.0,4036800.0,1365000.0,2.598,2.599,2.6,2.601,2.602,1762500.0,2071600.0,3389000.0,154200.0,382200.0,2.61,2.606,-0.008000000000000007,0.0019999999999997797,1055403285.0,404852171.0,2.867,-1762500.0,-2071600.0,-3389000.0,-154200.0,-382200.0,0.0007187500000003233,857212.5,9749080.0,-0.001000000000000334,291200.0,2942300.0,4770200.0,3882600.0,982800.0,0.002000000000000224,0.0009999999999998899,2.598,7.0,5.0,6.74587040625,5.22247461536142e+18,14.0,18.0,2.598,0.0009999999999998899,1265425.0,0.0002303498793047032,2.596,2.5975,1309.0,2.596,0.00038498556304134354,0.0011549566891242014,30998353.32427109,510050,7759500.0,12869100.0,-5109600.0,20628600.0,0.15815100928343492,0.09260958488072732,3753600.0,5109600.0,2.597261295822677,2.597141792861664,2.599397126103486,2.594819451243677
20230830.0,2.02308301309519e+16,2.597,2.596,2.595,2.594,2.593,302900.0,3695800.0,5093200.0,2770600.0,988800.0,2.345,2.617,2.597,2.596,973400.0,-1264900.0,23000.0,-1499500.0,5000.0,2.598,2.599,2.6,2.601,2.602,800800.0,4090000.0,3689000.0,541700.0,383200.0,2.61,2.606,-0.008999999999999897,-0.0009999999999998899,1058040130.0,405867271.0,2.867,-961700.0,2018400.0,300000.0,387500.0,1000.0,0.00032258064516099694,353893.54838711023,2636845.0,-0.001000000000000334,11700.0,753500.0,323000.0,-1112000.0,6000.0,0.002000000000000224,0.0009999999999998899,2.597,6.0,7.0,6.747928193548386,5.090312954244299e+18,21.0,10.0,2.598,0.0009999999999998899,453200.0,5.107317190677918e-05,2.597,2.5975,1310.0,2.598,0.00038498556304134354,0.0011549566891242014,-15659289.205966072,510050,9504700.0,12851300.0,-3346600.0,22356000.0,0.13229955508739494,0.08747740769640136,1015100.0,3346600.0,2.597620924046892,2.5972744405182566,2.5995388071164793,2.5949652486518877
20230830.0,2.0230830131051856e+16,2.596,2.595,2.594,2.593,2.592,2638400.0,5499300.0,3103400.0,2108200.0,1283100.0,2.345,2.617,2.596,2.596,-3420000.0,-8787100.0,-6893900.0,-4026800.0,-2267400.0,2.597,2.598,2.599,2.6,2.601,781600.0,3287800.0,3790500.0,1918600.0,984300.0,2.61,2.606,-0.009999999999999787,-0.0009999999999998899,1066600605.0,409163971.0,2.867,781600.0,3287800.0,3790500.0,1918600.0,984300.0,0.00041935483870947365,545445.1612903476,8560475.0,-0.0009999999999998899,-2638400.0,-5499300.0,-3103400.0,-2108200.0,-1283100.0,0.0019999999999997797,0.0009999999999998899,2.596,7.0,8.0,6.742231290322581,5.147781770901196e+18,18.0,13.0,2.597,0.0009999999999998899,1116450.0,-0.00019367504291101234,2.596,2.5965,1311.0,2.597,0.00038513383400727515,0.0011554015020218255,-15758871.659190185,510050,10762800.0,14632400.0,-3869600.0,25395200.0,0.11293947290934259,0.08362694128889452,3296700.0,3869600.0,2.59668001334668,2.596771461988304,2.598910450812056,2.5944169992619117
20230830.0,2.0230830131154668e+16,2.597,2.596,2.595,2.594,2.593,1677200.0,4314800.0,5134500.0,2467800.0,1285400.0,2.345,2.617,2.597,2.596,2634000.0,8066500.0,8824800.0,3616600.0,1959700.0,2.598,2.599,2.6,2.601,2.602,956800.0,3751700.0,3690300.0,1148800.0,674300.0,2.61,2.606,-0.008999999999999897,0.0009999999999998899,1069384031.0,410235571.0,2.867,-956800.0,-3751700.0,-3690300.0,-1148800.0,-674300.0,0.0004594594594591328,260467.5675675869,2783426.0,-0.001000000000000334,1677200.0,4314800.0,5134500.0,2467800.0,1285400.0,0.002000000000000224,0.0009999999999998899,2.597,6.0,6.0,6.747217108108108,6.21514716639811e+18,20.0,17.0,2.598,0.0009999999999998899,448800.0,0.0003331614205814848,2.597,2.5975,1312.0,2.597,0.00038498556304134354,0.0011549566891242014,-54739.564867725596,510050,10221900.0,14879700.0,-4657800.0,25101600.0,0.10722132346706978,0.0809928105380759,1071600.0,4657800.0,2.5974486748786862,2.597636750189825,2.5996900869701327,2.5951767911987473
20230830.0,2.023083013125462e+16,2.597,2.596,2.595,2.594,2.593,2646500.0,5650300.0,4457400.0,1923700.0,1282100.0,2.345,2.617,2.597,2.596,1063400.0,1561300.0,-593100.0,-607100.0,-3300.0,2.598,2.599,2.6,2.601,2.602,862700.0,3525900.0,3606300.0,1211800.0,674300.0,2.61,2.606,-0.008999999999999897,0.0,1072566968.0,411461171.0,2.867,-94100.0,-225800.0,-84000.0,63000.0,0.0,0.00026190476190457446,532933.3333333135,3182937.0,-0.001000000000000334,969300.0,1335500.0,-677100.0,-544100.0,-3300.0,0.002000000000000224,0.0009999999999998899,2.597,4.0,4.0,6.7457695952380945,7.087393809642504e+18,11.0,31.0,2.598,0.0007500000000000284,711575.0,4.5197870433000276e-05,2.597,2.5975,1313.0,2.597,0.00038498556304134354,0.0011549566891242014,-85301.41790298186,510050,9881000.0,15960000.0,-6079000.0,25841000.0,0.09694066708452717,0.06899050797797952,1225600.0,6079000.0,2.5970438968668406,2.59775416049242,2.5997276692642446,2.595404473684211
20230830.0,2.0230830131351896e+16,2.597,2.596,2.595,2.594,2.593,1180100.0,3567600.0,5165700.0,4192600.0,1003400.0,2.345,2.617,2.597,2.596,-3207800.0,-2299100.0,490100.0,2640900.0,-526300.0,2.598,2.599,2.6,2.601,2.602,2604100.0,3742300.0,3824500.0,839800.0,921900.0,2.61,2.606,-0.008999999999999897,0.0,1074835138.0,412334471.0,2.867,1741400.0,216400.0,218200.0,-372000.0,247600.0,0.00020000000000042206,283257.14285713434,2268170.0,-0.001000000000000334,-1466400.0,-2082700.0,708300.0,2268900.0,-278700.0,0.002000000000000224,0.0009999999999998899,2.597,3.0,3.0,6.748564999999999,5.936018946771753e+18,28.0,7.0,2.598,0.0,673800.0,-0.0001702812725183911,2.597,2.5975,1314.0,2.597,0.00038498556304134354,0.0011549566891242014,-48703.880106221884,510050,11932600.0,15109400.0,-3176800.0,27042000.0,0.0879159673843975,0.05706916484485407,873300.0,3176800.0,2.597240352685217,2.597311849268009,2.5994748085077855,2.59498202443512
20230830.0,2.023083013145339e+16,2.597,2.596,2.595,2.594,2.593,3471000.0,4608900.0,5377700.0,1413700.0,1301600.0,2.345,2.617,2.598,2.596,4588100.0,2862900.0,109400.0,-3828100.0,159800.0,2.598,2.599,2.6,2.601,2.602,306900.0,1920700.0,3927100.0,1889000.0,1060300.0,2.61,2.606,-0.008000000000000007,0.0009999999999998899,1080415593.0,414482571.0,2.867,-2297200.0,-1821600.0,102600.0,1049200.0,138400.0,0.0004390243902441249,840914.6341463327,5580455.0,-0.001000000000000334,2290900.0,1041300.0,212000.0,-2778900.0,298200.0,0.002000000000000224,0.0009999999999998899,2.598,8.0,7.0,6.747323268292681,7.014458254037999e+18,23.0,18.0,2.598,0.0009999999999998899,1578800.0,0.00023364319038032821,2.597,2.5975,1315.0,2.597,0.00038498556304134354,0.0011549566891242014,15871375.66188443,510050,9104000.0,16172900.0,-7068900.0,25276900.0,0.08119939479178599,0.046823069197785644,2148100.0,7068900.0,2.5978562450537686,2.597918764392917,2.600162027680141,2.595465841005633
20230830.0,2.023083013155462e+16,2.598,2.597,2.596,2.595,2.594,3237100.0,4153900.0,5625100.0,2342000.0,1201100.0,2.345,2.617,2.599,2.596,4062800.0,6093400.0,9030000.0,4284200.0,2200900.0,2.599,2.6,2.601,2.602,2.603,825700.0,1939500.0,3404900.0,1942200.0,999800.0,2.61,2.606,-0.006999999999999673,0.001000000000000334,1085115211.0,416291371.0,2.867,-825700.0,-1939500.0,-3404900.0,-1942200.0,-999800.0,0.000500000000000167,196778.947368443,4699618.0,-0.0009999999999998899,3237100.0,4153900.0,5625100.0,2342000.0,1201100.0,0.0019999999999997797,0.0009999999999998899,2.599,6.0,5.0,6.75220260526316,6.567504856545111e+18,21.0,17.0,2.599,0.001000000000000334,631600.0,0.0003379062746984296,2.597,2.5985,1316.0,2.598,0.00038483740619601076,0.0011545122185876904,16004729.749027213,510050,9112100.0,16559200.0,-7447100.0,25671300.0,0.07758099423289179,0.040322015457782995,1808800.0,7447100.0,2.5981965944272445,2.5987967657772963,2.6010385092349733,2.59635532513648
20230830.0,2.023083013165464e+16,2.598,2.597,2.596,2.595,2.594,4475300.0,4675500.0,5253800.0,2662100.0,1200100.0,2.345,2.617,2.599,2.596,1181700.0,274500.0,-104400.0,-1179900.0,-231000.0,2.599,2.6,2.601,2.602,2.603,882200.0,2186600.0,3138000.0,3442200.0,1229800.0,2.61,2.606,-0.006999999999999673,0.0,1090603905.0,418403471.0,2.867,56500.0,247100.0,-266900.0,1500000.0,230000.0,0.00021621621621648046,219808.10810810328,5488694.0,-0.0009999999999998899,1238200.0,521600.0,-371300.0,320100.0,-1000.0,0.0019999999999997797,0.0009999999999998899,2.599,5.0,4.0,6.753677324324325,6.453202627208529e+18,29.0,8.0,2.599,0.0,652200.0,1.484055292511055e-05,2.598,2.5985,1317.0,2.598,0.00038483740619601076,0.0011545122185876904,16047235.470360054,510050,10878800.0,18266800.0,-7388000.0,29145600.0,0.06179162829750895,0.03589089246693425,2112100.0,7388000.0,2.5986904029165285,2.598835333644424,2.6011793212486674,2.596468817745856
20230830.0,2.0230830131751836e+16,2.599,2.598,2.597,2.596,2.595,3707800.0,3554800.0,5586800.0,5067300.0,2650000.0,2.345,2.617,2.599,2.596,6084800.0,6504500.0,9039000.0,6297100.0,3810400.0,2.6,2.601,2.602,2.603,2.604,2377000.0,2949700.0,3452200.0,1229800.0,1160400.0,2.61,2.606,-0.006999999999999673,0.0,1100940156.0,422380771.0,2.867,-2377000.0,-2949700.0,-3452200.0,-1229800.0,-1160400.0,0.0004615384615385132,45192.30769228935,10336251.0,-0.0009999999999998899,3707800.0,3554800.0,5586800.0,5067300.0,2650000.0,0.002000000000000224,0.001000000000000334,2.599,6.0,6.0,6.752002615384617,6.896597898217357e+18,18.0,21.0,2.599,0.001000000000000334,50400.0,0.00029778938307278846,2.598,2.5995,1318.0,2.599,0.00038468936333906133,0.0011540680900173547,-6205.022095033899,510050,11169100.0,20566700.0,-9397600.0,31735800.0,0.06992676101721357,0.05085856384223084,3977300.0,9397600.0,2.5988110024388402,2.599609354457008,2.601628161624482,2.5970293241015816
20230830.0,2.023083013185559e+16,2.599,2.598,2.597,2.596,2.595,3364400.0,4005300.0,3671100.0,3671400.0,2449400.0,2.345,2.617,2.6,2.596,-168600.0,456900.0,-2534600.0,-1332700.0,-225200.0,2.6,2.601,2.602,2.603,2.604,2202200.0,2943300.0,4071100.0,1166600.0,1185000.0,2.61,2.606,-0.005999999999999783,0.0009999999999998899,1108909130.0,425445671.0,2.867,-174800.0,-6400.0,618900.0,-63200.0,24600.0,0.00022857142857102275,548560.0,7968974.0,-0.0009999999999998899,-343400.0,450500.0,-1915700.0,-1395900.0,-200600.0,0.002000000000000224,0.001000000000000334,2.6,3.0,3.0,6.761188799999999,6.304771353179397e+18,8.0,27.0,2.601,0.0,1399500.0,-1.909513826170439e-06,2.6,2.5995,1319.0,2.6,0.00038468936333906133,0.0011540680900173547,-61443.68457397446,510050,11568200.0,17161600.0,-5593400.0,28729800.0,0.07939286709461485,0.06422201503536265,3064900.0,5593400.0,2.6000763483311036,2.5996043904717423,2.601670553759444,2.5971260896419914
20230830.0,2.023083013195465e+16,2.599,2.598,2.597,2.596,2.595,3283700.0,3465500.0,3882300.0,3586800.0,2636400.0,2.345,2.617,2.6,2.596,-1222700.0,-3618300.0,-40800.0,-234700.0,109500.0,2.6,2.601,2.602,2.603,2.604,3344200.0,6021800.0,4323100.0,1316700.0,1262500.0,2.61,2.606,-0.005999999999999783,0.0,1122071201.0,430507971.0,2.867,1142000.0,3078500.0,252000.0,150100.0,77500.0,0.00021621621621603637,1321451.3513513803,13162071.0,-0.0009999999999998899,-80700.0,-539800.0,211200.0,-84600.0,187000.0,0.002000000000000224,0.001000000000000334,2.6,4.0,4.0,6.761124540540541,6.815492872821127e+18,8.0,29.0,2.601,0.0,2878000.0,-4.191283694776615e-05,2.6,2.5995,1320.0,2.6,0.00038468936333906133,0.0011540680900173547,-121460.93342795782,510050,16268300.0,16854700.0,-586400.0,33123000.0,0.08608128287034005,0.07285733456381463,5062300.0,586400.0,2.6000179760188056,2.599495435960108,2.60145486006528,2.597069612630305
20230830.0,2.023083013205633e+16,2.598,2.597,2.596,2.595,2.594,176200.0,2716600.0,5534300.0,5667000.0,1446300.0,2.345,2.617,2.598,2.596,-3742700.0,-8128800.0,-11716600.0,-6277000.0,-2414500.0,2.599,2.6,2.601,2.602,2.603,3566500.0,5412200.0,6182300.0,610000.0,968200.0,2.61,2.606,-0.008000000000000007,-0.002000000000000224,1131528037.0,434147871.0,2.867,3566500.0,5412200.0,6182300.0,610000.0,968200.0,0.0003684210526317955,1076531.5789473653,9456836.0,-0.0009999999999998899,-176200.0,-2716600.0,-5534300.0,-5667000.0,-1446300.0,0.0019999999999997797,0.0009999999999998899,2.598,3.0,5.0,6.751519052631579,7.095055644165284e+18,11.0,27.0,2.6,0.001000000000000334,2086275.0,-0.0005573240358004439,2.597,2.5985,1321.0,2.6,0.00038483740619601076,0.0011545122185876904,-33177379.22053442,510050,16739200.0,15540400.0,1198800.0,32279600.0,0.08985308907770505,0.0803173280526307,3639900.0,1198800.0,2.5981032445946317,2.5980470783124483,2.6004026715733133,2.5956466886309237
20230830.0,2.023083013215781e+16,2.597,2.596,2.595,2.594,2.593,1489500.0,5686700.0,5790800.0,2594400.0,1592300.0,2.345,2.617,2.597,2.596,-6023100.0,-9671700.0,-10693300.0,-5516500.0,-2362200.0,2.598,2.599,2.6,2.601,2.602,4533600.0,3985000.0,4902500.0,2922100.0,769900.0,2.61,2.606,-0.008999999999999897,-0.0009999999999998899,1144352275.0,439085771.0,2.867,4533600.0,3985000.0,4902500.0,2922100.0,769900.0,0.00041860465116272394,1204144.1860465407,12824238.0,-0.001000000000000334,-1489500.0,-5686700.0,-5790800.0,-2594400.0,-1592300.0,0.002000000000000224,0.0009999999999998899,2.597,4.0,5.0,6.746583651162791,8.157280239349299e+18,18.0,25.0,2.598,0.0009999999999998899,2700900.0,-0.00030788646716706225,2.597,2.5975,1322.0,2.598,0.00038498556304134354,0.0011549566891242014,-16840455.318134815,510050,17113100.0,17153700.0,-40600.0,34266800.0,0.08557125937647311,0.07726091455596974,4937900.0,40600.0,2.5971036270479355,2.597247297903073,2.5994980278266353,2.5951682843934547
20230830.0,2.023083013225395e+16,2.597,2.596,2.595,2.594,2.593,4616000.0,6859500.0,5151300.0,1440500.0,1304900.0,2.345,2.617,2.598,2.596,5445600.0,2348300.0,-897200.0,-1549400.0,-582600.0,2.598,2.599,2.6,2.601,2.602,2214500.0,2809500.0,5160200.0,3317600.0,1065100.0,2.61,2.606,-0.008000000000000007,0.0009999999999998899,1150797118.0,441566671.0,2.867,-2319100.0,-1175500.0,257700.0,395500.0,295200.0,0.00024999999999986144,690611.1111111045,6444843.0,-0.001000000000000334,3126500.0,1172800.0,-639500.0,-1153900.0,-287400.0,0.002000000000000224,0.0009999999999998899,2.598,3.0,3.0,6.7483052500000005,6.99401229047925e+18,27.0,9.0,2.598,0.00024999999999986144,1774750.0,0.0001649666384574422,2.597,2.5975,1323.0,2.598,0.00038498556304134354,0.0011549566891242014,18230.417862389237,510050,14566900.0,19372200.0,-4805300.0,33939100.0,0.07861892839064624,0.06128028180804529,2480900.0,4805300.0,2.5977842718368334,2.5976757924017275,2.599877070619006,2.5956215711173747
20230830.0,2.023083013235357e+16,2.597,2.596,2.595,2.594,2.593,1517000.0,6257000.0,5258300.0,2266400.0,1237300.0,2.345,2.617,2.597,2.596,-4683500.0,-1810600.0,1125400.0,2796600.0,74700.0,2.598,2.599,2.6,2.601,2.602,3799000.0,4017600.0,4141800.0,1346900.0,922800.0,2.61,2.606,-0.008999999999999897,-0.0009999999999998899,1151862931.0,441977071.0,2.867,1584500.0,1208100.0,-1018400.0,-1970700.0,-142300.0,0.00023529411764711128,14755.882352948189,1065813.0,-0.001000000000000334,-3099000.0,-602500.0,107000.0,825900.0,-67600.0,0.002000000000000224,0.0009999999999998899,2.597,3.0,4.0,6.745631352941176,6.638594729316818e+18,8.0,26.0,2.598,0.0,20700.0,-0.0001503100618448494,2.597,2.5975,1324.0,2.598,0.00038498556304134354,0.0011549566891242014,-17044005.945316687,510050,14228100.0,16536000.0,-2307900.0,30764100.0,0.06787853906714723,0.055943573898005326,410400.0,2307900.0,2.5970102339181285,2.597285364936042,2.599407995445632,2.595275157232704
20230830.0,2.023083013245794e+16,2.597,2.596,2.595,2.594,2.593,3317100.0,7873100.0,5378700.0,1575500.0,1314900.0,2.345,2.617,2.598,2.596,4189000.0,1906500.0,-192600.0,-2000900.0,117800.0,2.598,2.599,2.6,2.601,2.602,1410100.0,3727200.0,4454800.0,2656900.0,882600.0,2.61,2.606,-0.008000000000000007,0.0009999999999998899,1162874650.0,446216771.0,2.867,-2388900.0,-290400.0,313000.0,1310000.0,-40200.0,0.00042105263157843353,942942.1052631736,11011719.0,-0.001000000000000334,1800100.0,1616100.0,120400.0,-690900.0,77600.0,0.002000000000000224,0.0009999999999998899,2.598,2.0,2.0,6.746596368421052,7.523746465701854e+18,16.0,22.0,2.598,0.0009999999999998899,1428400.0,0.00016028532332157397,2.597,2.5975,1325.0,2.598,0.00038498556304134354,0.0011549566891242014,148310.50925401598,510050,13131600.0,19459300.0,-6327700.0,32590900.0,0.05660642669087272,0.04816720161140582,4239700.0,6327700.0,2.59728730806425,2.597701705026231,2.599838153766487,2.595529412671576
20230830.0,2.0230830132551816e+16,2.597,2.596,2.595,2.594,2.593,2559800.0,6205600.0,5052000.0,1918700.0,1348200.0,2.345,2.617,2.598,2.596,-326900.0,-1619200.0,-446200.0,1243200.0,-192800.0,2.598,2.599,2.6,2.601,2.602,979700.0,3678900.0,4574300.0,1756900.0,1108700.0,2.61,2.606,-0.008000000000000007,0.0,1171299327.0,449459571.0,2.867,-430400.0,-48300.0,119500.0,-900000.0,226100.0,0.0001290322580644876,557693.5483871102,8424677.0,-0.001000000000000334,-757300.0,-1667500.0,-326700.0,343200.0,33300.0,0.002000000000000224,0.0009999999999998899,2.598,2.0,1.0,6.748933677419355,6.246274392607881e+18,27.0,4.0,2.598,0.0,398500.0,8.278232094149907e-06,2.597,2.5975,1326.0,2.597,0.00038498556304134354,0.0011549566891242014,17249675.082782965,510050,12098500.0,17084300.0,-4985800.0,29182800.0,0.045446547546589694,0.02846283801979858,3242800.0,4985800.0,2.597963796718885,2.597723209492866,2.5998624622887134,2.5953927641167622
20230830.0,2.023083013265804e+16,2.595,2.594,2.593,2.592,2.591,2738300.0,4641500.0,1492100.0,2398700.0,1429100.0,2.345,2.617,2.597,2.595,-5032600.0,-8489300.0,-4604100.0,-4874500.0,-2360600.0,2.597,2.598,2.599,2.6,2.601,2294300.0,3847800.0,3112000.0,2475800.0,931500.0,2.61,2.606,-0.008999999999999897,-0.0009999999999998899,1188392594.0,456043571.0,2.867,2294300.0,3847800.0,3112000.0,2475800.0,931500.0,0.0005483870967739612,2326987.0967742205,17093267.0,-0.0009999999999998899,-2738300.0,-4641500.0,-1492100.0,-2398700.0,-1429100.0,0.002000000000000224,0.001000000000000334,2.597,5.0,7.0,6.742064225806451,6.353690543997735e+18,16.0,15.0,2.598,0.0009999999999998899,4561400.0,-0.0006295895771706306,2.595,2.596,1327.0,2.598,0.0007704160246532279,0.001540832049306627,-17252503.424170762,510050,12661400.0,12699700.0,-38300.0,25361100.0,0.052218279534382066,0.0437032693487109,6584000.0,38300.0,2.596182715674362,2.5960882247744705,2.598676370701502,2.593382780695607
20230830.0,2.0230830132754604e+16,2.597,2.596,2.595,2.594,2.593,1032800.0,4058500.0,5008100.0,2422100.0,1235800.0,2.345,2.617,2.598,2.595,1363600.0,6925800.0,10584900.0,5768400.0,2273800.0,2.598,2.599,2.6,2.601,2.602,330800.0,2867300.0,5576800.0,3346300.0,1038000.0,2.61,2.606,-0.008000000000000007,0.0009999999999998899,1191638543.0,457293471.0,2.867,-330800.0,-2867300.0,-5576800.0,-3346300.0,-1038000.0,0.00021212121212110802,80775.75757575035,3245949.0,-0.001000000000000334,1032800.0,4058500.0,5008100.0,2422100.0,1235800.0,0.002000000000000224,0.0009999999999998899,2.598,6.0,5.0,6.745511212121213,6.898304362892825e+18,11.0,22.0,2.598,0.0009999999999998899,132700.0,0.0006427538535264121,2.596,2.5975,1328.0,2.597,0.00038498556304134354,0.0011549566891242014,17565941.34311492,510050,13159200.0,13757300.0,-598100.0,26916500.0,0.0689550593860621,0.06719526971913045,1249900.0,598100.0,2.5969669573565883,2.597757406864183,2.6001438841266946,2.5950894361538963
20230830.0,2.023083013285779e+16,2.598,2.597,2.596,2.595,2.594,3147400.0,4155500.0,2952900.0,2343000.0,1246700.0,2.345,2.617,2.599,2.595,3290300.0,7928400.0,6505300.0,5519500.0,2795200.0,2.599,2.6,2.601,2.602,2.603,142900.0,3772900.0,3552400.0,3176500.0,1548500.0,2.61,2.606,-0.006999999999999673,0.001000000000000334,1194666013.0,458458671.0,2.867,-142900.0,-3772900.0,-3552400.0,-3176500.0,-1548500.0,0.0002894736842109502,233321.052631557,3027470.0,-0.0009999999999998899,3147400.0,4155500.0,2952900.0,2343000.0,1246700.0,0.0019999999999997797,0.0009999999999998899,2.599,7.0,6.0,6.753296605263158,7.976240054577328e+18,27.0,11.0,2.599,0.001000000000000334,406975.0,0.0004615079730725391,2.598,2.5985,1329.0,2.598,0.00038483740619601076,0.0011545122185876904,17594693.3138611,510050,12193200.0,13845500.0,-1652300.0,26038700.0,0.07165426091979356,0.0686087575306595,1165200.0,1652300.0,2.598240645382767,2.59895656930979,2.601181642226815,2.5964054674804093
20230830.0,2.023083013295461e+16,2.599,2.598,2.597,2.596,2.595,286100.0,3841500.0,2762500.0,3957200.0,2326600.0,2.345,2.617,2.599,2.595,4162800.0,7254500.0,6707600.0,5131100.0,3331400.0,2.6,2.601,2.602,2.603,2.604,3876700.0,3413000.0,3945100.0,1173900.0,1004800.0,2.61,2.606,-0.006999999999999673,0.0,1195809533.0,458898671.0,2.867,-3876700.0,-3413000.0,-3945100.0,-1173900.0,-1004800.0,0.0,159587.5,1143520.0,-0.0009999999999998899,286100.0,3841500.0,2762500.0,3957200.0,2326600.0,0.002000000000000224,0.001000000000000334,2.599,6.0,5.0,6.754801300000002,8.415131608347505e+18,6.0,6.0,2.6,0.0,221600.0,4.3154260780498e-05,2.598,2.5995,1330.0,2.598,0.00038468936333906133,0.0011540680900173547,17612503.625127405,510050,13413500.0,13173900.0,239600.0,26587400.0,0.08407134548075858,0.07264878531207435,440000.0,239600.0,2.598909090909091,2.5990687277793794,2.601404860774593,2.5966814382984538
20230830.0,2.023083013305477e+16,2.599,2.598,2.597,2.596,2.595,805800.0,3192800.0,3427900.0,2253100.0,3078900.0,2.345,2.617,2.599,2.595,1895700.0,335000.0,664400.0,-3449100.0,939300.0,2.6,2.601,2.602,2.603,2.604,2500700.0,2429300.0,3946100.0,2918900.0,817800.0,2.61,2.606,-0.006999999999999673,0.0,1200220820.0,460595971.0,2.867,-1376000.0,-983700.0,1000.0,1745000.0,-187000.0,9.375000000000355e-05,499743.75,4411287.0,-0.0009999999999998899,519700.0,-648700.0,665400.0,-1704100.0,752300.0,0.002000000000000224,0.001000000000000334,2.599,6.0,6.0,6.7552885312500015,6.766721165900193e+18,5.0,27.0,2.6,0.0,1025850.0,6.731954746586055e-05,2.598,2.5995,1331.0,2.599,0.00038468936333906133,0.0011540680900173547,-12788.451142042875,510050,12612800.0,12758500.0,-145700.0,25371300.0,0.08793045891704655,0.07409264193470545,1697300.0,145700.0,2.5990025334354563,2.599243701799486,2.6017719618165676,2.5967173257044323
20230830.0,2.0230830133154616e+16,2.6,2.599,2.598,2.597,2.596,835600.0,1377500.0,4072300.0,3447600.0,1121100.0,2.345,2.617,2.601,2.595,1219800.0,4696500.0,7806500.0,6333800.0,2167700.0,2.601,2.602,2.603,2.604,2.605,384200.0,3319000.0,3734200.0,2886200.0,1046600.0,2.61,2.606,-0.004999999999999893,0.0019999999999997797,1208479663.0,463772171.0,2.867,-384200.0,-3319000.0,-3734200.0,-2886200.0,-1046600.0,0.0003333333333332966,577329.1666666865,8258843.0,-0.0009999999999998899,835600.0,1377500.0,4072300.0,3447600.0,1121100.0,0.0019999999999997797,0.0009999999999998899,2.601,3.0,2.0,6.763467333333334,5.147297188704117e+18,16.0,8.0,2.601,0.0009999999999998899,763950.0,0.00055436474017867,2.6,2.6005000000000003,1332.0,2.6,0.0003845414343395077,0.001153624303018523,17785400.08514281,510050,11370200.0,10854100.0,516100.0,22224300.0,0.08914498232547725,0.07248082214212359,3176200.0,516100.0,2.6002276305018577,2.6006850303328415,2.6030784506868834,2.5977566725937664
20230830.0,2.02308301332518e+16,2.598,2.597,2.596,2.595,2.594,1236600.0,2887800.0,4952000.0,3026100.0,1126400.0,2.345,2.617,2.598,2.595,-1258800.0,-5430800.0,-8569800.0,-6036800.0,-2166400.0,2.599,2.6,2.601,2.602,2.603,22200.0,2543000.0,3617800.0,3010700.0,1040000.0,2.61,2.606,-0.008000000000000007,-0.0030000000000001137,1209749830.0,464260871.0,2.867,22200.0,2543000.0,3617800.0,3010700.0,1040000.0,0.0007666666666668043,155363.33333331347,1270167.0,-0.0009999999999998899,-1236600.0,-2887800.0,-4952000.0,-3026100.0,-1126400.0,0.0019999999999997797,0.0009999999999998899,2.598,5.0,8.0,6.756014833333333,6.460819080897168e+18,10.0,20.0,2.601,0.0009999999999998899,376600.0,-0.0006549135197241318,2.598,2.5985,1333.0,2.601,0.00038483740619601076,0.0011545122185876904,-53594132.14393543,510050,10233700.0,13228900.0,-2995200.0,23462600.0,0.09578763295094178,0.07835658597294494,488700.0,2995200.0,2.599073050951504,2.5989823641563397,2.6012446133851883,2.5960062061093514
20230830.0,2.023083013335558e+16,2.598,2.597,2.596,2.595,2.594,100000.0,2231500.0,3466400.0,6020100.0,2275600.0,2.345,2.617,2.598,2.595,-3669800.0,-1337500.0,-783500.0,5072200.0,1685300.0,2.599,2.6,2.601,2.602,2.603,2555400.0,3224200.0,2915700.0,932500.0,503900.0,2.61,2.606,-0.008000000000000007,0.0,1211976354.0,465118071.0,2.867,2533200.0,681200.0,-702100.0,-2078200.0,-536100.0,0.0003043478260873478,111930.43478262424,2226524.0,-0.0009999999999998899,-1136600.0,-656300.0,-1485600.0,2994000.0,1149200.0,0.0019999999999997797,0.0009999999999998899,2.598,3.0,3.0,6.745990173913042,4.966989541303626e+18,8.0,15.0,2.598,0.0009999999999998899,202050.0,-0.00036355644302976664,2.596,2.5985,1334.0,2.598,0.00038483740619601076,0.0011545122185876904,-1500.1886064559221,510050,10131700.0,14093600.0,-3961900.0,24225300.0,0.11627453060781488,0.09728898077129573,857200.0,3961900.0,2.5974381707886143,2.5980376591097385,2.6003688423462994,2.5954224470681733
20230830.0,2.023083013345345e+16,2.598,2.597,2.596,2.595,2.594,1400.0,1838600.0,3572300.0,5417000.0,1101200.0,2.345,2.617,2.598,2.595,647900.0,-114600.0,-120500.0,-529000.0,-1728100.0,2.599,2.6,2.601,2.602,2.603,1808900.0,2945900.0,3142100.0,858400.0,1057600.0,2.61,2.606,-0.008000000000000007,0.0,1212930785.0,465485471.0,2.867,-746500.0,-278300.0,226400.0,-74100.0,553700.0,0.00012500000000015277,54262.5,954431.0,-0.0009999999999998899,-98600.0,-392900.0,105900.0,-603100.0,-1174400.0,0.0019999999999997797,0.0009999999999998899,2.598,4.0,4.0,6.750253875,6.930034329566459e+18,8.0,24.0,2.599,0.00025000000000030553,125450.0,-1.4197646047375834e-05,2.597,2.5985,1335.0,2.598,0.00038483740619601076,0.0011545122185876904,-27545.976944044232,510050,9812900.0,11930500.0,-2117600.0,21743400.0,0.11997988938988452,0.10065047832286514,367400.0,2117600.0,2.5977980402830703,2.598000773352483,2.6006341448501464,2.5955156950672644
20230830.0,2.02308301335546e+16,2.598,2.597,2.596,2.595,2.594,659300.0,3734800.0,3969100.0,3872200.0,1104300.0,2.345,2.617,2.598,2.595,2042800.0,1459600.0,685200.0,-3905200.0,170000.0,2.599,2.6,2.601,2.602,2.603,424000.0,3382500.0,2853700.0,3218800.0,890700.0,2.61,2.606,-0.008000000000000007,0.0,1214517906.0,466096371.0,2.867,-1384900.0,436600.0,-288400.0,2360400.0,-166900.0,5.263157894708215e-05,127163.15789473057,1587121.0,-0.0009999999999998899,657900.0,1896200.0,396800.0,-1544800.0,3100.0,0.0019999999999997797,0.0009999999999998899,2.598,1.0,1.0,6.749877526315788,8.23884986917027e+18,2.0,36.0,2.599,0.0,199100.0,0.00023393330068521845,2.598,2.5985,1336.0,2.598,0.00038483740619601076,0.0011545122185876904,-12822.37958817929,510050,10769700.0,13339700.0,-2570000.0,24109400.0,0.11206526249417206,0.09615054718048381,610900.0,2570000.0,2.5980045834015386,2.5986086033416416,2.6010714690288492,2.5959229817762015
20230830.0,2.0230830133651884e+16,2.599,2.598,2.597,2.596,2.595,40100.0,2333200.0,4673000.0,3508000.0,2668700.0,2.345,2.617,2.599,2.595,1802600.0,6003800.0,7633900.0,5016100.0,3584700.0,2.6,2.601,2.602,2.603,2.604,1762500.0,3670600.0,2960900.0,1508100.0,916000.0,2.61,2.606,-0.006999999999999673,0.001000000000000334,1216567299.0,466884971.0,2.867,-1762500.0,-3670600.0,-2960900.0,-1508100.0,-916000.0,0.00044444444444469156,83859.25925928354,2049393.0,-0.0009999999999998899,40100.0,2333200.0,4673000.0,3508000.0,2668700.0,0.002000000000000224,0.001000000000000334,2.599,6.0,6.0,6.752491222222223,5.88072213026308e+18,15.0,12.0,2.599,0.001000000000000334,165850.0,0.0001591657108512834,2.598,2.5995,1337.0,2.599,0.00038468936333906133,0.0011540680900173547,-36421.78249411285,510050,10818100.0,13223000.0,-2404900.0,24041100.0,0.10380494187327301,0.08112158422714406,788600.0,2404900.0,2.5987737763124525,2.599022245645179,2.601643606548285,2.5965135748317327
20230830.0,2.0230830133754636e+16,2.6,2.599,2.598,2.597,2.596,279400.0,1727300.0,3936800.0,4853100.0,913900.0,2.345,2.617,2.6,2.595,1925500.0,5299900.0,7693700.0,6085300.0,2001500.0,2.601,2.602,2.603,2.604,2.605,1646100.0,3572600.0,3756900.0,1232200.0,1087600.0,2.61,2.606,-0.005999999999999783,0.0009999999999998899,1218540487.0,467643871.0,2.867,-1646100.0,-3572600.0,-3756900.0,-1232200.0,-1087600.0,7.999999999963592e-05,134036.0,1973188.0,-0.0009999999999998899,279400.0,1727300.0,3936800.0,4853100.0,913900.0,0.0019999999999997797,0.0009999999999998899,2.6,4.0,3.0,6.7604162400000005,5.463613590630498e+18,4.0,21.0,2.601,0.0,218800.0,0.00043193821779652364,2.599,2.6005000000000003,1338.0,2.599,0.0003845414343395077,0.001153624303018523,17968513.189596012,510050,11295400.0,11710500.0,-415100.0,23005900.0,0.09129322655517273,0.07422227394601523,758900.0,415100.0,2.600063249439979,2.6001451051674893,2.602693910795545,2.597624712864523
20230830.0,2.0230830133851836e+16,2.601,2.6,2.599,2.598,2.597,39800.0,2127600.0,4097100.0,2761200.0,1847300.0,2.345,2.617,2.602,2.595,1879000.0,4926100.0,7591800.0,4100600.0,3552800.0,2.602,2.603,2.604,2.605,2.606,1839200.0,2798500.0,3494700.0,1339400.0,1705500.0,2.61,2.606,-0.0040000000000000036,0.0019999999999997797,1220633663.0,468448671.0,2.867,-1839200.0,-2798500.0,-3494700.0,-1339400.0,-1705500.0,0.000322580645161441,150177.419354856,2093176.0,-0.001000000000000334,39800.0,2127600.0,4097100.0,2761200.0,1847300.0,0.002000000000000224,0.0009999999999998899,2.602,5.0,3.0,6.763523322580645,6.789337882663069e+18,20.0,11.0,2.602,0.0009999999999998899,149400.0,0.00033687687415617784,2.6,2.6014999999999997,1339.0,2.6,0.0003843936190658812,0.0011531808571978142,35999047.9665201,510050,11177300.0,10873000.0,304300.0,22050300.0,0.08142172944099485,0.06468725720277257,804800.0,304300.0,2.6008648111332007,2.6010211814795103,2.603845535147129,2.598609252276281
20230830.0,2.023083013395763e+16,2.6,2.599,2.598,2.597,2.596,100.0,1852300.0,3818200.0,3132700.0,909700.0,2.345,2.617,2.601,2.595,-1499100.0,-4868700.0,-7220800.0,-4759300.0,-2043600.0,2.601,2.602,2.603,2.604,2.605,1499000.0,3016400.0,3402600.0,1626600.0,1133900.0,2.61,2.606,-0.004999999999999893,-0.0009999999999998899,1222518789.0,469173671.0,2.867,1499000.0,3016400.0,3402600.0,1626600.0,1133900.0,0.00011111111111050676,221681.48148149252,1885126.0,-0.0009999999999998899,-100.0,-1852300.0,-3818200.0,-3132700.0,-909700.0,0.0019999999999997797,0.0009999999999998899,2.601,3.0,2.0,6.760577962962963,5.93733640091972e+18,4.0,23.0,2.601,0.0,382650.0,-0.0003926593402382439,2.599,2.6005000000000003,1340.0,2.6,0.0003845414343395077,0.001153624303018523,18024646.255311523,510050,10678500.0,9713000.0,965500.0,20391500.0,0.08188981171961426,0.07050742091161676,725000.0,965500.0,2.600173793103448,2.600000066706691,2.602801470243948,2.5976808812931127
20230830.0,2.023083013405454e+16,2.601,2.6,2.599,2.598,2.597,6000.0,2005600.0,3386600.0,3327900.0,1858200.0,2.345,2.617,2.601,2.595,1860100.0,5404300.0,7325000.0,4614000.0,3474400.0,2.602,2.603,2.604,2.605,2.606,1854100.0,3398700.0,3938400.0,1286100.0,1616200.0,2.61,2.606,-0.004999999999999893,0.0,1223419225.0,469519871.0,2.867,-1854100.0,-3398700.0,-3938400.0,-1286100.0,-1616200.0,0.0002666666666670814,35660.0,900436.0,-0.001000000000000334,6000.0,2005600.0,3386600.0,3327900.0,1858200.0,0.002000000000000224,0.0009999999999998899,2.601,3.0,2.0,6.763814066666667,6.609473737906623e+18,22.0,8.0,2.601,0.0007500000000000284,65425.0,0.00038575593299727817,2.6,2.6014999999999997,1341.0,2.6,0.0003843936190658812,0.0011531808571978142,18025002.557564627,510050,12093500.0,10584300.0,1509200.0,22677800.0,0.08720810216397301,0.08319970901536639,346200.0,1509200.0,2.6009127671865975,2.6010032256330304,2.6037859676685824,2.5985250795990287
20230830.0,2.0230830134151844e+16,2.602,2.601,2.6,2.599,2.598,148600.0,1561000.0,4183300.0,4733500.0,1236700.0,2.345,2.617,2.602,2.595,2103300.0,5170400.0,8293100.0,6337700.0,3068187.0,2.603,2.604,2.605,2.606,2.607,1954700.0,3609400.0,4109800.0,1604200.0,1831487.0,2.61,2.606,-0.0040000000000000036,0.0009999999999998899,1225053021.0,470147771.0,2.867,-1954700.0,-3609400.0,-4109800.0,-1604200.0,-1831487.0,0.000782608695652609,138347.82608693838,1633796.0,-0.0009999999999998899,148600.0,1561000.0,4183300.0,4733500.0,1236700.0,0.0019999999999997797,0.0009999999999998899,2.602,5.0,4.0,6.769273260869565,5.078379403896697e+18,14.0,9.0,2.603,0.0009999999999998899,287100.0,0.0004103056344095801,2.601,2.6025,1342.0,2.601,0.0003842459173872561,0.001152737752161427,18031778.30284228,510050,13109587.0,11863100.0,1246487.0,24972687.0,0.08872936266373284,0.07429067088664824,627900.0,1246487.0,2.6020003185220575,2.602070650881947,2.6048282458478673,2.5995491313400376
20230830.0,2.023083013425462e+16,2.601,2.6,2.599,2.598,2.597,1227100.0,3174100.0,5669900.0,935000.0,1602500.0,2.345,2.617,2.602,2.595,-2582600.0,-5582100.0,-9362200.0,-2817600.0,-3357600.0,2.602,2.603,2.604,2.605,2.606,1355500.0,2408000.0,3692300.0,1882600.0,1755100.0,2.61,2.606,-0.0040000000000000036,0.0,1227460727.0,471073371.0,2.867,1355500.0,2408000.0,3692300.0,1882600.0,1755100.0,0.0003333333333337407,106750.0,2407706.0,-0.001000000000000334,-1227100.0,-3174100.0,-5669900.0,-935000.0,-1602500.0,0.002000000000000224,0.0009999999999998899,2.602,3.0,4.0,6.768669833333334,5.321305311497331e+18,18.0,6.0,2.602,0.00024999999999986144,203575.0,-0.00022888606265225597,2.6,2.6014999999999997,1343.0,2.602,0.0003843936190658812,0.0011531808571978142,-70099.46762638912,510050,11093500.0,12608600.0,-1515100.0,23702100.0,0.1002980333865972,0.09949927977902685,925600.0,1515100.0,2.6012381158167677,2.6014751413304418,2.6040246811195744,2.5991180384816714
20230830.0,2.023083013435454e+16,2.603,2.602,2.601,2.6,2.599,116300.0,688600.0,1041600.0,3535400.0,2981900.0,2.345,2.617,2.604,2.595,2585200.0,5051500.0,4676800.0,5435887.0,3970600.0,2.604,2.605,2.606,2.607,2.608,2468900.0,4362900.0,3635200.0,1900487.0,988700.0,2.61,2.606,-0.0019999999999997797,0.002000000000000224,1229949267.0,472029571.0,2.867,-2468900.0,-4362900.0,-3635200.0,-1900487.0,-988700.0,0.00022222222222234578,78829.62962961197,2488540.0,-0.0009999999999998899,116300.0,688600.0,1041600.0,3535400.0,2981900.0,0.002000000000000224,0.001000000000000334,2.604,4.0,2.0,6.774452481481482,6.006524107490929e+18,19.0,8.0,2.604,0.001000000000000334,179700.0,0.0006032623668340564,2.602,2.6035000000000004,1344.0,2.602,0.00038409832917222575,0.001152294987516848,36232211.366047814,510050,13356187.0,8363800.0,4992387.0,21719987.0,0.10267067275965941,0.11062729878450153,956200.0,4992387.0,2.6025308512863417,2.603044986848213,2.6055939849449548,2.599974389631508
20230830.0,2.023083013445502e+16,2.603,2.602,2.601,2.6,2.599,477600.0,3598700.0,3539600.0,2306700.0,1657200.0,2.345,2.617,2.603,2.595,1212400.0,3213300.0,2041800.0,-1732500.0,-1514900.0,2.604,2.605,2.606,2.607,2.608,1617800.0,4059700.0,4091400.0,2404287.0,1178900.0,2.61,2.606,-0.0029999999999996696,-0.0009999999999998899,1231484148.0,472619271.0,2.867,-851100.0,-303200.0,456200.0,503800.0,190200.0,0.0002666666666666373,157150.0,1534881.0,-0.0009999999999998899,361300.0,2910100.0,2498000.0,-1228700.0,-1324700.0,0.002000000000000224,0.001000000000000334,2.603,4.0,4.0,6.7742212,6.69376630139835e+18,19.0,11.0,2.604,0.001000000000000334,300750.0,7.027714328444734e-05,2.602,2.6035000000000004,1345.0,2.603,0.00038409832917222575,0.001152294987516848,-26222.0148511827,510050,13352087.0,11579800.0,1772287.0,24931887.0,0.09952342130979497,0.10044584400537614,589700.0,1772287.0,2.602816686450738,2.6032279278419397,2.6058102758767228,2.600907839513636
20230830.0,2.0230830134551856e+16,2.602,2.601,2.6,2.599,2.598,484600.0,1440700.0,4049800.0,4724700.0,1294100.0,2.345,2.617,2.602,2.595,-2451300.0,-5116900.0,-8448400.0,-6626100.0,-3003187.0,2.603,2.604,2.605,2.606,2.607,1966700.0,3676200.0,4398600.0,1901400.0,1709087.0,2.61,2.606,-0.0040000000000000036,-0.001000000000000334,1232448312.0,472989671.0,2.867,1966700.0,3676200.0,4398600.0,1901400.0,1709087.0,7.407407407367117e-05,82062.96296298504,964164.0,-0.0009999999999998899,-484600.0,-1440700.0,-4049800.0,-4724700.0,-1294100.0,0.0019999999999997797,0.0009999999999998899,2.602,3.0,5.0,6.77522374074074,6.037350652168818e+18,21.0,6.0,2.604,0.0,157800.0,-0.00039583192988779103,2.602,2.6025,1346.0,2.604,0.0003842459173872561,0.001152737752161427,-36361213.75897612,510050,13651987.0,11993900.0,1658087.0,25645887.0,0.09627716224907908,0.08494447932315691,370400.0,1658087.0,2.603034557235421,2.6021976910210904,2.604832256945454,2.5995912088645063
20230830.0,2.023083013465464e+16,2.601,2.6,2.599,2.598,2.597,917100.0,3694400.0,4359800.0,2392300.0,1797000.0,2.345,2.617,2.601,2.595,-2123900.0,-6665200.0,-8455900.0,-3942500.0,-3758800.0,2.602,2.603,2.604,2.605,2.606,1206800.0,2970800.0,4096100.0,1550200.0,1961800.0,2.61,2.606,-0.004999999999999893,-0.0009999999999998899,1234392434.0,473736871.0,2.867,1206800.0,2970800.0,4096100.0,1550200.0,1961800.0,0.0009642857142861949,77435.71428573132,1944122.0,-0.001000000000000334,-917100.0,-3694400.0,-4359800.0,-2392300.0,-1797000.0,0.002000000000000224,0.0009999999999998899,2.601,4.0,6.0,6.770218749999998,6.279644313987735e+18,19.0,9.0,2.603,0.002000000000000224,150200.0,-0.0002943680126958892,2.601,2.6014999999999997,1347.0,2.603,0.0003843936190658812,0.0011531808571978142,-36434417.36622775,510050,11785700.0,13160600.0,-1374900.0,24946300.0,0.09457711821275976,0.08578336174754929,747200.0,1374900.0,2.6018763383297645,2.6014317999905834,2.6040075854637403,2.598965221950367
20230830.0,2.023083013475637e+16,2.6,2.599,2.598,2.597,2.596,1154100.0,3370000.0,3829900.0,3364600.0,1497600.0,2.345,2.617,2.6,2.595,-2462900.0,-6869400.0,-7631700.0,-4550800.0,-2817500.0,2.601,2.602,2.603,2.604,2.605,1308800.0,3499400.0,3801800.0,1186200.0,1319900.0,2.61,2.606,-0.005999999999999783,-0.0009999999999998899,1237033713.0,474752471.0,2.867,1308800.0,3499400.0,3801800.0,1186200.0,1319900.0,0.0006451612903219939,158409.67741936445,2641279.0,-0.0009999999999998899,-1154100.0,-3370000.0,-3829900.0,-3364600.0,-1497600.0,0.0019999999999997797,0.0009999999999998899,2.6,7.0,8.0,6.763355806451613,6.975423075916151e+18,15.0,16.0,2.602,0.0009999999999998899,315200.0,-0.00037032853175600344,2.6,2.6005000000000003,1348.0,2.602,0.0003845414343395077,0.001153624303018523,-36537450.27637064,510050,11116100.0,13216200.0,-2100100.0,24332300.0,0.09013750053663415,0.07343060003824053,1015600.0,2100100.0,2.600707955888145,2.60046859393398,2.60279390253776,2.5979484269305853
20230830.0,2.023083013485627e+16,2.6,2.599,2.598,2.597,2.596,931300.0,3679700.0,3851700.0,3479800.0,1149800.0,2.345,2.617,2.6,2.595,-182100.0,198800.0,-159700.0,-195400.0,-287100.0,2.601,2.602,2.603,2.604,2.605,1268100.0,3610300.0,3983300.0,1496800.0,1259200.0,2.61,2.606,-0.005999999999999783,0.0,1238501535.0,475316971.0,2.867,-40700.0,110900.0,181500.0,310600.0,-60700.0,0.0003928571428573058,159360.71428573132,1467822.0,-0.0009999999999998899,-222800.0,309700.0,21800.0,115200.0,-347800.0,0.0019999999999997797,0.0009999999999998899,2.6,3.0,4.0,6.76204325,6.320946509752102e+18,11.0,17.0,2.601,0.0009999999999998899,359550.0,-1.7366355623327223e-05,2.6,2.6005000000000003,1349.0,2.601,0.0003845414343395077,0.001153624303018523,-18289188.78957596,510050,11617700.0,13092300.0,-1474600.0,24710000.0,0.0855500394743621,0.06335634565763441,564500.0,1474600.0,2.6002161204605847,2.6004234336637264,2.6028165471651015,2.597981890118619
20230830.0,2.023083013495499e+16,2.6,2.599,2.598,2.597,2.596,1569100.0,3870300.0,4538300.0,1759800.0,1239300.0,2.345,2.617,2.601,2.595,504600.0,792700.0,1069600.0,-1720200.0,71100.0,2.601,2.602,2.603,2.604,2.605,1401300.0,3008200.0,3600300.0,1497000.0,1277600.0,2.61,2.606,-0.004999999999999893,0.0009999999999998899,1240039949.0,475908471.0,2.867,133200.0,-602100.0,-383000.0,200.0,18400.0,0.00029032258064498606,73390.32258063555,1538414.0,-0.0009999999999998899,637800.0,190600.0,686600.0,-1720000.0,89500.0,0.0019999999999997797,0.0009999999999998899,2.601,4.0,4.0,6.763691032258064,7.016641627277295e+18,22.0,9.0,2.601,0.0009999999999998899,211400.0,4.0304812240932186e-05,2.6,2.6005000000000003,1350.0,2.601,0.0003845414343395077,0.001153624303018523,-21670.704817667603,510050,10784400.0,12976800.0,-2192400.0,23761200.0,0.09160698289866233,0.06190830378997995,591500.0,2192400.0,2.6008689771766695,2.6005282453541607,2.602836931122733,2.598213465569324
20230830.0,2.0230830135054524e+16,2.6,2.599,2.598,2.597,2.596,1139200.0,4878300.0,5212400.0,1750700.0,1242900.0,2.345,2.617,2.6,2.595,-347000.0,1370700.0,563200.0,-477700.0,114600.0,2.601,2.602,2.603,2.604,2.605,1318400.0,2645500.0,3711200.0,1965600.0,1166600.0,2.61,2.606,-0.005999999999999783,-0.0009999999999998899,1243342210.0,477178471.0,2.867,-82900.0,-362700.0,110900.0,468600.0,-111000.0,0.00016666666666642627,315779.16666668653,3302261.0,-0.0009999999999998899,-429900.0,1008000.0,674100.0,-9100.0,3600.0,0.0019999999999997797,0.0009999999999998899,2.6,4.0,5.0,6.760866916666667,5.452872882591883e+18,5.0,19.0,2.601,0.0,750175.0,-2.4881288087752473e-05,2.599,2.6005000000000003,1351.0,2.6,0.0003845414343395077,0.001153624303018523,-50558.91633788124,510050,10807300.0,14223500.0,-3416200.0,25030800.0,0.10229877185485833,0.059860706394509106,1270000.0,3416200.0,2.6002055118110237,2.6004635416666666,2.602908996696677,2.598205308116849
20230830.0,2.0230830135151756e+16,2.601,2.6,2.599,2.598,2.597,682300.0,3479100.0,5716600.0,1716400.0,1828700.0,2.345,2.617,2.602,2.595,2467300.0,6073200.0,10055100.0,3654500.0,3643700.0,2.602,2.603,2.604,2.605,2.606,1785000.0,2594100.0,4338500.0,1938100.0,1815000.0,2.61,2.606,-0.0040000000000000036,0.0019999999999997797,1244303028.0,477547871.0,2.867,-1785000.0,-2594100.0,-4338500.0,-1938100.0,-1815000.0,0.0003333333333337407,41276.666666686535,960818.0,-0.001000000000000334,682300.0,3479100.0,5716600.0,1716400.0,1828700.0,0.002000000000000224,0.0009999999999998899,2.602,2.0,1.0,6.766935399999999,6.838666532518348e+18,11.0,19.0,2.602,0.0009999999999998899,93600.0,0.0003125859550763277,2.6,2.6014999999999997,1352.0,2.601,0.0003843936190658812,0.0011531808571978142,18352688.05155024,510050,12470700.0,13423100.0,-952400.0,25893800.0,0.09546878384573933,0.04823528550135686,369400.0,952400.0,2.60102328099621,2.6012765371053375,2.6039522079754946,2.5989605083773495
20230830.0,2.023083013525747e+16,2.601,2.6,2.599,2.598,2.597,5000.0,1574400.0,4191300.0,2279000.0,1830200.0,2.345,2.617,2.601,2.595,-297200.0,-2739600.0,-870600.0,1405400.0,-2500.0,2.602,2.603,2.604,2.605,2.606,1404900.0,3429000.0,3683800.0,1095300.0,1819000.0,2.61,2.606,-0.004999999999999893,-0.0009999999999998899,1245727231.0,478095471.0,2.867,-380100.0,834900.0,-654700.0,-842800.0,4000.0,0.0007222222222220687,69111.11111110449,1424203.0,-0.001000000000000334,-677300.0,-1904700.0,-1525300.0,562600.0,1500.0,0.002000000000000224,0.0009999999999998899,2.601,7.0,8.0,6.763756611111111,8.222200929605875e+18,20.0,16.0,2.602,0.0009999999999998899,105825.0,-0.00010495042573788194,2.6,2.6014999999999997,1353.0,2.602,0.0003843936190658812,0.0011531808571978142,-18415052.816917498,510050,11432000.0,9879900.0,1552100.0,21311900.0,0.08081269523576591,0.04582420114471443,547600.0,1552100.0,2.600808984660336,2.601003546350805,2.603868308257523,2.598559206064839
20230830.0,2.023083013535188e+16,2.6,2.599,2.598,2.597,2.596,1494400.0,3881500.0,4945800.0,2043800.0,1188200.0,2.345,2.617,2.6,2.595,-2923300.0,-6789400.0,-8881400.0,-3927000.0,-2444500.0,2.601,2.602,2.603,2.604,2.605,1428900.0,2907900.0,3935600.0,1883200.0,1256300.0,2.61,2.606,-0.005999999999999783,-0.0009999999999998899,1246453484.0,478374771.0,2.867,1428900.0,2907900.0,3935600.0,1883200.0,1256300.0,0.00041935483870991774,58554.838709652424,726253.0,-0.0009999999999998899,-1494400.0,-3881500.0,-4945800.0,-2043800.0,-1188200.0,0.0019999999999997797,0.0009999999999998899,2.6,5.0,6.0,6.763019935483871,7.092304507139483e+18,18.0,13.0,2.601,0.0009999999999998899,128650.0,-0.00018930764732794092,2.6,2.6005000000000003,1354.0,2.601,0.0003845414343395077,0.001153624303018523,-18431318.72986518,510050,11411900.0,13553700.0,-2141800.0,24965600.0,0.07727416680828714,0.03799085920102485,279300.0,2141800.0,2.600261367704977,2.600511203092396,2.6028799586396656,2.5981807698266897
20230830.0,2.023083013545695e+16,2.6,2.599,2.598,2.597,2.596,1725300.0,4509600.0,4088800.0,2116700.0,1014000.0,2.345,2.617,2.601,2.595,1150300.0,1984800.0,-1131700.0,-1601900.0,-448800.0,2.601,2.602,2.603,2.604,2.605,509500.0,1551200.0,4210300.0,3558000.0,1530900.0,2.61,2.606,-0.004999999999999893,0.0009999999999998899,1247231788.0,478674071.0,2.867,-919400.0,-1356700.0,274700.0,1674800.0,274600.0,0.0002999999999997449,55023.333333313465,778304.0,-0.0009999999999998899,230900.0,628100.0,-857000.0,72900.0,-174200.0,0.0019999999999997797,0.0009999999999998899,2.601,3.0,2.0,6.7615603,6.868530230517074e+18,9.0,21.0,2.601,0.0009999999999998899,94100.0,0.00010028767507685998,2.6,2.6005000000000003,1355.0,2.6,0.0003845414343395077,0.001153624303018523,18384332.689466517,510050,11359900.0,13454400.0,-2094500.0,24814300.0,0.06126991815577824,0.03455847155988922,299300.0,2094500.0,2.6004143000334112,2.6007720153928764,2.603356482011285,2.5982835875252706
20230830.0,2.02308301355549e+16,2.599,2.598,2.597,2.596,2.595,1714800.0,3445100.0,3700800.0,3621700.0,2724500.0,2.345,2.617,2.6,2.595,-2277200.0,-7472800.0,-6995200.0,-5029600.0,-3999800.0,2.6,2.601,2.602,2.603,2.604,562400.0,4027700.0,3294400.0,1407900.0,1275300.0,2.61,2.606,-0.005999999999999783,-0.0009999999999998899,1251296065.0,480237536.0,2.867,562400.0,4027700.0,3294400.0,1407900.0,1275300.0,0.0,561738.5,4064277.0,-0.0009999999999998899,-1714800.0,-3445100.0,-3700800.0,-3621700.0,-2724500.0,0.002000000000000224,0.001000000000000334,2.6,7.0,7.0,6.760000466666667,6.90033793322788e+18,7.0,7.0,2.601,0.0,949500.0,-0.000391877881609215,2.599,2.5995,1356.0,2.6,0.00038468936333906133,0.0011540680900173547,-67285.53801096976,510050,10567700.0,15206900.0,-4639200.0,25774600.0,0.055691447294639665,0.032834548821399655,1563465.0,4639200.0,2.599531809154666,2.5997530300368874,2.6018870142036583,2.5968555918694807
