time,exchg,code,price,open,high,low,settle_price,upper_limit,lower_limit,total_volume,volume,total_turnover,turnover,open_interest,diff_interest,trading_date,action_date,action_time,pre_close,pre_settle,pre_interest,bid_price_0,bid_price_1,bid_price_2,bid_price_3,bid_price_4,bid_price_5,bid_price_6,bid_price_7,bid_price_8,bid_price_9,ask_price_0,ask_price_1,ask_price_2,ask_price_3,ask_price_4,ask_price_5,ask_price_6,ask_price_7,ask_price_8,ask_price_9,bid_qty_0,bid_qty_1,bid_qty_2,bid_qty_3,bid_qty_4,bid_qty_5,bid_qty_6,bid_qty_7,bid_qty_8,bid_qty_9,ask_qty_0,ask_qty_1,ask_qty_2,ask_qty_3,ask_qty_4,ask_qty_5,ask_qty_6,ask_qty_7,ask_qty_8,ask_qty_9
20230822142532224,SZSE,SZSE.ETF.159928,0.927,0.93,0.934,0.914,0.0,1.02,0.834,134539285.0,800.0,123969104.86,741.5999999940395,0.0,0.0,20230822,20230822,142532226,0.927,0.0,0.0,0.927,0.926,0.925,0.924,0.923,0.0,0.0,0.0,0.0,0.0,0.928,0.929,0.93,0.931,0.932,0.0,0.0,0.0,0.0,0.0,1584500.0,3630800.0,864500.0,454700.0,557700.0,0.0,0.0,0.0,0.0,0.0,580100.0,2015600.0,1543900.0,610500.0,152100.0,0.0,0.0,0.0,0.0,0.0
20230822142535284,SZSE,SZSE.ETF.159928,0.927,0.93,0.934,0.914,0.0,1.02,0.834,134539285.0,0.0,123969104.86,0.0,0.0,0.0,20230822,20230822,142535283,0.927,0.0,0.0,0.927,0.926,0.925,0.924,0.923,0.0,0.0,0.0,0.0,0.0,0.928,0.929,0.93,0.931,0.932,0.0,0.0,0.0,0.0,0.0,1584500.0,3630800.0,869500.0,454700.0,557700.0,0.0,0.0,0.0,0.0,0.0,580100.0,1815600.0,1543900.0,610500.0,152100.0,0.0,0.0,0.0,0.0,0.0
20230822142538256,SZSE,SZSE.ETF.159928,0.928,0.93,0.934,0.914,0.0,1.02,0.834,134544285.0,5000.0,123973744.86,4640.0,0.0,0.0,20230822,20230822,142538256,0.927,0.0,0.0,0.927,0.926,0.925,0.924,0.923,0.0,0.0,0.0,0.0,0.0,0.928,0.929,0.93,0.931,0.932,0.0,0.0,0.0,0.0,0.0,1395400.0,3630800.0,869500.0,454700.0,557700.0,0.0,0.0,0.0,0.0,0.0,575100.0,1821700.0,1545900.0,610500.0,152100.0,0.0,0.0,0.0,0.0,0.0
20230822142541236,SZSE,SZSE.ETF.159928,0.928,0.93,0.934,0.914,0.0,1.02,0.834,134544285.0,0.0,123973744.86,0.0,0.0,0.0,20230822,20230822,142541237,0.927,0.0,0.0,0.927,0.926,0.925,0.924,0.923,0.0,0.0,0.0,0.0,0.0,0.928,0.929,0.93,0.931,0.932,0.0,0.0,0.0,0.0,0.0,1395400.0,3630800.0,869500.0,454700.0,557700.0,0.0,0.0,0.0,0.0,0.0,576400.0,1821700.0,1545900.0,610500.0,152100.0,0.0,0.0,0.0,0.0,0.0
20230822142544232,SZSE,SZSE.ETF.159928,0.928,0.93,0.934,0.914,0.0,1.02,0.834,134544285.0,0.0,123973744.86,0.0,0.0,0.0,20230822,20230822,142544234,0.927,0.0,0.0,0.927,0.926,0.925,0.924,0.923,0.0,0.0,0.0,0.0,0.0,0.928,0.929,0.93,0.931,0.932,0.0,0.0,0.0,0.0,0.0,1571500.0,3630800.0,869500.0,454700.0,557700.0,0.0,0.0,0.0,0.0,0.0,576400.0,1821700.0,1545900.0,610500.0,152100.0,0.0,0.0,0.0,0.0,0.0
20230822142547280,SZSE,SZSE.ETF.159928,0.928,0.93,0.934,0.914,0.0,1.02,0.834,134564285.0,20000.0,123992304.86,18560.0,0.0,0.0,20230822,20230822,142547279,0.927,0.0,0.0,0.927,0.926,0.925,0.924,0.923,0.0,0.0,0.0,0.0,0.0,0.928,0.929,0.93,0.931,0.932,0.0,0.0,0.0,0.0,0.0,1376500.0,3630800.0,869500.0,454700.0,557700.0,0.0,0.0,0.0,0.0,0.0,558400.0,1821700.0,1545900.0,610500.0,152100.0,0.0,0.0,0.0,0.0,0.0
20230822142844264,SZSE,SZSE.ETF.159928,0.929,0.93,0.934,0.914,0.0,1.02,0.834,135406085.0,4900.0,124773509.56,4552.100000008941,0.0,0.0,20230822,20230822,142844263,0.927,0.0,0.0,0.928,0.927,0.926,0.925,0.924,0.0,0.0,0.0,0.0,0.0,0.929,0.93,0.931,0.932,0.933,0.0,0.0,0.0,0.0,0.0,890000.0,4333400.0,890800.0,521500.0,500500.0,0.0,0.0,0.0,0.0,0.0,700700.0,2341300.0,1116400.0,492600.0,322600.0,0.0,0.0,0.0,0.0,0.0
20230822142847256,SZSE,SZSE.ETF.159928,0.929,0.93,0.934,0.914,0.0,1.02,0.834,135406085.0,0.0,124773509.56,0.0,0.0,0.0,20230822,20230822,142847258,0.927,0.0,0.0,0.928,0.927,0.926,0.925,0.924,0.0,0.0,0.0,0.0,0.0,0.929,0.93,0.931,0.932,0.933,0.0,0.0,0.0,0.0,0.0,890100.0,4333400.0,890800.0,521500.0,500500.0,0.0,0.0,0.0,0.0,0.0,700700.0,2341300.0,1116400.0,492600.0,322600.0,0.0,0.0,0.0,0.0,0.0
20230822142850236,SZSE,SZSE.ETF.159928,0.929,0.93,0.934,0.914,0.0,1.02,0.834,135406085.0,0.0,124773509.56,0.0,0.0,0.0,20230822,20230822,142850236,0.927,0.0,0.0,0.928,0.927,0.926,0.925,0.924,0.0,0.0,0.0,0.0,0.0,0.929,0.93,0.931,0.932,0.933,0.0,0.0,0.0,0.0,0.0,895000.0,4333400.0,890800.0,521500.0,500500.0,0.0,0.0,0.0,0.0,0.0,700700.0,2341300.0,1116400.0,492600.0,327300.0,0.0,0.0,0.0,0.0,0.0
20230822142853248,SZSE,SZSE.ETF.159928,0.929,0.93,0.934,0.914,0.0,1.02,0.834,135406085.0,0.0,124773509.56,0.0,0.0,0.0,20230822,20230822,142853248,0.927,0.0,0.0,0.928,0.927,0.926,0.925,0.924,0.0,0.0,0.0,0.0,0.0,0.929,0.93,0.931,0.932,0.933,0.0,0.0,0.0,0.0,0.0,895000.0,3983400.0,890800.0,521500.0,500500.0,0.0,0.0,0.0,0.0,0.0,716100.0,2341300.0,1116400.0,492600.0,327300.0,0.0,0.0,0.0,0.0,0.0
20230822142859224,SZSE,SZSE.ETF.159928,0.929,0.93,0.934,0.914,0.0,1.02,0.834,135406085.0,0.0,124773509.56,0.0,0.0,0.0,20230822,20230822,142859226,0.927,0.0,0.0,0.928,0.927,0.926,0.925,0.924,0.0,0.0,0.0,0.0,0.0,0.929,0.93,0.931,0.932,0.933,0.0,0.0,0.0,0.0,0.0,896000.0,3983400.0,890800.0,521500.0,500500.0,0.0,0.0,0.0,0.0,0.0,716100.0,2341300.0,1116400.0,492600.0,327300.0,0.0,0.0,0.0,0.0,0.0
20230822142902224,SZSE,SZSE.ETF.159928,0.929,0.93,0.934,0.914,0.0,1.02,0.834,135407085.0,1000.0,124774438.56,929.0,0.0,0.0,20230822,20230822,142902224,0.927,0.0,0.0,0.928,0.927,0.926,0.925,0.924,0.0,0.0,0.0,0.0,0.0,0.929,0.93,0.931,0.932,0.933,0.0,0.0,0.0,0.0,0.0,946000.0,3983400.0,890800.0,521500.0,500500.0,0.0,0.0,0.0,0.0,0.0,715100.0,2341300.0,1116400.0,492600.0,327300.0,0.0,0.0,0.0,0.0,0.0
20230822142905248,SZSE,SZSE.ETF.159928,0.929,0.93,0.934,0.914,0.0,1.02,0.834,135407085.0,0.0,124774438.56,0.0,0.0,0.0,20230822,20230822,142905250,0.927,0.0,0.0,0.928,0.927,0.926,0.925,0.924,0.0,0.0,0.0,0.0,0.0,0.929,0.93,0.931,0.932,0.933,0.0,0.0,0.0,0.0,0.0,946000.0,3983400.0,890800.0,521500.0,500500.0,0.0,0.0,0.0,0.0,0.0,715100.0,2341400.0,1116400.0,492600.0,327300.0,0.0,0.0,0.0,0.0,0.0
20230822142908284,SZSE,SZSE.ETF.159928,0.929,0.93,0.934,0.914,0.0,1.02,0.834,135407085.0,0.0,124774438.56,0.0,0.0,0.0,20230822,20230822,142908285,0.927,0.0,0.0,0.928,0.927,0.926,0.925,0.924,0.0,0.0,0.0,0.0,0.0,0.929,0.93,0.931,0.932,0.933,0.0,0.0,0.0,0.0,0.0,951000.0,3983400.0,890800.0,524500.0,500500.0,0.0,0.0,0.0,0.0,0.0,715100.0,2341400.0,1116400.0,492600.0,327300.0,0.0,0.0,0.0,0.0,0.0
20230822142917224,SZSE,SZSE.ETF.159928,0.929,0.93,0.934,0.914,0.0,1.02,0.834,135830085.0,423000.0,125167405.56,392967.0,0.0,0.0,20230822,20230822,142917226,0.927,0.0,0.0,0.928,0.927,0.926,0.925,0.924,0.0,0.0,0.0,0.0,0.0,0.929,0.93,0.931,0.932,0.933,0.0,0.0,0.0,0.0,0.0,951000.0,3983400.0,890800.0,524500.0,500500.0,0.0,0.0,0.0,0.0,0.0,292100.0,2341400.0,1116400.0,492600.0,327300.0,0.0,0.0,0.0,0.0,0.0
20230822142920236,SZSE,SZSE.ETF.159928,0.929,0.93,0.934,0.914,0.0,1.02,0.834,135831485.0,1400.0,125168706.06,1300.5,0.0,0.0,20230822,20230822,142920237,0.927,0.0,0.0,0.928,0.927,0.926,0.925,0.924,0.0,0.0,0.0,0.0,0.0,0.929,0.93,0.931,0.932,0.933,0.0,0.0,0.0,0.0,0.0,1050900.0,3783400.0,890800.0,524500.0,500500.0,0.0,0.0,0.0,0.0,0.0,37100.0,2341400.0,1116400.0,492600.0,327300.0,0.0,0.0,0.0,0.0,0.0
20230822142923272,SZSE,SZSE.ETF.159928,0.929,0.93,0.934,0.914,0.0,1.02,0.834,135865585.0,34100.0,125200384.26,31678.20000000298,0.0,0.0,20230822,20230822,142923270,0.927,0.0,0.0,0.928,0.927,0.926,0.925,0.924,0.0,0.0,0.0,0.0,0.0,0.929,0.93,0.931,0.932,0.933,0.0,0.0,0.0,0.0,0.0,1220500.0,4133400.0,891700.0,524500.0,500500.0,0.0,0.0,0.0,0.0,0.0,3700.0,2501400.0,1116400.0,492600.0,327300.0,0.0,0.0,0.0,0.0,0.0
20230822142926264,SZSE,SZSE.ETF.159928,0.929,0.93,0.934,0.914,0.0,1.02,0.834,135865685.0,100.0,125200477.16,92.8999999910593,0.0,0.0,20230822,20230822,142926264,0.927,0.0,0.0,0.928,0.927,0.926,0.925,0.924,0.0,0.0,0.0,0.0,0.0,0.929,0.93,0.931,0.932,0.933,0.0,0.0,0.0,0.0,0.0,1220500.0,4133400.0,891700.0,524500.0,500500.0,0.0,0.0,0.0,0.0,0.0,33600.0,2501400.0,1116400.0,492600.0,327300.0,0.0,0.0,0.0,0.0,0.0
20230822142929256,SZSE,SZSE.ETF.159928,0.929,0.93,0.934,0.914,0.0,1.02,0.834,135865685.0,0.0,125200477.16,0.0,0.0,0.0,20230822,20230822,142929257,0.927,0.0,0.0,0.928,0.927,0.926,0.925,0.924,0.0,0.0,0.0,0.0,0.0,0.929,0.93,0.931,0.932,0.933,0.0,0.0,0.0,0.0,0.0,1220500.0,3783400.0,891700.0,524500.0,500500.0,0.0,0.0,0.0,0.0,0.0,43600.0,2741400.0,1116400.0,492600.0,327300.0,0.0,0.0,0.0,0.0,0.0
20230822142941272,SZSE,SZSE.ETF.159928,0.929,0.93,0.934,0.914,0.0,1.02,0.834,135869685.0,4000.0,125204193.16,3716.0,0.0,0.0,20230822,20230822,142941270,0.927,0.0,0.0,0.928,0.927,0.926,0.925,0.924,0.0,0.0,0.0,0.0,0.0,0.929,0.93,0.931,0.932,0.933,0.0,0.0,0.0,0.0,0.0,1220500.0,1783400.0,2891700.0,524500.0,500500.0,0.0,0.0,0.0,0.0,0.0,39600.0,2741400.0,1116400.0,492600.0,327300.0,0.0,0.0,0.0,0.0,0.0
20230822142944248,SZSE,SZSE.ETF.159928,0.929,0.93,0.934,0.914,0.0,1.02,0.834,135874685.0,5000.0,125208838.16,4645.0,0.0,0.0,20230822,20230822,142944246,0.927,0.0,0.0,0.928,0.927,0.926,0.925,0.924,0.0,0.0,0.0,0.0,0.0,0.929,0.93,0.931,0.932,0.933,0.0,0.0,0.0,0.0,0.0,1020500.0,1783400.0,2891700.0,524500.0,500500.0,0.0,0.0,0.0,0.0,0.0,124100.0,2741400.0,1116400.0,406100.0,327300.0,0.0,0.0,0.0,0.0,0.0
20230822142947228,SZSE,SZSE.ETF.159928,0.929,0.93,0.934,0.914,0.0,1.02,0.834,135926785.0,52100.0,125257187.06,48348.90000000596,0.0,0.0,20230822,20230822,142947229,0.927,0.0,0.0,0.928,0.927,0.926,0.925,0.924,0.0,0.0,0.0,0.0,0.0,0.929,0.93,0.931,0.932,0.933,0.0,0.0,0.0,0.0,0.0,998000.0,1983400.0,2891700.0,524500.0,500500.0,0.0,0.0,0.0,0.0,0.0,37500.0,2741400.0,1116400.0,492600.0,327300.0,0.0,0.0,0.0,0.0,0.0
20230822142950256,SZSE,SZSE.ETF.159928,0.929,0.93,0.934,0.914,0.0,1.02,0.834,135926785.0,0.0,125257187.06,0.0,0.0,0.0,20230822,20230822,142950257,0.927,0.0,0.0,0.928,0.927,0.926,0.925,0.924,0.0,0.0,0.0,0.0,0.0,0.929,0.93,0.931,0.932,0.933,0.0,0.0,0.0,0.0,0.0,998000.0,1983400.0,2891700.0,524500.0,500500.0,0.0,0.0,0.0,0.0,0.0,37500.0,2770900.0,1116400.0,492600.0,327300.0,0.0,0.0,0.0,0.0,0.0
20230822142953244,SZSE,SZSE.ETF.159928,0.929,0.93,0.934,0.914,0.0,1.02,0.834,136228785.0,302000.0,125537745.06,280558.0,0.0,0.0,20230822,20230822,142953243,0.927,0.0,0.0,0.928,0.927,0.926,0.925,0.924,0.0,0.0,0.0,0.0,0.0,0.929,0.93,0.931,0.932,0.933,0.0,0.0,0.0,0.0,0.0,498000.0,1983400.0,3041700.0,875000.0,500500.0,0.0,0.0,0.0,0.0,0.0,1100900.0,2170000.0,616400.0,492600.0,327300.0,0.0,0.0,0.0,0.0,0.0
20230822142956216,SZSE,SZSE.ETF.159928,0.929,0.93,0.934,0.914,0.0,1.02,0.834,136231185.0,2400.0,125539974.66,2229.5999999940395,0.0,0.0,20230822,20230822,142956214,0.927,0.0,0.0,0.928,0.927,0.926,0.925,0.924,0.0,0.0,0.0,0.0,0.0,0.929,0.93,0.931,0.932,0.933,0.0,0.0,0.0,0.0,0.0,498000.0,1983400.0,3041700.0,875000.0,500500.0,0.0,0.0,0.0,0.0,0.0,1214500.0,1940500.0,616400.0,406100.0,327300.0,0.0,0.0,0.0,0.0,0.0
20230822142959256,SZSE,SZSE.ETF.159928,0.929,0.93,0.934,0.914,0.0,1.02,0.834,136231185.0,0.0,125539974.66,0.0,0.0,0.0,20230822,20230822,142959255,0.927,0.0,0.0,0.928,0.927,0.926,0.925,0.924,0.0,0.0,0.0,0.0,0.0,0.929,0.93,0.931,0.932,0.933,0.0,0.0,0.0,0.0,0.0,498000.0,1987100.0,3041700.0,875000.0,500500.0,0.0,0.0,0.0,0.0,0.0,1414500.0,1940500.0,616400.0,406100.0,327300.0,0.0,0.0,0.0,0.0,0.0
20230822143002288,SZSE,SZSE.ETF.159928,0.929,0.93,0.934,0.914,0.0,1.02,0.834,136253385.0,22200.0,125560598.46,20623.79999999702,0.0,0.0,20230822,20230822,143002289,0.927,0.0,0.0,0.928,0.927,0.926,0.925,0.924,0.0,0.0,0.0,0.0,0.0,0.929,0.93,0.931,0.932,0.933,0.0,0.0,0.0,0.0,0.0,508300.0,1987100.0,3041700.0,875000.0,500500.0,0.0,0.0,0.0,0.0,0.0,791400.0,2541400.0,616400.0,406100.0,330300.0,0.0,0.0,0.0,0.0,0.0
20230822143011404,SZSE,SZSE.ETF.159928,0.928,0.93,0.934,0.914,0.0,1.02,0.834,136810885.0,500.0,126077958.46,464.0,0.0,0.0,20230822,20230822,143011403,0.927,0.0,0.0,0.927,0.926,0.925,0.924,0.923,0.0,0.0,0.0,0.0,0.0,0.928,0.929,0.93,0.931,0.932,0.0,0.0,0.0,0.0,0.0,907200.0,1081700.0,3375000.0,500500.0,561800.0,0.0,0.0,0.0,0.0,0.0,1496100.0,1241900.0,1000500.0,416400.0,166100.0,0.0,0.0,0.0,0.0,0.0
20230822143014376,SZSE,SZSE.ETF.159928,0.928,0.93,0.934,0.914,0.0,1.02,0.834,136810885.0,0.0,126077958.46,0.0,0.0,0.0,20230822,20230822,143014378,0.927,0.0,0.0,0.927,0.926,0.925,0.924,0.923,0.0,0.0,0.0,0.0,0.0,0.928,0.929,0.93,0.931,0.932,0.0,0.0,0.0,0.0,0.0,907200.0,1281700.0,3175000.0,500500.0,561800.0,0.0,0.0,0.0,0.0,0.0,1696100.0,1241900.0,1000500.0,416400.0,166100.0,0.0,0.0,0.0,0.0,0.0
20230822143017396,SZSE,SZSE.ETF.159928,0.928,0.93,0.934,0.914,0.0,1.02,0.834,136811385.0,500.0,126078422.46,464.0,0.0,0.0,20230822,20230822,143017396,0.927,0.0,0.0,0.927,0.926,0.925,0.924,0.923,0.0,0.0,0.0,0.0,0.0,0.928,0.929,0.93,0.931,0.932,0.0,0.0,0.0,0.0,0.0,857200.0,1161700.0,3495000.0,500500.0,561800.0,0.0,0.0,0.0,0.0,0.0,1815600.0,1121900.0,1000500.0,416400.0,166100.0,0.0,0.0,0.0,0.0,0.0
20230822143020412,SZSE,SZSE.ETF.159928,0.927,0.93,0.934,0.914,0.0,1.02,0.834,136836685.0,25300.0,126101880.96,23458.5,0.0,0.0,20230822,20230822,143020412,0.927,0.0,0.0,0.927,0.926,0.925,0.924,0.923,0.0,0.0,0.0,0.0,0.0,0.928,0.929,0.93,0.931,0.932,0.0,0.0,0.0,0.0,0.0,837300.0,1161700.0,3295000.0,500500.0,561800.0,0.0,0.0,0.0,0.0,0.0,1810200.0,1121900.0,1000500.0,416400.0,166100.0,0.0,0.0,0.0,0.0,0.0
20230822143023372,SZSE,SZSE.ETF.159928,0.928,0.93,0.934,0.914,0.0,1.02,0.834,136840985.0,4300.0,126105871.36,3990.4000000059605,0.0,0.0,20230822,20230822,143023373,0.927,0.0,0.0,0.927,0.926,0.925,0.924,0.923,0.0,0.0,0.0,0.0,0.0,0.928,0.929,0.93,0.931,0.932,0.0,0.0,0.0,0.0,0.0,842400.0,1161700.0,3295000.0,500500.0,561800.0,0.0,0.0,0.0,0.0,0.0,1805900.0,1121900.0,1000500.0,416400.0,166100.0,0.0,0.0,0.0,0.0,0.0
20230822143044292,SZSE,SZSE.ETF.159928,0.928,0.93,0.934,0.914,0.0,1.02,0.834,136853285.0,0.0,126117278.46,0.0,0.0,0.0,20230822,20230822,143044291,0.927,0.0,0.0,0.927,0.926,0.925,0.924,0.923,0.0,0.0,0.0,0.0,0.0,0.928,0.929,0.93,0.931,0.932,0.0,0.0,0.0,0.0,0.0,840000.0,1161700.0,3495000.0,500500.0,561800.0,0.0,0.0,0.0,0.0,0.0,1200000.0,1722800.0,1000500.0,416400.0,166100.0,0.0,0.0,0.0,0.0,0.0
20230822143047304,SZSE,SZSE.ETF.159928,0.927,0.93,0.934,0.914,0.0,1.02,0.834,137053285.0,200000.0,126302678.46,185400.0,0.0,0.0,20230822,20230822,143047304,0.927,0.0,0.0,0.927,0.926,0.925,0.924,0.923,0.0,0.0,0.0,0.0,0.0,0.928,0.929,0.93,0.931,0.932,0.0,0.0,0.0,0.0,0.0,640000.0,1291700.0,3575000.0,500500.0,561800.0,0.0,0.0,0.0,0.0,0.0,1283700.0,1842800.0,1000500.0,416400.0,166100.0,0.0,0.0,0.0,0.0,0.0
20230822143050300,SZSE,SZSE.ETF.159928,0.927,0.93,0.934,0.914,0.0,1.02,0.834,137153285.0,100000.0,126395378.46,92700.0,0.0,0.0,20230822,20230822,143050299,0.927,0.0,0.0,0.927,0.926,0.925,0.924,0.923,0.0,0.0,0.0,0.0,0.0,0.928,0.929,0.93,0.931,0.932,0.0,0.0,0.0,0.0,0.0,545700.0,1291700.0,3575100.0,500500.0,561800.0,0.0,0.0,0.0,0.0,0.0,1283700.0,1842900.0,1000500.0,416300.0,166100.0,0.0,0.0,0.0,0.0,0.0
20230822143053304,SZSE,SZSE.ETF.159928,0.927,0.93,0.934,0.914,0.0,1.02,0.834,137153285.0,0.0,126395378.46,0.0,0.0,0.0,20230822,20230822,143053303,0.927,0.0,0.0,0.927,0.926,0.925,0.924,0.923,0.0,0.0,0.0,0.0,0.0,0.928,0.929,0.93,0.931,0.932,0.0,0.0,0.0,0.0,0.0,546200.0,1171700.0,3495100.0,500500.0,561800.0,0.0,0.0,0.0,0.0,0.0,1403700.0,1122000.0,1000500.0,456300.0,166100.0,0.0,0.0,0.0,0.0,0.0
20230822143056320,SZSE,SZSE.ETF.159928,0.927,0.93,0.934,0.914,0.0,1.02,0.834,137699485.0,546200.0,126901705.86,506327.40000000596,0.0,0.0,20230822,20230822,143056319,0.927,0.0,0.0,0.926,0.925,0.924,0.923,0.922,0.0,0.0,0.0,0.0,0.0,0.927,0.928,0.929,0.93,0.931,0.0,0.0,0.0,0.0,0.0,931700.0,3495100.0,500500.0,561800.0,898800.0,0.0,0.0,0.0,0.0,0.0,245100.0,2244600.0,1122000.0,999500.0,216300.0,0.0,0.0,0.0,0.0,0.0
20230822143059344,SZSE,SZSE.ETF.159928,0.927,0.93,0.934,0.914,0.0,1.02,0.834,137700285.0,800.0,126902447.46,741.5999999940395,0.0,0.0,20230822,20230822,143059342,0.927,0.0,0.0,0.926,0.925,0.924,0.923,0.922,0.0,0.0,0.0,0.0,0.0,0.927,0.928,0.929,0.93,0.931,0.0,0.0,0.0,0.0,0.0,812500.0,3620500.0,500500.0,561800.0,898800.0,0.0,0.0,0.0,0.0,0.0,99100.0,2064600.0,802000.0,999500.0,216300.0,0.0,0.0,0.0,0.0,0.0
20230822143102328,SZSE,SZSE.ETF.159928,0.927,0.93,0.934,0.914,0.0,1.02,0.834,137700385.0,100.0,126902540.16,92.70000000298023,0.0,0.0,20230822,20230822,143102330,0.927,0.0,0.0,0.926,0.925,0.924,0.923,0.922,0.0,0.0,0.0,0.0,0.0,0.927,0.928,0.929,0.93,0.931,0.0,0.0,0.0,0.0,0.0,812600.0,3620500.0,500500.0,561800.0,898800.0,0.0,0.0,0.0,0.0,0.0,99000.0,2265700.0,802000.0,999500.0,216300.0,0.0,0.0,0.0,0.0,0.0
20230822143105352,SZSE,SZSE.ETF.159928,0.927,0.93,0.934,0.914,0.0,1.02,0.834,137705385.0,5000.0,126907175.16,4635.0,0.0,0.0,20230822,20230822,143105352,0.927,0.0,0.0,0.926,0.925,0.924,0.923,0.922,0.0,0.0,0.0,0.0,0.0,0.927,0.928,0.929,0.93,0.931,0.0,0.0,0.0,0.0,0.0,817600.0,3620500.0,500500.0,561800.0,898800.0,0.0,0.0,0.0,0.0,0.0,19800.0,2225700.0,802000.0,999500.0,216300.0,0.0,0.0,0.0,0.0,0.0
20230822143108364,SZSE,SZSE.ETF.159928,0.927,0.93,0.934,0.914,0.0,1.02,0.834,137714385.0,9000.0,126915518.16,8343.0,0.0,0.0,20230822,20230822,143108363,0.927,0.0,0.0,0.926,0.925,0.924,0.923,0.922,0.0,0.0,0.0,0.0,0.0,0.928,0.929,0.93,0.931,0.932,0.0,0.0,0.0,0.0,0.0,826600.0,3620500.0,500500.0,561800.0,898800.0,0.0,0.0,0.0,0.0,0.0,2325700.0,802000.0,999500.0,456300.0,166100.0,0.0,0.0,0.0,0.0,0.0
20230822143111304,SZSE,SZSE.ETF.159928,0.927,0.93,0.934,0.914,0.0,1.02,0.834,137714385.0,0.0,126915518.16,0.0,0.0,0.0,20230822,20230822,143111305,0.927,0.0,0.0,0.926,0.925,0.924,0.923,0.922,0.0,0.0,0.0,0.0,0.0,0.927,0.928,0.929,0.93,0.931,0.0,0.0,0.0,0.0,0.0,826600.0,3620500.0,500500.0,561800.0,898800.0,0.0,0.0,0.0,0.0,0.0,5100.0,2205700.0,922000.0,999500.0,456300.0,0.0,0.0,0.0,0.0,0.0
20230822143114352,SZSE,SZSE.ETF.159928,0.927,0.93,0.934,0.914,0.0,1.02,0.834,137714385.0,0.0,126915518.16,0.0,0.0,0.0,20230822,20230822,143114350,0.927,0.0,0.0,0.926,0.925,0.924,0.923,0.922,0.0,0.0,0.0,0.0,0.0,0.927,0.928,0.929,0.93,0.931,0.0,0.0,0.0,0.0,0.0,826600.0,3620500.0,500500.0,561800.0,898800.0,0.0,0.0,0.0,0.0,0.0,5100.0,2325700.0,805000.0,999500.0,456300.0,0.0,0.0,0.0,0.0,0.0
20230822143117308,SZSE,SZSE.ETF.159928,0.926,0.93,0.934,0.914,0.0,1.02,0.834,137715785.0,1400.0,126916815.56,1297.4000000059605,0.0,0.0,20230822,20230822,143117308,0.927,0.0,0.0,0.926,0.925,0.924,0.923,0.922,0.0,0.0,0.0,0.0,0.0,0.927,0.928,0.929,0.93,0.931,0.0,0.0,0.0,0.0,0.0,826200.0,3620500.0,500500.0,561800.0,898800.0,0.0,0.0,0.0,0.0,0.0,4100.0,2325700.0,805000.0,999500.0,456300.0,0.0,0.0,0.0,0.0,0.0
20230822143120308,SZSE,SZSE.ETF.159928,0.926,0.93,0.934,0.914,0.0,1.02,0.834,137715785.0,0.0,126916815.56,0.0,0.0,0.0,20230822,20230822,143120307,0.927,0.0,0.0,0.926,0.925,0.924,0.923,0.922,0.0,0.0,0.0,0.0,0.0,0.927,0.928,0.929,0.93,0.931,0.0,0.0,0.0,0.0,0.0,826200.0,3620500.0,500500.0,561800.0,898800.0,0.0,0.0,0.0,0.0,0.0,4100.0,2325700.0,805000.0,999500.0,458300.0,0.0,0.0,0.0,0.0,0.0
20230822143123300,SZSE,SZSE.ETF.159928,0.927,0.93,0.934,0.914,0.0,1.02,0.834,137720685.0,4900.0,126921357.86,4542.29999999702,0.0,0.0,20230822,20230822,143123300,0.927,0.0,0.0,0.926,0.925,0.924,0.923,0.922,0.0,0.0,0.0,0.0,0.0,0.927,0.928,0.929,0.93,0.931,0.0,0.0,0.0,0.0,0.0,826200.0,3620500.0,500500.0,561800.0,898800.0,0.0,0.0,0.0,0.0,0.0,19200.0,2365700.0,835000.0,999500.0,218300.0,0.0,0.0,0.0,0.0,0.0
20230822143126304,SZSE,SZSE.ETF.159928,0.927,0.93,0.934,0.914,0.0,1.02,0.834,137721885.0,1200.0,126922470.26,1112.4000000059605,0.0,0.0,20230822,20230822,143126302,0.927,0.0,0.0,0.926,0.925,0.924,0.923,0.922,0.0,0.0,0.0,0.0,0.0,0.927,0.928,0.929,0.93,0.931,0.0,0.0,0.0,0.0,0.0,826200.0,3620500.0,500500.0,561800.0,898800.0,0.0,0.0,0.0,0.0,0.0,18000.0,2365700.0,1035000.0,999500.0,218300.0,0.0,0.0,0.0,0.0,0.0
20230822143129392,SZSE,SZSE.ETF.159928,0.926,0.93,0.934,0.914,0.0,1.02,0.834,137727485.0,5600.0,126927660.86,5190.5999999940395,0.0,0.0,20230822,20230822,143129390,0.927,0.0,0.0,0.926,0.925,0.924,0.923,0.922,0.0,0.0,0.0,0.0,0.0,0.927,0.928,0.929,0.93,0.931,0.0,0.0,0.0,0.0,0.0,1175600.0,3620500.0,500500.0,561800.0,898800.0,0.0,0.0,0.0,0.0,0.0,13000.0,1764800.0,1635900.0,999500.0,218300.0,0.0,0.0,0.0,0.0,0.0
20230822143132384,SZSE,SZSE.ETF.159928,0.926,0.93,0.934,0.914,0.0,1.02,0.834,137727485.0,0.0,126927660.86,0.0,0.0,0.0,20230822,20230822,143132383,0.927,0.0,0.0,0.926,0.925,0.924,0.923,0.922,0.0,0.0,0.0,0.0,0.0,0.927,0.928,0.929,0.93,0.931,0.0,0.0,0.0,0.0,0.0,1345600.0,3700500.0,500500.0,561800.0,698800.0,0.0,0.0,0.0,0.0,0.0,13000.0,1644800.0,1755900.0,999500.0,218300.0,0.0,0.0,0.0,0.0,0.0
20230822143135372,SZSE,SZSE.ETF.159928,0.926,0.93,0.934,0.914,0.0,1.02,0.834,137727485.0,0.0,126927660.86,0.0,0.0,0.0,20230822,20230822,143135373,0.927,0.0,0.0,0.926,0.925,0.924,0.923,0.922,0.0,0.0,0.0,0.0,0.0,0.927,0.928,0.929,0.93,0.931,0.0,0.0,0.0,0.0,0.0,995600.0,3700500.0,500500.0,561800.0,698800.0,0.0,0.0,0.0,0.0,0.0,13000.0,1644800.0,1755900.0,999500.0,218300.0,0.0,0.0,0.0,0.0,0.0
20230822143138356,SZSE,SZSE.ETF.159928,0.927,0.93,0.934,0.914,0.0,1.02,0.834,137728485.0,1000.0,126928587.86,927.0,0.0,0.0,20230822,20230822,143138357,0.927,0.0,0.0,0.926,0.925,0.924,0.923,0.922,0.0,0.0,0.0,0.0,0.0,0.927,0.928,0.929,0.93,0.931,0.0,0.0,0.0,0.0,0.0,995600.0,3700500.0,500500.0,561800.0,698800.0,0.0,0.0,0.0,0.0,0.0,12000.0,1404800.0,1755900.0,999500.0,218300.0,0.0,0.0,0.0,0.0,0.0
20230822143141352,SZSE,SZSE.ETF.159928,0.927,0.93,0.934,0.914,0.0,1.02,0.834,137728485.0,0.0,126928587.86,0.0,0.0,0.0,20230822,20230822,143141351,0.927,0.0,0.0,0.926,0.925,0.924,0.923,0.922,0.0,0.0,0.0,0.0,0.0,0.927,0.928,0.929,0.93,0.931,0.0,0.0,0.0,0.0,0.0,1049600.0,3700500.0,500500.0,561800.0,698800.0,0.0,0.0,0.0,0.0,0.0,12000.0,1404800.0,1755900.0,999500.0,458300.0,0.0,0.0,0.0,0.0,0.0
20230822143144368,SZSE,SZSE.ETF.159928,0.927,0.93,0.934,0.914,0.0,1.02,0.834,137733485.0,5000.0,126933222.86,4635.0,0.0,0.0,20230822,20230822,143144370,0.927,0.0,0.0,0.926,0.925,0.924,0.923,0.922,0.0,0.0,0.0,0.0,0.0,0.927,0.928,0.929,0.93,0.931,0.0,0.0,0.0,0.0,0.0,1399600.0,3500500.0,500500.0,561800.0,698800.0,0.0,0.0,0.0,0.0,0.0,7000.0,1206000.0,1755900.0,999500.0,658300.0,0.0,0.0,0.0,0.0,0.0
20230822143147360,SZSE,SZSE.ETF.159928,0.927,0.93,0.934,0.914,0.0,1.02,0.834,137733485.0,0.0,126933222.86,0.0,0.0,0.0,20230822,20230822,143147359,0.927,0.0,0.0,0.926,0.925,0.924,0.923,0.922,0.0,0.0,0.0,0.0,0.0,0.927,0.928,0.929,0.93,0.931,0.0,0.0,0.0,0.0,0.0,1599600.0,1500500.0,500500.0,561800.0,698800.0,0.0,0.0,0.0,0.0,0.0,57400.0,1646000.0,1755900.0,999500.0,218300.0,0.0,0.0,0.0,0.0,0.0
20230822143150352,SZSE,SZSE.ETF.159928,0.927,0.93,0.934,0.914,0.0,1.02,0.834,137802285.0,68800.0,126997000.46,63777.59999999404,0.0,0.0,20230822,20230822,143150350,0.927,0.0,0.0,0.927,0.926,0.925,0.924,0.923,0.0,0.0,0.0,0.0,0.0,0.928,0.929,0.93,0.931,0.932,0.0,0.0,0.0,0.0,0.0,500000.0,3840500.0,1000500.0,500500.0,561800.0,0.0,0.0,0.0,0.0,0.0,606000.0,1755900.0,1499500.0,656100.0,166100.0,0.0,0.0,0.0,0.0,0.0
20230822143153336,SZSE,SZSE.ETF.159928,0.927,0.93,0.934,0.914,0.0,1.02,0.834,137802285.0,0.0,126997000.46,0.0,0.0,0.0,20230822,20230822,143153338,0.927,0.0,0.0,0.927,0.926,0.925,0.924,0.923,0.0,0.0,0.0,0.0,0.0,0.928,0.929,0.93,0.931,0.932,0.0,0.0,0.0,0.0,0.0,526400.0,3753600.0,880500.0,500500.0,561800.0,0.0,0.0,0.0,0.0,0.0,586000.0,1875900.0,1499500.0,656100.0,166100.0,0.0,0.0,0.0,0.0,0.0
20230822143156444,SZSE,SZSE.ETF.159928,0.928,0.93,0.934,0.914,0.0,1.02,0.834,137802885.0,600.0,126997556.86,556.4000000059605,0.0,0.0,20230822,20230822,143156443,0.927,0.0,0.0,0.927,0.926,0.925,0.924,0.923,0.0,0.0,0.0,0.0,0.0,0.928,0.929,0.93,0.931,0.932,0.0,0.0,0.0,0.0,0.0,726600.0,3553600.0,880500.0,500500.0,561800.0,0.0,0.0,0.0,0.0,0.0,385800.0,1875900.0,1499500.0,656100.0,166100.0,0.0,0.0,0.0,0.0,0.0
20230822143159336,SZSE,SZSE.ETF.159928,0.928,0.93,0.934,0.914,0.0,1.02,0.834,137802885.0,0.0,126997556.86,0.0,0.0,0.0,20230822,20230822,143159336,0.927,0.0,0.0,0.927,0.926,0.925,0.924,0.923,0.0,0.0,0.0,0.0,0.0,0.928,0.929,0.93,0.931,0.932,0.0,0.0,0.0,0.0,0.0,726600.0,3553600.0,880500.0,500500.0,561800.0,0.0,0.0,0.0,0.0,0.0,388000.0,1975900.0,1510500.0,656100.0,166100.0,0.0,0.0,0.0,0.0,0.0
20230822143202296,SZSE,SZSE.ETF.159928,0.928,0.93,0.934,0.914,0.0,1.02,0.834,137802885.0,0.0,126997556.86,0.0,0.0,0.0,20230822,20230822,143202294,0.927,0.0,0.0,0.927,0.926,0.925,0.924,0.923,0.0,0.0,0.0,0.0,0.0,0.928,0.929,0.93,0.931,0.932,0.0,0.0,0.0,0.0,0.0,726600.0,3553600.0,880500.0,500500.0,561800.0,0.0,0.0,0.0,0.0,0.0,488000.0,1975900.0,1510500.0,656100.0,166100.0,0.0,0.0,0.0,0.0,0.0
20230822143205324,SZSE,SZSE.ETF.159928,0.928,0.93,0.934,0.914,0.0,1.02,0.834,137802885.0,0.0,126997556.86,0.0,0.0,0.0,20230822,20230822,143205324,0.927,0.0,0.0,0.927,0.926,0.925,0.924,0.923,0.0,0.0,0.0,0.0,0.0,0.928,0.929,0.93,0.931,0.932,0.0,0.0,0.0,0.0,0.0,731500.0,3403600.0,880500.0,500500.0,577800.0,0.0,0.0,0.0,0.0,0.0,488000.0,1975900.0,1511500.0,656100.0,166100.0,0.0,0.0,0.0,0.0,0.0
20230822143208320,SZSE,SZSE.ETF.159928,0.928,0.93,0.934,0.914,0.0,1.02,0.834,137802885.0,0.0,126997556.86,0.0,0.0,0.0,20230822,20230822,143208321,0.927,0.0,0.0,0.927,0.926,0.925,0.924,0.923,0.0,0.0,0.0,0.0,0.0,0.928,0.929,0.93,0.931,0.932,0.0,0.0,0.0,0.0,0.0,731500.0,3403600.0,875100.0,500500.0,577800.0,0.0,0.0,0.0,0.0,0.0,488000.0,1975900.0,1511500.0,656100.0,166100.0,0.0,0.0,0.0,0.0,0.0
20230822143211340,SZSE,SZSE.ETF.159928,0.928,0.93,0.934,0.914,0.0,1.02,0.834,137803185.0,300.0,126997835.26,278.40000000596046,0.0,0.0,20230822,20230822,143211339,0.927,0.0,0.0,0.927,0.926,0.925,0.924,0.923,0.0,0.0,0.0,0.0,0.0,0.928,0.929,0.93,0.931,0.932,0.0,0.0,0.0,0.0,0.0,731500.0,1204600.0,2875100.0,500500.0,577800.0,0.0,0.0,0.0,0.0,0.0,487700.0,1975900.0,1511500.0,656100.0,166100.0,0.0,0.0,0.0,0.0,0.0
20230822143214364,SZSE,SZSE.ETF.159928,0.927,0.93,0.934,0.914,0.0,1.02,0.834,137835085.0,31900.0,127027406.56,29571.29999999702,0.0,0.0,20230822,20230822,143214364,0.927,0.0,0.0,0.926,0.925,0.924,0.923,0.922,0.0,0.0,0.0,0.0,0.0,0.927,0.928,0.929,0.93,0.931,0.0,0.0,0.0,0.0,0.0,964600.0,3375100.0,500500.0,577800.0,748800.0,0.0,0.0,0.0,0.0,0.0,99900.0,1828600.0,1375000.0,1011500.0,416100.0,0.0,0.0,0.0,0.0,0.0
20230822143217392,SZSE,SZSE.ETF.159928,0.927,0.93,0.934,0.914,0.0,1.02,0.834,137835085.0,0.0,127027406.56,0.0,0.0,0.0,20230822,20230822,143217393,0.927,0.0,0.0,0.926,0.925,0.924,0.923,0.922,0.0,0.0,0.0,0.0,0.0,0.927,0.928,0.929,0.93,0.931,0.0,0.0,0.0,0.0,0.0,1044600.0,3695100.0,500500.0,593800.0,748800.0,0.0,0.0,0.0,0.0,0.0,99900.0,2248600.0,1255000.0,1011500.0,216100.0,0.0,0.0,0.0,0.0,0.0
20230822143220412,SZSE,SZSE.ETF.159928,0.927,0.93,0.934,0.914,0.0,1.02,0.834,137835085.0,0.0,127027406.56,0.0,0.0,0.0,20230822,20230822,143220413,0.927,0.0,0.0,0.926,0.925,0.924,0.923,0.922,0.0,0.0,0.0,0.0,0.0,0.927,0.928,0.929,0.93,0.931,0.0,0.0,0.0,0.0,0.0,1044600.0,3510100.0,515500.0,608800.0,763800.0,0.0,0.0,0.0,0.0,0.0,99900.0,2248600.0,1255000.0,1011500.0,216100.0,0.0,0.0,0.0,0.0,0.0
20230822143223352,SZSE,SZSE.ETF.159928,0.927,0.93,0.934,0.914,0.0,1.02,0.834,137840085.0,5000.0,127032041.56,4635.0,0.0,0.0,20230822,20230822,143223353,0.927,0.0,0.0,0.926,0.925,0.924,0.923,0.922,0.0,0.0,0.0,0.0,0.0,0.928,0.929,0.93,0.931,0.932,0.0,0.0,0.0,0.0,0.0,870600.0,1630100.0,515500.0,608800.0,963800.0,0.0,0.0,0.0,0.0,0.0,2128600.0,1135000.0,1011500.0,456100.0,166100.0,0.0,0.0,0.0,0.0,0.0
20230822143226332,SZSE,SZSE.ETF.159928,0.926,0.93,0.934,0.914,0.0,1.02,0.834,137840585.0,500.0,127032504.56,463.0,0.0,0.0,20230822,20230822,143226333,0.927,0.0,0.0,0.926,0.925,0.924,0.923,0.922,0.0,0.0,0.0,0.0,0.0,0.928,0.929,0.93,0.931,0.932,0.0,0.0,0.0,0.0,0.0,870100.0,3630100.0,515500.0,608800.0,963800.0,0.0,0.0,0.0,0.0,0.0,2008600.0,1055000.0,1011500.0,456100.0,166100.0,0.0,0.0,0.0,0.0,0.0
20230822143229360,SZSE,SZSE.ETF.159928,0.926,0.93,0.934,0.914,0.0,1.02,0.834,137840585.0,0.0,127032504.56,0.0,0.0,0.0,20230822,20230822,143229362,0.927,0.0,0.0,0.926,0.925,0.924,0.923,0.922,0.0,0.0,0.0,0.0,0.0,0.928,0.929,0.93,0.931,0.932,0.0,0.0,0.0,0.0,0.0,870100.0,3630100.0,515500.0,608800.0,963800.0,0.0,0.0,0.0,0.0,0.0,2208600.0,1055000.0,1011500.0,456100.0,166100.0,0.0,0.0,0.0,0.0,0.0
20230822143232316,SZSE,SZSE.ETF.159928,0.926,0.93,0.934,0.914,0.0,1.02,0.834,137840585.0,0.0,127032504.56,0.0,0.0,0.0,20230822,20230822,143232316,0.927,0.0,0.0,0.926,0.925,0.924,0.923,0.922,0.0,0.0,0.0,0.0,0.0,0.927,0.928,0.929,0.93,0.931,0.0,0.0,0.0,0.0,0.0,870100.0,3630100.0,515500.0,608800.0,963800.0,0.0,0.0,0.0,0.0,0.0,1400.0,2208600.0,1055000.0,1011500.0,456100.0,0.0,0.0,0.0,0.0,0.0
20230822143235316,SZSE,SZSE.ETF.159928,0.926,0.93,0.934,0.914,0.0,1.02,0.834,137840585.0,0.0,127032504.56,0.0,0.0,0.0,20230822,20230822,143235317,0.927,0.0,0.0,0.926,0.925,0.924,0.923,0.922,0.0,0.0,0.0,0.0,0.0,0.927,0.928,0.929,0.93,0.931,0.0,0.0,0.0,0.0,0.0,875100.0,3630100.0,515500.0,608800.0,963800.0,0.0,0.0,0.0,0.0,0.0,1400.0,2428600.0,935000.0,1011400.0,456100.0,0.0,0.0,0.0,0.0,0.0
20230822143238276,SZSE,SZSE.ETF.159928,0.926,0.93,0.934,0.914,0.0,1.02,0.834,137840585.0,0.0,127032504.56,0.0,0.0,0.0,20230822,20230822,143238275,0.927,0.0,0.0,0.926,0.925,0.924,0.923,0.922,0.0,0.0,0.0,0.0,0.0,0.927,0.928,0.929,0.93,0.931,0.0,0.0,0.0,0.0,0.0,878300.0,3630200.0,515500.0,608800.0,963800.0,0.0,0.0,0.0,0.0,0.0,1400.0,2428600.0,935000.0,1011400.0,456100.0,0.0,0.0,0.0,0.0,0.0
20230822143244304,SZSE,SZSE.ETF.159928,0.927,0.93,0.934,0.914,0.0,1.02,0.834,137845485.0,4900.0,127037046.86,4542.29999999702,0.0,0.0,20230822,20230822,143244306,0.927,0.0,0.0,0.926,0.925,0.924,0.923,0.922,0.0,0.0,0.0,0.0,0.0,0.928,0.929,0.93,0.931,0.932,0.0,0.0,0.0,0.0,0.0,878300.0,3630200.0,515500.0,608800.0,963800.0,0.0,0.0,0.0,0.0,0.0,2428600.0,935000.0,1011400.0,456100.0,166100.0,0.0,0.0,0.0,0.0,0.0
20230822143247300,SZSE,SZSE.ETF.159928,0.927,0.93,0.934,0.914,0.0,1.02,0.834,137845485.0,0.0,127037046.86,0.0,0.0,0.0,20230822,20230822,143247301,0.927,0.0,0.0,0.926,0.925,0.924,0.923,0.922,0.0,0.0,0.0,0.0,0.0,0.928,0.929,0.93,0.931,0.932,0.0,0.0,0.0,0.0,0.0,878300.0,3630200.0,515500.0,608800.0,963800.0,0.0,0.0,0.0,0.0,0.0,2308600.0,1055000.0,1011400.0,456100.0,166100.0,0.0,0.0,0.0,0.0,0.0
20230822143253312,SZSE,SZSE.ETF.159928,0.927,0.93,0.934,0.914,0.0,1.02,0.834,137847485.0,2000.0,127038900.86,1854.0,0.0,0.0,20230822,20230822,143253313,0.927,0.0,0.0,0.926,0.925,0.924,0.923,0.922,0.0,0.0,0.0,0.0,0.0,0.928,0.929,0.93,0.931,0.932,0.0,0.0,0.0,0.0,0.0,878300.0,3280200.0,865500.0,608800.0,963800.0,0.0,0.0,0.0,0.0,0.0,2308600.0,1055000.0,1011400.0,456100.0,166100.0,0.0,0.0,0.0,0.0,0.0
20230822143256316,SZSE,SZSE.ETF.159928,0.926,0.93,0.934,0.914,0.0,1.02,0.834,137847985.0,500.0,127039363.86,463.0,0.0,0.0,20230822,20230822,143256315,0.927,0.0,0.0,0.926,0.925,0.924,0.923,0.922,0.0,0.0,0.0,0.0,0.0,0.928,0.929,0.93,0.931,0.932,0.0,0.0,0.0,0.0,0.0,877800.0,1280200.0,2865500.0,608800.0,963800.0,0.0,0.0,0.0,0.0,0.0,2305900.0,1055000.0,1011500.0,456100.0,166100.0,0.0,0.0,0.0,0.0,0.0
20230822143259340,SZSE,SZSE.ETF.159928,0.926,0.93,0.934,0.914,0.0,1.02,0.834,137847985.0,0.0,127039363.86,0.0,0.0,0.0,20230822,20230822,143259341,0.927,0.0,0.0,0.926,0.925,0.924,0.923,0.922,0.0,0.0,0.0,0.0,0.0,0.928,0.929,0.93,0.931,0.932,0.0,0.0,0.0,0.0,0.0,879800.0,1630200.0,2865500.0,608800.0,963800.0,0.0,0.0,0.0,0.0,0.0,2305900.0,1055000.0,1011500.0,456100.0,166100.0,0.0,0.0,0.0,0.0,0.0
20230822143302328,SZSE,SZSE.ETF.159928,0.926,0.93,0.934,0.914,0.0,1.02,0.834,137847985.0,0.0,127039363.86,0.0,0.0,0.0,20230822,20230822,143302327,0.927,0.0,0.0,0.926,0.925,0.924,0.923,0.922,0.0,0.0,0.0,0.0,0.0,0.927,0.928,0.929,0.93,0.931,0.0,0.0,0.0,0.0,0.0,879800.0,1630200.0,2865500.0,608800.0,963800.0,0.0,0.0,0.0,0.0,0.0,2700.0,2305900.0,1055000.0,1011500.0,456100.0,0.0,0.0,0.0,0.0,0.0
20230822143305464,SZSE,SZSE.ETF.159928,0.926,0.93,0.934,0.914,0.0,1.02,0.834,137857685.0,9700.0,127048346.06,8982.20000000298,0.0,0.0,20230822,20230822,143305463,0.927,0.0,0.0,0.926,0.925,0.924,0.923,0.922,0.0,0.0,0.0,0.0,0.0,0.927,0.928,0.929,0.93,0.931,0.0,0.0,0.0,0.0,0.0,875100.0,1630200.0,2865500.0,608800.0,963800.0,0.0,0.0,0.0,0.0,0.0,2700.0,2425900.0,935000.0,1011500.0,456100.0,0.0,0.0,0.0,0.0,0.0
20230822143308332,SZSE,SZSE.ETF.159928,0.927,0.93,0.934,0.914,0.0,1.02,0.834,137863485.0,5800.0,127053722.66,5376.5999999940395,0.0,0.0,20230822,20230822,143308331,0.927,0.0,0.0,0.926,0.925,0.924,0.923,0.922,0.0,0.0,0.0,0.0,0.0,0.927,0.928,0.929,0.93,0.931,0.0,0.0,0.0,0.0,0.0,870100.0,1615200.0,2865500.0,608800.0,963800.0,0.0,0.0,0.0,0.0,0.0,3000.0,2425900.0,935000.0,1011500.0,456100.0,0.0,0.0,0.0,0.0,0.0
20230822143311328,SZSE,SZSE.ETF.159928,0.927,0.93,0.934,0.914,0.0,1.02,0.834,137864585.0,1100.0,127054742.36,1019.7000000029802,0.0,0.0,20230822,20230822,143311330,0.927,0.0,0.0,0.926,0.925,0.924,0.923,0.922,0.0,0.0,0.0,0.0,0.0,0.927,0.928,0.929,0.93,0.931,0.0,0.0,0.0,0.0,0.0,870100.0,1615200.0,2865500.0,608800.0,963800.0,0.0,0.0,0.0,0.0,0.0,1900.0,2425900.0,935000.0,1011500.0,456100.0,0.0,0.0,0.0,0.0,0.0
20230822143317288,SZSE,SZSE.ETF.159928,0.927,0.93,0.934,0.914,0.0,1.02,0.834,137896385.0,31800.0,127084220.96,29478.59999999404,0.0,0.0,20230822,20230822,143317288,0.927,0.0,0.0,0.926,0.925,0.924,0.923,0.922,0.0,0.0,0.0,0.0,0.0,0.928,0.929,0.93,0.931,0.932,0.0,0.0,0.0,0.0,0.0,870100.0,3615200.0,865500.0,608800.0,963800.0,0.0,0.0,0.0,0.0,0.0,2425900.0,935000.0,1011500.0,456100.0,166100.0,0.0,0.0,0.0,0.0,0.0
20230822143320296,SZSE,SZSE.ETF.159928,0.927,0.93,0.934,0.914,0.0,1.02,0.834,137896385.0,0.0,127084220.96,0.0,0.0,0.0,20230822,20230822,143320294,0.927,0.0,0.0,0.926,0.925,0.924,0.923,0.922,0.0,0.0,0.0,0.0,0.0,0.928,0.929,0.93,0.931,0.932,0.0,0.0,0.0,0.0,0.0,870100.0,3615200.0,865500.0,608800.0,1002800.0,0.0,0.0,0.0,0.0,0.0,2305900.0,1055000.0,1011500.0,456100.0,166100.0,0.0,0.0,0.0,0.0,0.0
20230822143323264,SZSE,SZSE.ETF.159928,0.927,0.93,0.934,0.914,0.0,1.02,0.834,137896385.0,0.0,127084220.96,0.0,0.0,0.0,20230822,20230822,143323262,0.927,0.0,0.0,0.926,0.925,0.924,0.923,0.922,0.0,0.0,0.0,0.0,0.0,0.927,0.928,0.929,0.93,0.931,0.0,0.0,0.0,0.0,0.0,870100.0,3615200.0,865500.0,608800.0,1002800.0,0.0,0.0,0.0,0.0,0.0,2100.0,2305900.0,1055000.0,1011500.0,456100.0,0.0,0.0,0.0,0.0,0.0
20230822143326280,SZSE,SZSE.ETF.159928,0.927,0.93,0.934,0.914,0.0,1.02,0.834,137898885.0,2500.0,127086538.46,2317.5,0.0,0.0,20230822,20230822,143326282,0.927,0.0,0.0,0.927,0.926,0.925,0.924,0.923,0.0,0.0,0.0,0.0,0.0,0.928,0.929,0.93,0.931,0.932,0.0,0.0,0.0,0.0,0.0,3000.0,870100.0,3615200.0,865500.0,608800.0,0.0,0.0,0.0,0.0,0.0,2425900.0,935000.0,1011500.0,456100.0,161500.0,0.0,0.0,0.0,0.0,0.0
20230822143329300,SZSE,SZSE.ETF.159928,0.927,0.93,0.934,0.914,0.0,1.02,0.834,137907185.0,8300.0,127094232.56,7694.100000008941,0.0,0.0,20230822,20230822,143329300,0.927,0.0,0.0,0.926,0.925,0.924,0.923,0.922,0.0,0.0,0.0,0.0,0.0,0.927,0.928,0.929,0.93,0.931,0.0,0.0,0.0,0.0,0.0,990100.0,3495200.0,865500.0,608800.0,1002800.0,0.0,0.0,0.0,0.0,0.0,61900.0,2305900.0,1055000.0,1011500.0,216100.0,0.0,0.0,0.0,0.0,0.0
20230822143332304,SZSE,SZSE.ETF.159928,0.927,0.93,0.934,0.914,0.0,1.02,0.834,137911485.0,4300.0,127098218.66,3986.0999999940395,0.0,0.0,20230822,20230822,143332303,0.927,0.0,0.0,0.926,0.925,0.924,0.923,0.922,0.0,0.0,0.0,0.0,0.0,0.927,0.928,0.929,0.93,0.931,0.0,0.0,0.0,0.0,0.0,870100.0,3615200.0,865500.0,608800.0,1002800.0,0.0,0.0,0.0,0.0,0.0,71400.0,2567900.0,937100.0,1017500.0,216100.0,0.0,0.0,0.0,0.0,0.0
20230822143335252,SZSE,SZSE.ETF.159928,0.927,0.93,0.934,0.914,0.0,1.02,0.834,137916485.0,5000.0,127102853.66,4635.0,0.0,0.0,20230822,20230822,143335252,0.927,0.0,0.0,0.926,0.925,0.924,0.923,0.922,0.0,0.0,0.0,0.0,0.0,0.927,0.928,0.929,0.93,0.931,0.0,0.0,0.0,0.0,0.0,870100.0,3615200.0,865500.0,608800.0,1002800.0,0.0,0.0,0.0,0.0,0.0,68300.0,2567900.0,937100.0,1017500.0,211100.0,0.0,0.0,0.0,0.0,0.0
20230822143338276,SZSE,SZSE.ETF.159928,0.927,0.93,0.934,0.914,0.0,1.02,0.834,137921485.0,5000.0,127107488.66,4635.0,0.0,0.0,20230822,20230822,143338275,0.927,0.0,0.0,0.926,0.925,0.924,0.923,0.922,0.0,0.0,0.0,0.0,0.0,0.927,0.928,0.929,0.93,0.931,0.0,0.0,0.0,0.0,0.0,870100.0,3615200.0,865500.0,608800.0,1002800.0,0.0,0.0,0.0,0.0,0.0,68300.0,2570000.0,937100.0,1017500.0,211100.0,0.0,0.0,0.0,0.0,0.0
20230822143341284,SZSE,SZSE.ETF.159928,0.927,0.93,0.934,0.914,0.0,1.02,0.834,137921485.0,0.0,127107488.66,0.0,0.0,0.0,20230822,20230822,143341285,0.927,0.0,0.0,0.926,0.925,0.924,0.923,0.922,0.0,0.0,0.0,0.0,0.0,0.927,0.928,0.929,0.93,0.931,0.0,0.0,0.0,0.0,0.0,870100.0,3265200.0,865500.0,608800.0,1002800.0,0.0,0.0,0.0,0.0,0.0,118900.0,2570000.0,937100.0,1017500.0,220500.0,0.0,0.0,0.0,0.0,0.0
20230822143344296,SZSE,SZSE.ETF.159928,0.927,0.93,0.934,0.914,0.0,1.02,0.834,137921485.0,0.0,127107488.66,0.0,0.0,0.0,20230822,20230822,143344298,0.927,0.0,0.0,0.926,0.925,0.924,0.923,0.922,0.0,0.0,0.0,0.0,0.0,0.927,0.928,0.929,0.93,0.931,0.0,0.0,0.0,0.0,0.0,870100.0,3265200.0,865500.0,608800.0,1002800.0,0.0,0.0,0.0,0.0,0.0,128900.0,2570000.0,937100.0,1017500.0,220500.0,0.0,0.0,0.0,0.0,0.0
20230822143347264,SZSE,SZSE.ETF.159928,0.927,0.93,0.934,0.914,0.0,1.02,0.834,137922185.0,700.0,127108137.56,648.9000000059605,0.0,0.0,20230822,20230822,143347266,0.927,0.0,0.0,0.926,0.925,0.924,0.923,0.922,0.0,0.0,0.0,0.0,0.0,0.927,0.928,0.929,0.93,0.931,0.0,0.0,0.0,0.0,0.0,870100.0,3615200.0,865500.0,608800.0,1002800.0,0.0,0.0,0.0,0.0,0.0,130200.0,2570000.0,937100.0,1017500.0,220500.0,0.0,0.0,0.0,0.0,0.0
20230822143350284,SZSE,SZSE.ETF.159928,0.927,0.93,0.934,0.914,0.0,1.02,0.834,137927185.0,5000.0,127112772.56,4635.0,0.0,0.0,20230822,20230822,143350283,0.927,0.0,0.0,0.926,0.925,0.924,0.923,0.922,0.0,0.0,0.0,0.0,0.0,0.927,0.928,0.929,0.93,0.931,0.0,0.0,0.0,0.0,0.0,870100.0,3615200.0,865500.0,608800.0,1002800.0,0.0,0.0,0.0,0.0,0.0,125500.0,2570000.0,937100.0,1017500.0,220500.0,0.0,0.0,0.0,0.0,0.0
20230822143353240,SZSE,SZSE.ETF.159928,0.927,0.93,0.934,0.914,0.0,1.02,0.834,137927185.0,0.0,127112772.56,0.0,0.0,0.0,20230822,20230822,143353240,0.927,0.0,0.0,0.926,0.925,0.924,0.923,0.922,0.0,0.0,0.0,0.0,0.0,0.927,0.928,0.929,0.93,0.931,0.0,0.0,0.0,0.0,0.0,870100.0,3615200.0,865500.0,608800.0,1002800.0,0.0,0.0,0.0,0.0,0.0,126100.0,2570000.0,937100.0,1017500.0,220500.0,0.0,0.0,0.0,0.0,0.0
20230822143356256,SZSE,SZSE.ETF.159928,0.926,0.93,0.934,0.914,0.0,1.02,0.834,137930685.0,3500.0,127116013.56,3241.0,0.0,0.0,20230822,20230822,143356257,0.927,0.0,0.0,0.926,0.925,0.924,0.923,0.922,0.0,0.0,0.0,0.0,0.0,0.927,0.928,0.929,0.93,0.931,0.0,0.0,0.0,0.0,0.0,866600.0,3615200.0,865500.0,608800.0,1002800.0,0.0,0.0,0.0,0.0,0.0,126100.0,2570000.0,937100.0,1017500.0,220500.0,0.0,0.0,0.0,0.0,0.0
20230822143359272,SZSE,SZSE.ETF.159928,0.926,0.93,0.934,0.914,0.0,1.02,0.834,137930685.0,0.0,127116013.56,0.0,0.0,0.0,20230822,20230822,143359272,0.927,0.0,0.0,0.926,0.925,0.924,0.923,0.922,0.0,0.0,0.0,0.0,0.0,0.927,0.928,0.929,0.93,0.931,0.0,0.0,0.0,0.0,0.0,888600.0,3615200.0,865500.0,608800.0,1002800.0,0.0,0.0,0.0,0.0,0.0,126100.0,2570000.0,937100.0,1017500.0,220500.0,0.0,0.0,0.0,0.0,0.0
20230822143402228,SZSE,SZSE.ETF.159928,0.926,0.93,0.934,0.914,0.0,1.02,0.834,137930685.0,0.0,127116013.56,0.0,0.0,0.0,20230822,20230822,143402228,0.927,0.0,0.0,0.926,0.925,0.924,0.923,0.922,0.0,0.0,0.0,0.0,0.0,0.927,0.928,0.929,0.93,0.931,0.0,0.0,0.0,0.0,0.0,880600.0,3617200.0,865500.0,608800.0,1002800.0,0.0,0.0,0.0,0.0,0.0,126100.0,2570000.0,937100.0,1017500.0,220500.0,0.0,0.0,0.0,0.0,0.0
20230822143405260,SZSE,SZSE.ETF.159928,0.927,0.93,0.934,0.914,0.0,1.02,0.834,137931685.0,1000.0,127116940.56,927.0,0.0,0.0,20230822,20230822,143405261,0.927,0.0,0.0,0.926,0.925,0.924,0.923,0.922,0.0,0.0,0.0,0.0,0.0,0.927,0.928,0.929,0.93,0.931,0.0,0.0,0.0,0.0,0.0,871600.0,3615200.0,865500.0,608800.0,1002800.0,0.0,0.0,0.0,0.0,0.0,125100.0,2570000.0,937100.0,1017500.0,220500.0,0.0,0.0,0.0,0.0,0.0
20230822143408240,SZSE,SZSE.ETF.159928,0.927,0.93,0.934,0.914,0.0,1.02,0.834,137941585.0,9900.0,127126117.86,9177.29999999702,0.0,0.0,20230822,20230822,143408240,0.927,0.0,0.0,0.926,0.925,0.924,0.923,0.922,0.0,0.0,0.0,0.0,0.0,0.927,0.928,0.929,0.93,0.931,0.0,0.0,0.0,0.0,0.0,871600.0,3615200.0,865500.0,608800.0,1002800.0,0.0,0.0,0.0,0.0,0.0,115200.0,2570000.0,937100.0,1017500.0,220500.0,0.0,0.0,0.0,0.0,0.0
20230822143411272,SZSE,SZSE.ETF.159928,0.927,0.93,0.934,0.914,0.0,1.02,0.834,137941585.0,0.0,127126117.86,0.0,0.0,0.0,20230822,20230822,143411271,0.927,0.0,0.0,0.926,0.925,0.924,0.923,0.922,0.0,0.0,0.0,0.0,0.0,0.927,0.928,0.929,0.93,0.931,0.0,0.0,0.0,0.0,0.0,871600.0,3265200.0,865500.0,608800.0,1002800.0,0.0,0.0,0.0,0.0,0.0,115200.0,2570000.0,945000.0,1017500.0,220500.0,0.0,0.0,0.0,0.0,0.0
20230822143414240,SZSE,SZSE.ETF.159928,0.927,0.93,0.934,0.914,0.0,1.02,0.834,137941685.0,100.0,127126210.56,92.70000000298023,0.0,0.0,20230822,20230822,143414239,0.927,0.0,0.0,0.926,0.925,0.924,0.923,0.922,0.0,0.0,0.0,0.0,0.0,0.927,0.928,0.929,0.93,0.931,0.0,0.0,0.0,0.0,0.0,881600.0,3265200.0,865500.0,608800.0,1002800.0,0.0,0.0,0.0,0.0,0.0,115100.0,2574600.0,945000.0,1017500.0,220500.0,0.0,0.0,0.0,0.0,0.0
20230822143417264,SZSE,SZSE.ETF.159928,0.927,0.93,0.934,0.914,0.0,1.02,0.834,137945285.0,3600.0,127129547.76,3337.2000000029802,0.0,0.0,20230822,20230822,143417266,0.927,0.0,0.0,0.926,0.925,0.924,0.923,0.922,0.0,0.0,0.0,0.0,0.0,0.927,0.928,0.929,0.93,0.931,0.0,0.0,0.0,0.0,0.0,881600.0,3265200.0,865500.0,608800.0,1002800.0,0.0,0.0,0.0,0.0,0.0,111500.0,2574600.0,945000.0,1017500.0,220500.0,0.0,0.0,0.0,0.0,0.0
20230822143420236,SZSE,SZSE.ETF.159928,0.927,0.93,0.934,0.914,0.0,1.02,0.834,137945285.0,0.0,127129547.76,0.0,0.0,0.0,20230822,20230822,143420236,0.927,0.0,0.0,0.926,0.925,0.924,0.923,0.922,0.0,0.0,0.0,0.0,0.0,0.927,0.928,0.929,0.93,0.931,0.0,0.0,0.0,0.0,0.0,681600.0,1265200.0,2865500.0,608800.0,1002800.0,0.0,0.0,0.0,0.0,0.0,131500.0,2574600.0,945000.0,1017500.0,220500.0,0.0,0.0,0.0,0.0,0.0
20230822143423224,SZSE,SZSE.ETF.159928,0.927,0.93,0.934,0.914,0.0,1.02,0.834,137945285.0,0.0,127129547.76,0.0,0.0,0.0,20230822,20230822,143423222,0.927,0.0,0.0,0.926,0.925,0.924,0.923,0.922,0.0,0.0,0.0,0.0,0.0,0.927,0.928,0.929,0.93,0.931,0.0,0.0,0.0,0.0,0.0,681600.0,1465200.0,2865500.0,608800.0,1002800.0,0.0,0.0,0.0,0.0,0.0,131800.0,2574600.0,945000.0,1017500.0,220500.0,0.0,0.0,0.0,0.0,0.0
20230822143426256,SZSE,SZSE.ETF.159928,0.926,0.93,0.934,0.914,0.0,1.02,0.834,137945785.0,500.0,127130010.76,463.0,0.0,0.0,20230822,20230822,143426257,0.927,0.0,0.0,0.926,0.925,0.924,0.923,0.922,0.0,0.0,0.0,0.0,0.0,0.927,0.928,0.929,0.93,0.931,0.0,0.0,0.0,0.0,0.0,681100.0,1746500.0,2865500.0,608800.0,1002800.0,0.0,0.0,0.0,0.0,0.0,331800.0,2574600.0,945000.0,817500.0,220500.0,0.0,0.0,0.0,0.0,0.0
20230822143429240,SZSE,SZSE.ETF.159928,0.926,0.93,0.934,0.914,0.0,1.02,0.834,137945785.0,0.0,127130010.76,0.0,0.0,0.0,20230822,20230822,143429239,0.927,0.0,0.0,0.926,0.925,0.924,0.923,0.922,0.0,0.0,0.0,0.0,0.0,0.927,0.928,0.929,0.93,0.931,0.0,0.0,0.0,0.0,0.0,686000.0,1746500.0,2865500.0,608800.0,1002800.0,0.0,0.0,0.0,0.0,0.0,371800.0,2374600.0,945000.0,817500.0,220500.0,0.0,0.0,0.0,0.0,0.0
20230822143432260,SZSE,SZSE.ETF.159928,0.926,0.93,0.934,0.914,0.0,1.02,0.834,137945785.0,0.0,127130010.76,0.0,0.0,0.0,20230822,20230822,143432261,0.927,0.0,0.0,0.926,0.925,0.924,0.923,0.922,0.0,0.0,0.0,0.0,0.0,0.927,0.928,0.929,0.93,0.931,0.0,0.0,0.0,0.0,0.0,686000.0,1746500.0,2515500.0,958800.0,1002800.0,0.0,0.0,0.0,0.0,0.0,379800.0,2374600.0,945000.0,816500.0,220500.0,0.0,0.0,0.0,0.0,0.0
20230822143435256,SZSE,SZSE.ETF.159928,0.926,0.93,0.934,0.914,0.0,1.02,0.834,137945785.0,0.0,127130010.76,0.0,0.0,0.0,20230822,20230822,143435257,0.927,0.0,0.0,0.926,0.925,0.924,0.923,0.922,0.0,0.0,0.0,0.0,0.0,0.927,0.928,0.929,0.93,0.931,0.0,0.0,0.0,0.0,0.0,136000.0,1746500.0,3365500.0,958800.0,1002800.0,0.0,0.0,0.0,0.0,0.0,881400.0,2374600.0,469600.0,816500.0,220500.0,0.0,0.0,0.0,0.0,0.0
20230822143438284,SZSE,SZSE.ETF.159928,0.926,0.93,0.934,0.914,0.0,1.02,0.834,137945785.0,0.0,127130010.76,0.0,0.0,0.0,20230822,20230822,143438284,0.927,0.0,0.0,0.926,0.925,0.924,0.923,0.922,0.0,0.0,0.0,0.0,0.0,0.927,0.928,0.929,0.93,0.931,0.0,0.0,0.0,0.0,0.0,131000.0,1426500.0,3285500.0,958800.0,1002800.0,0.0,0.0,0.0,0.0,0.0,1225500.0,2254600.0,469600.0,816500.0,220500.0,0.0,0.0,0.0,0.0,0.0
20230822143441276,SZSE,SZSE.ETF.159928,0.926,0.93,0.934,0.914,0.0,1.02,0.834,137945785.0,0.0,127130010.76,0.0,0.0,0.0,20230822,20230822,143441276,0.927,0.0,0.0,0.926,0.925,0.924,0.923,0.922,0.0,0.0,0.0,0.0,0.0,0.927,0.928,0.929,0.93,0.931,0.0,0.0,0.0,0.0,0.0,131000.0,1426500.0,3485500.0,958800.0,1002800.0,0.0,0.0,0.0,0.0,0.0,1225500.0,2254600.0,469600.0,816500.0,220500.0,0.0,0.0,0.0,0.0,0.0
20230822143447280,SZSE,SZSE.ETF.159928,0.926,0.93,0.934,0.914,0.0,1.02,0.834,137945885.0,100.0,127130103.36,92.59999999403954,0.0,0.0,20230822,20230822,143447279,0.927,0.0,0.0,0.926,0.925,0.924,0.923,0.922,0.0,0.0,0.0,0.0,0.0,0.927,0.928,0.929,0.93,0.931,0.0,0.0,0.0,0.0,0.0,130900.0,1426500.0,3135500.0,958800.0,1002800.0,0.0,0.0,0.0,0.0,0.0,1225500.0,2254600.0,469600.0,816500.0,220500.0,0.0,0.0,0.0,0.0,0.0
20230822143450296,SZSE,SZSE.ETF.159928,0.926,0.93,0.934,0.914,0.0,1.02,0.834,137945885.0,0.0,127130103.36,0.0,0.0,0.0,20230822,20230822,143450294,0.927,0.0,0.0,0.926,0.925,0.924,0.923,0.922,0.0,0.0,0.0,0.0,0.0,0.927,0.928,0.929,0.93,0.931,0.0,0.0,0.0,0.0,0.0,135900.0,1426500.0,3135500.0,958800.0,1002800.0,0.0,0.0,0.0,0.0,0.0,1826400.0,1653700.0,469600.0,816500.0,220500.0,0.0,0.0,0.0,0.0,0.0
20230822143453280,SZSE,SZSE.ETF.159928,0.926,0.93,0.934,0.914,0.0,1.02,0.834,138081785.0,135900.0,127255946.76,125843.40000000596,0.0,0.0,20230822,20230822,143453282,0.927,0.0,0.0,0.925,0.924,0.923,0.922,0.921,0.0,0.0,0.0,0.0,0.0,0.927,0.928,0.929,0.93,0.931,0.0,0.0,0.0,0.0,0.0,1186500.0,3140600.0,961000.0,1002800.0,577100.0,0.0,0.0,0.0,0.0,0.0,1826400.0,1458800.0,471800.0,811400.0,220500.0,0.0,0.0,0.0,0.0,0.0
20230822143456232,SZSE,SZSE.ETF.159928,0.925,0.93,0.934,0.914,0.0,1.02,0.834,138082285.0,500.0,127256409.26,462.5,0.0,0.0,20230822,20230822,143456231,0.927,0.0,0.0,0.925,0.924,0.923,0.922,0.921,0.0,0.0,0.0,0.0,0.0,0.927,0.928,0.929,0.93,0.931,0.0,0.0,0.0,0.0,0.0,1066000.0,3260600.0,961000.0,1002800.0,577100.0,0.0,0.0,0.0,0.0,0.0,2026400.0,1458800.0,471800.0,811400.0,220500.0,0.0,0.0,0.0,0.0,0.0
20230822143459236,SZSE,SZSE.ETF.159928,0.927,0.93,0.934,0.914,0.0,1.02,0.834,138092985.0,10700.0,127266326.16,9916.89999999106,0.0,0.0,20230822,20230822,143459237,0.927,0.0,0.0,0.925,0.924,0.923,0.922,0.921,0.0,0.0,0.0,0.0,0.0,0.927,0.928,0.929,0.93,0.931,0.0,0.0,0.0,0.0,0.0,1068100.0,3260600.0,961000.0,1002800.0,577100.0,0.0,0.0,0.0,0.0,0.0,2017700.0,1458800.0,471800.0,811400.0,220500.0,0.0,0.0,0.0,0.0,0.0
20230822143502280,SZSE,SZSE.ETF.159928,0.927,0.93,0.934,0.914,0.0,1.02,0.834,138092985.0,0.0,127266326.16,0.0,0.0,0.0,20230822,20230822,143502282,0.927,0.0,0.0,0.925,0.924,0.923,0.922,0.921,0.0,0.0,0.0,0.0,0.0,0.927,0.928,0.929,0.93,0.931,0.0,0.0,0.0,0.0,0.0,1068100.0,3260600.0,961000.0,1002800.0,577100.0,0.0,0.0,0.0,0.0,0.0,2017800.0,1458800.0,471800.0,811400.0,220500.0,0.0,0.0,0.0,0.0,0.0
20230822143505320,SZSE,SZSE.ETF.159928,0.927,0.93,0.934,0.914,0.0,1.02,0.834,138092985.0,0.0,127266326.16,0.0,0.0,0.0,20230822,20230822,143505321,0.927,0.0,0.0,0.925,0.924,0.923,0.922,0.921,0.0,0.0,0.0,0.0,0.0,0.927,0.928,0.929,0.93,0.931,0.0,0.0,0.0,0.0,0.0,1068100.0,3610600.0,961000.0,1002800.0,577100.0,0.0,0.0,0.0,0.0,0.0,2017800.0,1458800.0,471800.0,811400.0,220500.0,0.0,0.0,0.0,0.0,0.0
20230822143508340,SZSE,SZSE.ETF.159928,0.927,0.93,0.934,0.914,0.0,1.02,0.834,138092985.0,0.0,127266326.16,0.0,0.0,0.0,20230822,20230822,143508340,0.927,0.0,0.0,0.925,0.924,0.923,0.922,0.921,0.0,0.0,0.0,0.0,0.0,0.927,0.928,0.929,0.93,0.931,0.0,0.0,0.0,0.0,0.0,1073100.0,3610600.0,961000.0,1002800.0,577100.0,0.0,0.0,0.0,0.0,0.0,2017800.0,1458800.0,471800.0,811400.0,220500.0,0.0,0.0,0.0,0.0,0.0
20230822143511336,SZSE,SZSE.ETF.159928,0.927,0.93,0.934,0.914,0.0,1.02,0.834,138092985.0,0.0,127266326.16,0.0,0.0,0.0,20230822,20230822,143511335,0.927,0.0,0.0,0.925,0.924,0.923,0.922,0.921,0.0,0.0,0.0,0.0,0.0,0.926,0.927,0.928,0.929,0.93,0.0,0.0,0.0,0.0,0.0,1073100.0,3610600.0,961000.0,1002800.0,577100.0,0.0,0.0,0.0,0.0,0.0,9000.0,2017800.0,1459100.0,471800.0,811400.0,0.0,0.0,0.0,0.0,0.0
20230822143514288,SZSE,SZSE.ETF.159928,0.925,0.93,0.934,0.914,0.0,1.02,0.834,138148185.0,55200.0,127317391.36,51065.20000000298,0.0,0.0,20230822,20230822,143514286,0.927,0.0,0.0,0.925,0.924,0.923,0.922,0.921,0.0,0.0,0.0,0.0,0.0,0.926,0.927,0.928,0.929,0.93,0.0,0.0,0.0,0.0,0.0,1023100.0,3610600.0,961000.0,1002800.0,577100.0,0.0,0.0,0.0,0.0,0.0,3800.0,2137800.0,1359100.0,471800.0,811400.0,0.0,0.0,0.0,0.0,0.0
20230822143517380,SZSE,SZSE.ETF.159928,0.925,0.93,0.934,0.914,0.0,1.02,0.834,138148185.0,0.0,127317391.36,0.0,0.0,0.0,20230822,20230822,143517379,0.927,0.0,0.0,0.925,0.924,0.923,0.922,0.921,0.0,0.0,0.0,0.0,0.0,0.926,0.927,0.928,0.929,0.93,0.0,0.0,0.0,0.0,0.0,1023200.0,3610600.0,961000.0,1002800.0,577100.0,0.0,0.0,0.0,0.0,0.0,3800.0,2137800.0,1359100.0,471800.0,811400.0,0.0,0.0,0.0,0.0,0.0
20230822143520320,SZSE,SZSE.ETF.159928,0.925,0.93,0.934,0.914,0.0,1.02,0.834,138148185.0,0.0,127317391.36,0.0,0.0,0.0,20230822,20230822,143520320,0.927,0.0,0.0,0.925,0.924,0.923,0.922,0.921,0.0,0.0,0.0,0.0,0.0,0.926,0.927,0.928,0.929,0.93,0.0,0.0,0.0,0.0,0.0,1028600.0,3260600.0,961000.0,1002800.0,577100.0,0.0,0.0,0.0,0.0,0.0,3800.0,2137800.0,1359100.0,471800.0,811400.0,0.0,0.0,0.0,0.0,0.0
20230822143523252,SZSE,SZSE.ETF.159928,0.925,0.93,0.934,0.914,0.0,1.02,0.834,138148185.0,0.0,127317391.36,0.0,0.0,0.0,20230822,20230822,143523251,0.927,0.0,0.0,0.925,0.924,0.923,0.922,0.921,0.0,0.0,0.0,0.0,0.0,0.926,0.927,0.928,0.929,0.93,0.0,0.0,0.0,0.0,0.0,1028600.0,3610600.0,961000.0,1002800.0,577100.0,0.0,0.0,0.0,0.0,0.0,3800.0,2177800.0,1359100.0,471800.0,811400.0,0.0,0.0,0.0,0.0,0.0
20230822143526272,SZSE,SZSE.ETF.159928,0.925,0.93,0.934,0.914,0.0,1.02,0.834,138148585.0,400.0,127317761.36,370.0,0.0,0.0,20230822,20230822,143526270,0.927,0.0,0.0,0.925,0.924,0.923,0.922,0.921,0.0,0.0,0.0,0.0,0.0,0.926,0.927,0.928,0.929,0.93,0.0,0.0,0.0,0.0,0.0,1028200.0,3610600.0,961000.0,1002800.0,577100.0,0.0,0.0,0.0,0.0,0.0,3800.0,2195300.0,1359100.0,471800.0,811400.0,0.0,0.0,0.0,0.0,0.0
20230822143529292,SZSE,SZSE.ETF.159928,0.926,0.93,0.934,0.914,0.0,1.02,0.834,138154285.0,5700.0,127323038.56,5277.20000000298,0.0,0.0,20230822,20230822,143529293,0.927,0.0,0.0,0.925,0.924,0.923,0.922,0.921,0.0,0.0,0.0,0.0,0.0,0.927,0.928,0.929,0.93,0.931,0.0,0.0,0.0,0.0,0.0,1027200.0,3610700.0,961000.0,1002800.0,577100.0,0.0,0.0,0.0,0.0,0.0,2195300.0,1359100.0,471800.0,811400.0,220500.0,0.0,0.0,0.0,0.0,0.0
20230822143532280,SZSE,SZSE.ETF.159928,0.926,0.93,0.934,0.914,0.0,1.02,0.834,138154285.0,0.0,127323038.56,0.0,0.0,0.0,20230822,20230822,143532279,0.927,0.0,0.0,0.925,0.924,0.923,0.922,0.921,0.0,0.0,0.0,0.0,0.0,0.926,0.927,0.928,0.929,0.93,0.0,0.0,0.0,0.0,0.0,1047400.0,3610700.0,961000.0,1002800.0,577100.0,0.0,0.0,0.0,0.0,0.0,24600.0,2315300.0,1479100.0,471800.0,571400.0,0.0,0.0,0.0,0.0,0.0
20230822143535264,SZSE,SZSE.ETF.159928,0.926,0.93,0.934,0.914,0.0,1.02,0.834,138160585.0,6300.0,127328872.06,5833.5,0.0,0.0,20230822,20230822,143535264,0.927,0.0,0.0,0.925,0.924,0.923,0.922,0.921,0.0,0.0,0.0,0.0,0.0,0.926,0.927,0.928,0.929,0.93,0.0,0.0,0.0,0.0,0.0,1047100.0,3610700.0,961000.0,1002800.0,577100.0,0.0,0.0,0.0,0.0,0.0,32500.0,2437300.0,1359100.0,471800.0,571400.0,0.0,0.0,0.0,0.0,0.0
20230822143538236,SZSE,SZSE.ETF.159928,0.926,0.93,0.934,0.914,0.0,1.02,0.834,138160585.0,0.0,127328872.06,0.0,0.0,0.0,20230822,20230822,143538237,0.927,0.0,0.0,0.925,0.924,0.923,0.922,0.921,0.0,0.0,0.0,0.0,0.0,0.926,0.927,0.928,0.929,0.93,0.0,0.0,0.0,0.0,0.0,1047600.0,3610700.0,961000.0,1002800.0,577100.0,0.0,0.0,0.0,0.0,0.0,32500.0,2437300.0,1359300.0,471800.0,571400.0,0.0,0.0,0.0,0.0,0.0
20230822143541252,SZSE,SZSE.ETF.159928,0.926,0.93,0.934,0.914,0.0,1.02,0.834,138420185.0,259600.0,127569046.26,240174.20000000298,0.0,0.0,20230822,20230822,143541252,0.927,0.0,0.0,0.925,0.924,0.923,0.922,0.921,0.0,0.0,0.0,0.0,0.0,0.927,0.928,0.929,0.93,0.931,0.0,0.0,0.0,0.0,0.0,831700.0,3610700.0,961100.0,1005800.0,577100.0,0.0,0.0,0.0,0.0,0.0,2197400.0,1362300.0,471700.0,813400.0,217500.0,0.0,0.0,0.0,0.0,0.0
20230822143544248,SZSE,SZSE.ETF.159928,0.926,0.93,0.934,0.914,0.0,1.02,0.834,138420185.0,0.0,127569046.26,0.0,0.0,0.0,20230822,20230822,143544248,0.927,0.0,0.0,0.925,0.924,0.923,0.922,0.921,0.0,0.0,0.0,0.0,0.0,0.927,0.928,0.929,0.93,0.931,0.0,0.0,0.0,0.0,0.0,831700.0,3610700.0,961100.0,1005800.0,577100.0,0.0,0.0,0.0,0.0,0.0,2077400.0,1482300.0,471700.0,813400.0,217500.0,0.0,0.0,0.0,0.0,0.0
20230822143550224,SZSE,SZSE.ETF.159928,0.926,0.93,0.934,0.914,0.0,1.02,0.834,138420185.0,0.0,127569046.26,0.0,0.0,0.0,20230822,20230822,143550226,0.927,0.0,0.0,0.925,0.924,0.923,0.922,0.921,0.0,0.0,0.0,0.0,0.0,0.927,0.928,0.929,0.93,0.931,0.0,0.0,0.0,0.0,0.0,836500.0,3610700.0,961100.0,1015800.0,577100.0,0.0,0.0,0.0,0.0,0.0,2077400.0,1482300.0,471700.0,813400.0,217500.0,0.0,0.0,0.0,0.0,0.0
20230822143553264,SZSE,SZSE.ETF.159928,0.926,0.93,0.934,0.914,0.0,1.02,0.834,138420185.0,0.0,127569046.26,0.0,0.0,0.0,20230822,20230822,143553265,0.927,0.0,0.0,0.925,0.924,0.923,0.922,0.921,0.0,0.0,0.0,0.0,0.0,0.926,0.927,0.928,0.929,0.93,0.0,0.0,0.0,0.0,0.0,837600.0,3610700.0,961100.0,1015800.0,577100.0,0.0,0.0,0.0,0.0,0.0,1000.0,2077400.0,1482300.0,471700.0,823400.0,0.0,0.0,0.0,0.0,0.0
20230822143556236,SZSE,SZSE.ETF.159928,0.925,0.93,0.934,0.914,0.0,1.02,0.834,138445085.0,24900.0,127592083.66,23037.39999999106,0.0,0.0,20230822,20230822,143556237,0.927,0.0,0.0,0.925,0.924,0.923,0.922,0.921,0.0,0.0,0.0,0.0,0.0,0.927,0.928,0.929,0.93,0.931,0.0,0.0,0.0,0.0,0.0,812800.0,3610700.0,961100.0,1015800.0,577100.0,0.0,0.0,0.0,0.0,0.0,2197400.0,1392300.0,471700.0,823400.0,217500.0,0.0,0.0,0.0,0.0,0.0
20230822143559276,SZSE,SZSE.ETF.159928,0.925,0.93,0.934,0.914,0.0,1.02,0.834,138445085.0,0.0,127592083.66,0.0,0.0,0.0,20230822,20230822,143559277,0.927,0.0,0.0,0.925,0.924,0.923,0.922,0.921,0.0,0.0,0.0,0.0,0.0,0.927,0.928,0.929,0.93,0.931,0.0,0.0,0.0,0.0,0.0,823800.0,3611500.0,961100.0,1015800.0,577100.0,0.0,0.0,0.0,0.0,0.0,2077400.0,1512300.0,471700.0,823400.0,217500.0,0.0,0.0,0.0,0.0,0.0
20230822143602308,SZSE,SZSE.ETF.159928,0.925,0.93,0.934,0.914,0.0,1.02,0.834,138445085.0,0.0,127592083.66,0.0,0.0,0.0,20230822,20230822,143602309,0.927,0.0,0.0,0.925,0.924,0.923,0.922,0.921,0.0,0.0,0.0,0.0,0.0,0.927,0.928,0.929,0.93,0.931,0.0,0.0,0.0,0.0,0.0,818400.0,3261500.0,961100.0,1015800.0,577100.0,0.0,0.0,0.0,0.0,0.0,2077400.0,1512300.0,471700.0,823400.0,217500.0,0.0,0.0,0.0,0.0,0.0
20230822143605264,SZSE,SZSE.ETF.159928,0.925,0.93,0.934,0.914,0.0,1.02,0.834,138445085.0,0.0,127592083.66,0.0,0.0,0.0,20230822,20230822,143605265,0.927,0.0,0.0,0.925,0.924,0.923,0.922,0.921,0.0,0.0,0.0,0.0,0.0,0.927,0.928,0.929,0.93,0.931,0.0,0.0,0.0,0.0,0.0,820400.0,3261500.0,961100.0,1015800.0,577100.0,0.0,0.0,0.0,0.0,0.0,2072400.0,1512300.0,471700.0,823400.0,217500.0,0.0,0.0,0.0,0.0,0.0
20230822143608360,SZSE,SZSE.ETF.159928,0.925,0.93,0.934,0.914,0.0,1.02,0.834,138446085.0,1000.0,127593008.66,925.0,0.0,0.0,20230822,20230822,143608361,0.927,0.0,0.0,0.925,0.924,0.923,0.922,0.921,0.0,0.0,0.0,0.0,0.0,0.927,0.928,0.929,0.93,0.931,0.0,0.0,0.0,0.0,0.0,824400.0,1246500.0,961100.0,1365800.0,592100.0,0.0,0.0,0.0,0.0,0.0,2072400.0,1512300.0,471700.0,823400.0,217500.0,0.0,0.0,0.0,0.0,0.0
20230822143611356,SZSE,SZSE.ETF.159928,0.925,0.93,0.934,0.914,0.0,1.02,0.834,138446085.0,0.0,127593008.66,0.0,0.0,0.0,20230822,20230822,143611355,0.927,0.0,0.0,0.925,0.924,0.923,0.922,0.921,0.0,0.0,0.0,0.0,0.0,0.927,0.928,0.929,0.93,0.931,0.0,0.0,0.0,0.0,0.0,824400.0,1246500.0,2961100.0,1365800.0,592100.0,0.0,0.0,0.0,0.0,0.0,2072400.0,1512300.0,471700.0,823400.0,217500.0,0.0,0.0,0.0,0.0,0.0
20230822143614344,SZSE,SZSE.ETF.159928,0.925,0.93,0.934,0.914,0.0,1.02,0.834,138450785.0,4700.0,127597356.16,4347.5,0.0,0.0,20230822,20230822,143614343,0.927,0.0,0.0,0.925,0.924,0.923,0.922,0.921,0.0,0.0,0.0,0.0,0.0,0.927,0.928,0.929,0.93,0.931,0.0,0.0,0.0,0.0,0.0,669700.0,1246500.0,2961100.0,1365800.0,592100.0,0.0,0.0,0.0,0.0,0.0,2072400.0,1512300.0,471700.0,813400.0,217500.0,0.0,0.0,0.0,0.0,0.0
20230822143617364,SZSE,SZSE.ETF.159928,0.925,0.93,0.934,0.914,0.0,1.02,0.834,138654685.0,203900.0,127785963.66,188607.5,0.0,0.0,20230822,20230822,143617365,0.927,0.0,0.0,0.925,0.924,0.923,0.922,0.921,0.0,0.0,0.0,0.0,0.0,0.926,0.927,0.928,0.929,0.93,0.0,0.0,0.0,0.0,0.0,179500.0,1246500.0,3111100.0,1365800.0,592100.0,0.0,0.0,0.0,0.0,0.0,1187400.0,1711500.0,1012300.0,385200.0,573400.0,0.0,0.0,0.0,0.0,0.0
20230822143620352,SZSE,SZSE.ETF.159928,0.925,0.93,0.934,0.914,0.0,1.02,0.834,138654685.0,0.0,127785963.66,0.0,0.0,0.0,20230822,20230822,143620351,0.927,0.0,0.0,0.925,0.924,0.923,0.922,0.921,0.0,0.0,0.0,0.0,0.0,0.926,0.927,0.928,0.929,0.93,0.0,0.0,0.0,0.0,0.0,174500.0,1246500.0,3311100.0,1365800.0,592100.0,0.0,0.0,0.0,0.0,0.0,1587400.0,1531500.0,892300.0,385200.0,573400.0,0.0,0.0,0.0,0.0,0.0
20230822143638308,SZSE,SZSE.ETF.159928,0.925,0.93,0.934,0.914,0.0,1.02,0.834,138835085.0,0.0,127952833.66,0.0,0.0,0.0,20230822,20230822,143638309,0.927,0.0,0.0,0.924,0.923,0.922,0.921,0.92,0.0,0.0,0.0,0.0,0.0,0.925,0.926,0.927,0.928,0.929,0.0,0.0,0.0,0.0,0.0,571600.0,1336100.0,3365800.0,592100.0,647200.0,0.0,0.0,0.0,0.0,0.0,606600.0,1916500.0,1071500.0,892300.0,155200.0,0.0,0.0,0.0,0.0,0.0
20230822143641292,SZSE,SZSE.ETF.159928,0.925,0.93,0.934,0.914,0.0,1.02,0.834,138835085.0,0.0,127952833.66,0.0,0.0,0.0,20230822,20230822,143641293,0.927,0.0,0.0,0.924,0.923,0.922,0.921,0.92,0.0,0.0,0.0,0.0,0.0,0.925,0.926,0.927,0.928,0.929,0.0,0.0,0.0,0.0,0.0,71600.0,1336200.0,3515800.0,942100.0,647200.0,0.0,0.0,0.0,0.0,0.0,1439600.0,1616500.0,571500.0,692300.0,155200.0,0.0,0.0,0.0,0.0,0.0
20230822143644300,SZSE,SZSE.ETF.159928,0.925,0.93,0.934,0.914,0.0,1.02,0.834,138835085.0,0.0,127952833.66,0.0,0.0,0.0,20230822,20230822,143644300,0.927,0.0,0.0,0.924,0.923,0.922,0.921,0.92,0.0,0.0,0.0,0.0,0.0,0.925,0.926,0.927,0.928,0.929,0.0,0.0,0.0,0.0,0.0,66600.0,1336200.0,3715800.0,942100.0,647200.0,0.0,0.0,0.0,0.0,0.0,1639600.0,1616500.0,571500.0,692300.0,155200.0,0.0,0.0,0.0,0.0,0.0
20230822143647348,SZSE,SZSE.ETF.159928,0.925,0.93,0.934,0.914,0.0,1.02,0.834,138835085.0,0.0,127952833.66,0.0,0.0,0.0,20230822,20230822,143647347,0.927,0.0,0.0,0.924,0.923,0.922,0.921,0.92,0.0,0.0,0.0,0.0,0.0,0.925,0.926,0.927,0.928,0.929,0.0,0.0,0.0,0.0,0.0,66600.0,1336200.0,4065900.0,942100.0,647200.0,0.0,0.0,0.0,0.0,0.0,1639600.0,1616500.0,571500.0,692300.0,155200.0,0.0,0.0,0.0,0.0,0.0
20230822143650280,SZSE,SZSE.ETF.159928,0.925,0.93,0.934,0.914,0.0,1.02,0.834,138835085.0,0.0,127952833.66,0.0,0.0,0.0,20230822,20230822,143650281,0.927,0.0,0.0,0.924,0.923,0.922,0.921,0.92,0.0,0.0,0.0,0.0,0.0,0.925,0.926,0.927,0.928,0.929,0.0,0.0,0.0,0.0,0.0,66600.0,1216200.0,3635900.0,942100.0,647200.0,0.0,0.0,0.0,0.0,0.0,1759600.0,1496500.0,571500.0,692300.0,155200.0,0.0,0.0,0.0,0.0,0.0
20230822143653300,SZSE,SZSE.ETF.159928,0.925,0.93,0.934,0.914,0.0,1.02,0.834,138835085.0,0.0,127952833.66,0.0,0.0,0.0,20230822,20230822,143653300,0.927,0.0,0.0,0.924,0.923,0.922,0.921,0.92,0.0,0.0,0.0,0.0,0.0,0.925,0.926,0.927,0.928,0.929,0.0,0.0,0.0,0.0,0.0,71900.0,1216200.0,3985900.0,942200.0,647200.0,0.0,0.0,0.0,0.0,0.0,1759600.0,1296500.0,571500.0,692300.0,155200.0,0.0,0.0,0.0,0.0,0.0
20230822143659288,SZSE,SZSE.ETF.159928,0.925,0.93,0.934,0.914,0.0,1.02,0.834,138840685.0,5200.0,127958013.26,4810.0,0.0,0.0,20230822,20230822,143659288,0.927,0.0,0.0,0.924,0.923,0.922,0.921,0.92,0.0,0.0,0.0,0.0,0.0,0.925,0.926,0.927,0.928,0.929,0.0,0.0,0.0,0.0,0.0,72500.0,1256200.0,3985900.0,942200.0,647300.0,0.0,0.0,0.0,0.0,0.0,1948700.0,1296500.0,571500.0,692300.0,155200.0,0.0,0.0,0.0,0.0,0.0
20230822143702336,SZSE,SZSE.ETF.159928,0.924,0.93,0.934,0.914,0.0,1.02,0.834,138882685.0,42000.0,127996821.26,38808.0,0.0,0.0,20230822,20230822,143702337,0.927,0.0,0.0,0.924,0.923,0.922,0.921,0.92,0.0,0.0,0.0,0.0,0.0,0.925,0.926,0.927,0.928,0.929,0.0,0.0,0.0,0.0,0.0,30500.0,1256200.0,3985900.0,942200.0,647300.0,0.0,0.0,0.0,0.0,0.0,1948800.0,1296500.0,571500.0,692300.0,155200.0,0.0,0.0,0.0,0.0,0.0
20230822143705304,SZSE,SZSE.ETF.159928,0.924,0.93,0.934,0.914,0.0,1.02,0.834,138882685.0,0.0,127996821.26,0.0,0.0,0.0,20230822,20230822,143705302,0.927,0.0,0.0,0.924,0.923,0.922,0.921,0.92,0.0,0.0,0.0,0.0,0.0,0.925,0.926,0.927,0.928,0.929,0.0,0.0,0.0,0.0,0.0,30500.0,1261200.0,3985900.0,942200.0,647300.0,0.0,0.0,0.0,0.0,0.0,1948800.0,1296500.0,571500.0,692300.0,155200.0,0.0,0.0,0.0,0.0,0.0
20230822143708336,SZSE,SZSE.ETF.159928,0.925,0.93,0.934,0.914,0.0,1.02,0.834,138883685.0,1000.0,127997746.26,925.0,0.0,0.0,20230822,20230822,143708338,0.927,0.0,0.0,0.924,0.923,0.922,0.921,0.92,0.0,0.0,0.0,0.0,0.0,0.925,0.926,0.927,0.928,0.929,0.0,0.0,0.0,0.0,0.0,30500.0,1261200.0,3985900.0,942200.0,647300.0,0.0,0.0,0.0,0.0,0.0,1947800.0,1296500.0,571500.0,692300.0,155200.0,0.0,0.0,0.0,0.0,0.0
20230822143711328,SZSE,SZSE.ETF.159928,0.925,0.93,0.934,0.914,0.0,1.02,0.834,138883685.0,0.0,127997746.26,0.0,0.0,0.0,20230822,20230822,143711330,0.927,0.0,0.0,0.924,0.923,0.922,0.921,0.92,0.0,0.0,0.0,0.0,0.0,0.925,0.926,0.927,0.928,0.929,0.0,0.0,0.0,0.0,0.0,30600.0,1303200.0,3985900.0,942200.0,647300.0,0.0,0.0,0.0,0.0,0.0,1947800.0,1296500.0,611500.0,692300.0,155200.0,0.0,0.0,0.0,0.0,0.0
20230822143714288,SZSE,SZSE.ETF.159928,0.925,0.93,0.934,0.914,0.0,1.02,0.834,138883685.0,0.0,127997746.26,0.0,0.0,0.0,20230822,20230822,143714288,0.927,0.0,0.0,0.924,0.923,0.922,0.921,0.92,0.0,0.0,0.0,0.0,0.0,0.925,0.926,0.927,0.928,0.929,0.0,0.0,0.0,0.0,0.0,36600.0,1303200.0,3986000.0,942200.0,647300.0,0.0,0.0,0.0,0.0,0.0,1353100.0,1894200.0,611500.0,692300.0,155200.0,0.0,0.0,0.0,0.0,0.0
20230822143717288,SZSE,SZSE.ETF.159928,0.925,0.93,0.934,0.914,0.0,1.02,0.834,138891885.0,8200.0,128005331.26,7585.0,0.0,0.0,20230822,20230822,143717287,0.927,0.0,0.0,0.924,0.923,0.922,0.921,0.92,0.0,0.0,0.0,0.0,0.0,0.925,0.926,0.927,0.928,0.929,0.0,0.0,0.0,0.0,0.0,36600.0,3423200.0,2066000.0,942200.0,647300.0,0.0,0.0,0.0,0.0,0.0,1024900.0,4014200.0,611500.0,692300.0,155200.0,0.0,0.0,0.0,0.0,0.0
20230822143726288,SZSE,SZSE.ETF.159928,0.925,0.93,0.934,0.914,0.0,1.02,0.834,138906185.0,2100.0,128018547.66,1941.3999999910593,0.0,0.0,20230822,20230822,143726289,0.927,0.0,0.0,0.924,0.923,0.922,0.921,0.92,0.0,0.0,0.0,0.0,0.0,0.925,0.926,0.927,0.928,0.929,0.0,0.0,0.0,0.0,0.0,526600.0,3423200.0,1566000.0,942200.0,647300.0,0.0,0.0,0.0,0.0,0.0,321700.0,4214200.0,1114500.0,892300.0,155200.0,0.0,0.0,0.0,0.0,0.0
20230822143729232,SZSE,SZSE.ETF.159928,0.924,0.93,0.934,0.914,0.0,1.02,0.834,138986785.0,80600.0,128093022.06,74474.40000000596,0.0,0.0,20230822,20230822,143729233,0.927,0.0,0.0,0.924,0.923,0.922,0.921,0.92,0.0,0.0,0.0,0.0,0.0,0.925,0.926,0.927,0.928,0.929,0.0,0.0,0.0,0.0,0.0,451000.0,3768200.0,1371100.0,592200.0,647300.0,0.0,0.0,0.0,0.0,0.0,121700.0,4219300.0,1114500.0,887200.0,155200.0,0.0,0.0,0.0,0.0,0.0
20230822143732276,SZSE,SZSE.ETF.159928,0.924,0.93,0.934,0.914,0.0,1.02,0.834,138986785.0,0.0,128093022.06,0.0,0.0,0.0,20230822,20230822,143732277,0.927,0.0,0.0,0.924,0.923,0.922,0.921,0.92,0.0,0.0,0.0,0.0,0.0,0.925,0.926,0.927,0.928,0.929,0.0,0.0,0.0,0.0,0.0,446000.0,3768200.0,1371100.0,592200.0,647300.0,0.0,0.0,0.0,0.0,0.0,121700.0,4419300.0,1134500.0,887200.0,155200.0,0.0,0.0,0.0,0.0,0.0
20230822143735272,SZSE,SZSE.ETF.159928,0.924,0.93,0.934,0.914,0.0,1.02,0.834,138986785.0,0.0,128093022.06,0.0,0.0,0.0,20230822,20230822,143735271,0.927,0.0,0.0,0.924,0.923,0.922,0.921,0.92,0.0,0.0,0.0,0.0,0.0,0.925,0.926,0.927,0.928,0.929,0.0,0.0,0.0,0.0,0.0,650800.0,3418200.0,1371100.0,592200.0,647300.0,0.0,0.0,0.0,0.0,0.0,121700.0,4419300.0,1134500.0,887200.0,155200.0,0.0,0.0,0.0,0.0,0.0
20230822143738240,SZSE,SZSE.ETF.159928,0.924,0.93,0.934,0.914,0.0,1.02,0.834,138986785.0,0.0,128093022.06,0.0,0.0,0.0,20230822,20230822,143738242,0.927,0.0,0.0,0.924,0.923,0.922,0.921,0.92,0.0,0.0,0.0,0.0,0.0,0.925,0.926,0.927,0.928,0.929,0.0,0.0,0.0,0.0,0.0,651000.0,3418200.0,1371100.0,592200.0,667300.0,0.0,0.0,0.0,0.0,0.0,121700.0,4419300.0,1134500.0,887200.0,155200.0,0.0,0.0,0.0,0.0,0.0
20230822143741232,SZSE,SZSE.ETF.159928,0.925,0.93,0.934,0.914,0.0,1.02,0.834,138991985.0,5200.0,128097832.06,4810.0,0.0,0.0,20230822,20230822,143741232,0.927,0.0,0.0,0.924,0.923,0.922,0.921,0.92,0.0,0.0,0.0,0.0,0.0,0.925,0.926,0.927,0.928,0.929,0.0,0.0,0.0,0.0,0.0,651000.0,3418200.0,1371100.0,592200.0,667300.0,0.0,0.0,0.0,0.0,0.0,116500.0,4419300.0,1134500.0,887200.0,155200.0,0.0,0.0,0.0,0.0,0.0
20230822143744200,SZSE,SZSE.ETF.159928,0.925,0.93,0.934,0.914,0.0,1.02,0.834,138991985.0,0.0,128097832.06,0.0,0.0,0.0,20230822,20230822,143744202,0.927,0.0,0.0,0.924,0.923,0.922,0.921,0.92,0.0,0.0,0.0,0.0,0.0,0.925,0.926,0.927,0.928,0.929,0.0,0.0,0.0,0.0,0.0,651000.0,3418200.0,1371100.0,592200.0,667300.0,0.0,0.0,0.0,0.0,0.0,117500.0,4419300.0,1134500.0,887200.0,155200.0,0.0,0.0,0.0,0.0,0.0
20230822143747260,SZSE,SZSE.ETF.159928,0.925,0.93,0.934,0.914,0.0,1.02,0.834,138991985.0,0.0,128097832.06,0.0,0.0,0.0,20230822,20230822,143747259,0.927,0.0,0.0,0.924,0.923,0.922,0.921,0.92,0.0,0.0,0.0,0.0,0.0,0.925,0.926,0.927,0.928,0.929,0.0,0.0,0.0,0.0,0.0,661000.0,3418200.0,1371100.0,592200.0,667300.0,0.0,0.0,0.0,0.0,0.0,117500.0,4419300.0,1134500.0,887200.0,155200.0,0.0,0.0,0.0,0.0,0.0
20230822143750216,SZSE,SZSE.ETF.159928,0.925,0.93,0.934,0.914,0.0,1.02,0.834,138991985.0,0.0,128097832.06,0.0,0.0,0.0,20230822,20230822,143750217,0.927,0.0,0.0,0.924,0.923,0.922,0.921,0.92,0.0,0.0,0.0,0.0,0.0,0.925,0.926,0.927,0.928,0.929,0.0,0.0,0.0,0.0,0.0,661000.0,3768200.0,1371100.0,592200.0,667300.0,0.0,0.0,0.0,0.0,0.0,117500.0,4419300.0,1134500.0,887200.0,155200.0,0.0,0.0,0.0,0.0,0.0
20230822143753216,SZSE,SZSE.ETF.159928,0.925,0.93,0.934,0.914,0.0,1.02,0.834,138997385.0,5400.0,128102826.36,4994.29999999702,0.0,0.0,20230822,20230822,143753214,0.927,0.0,0.0,0.924,0.923,0.922,0.921,0.92,0.0,0.0,0.0,0.0,0.0,0.925,0.926,0.927,0.928,0.929,0.0,0.0,0.0,0.0,0.0,661300.0,3768200.0,1371100.0,592200.0,667300.0,0.0,0.0,0.0,0.0,0.0,112800.0,4419300.0,1134500.0,887200.0,155200.0,0.0,0.0,0.0,0.0,0.0
20230822143756228,SZSE,SZSE.ETF.159928,0.924,0.93,0.934,0.914,0.0,1.02,0.834,139002185.0,4800.0,128107261.86,4435.5,0.0,0.0,20230822,20230822,143756227,0.927,0.0,0.0,0.924,0.923,0.922,0.921,0.92,0.0,0.0,0.0,0.0,0.0,0.925,0.926,0.927,0.928,0.929,0.0,0.0,0.0,0.0,0.0,943400.0,3768200.0,1371700.0,592200.0,898400.0,0.0,0.0,0.0,0.0,0.0,112500.0,4419300.0,1114500.0,887200.0,155200.0,0.0,0.0,0.0,0.0,0.0
20230822143802272,SZSE,SZSE.ETF.159928,0.924,0.93,0.934,0.914,0.0,1.02,0.834,139004185.0,2000.0,128109109.86,1848.0,0.0,0.0,20230822,20230822,143802273,0.927,0.0,0.0,0.924,0.923,0.922,0.921,0.92,0.0,0.0,0.0,0.0,0.0,0.925,0.926,0.927,0.928,0.929,0.0,0.0,0.0,0.0,0.0,941400.0,3768200.0,1371700.0,592200.0,898400.0,0.0,0.0,0.0,0.0,0.0,112500.0,4419300.0,1114500.0,887200.0,155200.0,0.0,0.0,0.0,0.0,0.0
20230822143805236,SZSE,SZSE.ETF.159928,0.924,0.93,0.934,0.914,0.0,1.02,0.834,139004185.0,0.0,128109109.86,0.0,0.0,0.0,20230822,20230822,143805236,0.927,0.0,0.0,0.924,0.923,0.922,0.921,0.92,0.0,0.0,0.0,0.0,0.0,0.925,0.926,0.927,0.928,0.929,0.0,0.0,0.0,0.0,0.0,941400.0,3768700.0,1371700.0,592200.0,898400.0,0.0,0.0,0.0,0.0,0.0,112500.0,4419300.0,1114500.0,887200.0,155200.0,0.0,0.0,0.0,0.0,0.0
20230822143808256,SZSE,SZSE.ETF.159928,0.924,0.93,0.934,0.914,0.0,1.02,0.834,139004185.0,0.0,128109109.86,0.0,0.0,0.0,20230822,20230822,143808258,0.927,0.0,0.0,0.924,0.923,0.922,0.921,0.92,0.0,0.0,0.0,0.0,0.0,0.925,0.926,0.927,0.928,0.929,0.0,0.0,0.0,0.0,0.0,941400.0,3418700.0,1371700.0,592200.0,898400.0,0.0,0.0,0.0,0.0,0.0,132500.0,4419300.0,1114500.0,887200.0,155200.0,0.0,0.0,0.0,0.0,0.0
20230822143811224,SZSE,SZSE.ETF.159928,0.924,0.93,0.934,0.914,0.0,1.02,0.834,139004185.0,0.0,128109109.86,0.0,0.0,0.0,20230822,20230822,143811223,0.927,0.0,0.0,0.924,0.923,0.922,0.921,0.92,0.0,0.0,0.0,0.0,0.0,0.925,0.926,0.927,0.928,0.929,0.0,0.0,0.0,0.0,0.0,941400.0,3419700.0,1371700.0,592200.0,898400.0,0.0,0.0,0.0,0.0,0.0,132500.0,4419300.0,1114500.0,887200.0,155200.0,0.0,0.0,0.0,0.0,0.0
20230822143814212,SZSE,SZSE.ETF.159928,0.925,0.93,0.934,0.914,0.0,1.02,0.834,139008985.0,4800.0,128113549.86,4440.0,0.0,0.0,20230822,20230822,143814211,0.927,0.0,0.0,0.924,0.923,0.922,0.921,0.92,0.0,0.0,0.0,0.0,0.0,0.925,0.926,0.927,0.928,0.929,0.0,0.0,0.0,0.0,0.0,941400.0,3419700.0,1371700.0,592200.0,898400.0,0.0,0.0,0.0,0.0,0.0,127700.0,4419300.0,1114500.0,887200.0,155200.0,0.0,0.0,0.0,0.0,0.0
20230822143817288,SZSE,SZSE.ETF.159928,0.925,0.93,0.934,0.914,0.0,1.02,0.834,139009085.0,100.0,128113642.36,92.5,0.0,0.0,20230822,20230822,143817289,0.927,0.0,0.0,0.924,0.923,0.922,0.921,0.92,0.0,0.0,0.0,0.0,0.0,0.925,0.926,0.927,0.928,0.929,0.0,0.0,0.0,0.0,0.0,941400.0,3419700.0,1371700.0,592200.0,898400.0,0.0,0.0,0.0,0.0,0.0,127600.0,4419300.0,1114500.0,887200.0,155200.0,0.0,0.0,0.0,0.0,0.0
20230822143820272,SZSE,SZSE.ETF.159928,0.925,0.93,0.934,0.914,0.0,1.02,0.834,139063085.0,54000.0,128163592.36,49950.0,0.0,0.0,20230822,20230822,143820273,0.927,0.0,0.0,0.924,0.923,0.922,0.921,0.92,0.0,0.0,0.0,0.0,0.0,0.925,0.926,0.927,0.928,0.929,0.0,0.0,0.0,0.0,0.0,941400.0,3463000.0,1372100.0,592200.0,898400.0,0.0,0.0,0.0,0.0,0.0,31100.0,4419300.0,1116500.0,887200.0,155200.0,0.0,0.0,0.0,0.0,0.0
20230822143823200,SZSE,SZSE.ETF.159928,0.925,0.93,0.934,0.914,0.0,1.02,0.834,139065085.0,2000.0,128165442.36,1850.0,0.0,0.0,20230822,20230822,143823198,0.927,0.0,0.0,0.924,0.923,0.922,0.921,0.92,0.0,0.0,0.0,0.0,0.0,0.925,0.926,0.927,0.928,0.929,0.0,0.0,0.0,0.0,0.0,999900.0,3463000.0,1372100.0,592200.0,898400.0,0.0,0.0,0.0,0.0,0.0,29100.0,4519300.0,1116500.0,887200.0,155200.0,0.0,0.0,0.0,0.0,0.0
20230822143826200,SZSE,SZSE.ETF.159928,0.924,0.93,0.934,0.914,0.0,1.02,0.834,139065585.0,500.0,128165904.36,462.0,0.0,0.0,20230822,20230822,143826198,0.927,0.0,0.0,0.924,0.923,0.922,0.921,0.92,0.0,0.0,0.0,0.0,0.0,0.925,0.926,0.927,0.928,0.929,0.0,0.0,0.0,0.0,0.0,799400.0,1663000.0,3372100.0,592200.0,898400.0,0.0,0.0,0.0,0.0,0.0,29700.0,4519300.0,1116500.0,887200.0,155200.0,0.0,0.0,0.0,0.0,0.0
20230822143829176,SZSE,SZSE.ETF.159928,0.925,0.93,0.934,0.914,0.0,1.02,0.834,139075085.0,9500.0,128174691.86,8787.5,0.0,0.0,20230822,20230822,143829175,0.927,0.0,0.0,0.924,0.923,0.922,0.921,0.92,0.0,0.0,0.0,0.0,0.0,0.925,0.926,0.927,0.928,0.929,0.0,0.0,0.0,0.0,0.0,799400.0,1463000.0,3372100.0,592200.0,898400.0,0.0,0.0,0.0,0.0,0.0,20200.0,4519300.0,1116500.0,887200.0,155200.0,0.0,0.0,0.0,0.0,0.0
20230822143832176,SZSE,SZSE.ETF.159928,0.925,0.93,0.934,0.914,0.0,1.02,0.834,139075085.0,0.0,128174691.86,0.0,0.0,0.0,20230822,20230822,143832174,0.927,0.0,0.0,0.924,0.923,0.922,0.921,0.92,0.0,0.0,0.0,0.0,0.0,0.925,0.926,0.927,0.928,0.929,0.0,0.0,0.0,0.0,0.0,854400.0,1663000.0,3372100.0,592200.0,898400.0,0.0,0.0,0.0,0.0,0.0,20200.0,4519300.0,1116500.0,887200.0,155200.0,0.0,0.0,0.0,0.0,0.0
20230822143835204,SZSE,SZSE.ETF.159928,0.925,0.93,0.934,0.914,0.0,1.02,0.834,139084185.0,9100.0,128183109.36,8417.5,0.0,0.0,20230822,20230822,143835205,0.927,0.0,0.0,0.924,0.923,0.922,0.921,0.92,0.0,0.0,0.0,0.0,0.0,0.925,0.926,0.927,0.928,0.929,0.0,0.0,0.0,0.0,0.0,854400.0,1663000.0,3372100.0,592200.0,898400.0,0.0,0.0,0.0,0.0,0.0,11100.0,4279300.0,1116500.0,887200.0,155200.0,0.0,0.0,0.0,0.0,0.0
20230822143838184,SZSE,SZSE.ETF.159928,0.925,0.93,0.934,0.914,0.0,1.02,0.834,139138485.0,54300.0,128233336.86,50227.5,0.0,0.0,20230822,20230822,143838185,0.927,0.0,0.0,0.924,0.923,0.922,0.921,0.92,0.0,0.0,0.0,0.0,0.0,0.926,0.927,0.928,0.929,0.93,0.0,0.0,0.0,0.0,0.0,859300.0,3663000.0,1372100.0,592200.0,898400.0,0.0,0.0,0.0,0.0,0.0,4279300.0,1116500.0,887200.0,395200.0,525500.0,0.0,0.0,0.0,0.0,0.0
20230822143841192,SZSE,SZSE.ETF.159928,0.925,0.93,0.934,0.914,0.0,1.02,0.834,139139485.0,1000.0,128234261.86,925.0,0.0,0.0,20230822,20230822,143841194,0.927,0.0,0.0,0.924,0.923,0.922,0.921,0.92,0.0,0.0,0.0,0.0,0.0,0.926,0.927,0.928,0.929,0.93,0.0,0.0,0.0,0.0,0.0,1060400.0,3463000.0,1372100.0,592200.0,898400.0,0.0,0.0,0.0,0.0,0.0,4159300.0,1236500.0,887200.0,395200.0,525500.0,0.0,0.0,0.0,0.0,0.0
20230822143844184,SZSE,SZSE.ETF.159928,0.925,0.93,0.934,0.914,0.0,1.02,0.834,139139485.0,0.0,128234261.86,0.0,0.0,0.0,20230822,20230822,143844183,0.927,0.0,0.0,0.924,0.923,0.922,0.921,0.92,0.0,0.0,0.0,0.0,0.0,0.926,0.927,0.928,0.929,0.93,0.0,0.0,0.0,0.0,0.0,1060400.0,3464000.0,1372100.0,592200.0,898400.0,0.0,0.0,0.0,0.0,0.0,4159300.0,1236500.0,887200.0,395200.0,525500.0,0.0,0.0,0.0,0.0,0.0
20230822143847176,SZSE,SZSE.ETF.159928,0.925,0.93,0.934,0.914,0.0,1.02,0.834,139139485.0,0.0,128234261.86,0.0,0.0,0.0,20230822,20230822,143847177,0.927,0.0,0.0,0.925,0.924,0.923,0.922,0.921,0.0,0.0,0.0,0.0,0.0,0.926,0.927,0.928,0.929,0.93,0.0,0.0,0.0,0.0,0.0,1200.0,1073600.0,3464500.0,1372100.0,592200.0,0.0,0.0,0.0,0.0,0.0,4159300.0,1236500.0,887200.0,395200.0,525500.0,0.0,0.0,0.0,0.0,0.0
20230822143850216,SZSE,SZSE.ETF.159928,0.925,0.93,0.934,0.914,0.0,1.02,0.834,139140685.0,1200.0,128235371.86,1110.0,0.0,0.0,20230822,20230822,143850214,0.927,0.0,0.0,0.925,0.924,0.923,0.922,0.921,0.0,0.0,0.0,0.0,0.0,0.926,0.927,0.928,0.929,0.93,0.0,0.0,0.0,0.0,0.0,2000.0,1203600.0,3344500.0,1372100.0,592200.0,0.0,0.0,0.0,0.0,0.0,4159300.0,1236500.0,887200.0,395200.0,525500.0,0.0,0.0,0.0,0.0,0.0
20230822143853172,SZSE,SZSE.ETF.159928,0.925,0.93,0.934,0.914,0.0,1.02,0.834,139144685.0,4000.0,128239071.86,3700.0,0.0,0.0,20230822,20230822,143853173,0.927,0.0,0.0,0.925,0.924,0.923,0.922,0.921,0.0,0.0,0.0,0.0,0.0,0.926,0.927,0.928,0.929,0.93,0.0,0.0,0.0,0.0,0.0,20800.0,963600.0,3344500.0,1372100.0,592200.0,0.0,0.0,0.0,0.0,0.0,4159300.0,1236500.0,887200.0,395200.0,525500.0,0.0,0.0,0.0,0.0,0.0
20230822143856192,SZSE,SZSE.ETF.159928,0.924,0.93,0.934,0.914,0.0,1.02,0.834,139179085.0,34400.0,128270899.76,31827.90000000596,0.0,0.0,20230822,20230822,143856190,0.927,0.0,0.0,0.924,0.923,0.922,0.921,0.92,0.0,0.0,0.0,0.0,0.0,0.925,0.926,0.927,0.928,0.929,0.0,0.0,0.0,0.0,0.0,950000.0,3544500.0,1372100.0,592200.0,918400.0,0.0,0.0,0.0,0.0,0.0,20800.0,4391000.0,1236500.0,887200.0,155200.0,0.0,0.0,0.0,0.0,0.0
20230822143859188,SZSE,SZSE.ETF.159928,0.926,0.93,0.934,0.914,0.0,1.02,0.834,139180085.0,1000.0,128271825.76,926.0,0.0,0.0,20230822,20230822,143859187,0.927,0.0,0.0,0.924,0.923,0.922,0.921,0.92,0.0,0.0,0.0,0.0,0.0,0.926,0.927,0.928,0.929,0.93,0.0,0.0,0.0,0.0,0.0,830000.0,3464500.0,1372100.0,592200.0,918400.0,0.0,0.0,0.0,0.0,0.0,4270000.0,1116500.0,887200.0,395200.0,525500.0,0.0,0.0,0.0,0.0,0.0
20230822145356272,SZSE,SZSE.ETF.159928,0.926,0.93,0.934,0.914,0.0,1.02,0.834,142389185.0,0.0,131241733.46,0.0,0.0,0.0,20230822,20230822,145356271,0.927,0.0,0.0,0.925,0.924,0.923,0.922,0.921,0.0,0.0,0.0,0.0,0.0,0.926,0.927,0.928,0.929,0.93,0.0,0.0,0.0,0.0,0.0,67300.0,1995900.0,1210600.0,1125500.0,349300.0,0.0,0.0,0.0,0.0,0.0,1506400.0,1068400.0,546800.0,112200.0,536700.0,0.0,0.0,0.0,0.0,0.0
20230822145359256,SZSE,SZSE.ETF.159928,0.925,0.93,0.934,0.914,0.0,1.02,0.834,142389285.0,100.0,131241825.96,92.5,0.0,0.0,20230822,20230822,145359254,0.927,0.0,0.0,0.925,0.924,0.923,0.922,0.921,0.0,0.0,0.0,0.0,0.0,0.926,0.927,0.928,0.929,0.93,0.0,0.0,0.0,0.0,0.0,67200.0,1995900.0,1210600.0,1125500.0,349300.0,0.0,0.0,0.0,0.0,0.0,1506400.0,1068400.0,546800.0,112200.0,536700.0,0.0,0.0,0.0,0.0,0.0
20230822145402248,SZSE,SZSE.ETF.159928,0.926,0.93,0.934,0.914,0.0,1.02,0.834,142394285.0,5000.0,131246455.96,4630.0,0.0,0.0,20230822,20230822,145402250,0.927,0.0,0.0,0.925,0.924,0.923,0.922,0.921,0.0,0.0,0.0,0.0,0.0,0.926,0.927,0.928,0.929,0.93,0.0,0.0,0.0,0.0,0.0,67200.0,1995900.0,1210600.0,1125500.0,349300.0,0.0,0.0,0.0,0.0,0.0,1501700.0,1068400.0,546800.0,112200.0,486700.0,0.0,0.0,0.0,0.0,0.0
20230822145405288,SZSE,SZSE.ETF.159928,0.926,0.93,0.934,0.914,0.0,1.02,0.834,142400085.0,5800.0,131251826.36,5370.4000000059605,0.0,0.0,20230822,20230822,145405289,0.927,0.0,0.0,0.925,0.924,0.923,0.922,0.921,0.0,0.0,0.0,0.0,0.0,0.926,0.927,0.928,0.929,0.93,0.0,0.0,0.0,0.0,0.0,66800.0,1989900.0,1210600.0,1075500.0,349300.0,0.0,0.0,0.0,0.0,0.0,1496300.0,1068400.0,546800.0,112200.0,486700.0,0.0,0.0,0.0,0.0,0.0
20230822145408328,SZSE,SZSE.ETF.159928,0.925,0.93,0.934,0.914,0.0,1.02,0.834,142466885.0,66800.0,131313616.36,61790.0,0.0,0.0,20230822,20230822,145408326,0.927,0.0,0.0,0.924,0.923,0.922,0.921,0.92,0.0,0.0,0.0,0.0,0.0,0.925,0.926,0.927,0.928,0.929,0.0,0.0,0.0,0.0,0.0,1989900.0,1210600.0,1075500.0,349300.0,449000.0,0.0,0.0,0.0,0.0,0.0,527900.0,901600.0,1068400.0,546800.0,112200.0,0.0,0.0,0.0,0.0,0.0
20230822145411300,SZSE,SZSE.ETF.159928,0.925,0.93,0.934,0.914,0.0,1.02,0.834,142467785.0,900.0,131314448.76,832.4000000059605,0.0,0.0,20230822,20230822,145411301,0.927,0.0,0.0,0.924,0.923,0.922,0.921,0.92,0.0,0.0,0.0,0.0,0.0,0.925,0.926,0.927,0.928,0.929,0.0,0.0,0.0,0.0,0.0,1869800.0,1330600.0,1075500.0,349300.0,449000.0,0.0,0.0,0.0,0.0,0.0,527100.0,821600.0,948400.0,546800.0,112200.0,0.0,0.0,0.0,0.0,0.0
20230822145414304,SZSE,SZSE.ETF.159928,0.925,0.93,0.934,0.914,0.0,1.02,0.834,142467785.0,0.0,131314448.76,0.0,0.0,0.0,20230822,20230822,145414303,0.927,0.0,0.0,0.924,0.923,0.922,0.921,0.92,0.0,0.0,0.0,0.0,0.0,0.925,0.926,0.927,0.928,0.929,0.0,0.0,0.0,0.0,0.0,1869800.0,1330600.0,1075500.0,349300.0,449000.0,0.0,0.0,0.0,0.0,0.0,727100.0,821600.0,949400.0,546800.0,112200.0,0.0,0.0,0.0,0.0,0.0
20230822145417288,SZSE,SZSE.ETF.159928,0.924,0.93,0.934,0.914,0.0,1.02,0.834,142472885.0,5100.0,131319161.16,4712.399999991059,0.0,0.0,20230822,20230822,145417288,0.927,0.0,0.0,0.924,0.923,0.922,0.921,0.92,0.0,0.0,0.0,0.0,0.0,0.925,0.926,0.927,0.928,0.929,0.0,0.0,0.0,0.0,0.0,1864700.0,1330600.0,1075500.0,349300.0,449000.0,0.0,0.0,0.0,0.0,0.0,727100.0,821600.0,949400.0,546800.0,112200.0,0.0,0.0,0.0,0.0,0.0
20230822145420260,SZSE,SZSE.ETF.159928,0.925,0.93,0.934,0.914,0.0,1.02,0.834,142473985.0,1100.0,131320178.66,1017.5,0.0,0.0,20230822,20230822,145420260,0.927,0.0,0.0,0.924,0.923,0.922,0.921,0.92,0.0,0.0,0.0,0.0,0.0,0.925,0.926,0.927,0.928,0.929,0.0,0.0,0.0,0.0,0.0,1864700.0,1330600.0,1075500.0,349300.0,449000.0,0.0,0.0,0.0,0.0,0.0,731500.0,821600.0,949400.0,546800.0,142200.0,0.0,0.0,0.0,0.0,0.0
20230822145423240,SZSE,SZSE.ETF.159928,0.924,0.93,0.934,0.914,0.0,1.02,0.834,142475285.0,1300.0,131321381.06,1202.4000000059605,0.0,0.0,20230822,20230822,145423240,0.927,0.0,0.0,0.924,0.923,0.922,0.921,0.92,0.0,0.0,0.0,0.0,0.0,0.925,0.926,0.927,0.928,0.929,0.0,0.0,0.0,0.0,0.0,1863600.0,1330600.0,1075500.0,349300.0,449000.0,0.0,0.0,0.0,0.0,0.0,730300.0,821600.0,949400.0,546800.0,142200.0,0.0,0.0,0.0,0.0,0.0
20230822145426240,SZSE,SZSE.ETF.159928,0.925,0.93,0.934,0.914,0.0,1.02,0.834,142487685.0,12400.0,131332851.06,11470.0,0.0,0.0,20230822,20230822,145426241,0.927,0.0,0.0,0.924,0.923,0.922,0.921,0.92,0.0,0.0,0.0,0.0,0.0,0.925,0.926,0.927,0.928,0.929,0.0,0.0,0.0,0.0,0.0,1864000.0,1330600.0,1025500.0,349300.0,449000.0,0.0,0.0,0.0,0.0,0.0,717900.0,821600.0,949400.0,546800.0,142200.0,0.0,0.0,0.0,0.0,0.0
20230822145429280,SZSE,SZSE.ETF.159928,0.924,0.93,0.934,0.914,0.0,1.02,0.834,142487785.0,100.0,131332943.46,92.3999999910593,0.0,0.0,20230822,20230822,145429282,0.927,0.0,0.0,0.924,0.923,0.922,0.921,0.92,0.0,0.0,0.0,0.0,0.0,0.925,0.926,0.927,0.928,0.929,0.0,0.0,0.0,0.0,0.0,1863900.0,1330600.0,1025500.0,349300.0,449000.0,0.0,0.0,0.0,0.0,0.0,717900.0,821600.0,949400.0,546800.0,142200.0,0.0,0.0,0.0,0.0,0.0
20230822145432272,SZSE,SZSE.ETF.159928,0.925,0.93,0.934,0.914,0.0,1.02,0.834,142829985.0,342200.0,131649136.36,316192.90000000596,0.0,0.0,20230822,20230822,145432274,0.927,0.0,0.0,0.924,0.923,0.922,0.921,0.92,0.0,0.0,0.0,0.0,0.0,0.925,0.926,0.927,0.928,0.929,0.0,0.0,0.0,0.0,0.0,1521800.0,1330600.0,1030600.0,349300.0,449000.0,0.0,0.0,0.0,0.0,0.0,717800.0,826700.0,949400.0,541700.0,142200.0,0.0,0.0,0.0,0.0,0.0
20230822145435280,SZSE,SZSE.ETF.159928,0.924,0.93,0.934,0.914,0.0,1.02,0.834,142835085.0,5100.0,131653853.76,4717.4000000059605,0.0,0.0,20230822,20230822,145435282,0.927,0.0,0.0,0.924,0.923,0.922,0.921,0.92,0.0,0.0,0.0,0.0,0.0,0.925,0.926,0.927,0.928,0.929,0.0,0.0,0.0,0.0,0.0,1554600.0,1330600.0,1030600.0,349300.0,449000.0,0.0,0.0,0.0,0.0,0.0,712800.0,827900.0,949400.0,541700.0,142200.0,0.0,0.0,0.0,0.0,0.0
20230822145438248,SZSE,SZSE.ETF.159928,0.925,0.93,0.934,0.914,0.0,1.02,0.834,142890685.0,55600.0,131705283.76,51430.0,0.0,0.0,20230822,20230822,145438248,0.927,0.0,0.0,0.924,0.923,0.922,0.921,0.92,0.0,0.0,0.0,0.0,0.0,0.925,0.926,0.927,0.928,0.929,0.0,0.0,0.0,0.0,0.0,1554600.0,1330600.0,1030600.0,349300.0,449000.0,0.0,0.0,0.0,0.0,0.0,657200.0,827900.0,949400.0,541700.0,142200.0,0.0,0.0,0.0,0.0,0.0
20230822145441272,SZSE,SZSE.ETF.159928,0.924,0.93,0.934,0.914,0.0,1.02,0.834,142890885.0,200.0,131705468.56,184.79999999701977,0.0,0.0,20230822,20230822,145441273,0.927,0.0,0.0,0.924,0.923,0.922,0.921,0.92,0.0,0.0,0.0,0.0,0.0,0.925,0.926,0.927,0.928,0.929,0.0,0.0,0.0,0.0,0.0,1554900.0,1330600.0,1030600.0,299300.0,449000.0,0.0,0.0,0.0,0.0,0.0,657200.0,827900.0,949400.0,541700.0,142200.0,0.0,0.0,0.0,0.0,0.0
20230822145444304,SZSE,SZSE.ETF.159928,0.924,0.93,0.934,0.914,0.0,1.02,0.834,142890885.0,0.0,131705468.56,0.0,0.0,0.0,20230822,20230822,145444304,0.927,0.0,0.0,0.924,0.923,0.922,0.921,0.92,0.0,0.0,0.0,0.0,0.0,0.925,0.926,0.927,0.928,0.929,0.0,0.0,0.0,0.0,0.0,1634900.0,1330600.0,1030600.0,299300.0,450000.0,0.0,0.0,0.0,0.0,0.0,657200.0,827900.0,949400.0,841700.0,142200.0,0.0,0.0,0.0,0.0,0.0
20230822145447264,SZSE,SZSE.ETF.159928,0.924,0.93,0.934,0.914,0.0,1.02,0.834,142891085.0,200.0,131705653.36,184.79999999701977,0.0,0.0,20230822,20230822,145447263,0.927,0.0,0.0,0.924,0.923,0.922,0.921,0.92,0.0,0.0,0.0,0.0,0.0,0.925,0.926,0.927,0.928,0.929,0.0,0.0,0.0,0.0,0.0,1635200.0,1330600.0,1030600.0,299300.0,450000.0,0.0,0.0,0.0,0.0,0.0,707200.0,827900.0,949400.0,841700.0,142200.0,0.0,0.0,0.0,0.0,0.0
20230822145450256,SZSE,SZSE.ETF.159928,0.925,0.93,0.934,0.914,0.0,1.02,0.834,142913185.0,22100.0,131726095.86,20442.5,0.0,0.0,20230822,20230822,145450254,0.927,0.0,0.0,0.924,0.923,0.922,0.921,0.92,0.0,0.0,0.0,0.0,0.0,0.925,0.926,0.927,0.928,0.929,0.0,0.0,0.0,0.0,0.0,1640200.0,1330600.0,1029600.0,299300.0,450000.0,0.0,0.0,0.0,0.0,0.0,685100.0,827900.0,949400.0,841700.0,142200.0,0.0,0.0,0.0,0.0,0.0
20230822145453228,SZSE,SZSE.ETF.159928,0.925,0.93,0.934,0.914,0.0,1.02,0.834,142914885.0,1700.0,131727668.16,1572.2999999970198,0.0,0.0,20230822,20230822,145453227,0.927,0.0,0.0,0.924,0.923,0.922,0.921,0.92,0.0,0.0,0.0,0.0,0.0,0.925,0.926,0.927,0.928,0.929,0.0,0.0,0.0,0.0,0.0,1640000.0,1330600.0,1029600.0,299300.0,445000.0,0.0,0.0,0.0,0.0,0.0,694500.0,830900.0,949400.0,841700.0,142200.0,0.0,0.0,0.0,0.0,0.0
20230822145456240,SZSE,SZSE.ETF.159928,0.925,0.93,0.934,0.914,0.0,1.02,0.834,142925885.0,11000.0,131737843.16,10175.0,0.0,0.0,20230822,20230822,145456240,0.927,0.0,0.0,0.924,0.923,0.922,0.921,0.92,0.0,0.0,0.0,0.0,0.0,0.925,0.926,0.927,0.928,0.929,0.0,0.0,0.0,0.0,0.0,1640000.0,1330600.0,1029600.0,299300.0,445000.0,0.0,0.0,0.0,0.0,0.0,683500.0,830900.0,949400.0,841700.0,142200.0,0.0,0.0,0.0,0.0,0.0
20230822145459264,SZSE,SZSE.ETF.159928,0.924,0.93,0.934,0.914,0.0,1.02,0.834,142926085.0,200.0,131738027.96,184.79999999701977,0.0,0.0,20230822,20230822,145459262,0.927,0.0,0.0,0.924,0.923,0.922,0.921,0.92,0.0,0.0,0.0,0.0,0.0,0.925,0.926,0.927,0.928,0.929,0.0,0.0,0.0,0.0,0.0,1639800.0,1330600.0,1029600.0,299300.0,445000.0,0.0,0.0,0.0,0.0,0.0,689500.0,830900.0,949400.0,841700.0,142200.0,0.0,0.0,0.0,0.0,0.0
20230822145502256,SZSE,SZSE.ETF.159928,0.925,0.93,0.934,0.914,0.0,1.02,0.834,142976685.0,50600.0,131784832.96,46805.0,0.0,0.0,20230822,20230822,145502257,0.927,0.0,0.0,0.924,0.923,0.922,0.921,0.92,0.0,0.0,0.0,0.0,0.0,0.925,0.926,0.927,0.928,0.929,0.0,0.0,0.0,0.0,0.0,1640800.0,1330600.0,1029600.0,299300.0,445000.0,0.0,0.0,0.0,0.0,0.0,638900.0,830900.0,949400.0,841700.0,142200.0,0.0,0.0,0.0,0.0,0.0
20230822145505376,SZSE,SZSE.ETF.159928,0.925,0.93,0.934,0.914,0.0,1.02,0.834,143155485.0,178800.0,131950222.76,165389.80000001192,0.0,0.0,20230822,20230822,145505376,0.927,0.0,0.0,0.924,0.923,0.922,0.921,0.92,0.0,0.0,0.0,0.0,0.0,0.925,0.926,0.927,0.928,0.929,0.0,0.0,0.0,0.0,0.0,1640600.0,1330600.0,1029600.0,299300.0,445000.0,0.0,0.0,0.0,0.0,0.0,486200.0,830900.0,949400.0,841700.0,142200.0,0.0,0.0,0.0,0.0,0.0
20230822145508368,SZSE,SZSE.ETF.159928,0.925,0.93,0.934,0.914,0.0,1.02,0.834,143233485.0,78000.0,132022297.36,72074.59999999404,0.0,0.0,20230822,20230822,145508370,0.927,0.0,0.0,0.924,0.923,0.922,0.921,0.92,0.0,0.0,0.0,0.0,0.0,0.925,0.926,0.927,0.928,0.929,0.0,0.0,0.0,0.0,0.0,1565200.0,1330600.0,1029600.0,299300.0,445000.0,0.0,0.0,0.0,0.0,0.0,556900.0,830900.0,949400.0,841700.0,142200.0,0.0,0.0,0.0,0.0,0.0
20230822145511360,SZSE,SZSE.ETF.159928,0.924,0.93,0.934,0.914,0.0,1.02,0.834,143233685.0,200.0,132022482.16,184.79999999701977,0.0,0.0,20230822,20230822,145511358,0.927,0.0,0.0,0.924,0.923,0.922,0.921,0.92,0.0,0.0,0.0,0.0,0.0,0.925,0.926,0.927,0.928,0.929,0.0,0.0,0.0,0.0,0.0,1567500.0,1330600.0,1029600.0,299300.0,445000.0,0.0,0.0,0.0,0.0,0.0,556900.0,830900.0,949400.0,841700.0,142200.0,0.0,0.0,0.0,0.0,0.0
20230822145514356,SZSE,SZSE.ETF.159928,0.925,0.93,0.934,0.914,0.0,1.02,0.834,143244585.0,10900.0,132032564.66,10082.5,0.0,0.0,20230822,20230822,145514355,0.927,0.0,0.0,0.924,0.923,0.922,0.921,0.92,0.0,0.0,0.0,0.0,0.0,0.925,0.926,0.927,0.928,0.929,0.0,0.0,0.0,0.0,0.0,1567500.0,1329600.0,1029600.0,299300.0,445000.0,0.0,0.0,0.0,0.0,0.0,546000.0,825900.0,949400.0,841700.0,142200.0,0.0,0.0,0.0,0.0,0.0
20230822145517308,SZSE,SZSE.ETF.159928,0.924,0.93,0.934,0.914,0.0,1.02,0.834,143245785.0,1200.0,132033674.46,1109.7999999970198,0.0,0.0,20230822,20230822,145517309,0.927,0.0,0.0,0.924,0.923,0.922,0.921,0.92,0.0,0.0,0.0,0.0,0.0,0.925,0.926,0.927,0.928,0.929,0.0,0.0,0.0,0.0,0.0,1567300.0,1330000.0,1029600.0,299300.0,445000.0,0.0,0.0,0.0,0.0,0.0,545000.0,825900.0,949400.0,841700.0,142200.0,0.0,0.0,0.0,0.0,0.0
20230822145520272,SZSE,SZSE.ETF.159928,0.924,0.93,0.934,0.914,0.0,1.02,0.834,143245785.0,0.0,132033674.46,0.0,0.0,0.0,20230822,20230822,145520274,0.927,0.0,0.0,0.924,0.923,0.922,0.921,0.92,0.0,0.0,0.0,0.0,0.0,0.925,0.926,0.927,0.928,0.929,0.0,0.0,0.0,0.0,0.0,1612500.0,1330000.0,1029600.0,299300.0,446000.0,0.0,0.0,0.0,0.0,0.0,545000.0,825900.0,949400.0,841700.0,142200.0,0.0,0.0,0.0,0.0,0.0
20230822145523272,SZSE,SZSE.ETF.159928,0.924,0.93,0.934,0.914,0.0,1.02,0.834,143246485.0,700.0,132034321.76,647.3000000119209,0.0,0.0,20230822,20230822,145523274,0.927,0.0,0.0,0.924,0.923,0.922,0.921,0.92,0.0,0.0,0.0,0.0,0.0,0.925,0.926,0.927,0.928,0.929,0.0,0.0,0.0,0.0,0.0,1612300.0,1330000.0,1029600.0,299300.0,446000.0,0.0,0.0,0.0,0.0,0.0,544500.0,825900.0,949400.0,841700.0,142200.0,0.0,0.0,0.0,0.0,0.0
20230822145526328,SZSE,SZSE.ETF.159928,0.925,0.93,0.934,0.914,0.0,1.02,0.834,143251485.0,5000.0,132038946.76,4625.0,0.0,0.0,20230822,20230822,145526328,0.927,0.0,0.0,0.924,0.923,0.922,0.921,0.92,0.0,0.0,0.0,0.0,0.0,0.925,0.926,0.927,0.928,0.929,0.0,0.0,0.0,0.0,0.0,1612300.0,1330000.0,1029600.0,299300.0,446000.0,0.0,0.0,0.0,0.0,0.0,539500.0,826400.0,949400.0,841700.0,142200.0,0.0,0.0,0.0,0.0,0.0
20230822145529344,SZSE,SZSE.ETF.159928,0.924,0.93,0.934,0.914,0.0,1.02,0.834,143264985.0,13500.0,132051421.86,12475.09999999404,0.0,0.0,20230822,20230822,145529345,0.927,0.0,0.0,0.924,0.923,0.922,0.921,0.92,0.0,0.0,0.0,0.0,0.0,0.925,0.926,0.927,0.928,0.929,0.0,0.0,0.0,0.0,0.0,1599900.0,1330000.0,1029600.0,299300.0,446000.0,0.0,0.0,0.0,0.0,0.0,538400.0,826400.0,949400.0,841700.0,142200.0,0.0,0.0,0.0,0.0,0.0
20230822145532316,SZSE,SZSE.ETF.159928,0.924,0.93,0.934,0.914,0.0,1.02,0.834,143264985.0,0.0,132051421.86,0.0,0.0,0.0,20230822,20230822,145532317,0.927,0.0,0.0,0.924,0.923,0.922,0.921,0.92,0.0,0.0,0.0,0.0,0.0,0.925,0.926,0.927,0.928,0.929,0.0,0.0,0.0,0.0,0.0,1599900.0,1332500.0,1029600.0,299300.0,446000.0,0.0,0.0,0.0,0.0,0.0,548700.0,826400.0,949400.0,841700.0,142200.0,0.0,0.0,0.0,0.0,0.0
20230822145535264,SZSE,SZSE.ETF.159928,0.925,0.93,0.934,0.914,0.0,1.02,0.834,143267185.0,2200.0,132053456.66,2034.7999999970198,0.0,0.0,20230822,20230822,145535264,0.927,0.0,0.0,0.924,0.923,0.922,0.921,0.92,0.0,0.0,0.0,0.0,0.0,0.925,0.926,0.927,0.928,0.929,0.0,0.0,0.0,0.0,0.0,1605800.0,1332500.0,1029600.0,299300.0,446000.0,0.0,0.0,0.0,0.0,0.0,546700.0,826400.0,949400.0,841700.0,142200.0,0.0,0.0,0.0,0.0,0.0
20230822145538288,SZSE,SZSE.ETF.159928,0.925,0.93,0.934,0.914,0.0,1.02,0.834,143267185.0,0.0,132053456.66,0.0,0.0,0.0,20230822,20230822,145538289,0.927,0.0,0.0,0.924,0.923,0.922,0.921,0.92,0.0,0.0,0.0,0.0,0.0,0.925,0.926,0.927,0.928,0.929,0.0,0.0,0.0,0.0,0.0,2105800.0,1332500.0,1029600.0,297700.0,446000.0,0.0,0.0,0.0,0.0,0.0,546700.0,826400.0,949400.0,841700.0,142200.0,0.0,0.0,0.0,0.0,0.0
20230822145541256,SZSE,SZSE.ETF.159928,0.924,0.93,0.934,0.914,0.0,1.02,0.834,143267985.0,800.0,132054196.46,739.7999999970198,0.0,0.0,20230822,20230822,145541254,0.927,0.0,0.0,0.924,0.923,0.922,0.921,0.92,0.0,0.0,0.0,0.0,0.0,0.925,0.926,0.927,0.928,0.929,0.0,0.0,0.0,0.0,0.0,2105600.0,1332500.0,1029600.0,297700.0,446000.0,0.0,0.0,0.0,0.0,0.0,546100.0,826400.0,949400.0,841700.0,142200.0,0.0,0.0,0.0,0.0,0.0
20230822145544288,SZSE,SZSE.ETF.159928,0.924,0.93,0.934,0.914,0.0,1.02,0.834,143267985.0,0.0,132054196.46,0.0,0.0,0.0,20230822,20230822,145544288,0.927,0.0,0.0,0.924,0.923,0.922,0.921,0.92,0.0,0.0,0.0,0.0,0.0,0.925,0.926,0.927,0.928,0.929,0.0,0.0,0.0,0.0,0.0,2073100.0,1332500.0,1029600.0,297700.0,446000.0,0.0,0.0,0.0,0.0,0.0,546100.0,826400.0,949400.0,841700.0,142200.0,0.0,0.0,0.0,0.0,0.0
20230822145547308,SZSE,SZSE.ETF.159928,0.924,0.93,0.934,0.914,0.0,1.02,0.834,143313385.0,45400.0,132096191.26,41994.80000001192,0.0,0.0,20230822,20230822,145547308,0.927,0.0,0.0,0.924,0.923,0.922,0.921,0.92,0.0,0.0,0.0,0.0,0.0,0.925,0.926,0.927,0.928,0.929,0.0,0.0,0.0,0.0,0.0,2073900.0,1332500.0,1029600.0,297700.0,446000.0,0.0,0.0,0.0,0.0,0.0,500900.0,826400.0,949400.0,841700.0,142200.0,0.0,0.0,0.0,0.0,0.0
20230822145550312,SZSE,SZSE.ETF.159928,0.924,0.93,0.934,0.914,0.0,1.02,0.834,143338885.0,25500.0,132119753.26,23562.0,0.0,0.0,20230822,20230822,145550310,0.927,0.0,0.0,0.924,0.923,0.922,0.921,0.92,0.0,0.0,0.0,0.0,0.0,0.925,0.926,0.927,0.928,0.929,0.0,0.0,0.0,0.0,0.0,2097200.0,1332500.0,1029600.0,297700.0,446000.0,0.0,0.0,0.0,0.0,0.0,500900.0,826400.0,949400.0,841700.0,142200.0,0.0,0.0,0.0,0.0,0.0
20230822145553272,SZSE,SZSE.ETF.159928,0.924,0.93,0.934,0.914,0.0,1.02,0.834,143341585.0,2700.0,132122250.56,2497.2999999970198,0.0,0.0,20230822,20230822,145553272,0.927,0.0,0.0,0.924,0.923,0.922,0.921,0.92,0.0,0.0,0.0,0.0,0.0,0.925,0.926,0.927,0.928,0.929,0.0,0.0,0.0,0.0,0.0,2098000.0,1333500.0,1029600.0,297700.0,446000.0,0.0,0.0,0.0,0.0,0.0,498400.0,826400.0,949400.0,841700.0,142200.0,0.0,0.0,0.0,0.0,0.0
20230822145556264,SZSE,SZSE.ETF.159928,0.924,0.93,0.934,0.914,0.0,1.02,0.834,143567285.0,225700.0,132330797.36,208546.79999999702,0.0,0.0,20230822,20230822,145556264,0.927,0.0,0.0,0.924,0.923,0.922,0.921,0.92,0.0,0.0,0.0,0.0,0.0,0.925,0.926,0.927,0.928,0.929,0.0,0.0,0.0,0.0,0.0,1816000.0,1333500.0,1029600.0,297700.0,446000.0,0.0,0.0,0.0,0.0,0.0,381900.0,826400.0,949400.0,841700.0,142200.0,0.0,0.0,0.0,0.0,0.0
20230822145559288,SZSE,SZSE.ETF.159928,0.924,0.93,0.934,0.914,0.0,1.02,0.834,143681985.0,114700.0,132436782.16,105984.79999999702,0.0,0.0,20230822,20230822,145559290,0.927,0.0,0.0,0.924,0.923,0.922,0.921,0.92,0.0,0.0,0.0,0.0,0.0,0.925,0.926,0.927,0.928,0.929,0.0,0.0,0.0,0.0,0.0,1503300.0,1333500.0,1029600.0,297700.0,446000.0,0.0,0.0,0.0,0.0,0.0,242600.0,826400.0,949400.0,841700.0,142200.0,0.0,0.0,0.0,0.0,0.0
20230822145602328,SZSE,SZSE.ETF.159928,0.924,0.93,0.934,0.914,0.0,1.02,0.834,143685285.0,3300.0,132439834.56,3052.4000000059605,0.0,0.0,20230822,20230822,145602329,0.927,0.0,0.0,0.924,0.923,0.922,0.921,0.92,0.0,0.0,0.0,0.0,0.0,0.925,0.926,0.927,0.928,0.929,0.0,0.0,0.0,0.0,0.0,1533200.0,1213500.0,1029600.0,297700.0,446000.0,0.0,0.0,0.0,0.0,0.0,239400.0,706400.0,949900.0,841700.0,142200.0,0.0,0.0,0.0,0.0,0.0
20230822145605380,SZSE,SZSE.ETF.159928,0.924,0.93,0.934,0.914,0.0,1.02,0.834,143911885.0,226600.0,132649393.36,209558.79999999702,0.0,0.0,20230822,20230822,145605380,0.927,0.0,0.0,0.924,0.923,0.922,0.921,0.92,0.0,0.0,0.0,0.0,0.0,0.925,0.926,0.927,0.928,0.929,0.0,0.0,0.0,0.0,0.0,1287000.0,1213500.0,1029600.0,297700.0,446000.0,0.0,0.0,0.0,0.0,0.0,59000.0,706400.0,829900.0,841700.0,142200.0,0.0,0.0,0.0,0.0,0.0
20230822145608356,SZSE,SZSE.ETF.159928,0.924,0.93,0.934,0.914,0.0,1.02,0.834,144026185.0,114300.0,132755006.56,105613.20000000298,0.0,0.0,20230822,20230822,145608357,0.927,0.0,0.0,0.924,0.923,0.922,0.921,0.92,0.0,0.0,0.0,0.0,0.0,0.925,0.926,0.927,0.928,0.929,0.0,0.0,0.0,0.0,0.0,1174700.0,1213500.0,1029600.0,297700.0,446000.0,0.0,0.0,0.0,0.0,0.0,59000.0,706400.0,829900.0,841700.0,142200.0,0.0,0.0,0.0,0.0,0.0
20230822145611336,SZSE,SZSE.ETF.159928,0.924,0.93,0.934,0.914,0.0,1.02,0.834,144026385.0,200.0,132755191.36,184.79999999701977,0.0,0.0,20230822,20230822,145611338,0.927,0.0,0.0,0.924,0.923,0.922,0.921,0.92,0.0,0.0,0.0,0.0,0.0,0.925,0.926,0.927,0.928,0.929,0.0,0.0,0.0,0.0,0.0,1577500.0,1213500.0,1029600.0,267700.0,446000.0,0.0,0.0,0.0,0.0,0.0,59000.0,906400.0,829900.0,842200.0,142200.0,0.0,0.0,0.0,0.0,0.0
20230822145614304,SZSE,SZSE.ETF.159928,0.925,0.93,0.934,0.914,0.0,1.02,0.834,144029485.0,3100.0,132758058.86,2867.5,0.0,0.0,20230822,20230822,145614306,0.927,0.0,0.0,0.924,0.923,0.922,0.921,0.92,0.0,0.0,0.0,0.0,0.0,0.925,0.926,0.927,0.928,0.929,0.0,0.0,0.0,0.0,0.0,1577500.0,1243500.0,1009600.0,267700.0,446000.0,0.0,0.0,0.0,0.0,0.0,55900.0,956400.0,829900.0,842200.0,142200.0,0.0,0.0,0.0,0.0,0.0
20230822145617356,SZSE,SZSE.ETF.159928,0.925,0.93,0.934,0.914,0.0,1.02,0.834,144049885.0,20400.0,132776928.66,18869.79999999702,0.0,0.0,20230822,20230822,145617356,0.927,0.0,0.0,0.924,0.923,0.922,0.921,0.92,0.0,0.0,0.0,0.0,0.0,0.925,0.926,0.927,0.928,0.929,0.0,0.0,0.0,0.0,0.0,1577300.0,1243500.0,1009600.0,267700.0,446000.0,0.0,0.0,0.0,0.0,0.0,35800.0,956400.0,829900.0,842200.0,142200.0,0.0,0.0,0.0,0.0,0.0
20230822145620296,SZSE,SZSE.ETF.159928,0.924,0.93,0.934,0.914,0.0,1.02,0.834,144061585.0,11700.0,132787739.46,10810.79999999702,0.0,0.0,20230822,20230822,145620296,0.927,0.0,0.0,0.924,0.923,0.922,0.921,0.92,0.0,0.0,0.0,0.0,0.0,0.925,0.926,0.927,0.928,0.929,0.0,0.0,0.0,0.0,0.0,1566600.0,1243500.0,1009600.0,267700.0,446000.0,0.0,0.0,0.0,0.0,0.0,35800.0,956400.0,829900.0,842200.0,142200.0,0.0,0.0,0.0,0.0,0.0
20230822145623284,SZSE,SZSE.ETF.159928,0.925,0.93,0.934,0.914,0.0,1.02,0.834,144069485.0,7900.0,132795046.76,7307.300000011921,0.0,0.0,20230822,20230822,145623283,0.927,0.0,0.0,0.924,0.923,0.922,0.921,0.92,0.0,0.0,0.0,0.0,0.0,0.925,0.926,0.927,0.928,0.929,0.0,0.0,0.0,0.0,0.0,1566400.0,1243500.0,1009600.0,267700.0,446000.0,0.0,0.0,0.0,0.0,0.0,132100.0,956400.0,829900.0,842200.0,142200.0,0.0,0.0,0.0,0.0,0.0
20230822145626292,SZSE,SZSE.ETF.159928,0.925,0.93,0.934,0.914,0.0,1.02,0.834,144084185.0,14700.0,132808644.26,13597.5,0.0,0.0,20230822,20230822,145626293,0.927,0.0,0.0,0.924,0.923,0.922,0.921,0.92,0.0,0.0,0.0,0.0,0.0,0.925,0.926,0.927,0.928,0.929,0.0,0.0,0.0,0.0,0.0,1566400.0,1243500.0,1009600.0,267700.0,446000.0,0.0,0.0,0.0,0.0,0.0,117400.0,956400.0,829900.0,842200.0,142200.0,0.0,0.0,0.0,0.0,0.0
20230822145629296,SZSE,SZSE.ETF.159928,0.924,0.93,0.934,0.914,0.0,1.02,0.834,144120885.0,36700.0,132842575.46,33931.19999998808,0.0,0.0,20230822,20230822,145629296,0.927,0.0,0.0,0.924,0.923,0.922,0.921,0.92,0.0,0.0,0.0,0.0,0.0,0.925,0.926,0.927,0.928,0.929,0.0,0.0,0.0,0.0,0.0,1574700.0,1243500.0,1009600.0,267700.0,446000.0,0.0,0.0,0.0,0.0,0.0,97000.0,956400.0,829900.0,842200.0,142200.0,0.0,0.0,0.0,0.0,0.0
20230822145632316,SZSE,SZSE.ETF.159928,0.925,0.93,0.934,0.914,0.0,1.02,0.834,144138585.0,17700.0,132858935.36,16359.90000000596,0.0,0.0,20230822,20230822,145632316,0.927,0.0,0.0,0.924,0.923,0.922,0.921,0.92,0.0,0.0,0.0,0.0,0.0,0.925,0.926,0.927,0.928,0.929,0.0,0.0,0.0,0.0,0.0,1562100.0,1043500.0,809600.0,67700.0,446000.0,0.0,0.0,0.0,0.0,0.0,91900.0,956400.0,629900.0,642200.0,55700.0,0.0,0.0,0.0,0.0,0.0
20230822145635304,SZSE,SZSE.ETF.159928,0.924,0.93,0.934,0.914,0.0,1.02,0.834,144138785.0,200.0,132859120.16,184.79999999701977,0.0,0.0,20230822,20230822,145635305,0.927,0.0,0.0,0.924,0.923,0.922,0.921,0.92,0.0,0.0,0.0,0.0,0.0,0.925,0.926,0.927,0.928,0.929,0.0,0.0,0.0,0.0,0.0,1164400.0,1043500.0,809600.0,67700.0,446000.0,0.0,0.0,0.0,0.0,0.0,91900.0,556400.0,629900.0,642200.0,55700.0,0.0,0.0,0.0,0.0,0.0
20230822145638304,SZSE,SZSE.ETF.159928,0.925,0.93,0.934,0.914,0.0,1.02,0.834,144148785.0,10000.0,132868370.16,9250.0,0.0,0.0,20230822,20230822,145638304,0.927,0.0,0.0,0.924,0.923,0.922,0.921,0.92,0.0,0.0,0.0,0.0,0.0,0.925,0.926,0.927,0.928,0.929,0.0,0.0,0.0,0.0,0.0,1214400.0,1043500.0,809600.0,67700.0,446000.0,0.0,0.0,0.0,0.0,0.0,81900.0,556400.0,629900.0,642200.0,55700.0,0.0,0.0,0.0,0.0,0.0
20230822145641256,SZSE,SZSE.ETF.159928,0.924,0.93,0.934,0.914,0.0,1.02,0.834,144275285.0,126500.0,132985259.16,116889.0,0.0,0.0,20230822,20230822,145641254,0.927,0.0,0.0,0.924,0.923,0.922,0.921,0.92,0.0,0.0,0.0,0.0,0.0,0.925,0.926,0.927,0.928,0.929,0.0,0.0,0.0,0.0,0.0,1090900.0,1043500.0,809600.0,67700.0,446000.0,0.0,0.0,0.0,0.0,0.0,78900.0,556400.0,629900.0,642200.0,55700.0,0.0,0.0,0.0,0.0,0.0
20230822145644268,SZSE,SZSE.ETF.159928,0.925,0.93,0.934,0.914,0.0,1.02,0.834,144350185.0,74900.0,133054471.76,69212.60000000894,0.0,0.0,20230822,20230822,145644269,0.927,0.0,0.0,0.924,0.923,0.922,0.921,0.92,0.0,0.0,0.0,0.0,0.0,0.925,0.926,0.927,0.928,0.929,0.0,0.0,0.0,0.0,0.0,1018500.0,1043500.0,809600.0,67700.0,446000.0,0.0,0.0,0.0,0.0,0.0,73900.0,556400.0,629900.0,642200.0,55700.0,0.0,0.0,0.0,0.0,0.0
20230822145647304,SZSE,SZSE.ETF.159928,0.924,0.93,0.934,0.914,0.0,1.02,0.834,144350485.0,300.0,133054748.96,277.19999998807907,0.0,0.0,20230822,20230822,145647303,0.927,0.0,0.0,0.924,0.923,0.922,0.921,0.92,0.0,0.0,0.0,0.0,0.0,0.925,0.926,0.927,0.928,0.929,0.0,0.0,0.0,0.0,0.0,1017800.0,1044500.0,809600.0,67700.0,446000.0,0.0,0.0,0.0,0.0,0.0,73900.0,556400.0,629900.0,642200.0,55700.0,0.0,0.0,0.0,0.0,0.0
20230822145650312,SZSE,SZSE.ETF.159928,0.924,0.93,0.934,0.914,0.0,1.02,0.834,144350485.0,0.0,133054748.96,0.0,0.0,0.0,20230822,20230822,145650312,0.927,0.0,0.0,0.924,0.923,0.922,0.921,0.92,0.0,0.0,0.0,0.0,0.0,0.925,0.926,0.927,0.928,0.929,0.0,0.0,0.0,0.0,0.0,1015800.0,1044500.0,809600.0,67700.0,446000.0,0.0,0.0,0.0,0.0,0.0,93900.0,556400.0,629900.0,642200.0,55700.0,0.0,0.0,0.0,0.0,0.0
20230822145653276,SZSE,SZSE.ETF.159928,0.925,0.93,0.934,0.914,0.0,1.02,0.834,144352985.0,2500.0,133057061.46,2312.5,0.0,0.0,20230822,20230822,145653276,0.927,0.0,0.0,0.924,0.923,0.922,0.921,0.92,0.0,0.0,0.0,0.0,0.0,0.925,0.926,0.927,0.928,0.929,0.0,0.0,0.0,0.0,0.0,1015800.0,1044500.0,794600.0,52700.0,431000.0,0.0,0.0,0.0,0.0,0.0,91400.0,556400.0,619900.0,642200.0,55700.0,0.0,0.0,0.0,0.0,0.0
20230822145656248,SZSE,SZSE.ETF.159928,0.925,0.93,0.934,0.914,0.0,1.02,0.834,144359985.0,7000.0,133063536.16,6474.70000000298,0.0,0.0,20230822,20230822,145656247,0.927,0.0,0.0,0.924,0.923,0.922,0.921,0.92,0.0,0.0,0.0,0.0,0.0,0.925,0.926,0.927,0.928,0.929,0.0,0.0,0.0,0.0,0.0,1034000.0,694500.0,794600.0,52700.0,431000.0,0.0,0.0,0.0,0.0,0.0,84700.0,556400.0,619900.0,642200.0,55700.0,0.0,0.0,0.0,0.0,0.0
20230822145659248,SZSE,SZSE.ETF.159928,0.925,0.93,0.934,0.914,0.0,1.02,0.834,144359985.0,0.0,133063536.16,0.0,0.0,0.0,20230822,20230822,145659249,0.927,0.0,0.0,0.924,0.923,0.922,0.921,0.92,0.0,0.0,0.0,0.0,0.0,0.925,0.926,0.927,0.928,0.929,0.0,0.0,0.0,0.0,0.0,1034000.0,694500.0,796300.0,52700.0,431000.0,0.0,0.0,0.0,0.0,0.0,84700.0,556400.0,619900.0,642200.0,55700.0,0.0,0.0,0.0,0.0,0.0
20230822145702008,SZSE,SZSE.ETF.159928,0.924,0.93,0.934,0.914,0.0,1.02,0.834,144360285.0,300.0,133063813.36,277.20000000298023,0.0,0.0,20230822,20230822,145702008,0.927,0.0,0.0,0.0,0.0,0.0,0.0,0.0,0.0,0.0,0.0,0.0,0.0,0.0,0.0,0.0,0.0,0.0,0.0,0.0,0.0,0.0,0.0,0.0,0.0,0.0,0.0,0.0,0.0,0.0,0.0,0.0,0.0,0.0,0.0,0.0,0.0,0.0,0.0,0.0,0.0,0.0,0.0
20230822145710488,SZSE,SZSE.ETF.159928,0.924,0.93,0.934,0.914,0.0,1.02,0.834,144360285.0,0.0,133063813.36,0.0,0.0,0.0,20230822,20230822,145710488,0.927,0.0,0.0,0.925,0.0,0.0,0.0,0.0,0.0,0.0,0.0,0.0,0.0,0.925,0.0,0.0,0.0,0.0,0.0,0.0,0.0,0.0,0.0,23900.0,0.0,0.0,0.0,0.0,0.0,0.0,0.0,0.0,0.0,23900.0,61400.0,0.0,0.0,0.0,0.0,0.0,0.0,0.0,0.0
20230822145719516,SZSE,SZSE.ETF.159928,0.924,0.93,0.934,0.914,0.0,1.02,0.834,144360285.0,0.0,133063813.36,0.0,0.0,0.0,20230822,20230822,145719515,0.927,0.0,0.0,0.925,0.0,0.0,0.0,0.0,0.0,0.0,0.0,0.0,0.0,0.925,0.0,0.0,0.0,0.0,0.0,0.0,0.0,0.0,0.0,23900.0,0.0,0.0,0.0,0.0,0.0,0.0,0.0,0.0,0.0,23900.0,75800.0,0.0,0.0,0.0,0.0,0.0,0.0,0.0,0.0
