time,exchg,code,price,open,high,low,settle_price,upper_limit,lower_limit,total_volume,volume,total_turnover,turnover,open_interest,diff_interest,trading_date,action_date,action_time,pre_close,pre_settle,pre_interest,bid_price_0,bid_price_1,bid_price_2,bid_price_3,bid_price_4,bid_price_5,bid_price_6,bid_price_7,bid_price_8,bid_price_9,ask_price_0,ask_price_1,ask_price_2,ask_price_3,ask_price_4,ask_price_5,ask_price_6,ask_price_7,ask_price_8,ask_price_9,bid_qty_0,bid_qty_1,bid_qty_2,bid_qty_3,bid_qty_4,bid_qty_5,bid_qty_6,bid_qty_7,bid_qty_8,bid_qty_9,ask_qty_0,ask_qty_1,ask_qty_2,ask_qty_3,ask_qty_4,ask_qty_5,ask_qty_6,ask_qty_7,ask_qty_8,ask_qty_9
20230822142532256,SZSE,SZSE.ETF.159949,0.887,0.89,0.894,0.87,0.0,1.066,0.71,778880056.0,38900.0,685225756.67,34504.299999952316,0.0,0.0,20230822,20230822,142532254,0.888,0.0,0.0,0.887,0.886,0.885,0.884,0.883,0.0,0.0,0.0,0.0,0.0,0.888,0.889,0.89,0.891,0.892,0.0,0.0,0.0,0.0,0.0,3676000.0,5104000.0,3494100.0,2219000.0,1458600.0,0.0,0.0,0.0,0.0,0.0,3241400.0,5920500.0,5912500.0,3253500.0,2790600.0,0.0,0.0,0.0,0.0,0.0
20230822142535272,SZSE,SZSE.ETF.159949,0.887,0.89,0.894,0.87,0.0,1.066,0.71,779095656.0,215600.0,685417193.87,191437.20000004768,0.0,0.0,20230822,20230822,142535272,0.888,0.0,0.0,0.887,0.886,0.885,0.884,0.883,0.0,0.0,0.0,0.0,0.0,0.888,0.889,0.89,0.891,0.892,0.0,0.0,0.0,0.0,0.0,3652400.0,4967300.0,3494100.0,2276200.0,1458600.0,0.0,0.0,0.0,0.0,0.0,3148400.0,5802000.0,5902500.0,3253500.0,2790600.0,0.0,0.0,0.0,0.0,0.0
20230822142538276,SZSE,SZSE.ETF.159949,0.887,0.89,0.894,0.87,0.0,1.066,0.71,779120456.0,24800.0,685439191.97,21998.100000023842,0.0,0.0,20230822,20230822,142538276,0.888,0.0,0.0,0.887,0.886,0.885,0.884,0.883,0.0,0.0,0.0,0.0,0.0,0.888,0.889,0.89,0.891,0.892,0.0,0.0,0.0,0.0,0.0,3640100.0,5087300.0,3492400.0,2276200.0,1458600.0,0.0,0.0,0.0,0.0,0.0,3697500.0,6002500.0,5943500.0,3251500.0,2790600.0,0.0,0.0,0.0,0.0,0.0
20230822142541236,SZSE,SZSE.ETF.159949,0.887,0.89,0.894,0.87,0.0,1.066,0.71,779260956.0,140500.0,685563873.47,124681.5,0.0,0.0,20230822,20230822,142541237,0.888,0.0,0.0,0.887,0.886,0.885,0.884,0.883,0.0,0.0,0.0,0.0,0.0,0.888,0.889,0.89,0.891,0.892,0.0,0.0,0.0,0.0,0.0,3557600.0,4387300.0,3492400.0,2276200.0,1458600.0,0.0,0.0,0.0,0.0,0.0,3694900.0,5291500.0,5954800.0,3251500.0,2790600.0,0.0,0.0,0.0,0.0,0.0
20230822142544260,SZSE,SZSE.ETF.159949,0.887,0.89,0.894,0.87,0.0,1.066,0.71,779319156.0,58200.0,685615546.87,51673.39999997616,0.0,0.0,20230822,20230822,142544260,0.888,0.0,0.0,0.887,0.886,0.885,0.884,0.883,0.0,0.0,0.0,0.0,0.0,0.888,0.889,0.89,0.891,0.892,0.0,0.0,0.0,0.0,0.0,3559400.0,6086300.0,3492400.0,1277200.0,1458600.0,0.0,0.0,0.0,0.0,0.0,3677900.0,5994500.0,5954800.0,3264500.0,2790600.0,0.0,0.0,0.0,0.0,0.0
20230822142547264,SZSE,SZSE.ETF.159949,0.888,0.89,0.894,0.87,0.0,1.066,0.71,779334556.0,15400.0,685629208.67,13661.799999952316,0.0,0.0,20230822,20230822,142547265,0.888,0.0,0.0,0.887,0.886,0.885,0.884,0.883,0.0,0.0,0.0,0.0,0.0,0.888,0.889,0.89,0.891,0.892,0.0,0.0,0.0,0.0,0.0,3596000.0,5939700.0,3502100.0,1277200.0,1458600.0,0.0,0.0,0.0,0.0,0.0,3692700.0,5874500.0,5957400.0,3264000.0,2784600.0,0.0,0.0,0.0,0.0,0.0
20230822142844264,SZSE,SZSE.ETF.159949,0.889,0.89,0.894,0.87,0.0,1.066,0.71,790826256.0,64500.0,695826196.87,57333.60000002384,0.0,0.0,20230822,20230822,142844263,0.888,0.0,0.0,0.888,0.887,0.886,0.885,0.884,0.0,0.0,0.0,0.0,0.0,0.889,0.89,0.891,0.892,0.893,0.0,0.0,0.0,0.0,0.0,3808400.0,5256700.0,2930400.0,1914200.0,947400.0,0.0,0.0,0.0,0.0,0.0,1993700.0,7626800.0,5098900.0,3346900.0,2284200.0,0.0,0.0,0.0,0.0,0.0
20230822142847268,SZSE,SZSE.ETF.159949,0.889,0.89,0.894,0.87,0.0,1.066,0.71,791046256.0,220000.0,696021776.87,195580.0,0.0,0.0,20230822,20230822,142847269,0.888,0.0,0.0,0.888,0.887,0.886,0.885,0.884,0.0,0.0,0.0,0.0,0.0,0.889,0.89,0.891,0.892,0.893,0.0,0.0,0.0,0.0,0.0,3811100.0,5336700.0,2727400.0,1914200.0,947400.0,0.0,0.0,0.0,0.0,0.0,1773900.0,7510600.0,4907400.0,3546900.0,2284200.0,0.0,0.0,0.0,0.0,0.0
20230822142850248,SZSE,SZSE.ETF.159949,0.889,0.89,0.894,0.87,0.0,1.066,0.71,791296356.0,250100.0,696244115.77,222338.89999997616,0.0,0.0,20230822,20230822,142850247,0.888,0.0,0.0,0.888,0.887,0.886,0.885,0.884,0.0,0.0,0.0,0.0,0.0,0.889,0.89,0.891,0.892,0.893,0.0,0.0,0.0,0.0,0.0,3802800.0,5166700.0,2732400.0,1864200.0,947400.0,0.0,0.0,0.0,0.0,0.0,1583800.0,7331600.0,4907400.0,3545700.0,2284200.0,0.0,0.0,0.0,0.0,0.0
20230822142853240,SZSE,SZSE.ETF.159949,0.889,0.89,0.894,0.87,0.0,1.066,0.71,791303456.0,7100.0,696250427.67,6311.899999976158,0.0,0.0,20230822,20230822,142853238,0.888,0.0,0.0,0.888,0.887,0.886,0.885,0.884,0.0,0.0,0.0,0.0,0.0,0.889,0.89,0.891,0.892,0.893,0.0,0.0,0.0,0.0,0.0,5366600.0,4046700.0,2482300.0,1864200.0,947400.0,0.0,0.0,0.0,0.0,0.0,1597000.0,7205400.0,4905400.0,3540700.0,2333700.0,0.0,0.0,0.0,0.0,0.0
20230822142856272,SZSE,SZSE.ETF.159949,0.889,0.89,0.894,0.87,0.0,1.066,0.71,791528456.0,225000.0,696450452.67,200025.0,0.0,0.0,20230822,20230822,142856273,0.888,0.0,0.0,0.888,0.887,0.886,0.885,0.884,0.0,0.0,0.0,0.0,0.0,0.889,0.89,0.891,0.892,0.893,0.0,0.0,0.0,0.0,0.0,3805400.0,5785000.0,2492300.0,1844200.0,947400.0,0.0,0.0,0.0,0.0,0.0,1152000.0,9060700.0,3460100.0,3550700.0,2553700.0,0.0,0.0,0.0,0.0,0.0
20230822142859216,SZSE,SZSE.ETF.159949,0.889,0.89,0.894,0.87,0.0,1.066,0.71,792251656.0,723200.0,697093377.47,642924.8000000715,0.0,0.0,20230822,20230822,142859217,0.888,0.0,0.0,0.888,0.887,0.886,0.885,0.884,0.0,0.0,0.0,0.0,0.0,0.889,0.89,0.891,0.892,0.893,0.0,0.0,0.0,0.0,0.0,3605900.0,5659600.0,2492300.0,1844200.0,947400.0,0.0,0.0,0.0,0.0,0.0,453400.0,15322700.0,3240100.0,3332700.0,2338700.0,0.0,0.0,0.0,0.0,0.0
20230822142902244,SZSE,SZSE.ETF.159949,0.889,0.89,0.894,0.87,0.0,1.066,0.71,792276756.0,25100.0,697115691.37,22313.899999976158,0.0,0.0,20230822,20230822,142902244,0.888,0.0,0.0,0.888,0.887,0.886,0.885,0.884,0.0,0.0,0.0,0.0,0.0,0.889,0.89,0.891,0.892,0.893,0.0,0.0,0.0,0.0,0.0,5173100.0,4092900.0,2499100.0,1844200.0,947400.0,0.0,0.0,0.0,0.0,0.0,438300.0,13877400.0,4687400.0,3327700.0,2338700.0,0.0,0.0,0.0,0.0,0.0
20230822142905240,SZSE,SZSE.ETF.159949,0.889,0.89,0.894,0.87,0.0,1.066,0.71,792598556.0,321800.0,697401765.57,286074.2000000477,0.0,0.0,20230822,20230822,142905238,0.888,0.0,0.0,0.889,0.888,0.887,0.886,0.885,0.0,0.0,0.0,0.0,0.0,0.89,0.891,0.892,0.893,0.894,0.0,0.0,0.0,0.0,0.0,666300.0,5529100.0,3922900.0,2278100.0,1844200.0,0.0,0.0,0.0,0.0,0.0,13356400.0,4690400.0,3327700.0,2689700.0,1839400.0,0.0,0.0,0.0,0.0,0.0
20230822142908264,SZSE,SZSE.ETF.159949,0.889,0.89,0.894,0.87,0.0,1.066,0.71,792798656.0,200100.0,697579654.47,177888.89999997616,0.0,0.0,20230822,20230822,142908262,0.888,0.0,0.0,0.889,0.888,0.887,0.886,0.885,0.0,0.0,0.0,0.0,0.0,0.89,0.891,0.892,0.893,0.894,0.0,0.0,0.0,0.0,0.0,717300.0,5919700.0,3702100.0,2279700.0,1844200.0,0.0,0.0,0.0,0.0,0.0,13106400.0,5100400.0,3357700.0,2689700.0,1839400.0,0.0,0.0,0.0,0.0,0.0
20230822142911280,SZSE,SZSE.ETF.159949,0.889,0.89,0.894,0.87,0.0,1.066,0.71,793217056.0,418400.0,697951612.37,371957.89999997616,0.0,0.0,20230822,20230822,142911279,0.888,0.0,0.0,0.889,0.888,0.887,0.886,0.885,0.0,0.0,0.0,0.0,0.0,0.89,0.891,0.892,0.893,0.894,0.0,0.0,0.0,0.0,0.0,378000.0,6154700.0,3502100.0,2275200.0,1844200.0,0.0,0.0,0.0,0.0,0.0,12387100.0,5300400.0,3357700.0,2699700.0,1839400.0,0.0,0.0,0.0,0.0,0.0
20230822142914272,SZSE,SZSE.ETF.159949,0.889,0.89,0.894,0.87,0.0,1.066,0.71,793532056.0,315000.0,698231697.57,280085.2000000477,0.0,0.0,20230822,20230822,142914271,0.888,0.0,0.0,0.889,0.888,0.887,0.886,0.885,0.0,0.0,0.0,0.0,0.0,0.89,0.891,0.892,0.893,0.894,0.0,0.0,0.0,0.0,0.0,287100.0,6199400.0,3702100.0,2275200.0,1844200.0,0.0,0.0,0.0,0.0,0.0,12539300.0,5198400.0,3357700.0,2679700.0,1839400.0,0.0,0.0,0.0,0.0,0.0
20230822142917260,SZSE,SZSE.ETF.159949,0.89,0.89,0.894,0.87,0.0,1.066,0.71,793556656.0,24600.0,698253569.17,21871.599999904633,0.0,0.0,20230822,20230822,142917260,0.888,0.0,0.0,0.889,0.888,0.887,0.886,0.885,0.0,0.0,0.0,0.0,0.0,0.89,0.891,0.892,0.893,0.894,0.0,0.0,0.0,0.0,0.0,395200.0,6103400.0,3702100.0,2275700.0,1844200.0,0.0,0.0,0.0,0.0,0.0,12557100.0,5078400.0,3357700.0,2679700.0,1839400.0,0.0,0.0,0.0,0.0,0.0
20230822142920268,SZSE,SZSE.ETF.159949,0.888,0.89,0.894,0.87,0.0,1.066,0.71,793961256.0,404600.0,698613249.17,359680.0,0.0,0.0,20230822,20230822,142920267,0.888,0.0,0.0,0.888,0.887,0.886,0.885,0.884,0.0,0.0,0.0,0.0,0.0,0.889,0.89,0.891,0.892,0.893,0.0,0.0,0.0,0.0,0.0,5862400.0,3432100.0,2275700.0,1844200.0,935800.0,0.0,0.0,0.0,0.0,0.0,173100.0,12690200.0,5198400.0,3387700.0,2328700.0,0.0,0.0,0.0,0.0,0.0
20230822142923272,SZSE,SZSE.ETF.159949,0.889,0.89,0.894,0.87,0.0,1.066,0.71,793972356.0,11100.0,698623112.67,9863.5,0.0,0.0,20230822,20230822,142923270,0.888,0.0,0.0,0.888,0.887,0.886,0.885,0.884,0.0,0.0,0.0,0.0,0.0,0.889,0.89,0.891,0.892,0.893,0.0,0.0,0.0,0.0,0.0,5916000.0,3552100.0,2275700.0,1844200.0,935800.0,0.0,0.0,0.0,0.0,0.0,1778300.0,12880000.0,5268400.0,3388100.0,2328700.0,0.0,0.0,0.0,0.0,0.0
20230822142926276,SZSE,SZSE.ETF.159949,0.889,0.89,0.894,0.87,0.0,1.066,0.71,793987656.0,15300.0,698636714.27,13601.600000023842,0.0,0.0,20230822,20230822,142926277,0.888,0.0,0.0,0.888,0.887,0.886,0.885,0.884,0.0,0.0,0.0,0.0,0.0,0.889,0.89,0.891,0.892,0.893,0.0,0.0,0.0,0.0,0.0,4394200.0,4559700.0,2275700.0,1844200.0,935800.0,0.0,0.0,0.0,0.0,0.0,1910600.0,12881200.0,4688400.0,3399100.0,2328700.0,0.0,0.0,0.0,0.0,0.0
20230822142929268,SZSE,SZSE.ETF.159949,0.889,0.89,0.894,0.87,0.0,1.066,0.71,794017856.0,30200.0,698663532.07,26817.800000071526,0.0,0.0,20230822,20230822,142929267,0.888,0.0,0.0,0.888,0.887,0.886,0.885,0.884,0.0,0.0,0.0,0.0,0.0,0.889,0.89,0.891,0.892,0.893,0.0,0.0,0.0,0.0,0.0,4087000.0,5536900.0,2275700.0,1844200.0,935800.0,0.0,0.0,0.0,0.0,0.0,1965700.0,13261200.0,4997000.0,3399100.0,2328700.0,0.0,0.0,0.0,0.0,0.0
20230822142932260,SZSE,SZSE.ETF.159949,0.888,0.89,0.894,0.87,0.0,1.066,0.71,794186856.0,169000.0,698813770.27,150238.19999992847,0.0,0.0,20230822,20230822,142932261,0.888,0.0,0.0,0.888,0.887,0.886,0.885,0.884,0.0,0.0,0.0,0.0,0.0,0.889,0.89,0.891,0.892,0.893,0.0,0.0,0.0,0.0,0.0,3085200.0,5417900.0,2275700.0,1844200.0,935800.0,0.0,0.0,0.0,0.0,0.0,1819500.0,13141200.0,3551700.0,3401100.0,2334700.0,0.0,0.0,0.0,0.0,0.0
20230822142935252,SZSE,SZSE.ETF.159949,0.889,0.89,0.894,0.87,0.0,1.066,0.71,794330256.0,143400.0,698941252.87,127482.60000002384,0.0,0.0,20230822,20230822,142935252,0.888,0.0,0.0,0.888,0.887,0.886,0.885,0.884,0.0,0.0,0.0,0.0,0.0,0.889,0.89,0.891,0.892,0.893,0.0,0.0,0.0,0.0,0.0,4161400.0,4537900.0,2275700.0,1844200.0,935800.0,0.0,0.0,0.0,0.0,0.0,1686100.0,13264200.0,4997000.0,3401100.0,2334700.0,0.0,0.0,0.0,0.0,0.0
20230822142938264,SZSE,SZSE.ETF.159949,0.889,0.89,0.894,0.87,0.0,1.066,0.71,794434056.0,103800.0,699033530.97,92278.10000002384,0.0,0.0,20230822,20230822,142938262,0.888,0.0,0.0,0.888,0.887,0.886,0.885,0.884,0.0,0.0,0.0,0.0,0.0,0.889,0.89,0.891,0.892,0.893,0.0,0.0,0.0,0.0,0.0,3975200.0,4127900.0,2275700.0,1844200.0,935800.0,0.0,0.0,0.0,0.0,0.0,1603100.0,12857200.0,4707000.0,3390300.0,2334700.0,0.0,0.0,0.0,0.0,0.0
20230822142941272,SZSE,SZSE.ETF.159949,0.889,0.89,0.894,0.87,0.0,1.066,0.71,794464256.0,30200.0,699060378.77,26847.799999952316,0.0,0.0,20230822,20230822,142941270,0.888,0.0,0.0,0.888,0.887,0.886,0.885,0.884,0.0,0.0,0.0,0.0,0.0,0.889,0.89,0.891,0.892,0.893,0.0,0.0,0.0,0.0,0.0,5865500.0,2970700.0,2275700.0,1834200.0,935800.0,0.0,0.0,0.0,0.0,0.0,2712700.0,13277200.0,5007800.0,3390300.0,2343700.0,0.0,0.0,0.0,0.0,0.0
20230822142944256,SZSE,SZSE.ETF.159949,0.889,0.89,0.894,0.87,0.0,1.066,0.71,794566456.0,102200.0,699151234.37,90855.60000002384,0.0,0.0,20230822,20230822,142944257,0.888,0.0,0.0,0.888,0.887,0.886,0.885,0.884,0.0,0.0,0.0,0.0,0.0,0.889,0.89,0.891,0.892,0.893,0.0,0.0,0.0,0.0,0.0,6085300.0,3070700.0,2275700.0,1834200.0,935800.0,0.0,0.0,0.0,0.0,0.0,2625700.0,13161200.0,5228000.0,3390300.0,2563700.0,0.0,0.0,0.0,0.0,0.0
20230822142947264,SZSE,SZSE.ETF.159949,0.889,0.89,0.894,0.87,0.0,1.066,0.71,794620656.0,54200.0,699199418.17,48183.799999952316,0.0,0.0,20230822,20230822,142947265,0.888,0.0,0.0,0.888,0.887,0.886,0.885,0.884,0.0,0.0,0.0,0.0,0.0,0.889,0.89,0.891,0.892,0.893,0.0,0.0,0.0,0.0,0.0,5796100.0,3191100.0,2275700.0,1834200.0,935800.0,0.0,0.0,0.0,0.0,0.0,2724500.0,13291200.0,5008000.0,3390300.0,2345500.0,0.0,0.0,0.0,0.0,0.0
20230822142950276,SZSE,SZSE.ETF.159949,0.889,0.89,0.894,0.87,0.0,1.066,0.71,794649856.0,29200.0,699225363.77,25945.600000023842,0.0,0.0,20230822,20230822,142950275,0.888,0.0,0.0,0.888,0.887,0.886,0.885,0.884,0.0,0.0,0.0,0.0,0.0,0.889,0.89,0.891,0.892,0.893,0.0,0.0,0.0,0.0,0.0,6002900.0,3119100.0,2255700.0,1834200.0,935800.0,0.0,0.0,0.0,0.0,0.0,2743500.0,12684200.0,5225000.0,3390300.0,2565500.0,0.0,0.0,0.0,0.0,0.0
20230822142953232,SZSE,SZSE.ETF.159949,0.889,0.89,0.894,0.87,0.0,1.066,0.71,794764756.0,114900.0,699327509.87,102146.10000002384,0.0,0.0,20230822,20230822,142953233,0.888,0.0,0.0,0.888,0.887,0.886,0.885,0.884,0.0,0.0,0.0,0.0,0.0,0.889,0.89,0.891,0.892,0.893,0.0,0.0,0.0,0.0,0.0,5492900.0,2829100.0,2475700.0,1834200.0,935800.0,0.0,0.0,0.0,0.0,0.0,2694200.0,12664200.0,4715000.0,3610300.0,2345500.0,0.0,0.0,0.0,0.0,0.0
20230822142956232,SZSE,SZSE.ETF.159949,0.889,0.89,0.894,0.87,0.0,1.066,0.71,794835756.0,71000.0,699390618.87,63109.0,0.0,0.0,20230822,20230822,142956233,0.888,0.0,0.0,0.888,0.887,0.886,0.885,0.884,0.0,0.0,0.0,0.0,0.0,0.889,0.89,0.891,0.892,0.893,0.0,0.0,0.0,0.0,0.0,5777900.0,4212700.0,2255700.0,1834200.0,955800.0,0.0,0.0,0.0,0.0,0.0,2633200.0,12959700.0,5005000.0,3390300.0,2345500.0,0.0,0.0,0.0,0.0,0.0
20230822142959248,SZSE,SZSE.ETF.159949,0.889,0.89,0.894,0.87,0.0,1.066,0.71,794878256.0,42500.0,699428380.57,37761.700000047684,0.0,0.0,20230822,20230822,142959246,0.888,0.0,0.0,0.888,0.887,0.886,0.885,0.884,0.0,0.0,0.0,0.0,0.0,0.889,0.89,0.891,0.892,0.893,0.0,0.0,0.0,0.0,0.0,4194900.0,4660900.0,2275700.0,1834200.0,955800.0,0.0,0.0,0.0,0.0,0.0,2707200.0,12869700.0,5005000.0,3390300.0,2347000.0,0.0,0.0,0.0,0.0,0.0
20230822143002304,SZSE,SZSE.ETF.159949,0.889,0.89,0.894,0.87,0.0,1.066,0.71,794913356.0,35100.0,699459584.47,31203.899999976158,0.0,0.0,20230822,20230822,143002302,0.888,0.0,0.0,0.888,0.887,0.886,0.885,0.884,0.0,0.0,0.0,0.0,0.0,0.889,0.89,0.891,0.892,0.893,0.0,0.0,0.0,0.0,0.0,4415000.0,4780900.0,2276900.0,1834200.0,959200.0,0.0,0.0,0.0,0.0,0.0,2885500.0,12977700.0,5226000.0,3390300.0,2570000.0,0.0,0.0,0.0,0.0,0.0
20230822143011416,SZSE,SZSE.ETF.159949,0.888,0.89,0.894,0.87,0.0,1.066,0.71,796117156.0,1091500.0,700528731.37,969343.5,0.0,0.0,20230822,20230822,143011414,0.888,0.0,0.0,0.888,0.887,0.886,0.885,0.884,0.0,0.0,0.0,0.0,0.0,0.889,0.89,0.891,0.892,0.893,0.0,0.0,0.0,0.0,0.0,1286100.0,5912200.0,2396900.0,1834200.0,960400.0,0.0,0.0,0.0,0.0,0.0,3325500.0,13743200.0,3270700.0,3610300.0,2350000.0,0.0,0.0,0.0,0.0,0.0
20230822143014400,SZSE,SZSE.ETF.159949,0.889,0.89,0.894,0.87,0.0,1.066,0.71,796555556.0,438400.0,700918042.97,389311.60000002384,0.0,0.0,20230822,20230822,143014401,0.888,0.0,0.0,0.888,0.887,0.886,0.885,0.884,0.0,0.0,0.0,0.0,0.0,0.889,0.89,0.891,0.892,0.893,0.0,0.0,0.0,0.0,0.0,882100.0,4045000.0,4164100.0,1834200.0,960400.0,0.0,0.0,0.0,0.0,0.0,5622700.0,13648200.0,3470700.0,3205300.0,2350000.0,0.0,0.0,0.0,0.0,0.0
20230822143017416,SZSE,SZSE.ETF.159949,0.887,0.89,0.894,0.87,0.0,1.066,0.71,797549756.0,994200.0,701800809.17,882766.1999999285,0.0,0.0,20230822,20230822,143017418,0.888,0.0,0.0,0.887,0.886,0.885,0.884,0.883,0.0,0.0,0.0,0.0,0.0,0.888,0.889,0.89,0.891,0.892,0.0,0.0,0.0,0.0,0.0,3489200.0,4164100.0,2054200.0,960400.0,1478400.0,0.0,0.0,0.0,0.0,0.0,298900.0,7642300.0,12083900.0,3690700.0,2854300.0,0.0,0.0,0.0,0.0,0.0
20230822143020412,SZSE,SZSE.ETF.159949,0.888,0.89,0.894,0.87,0.0,1.066,0.71,798604056.0,1054300.0,702735993.27,935184.1000000238,0.0,0.0,20230822,20230822,143020412,0.888,0.0,0.0,0.887,0.886,0.885,0.884,0.883,0.0,0.0,0.0,0.0,0.0,0.888,0.889,0.89,0.891,0.892,0.0,0.0,0.0,0.0,0.0,1604900.0,4724100.0,3063200.0,960400.0,1445500.0,0.0,0.0,0.0,0.0,0.0,591000.0,7143400.0,11383900.0,3540700.0,2384300.0,0.0,0.0,0.0,0.0,0.0
20230822143023364,SZSE,SZSE.ETF.159949,0.888,0.89,0.894,0.87,0.0,1.066,0.71,799001556.0,397500.0,703088973.27,352980.0,0.0,0.0,20230822,20230822,143023363,0.888,0.0,0.0,0.887,0.886,0.885,0.884,0.883,0.0,0.0,0.0,0.0,0.0,0.888,0.889,0.89,0.891,0.892,0.0,0.0,0.0,0.0,0.0,1694900.0,4924100.0,2843200.0,960400.0,1445500.0,0.0,0.0,0.0,0.0,0.0,2113600.0,7201600.0,11638900.0,3330700.0,2384300.0,0.0,0.0,0.0,0.0,0.0
20230822143044304,SZSE,SZSE.ETF.159949,0.887,0.89,0.894,0.87,0.0,1.066,0.71,799443856.0,5200.0,703481467.87,4612.399999976158,0.0,0.0,20230822,20230822,143044302,0.888,0.0,0.0,0.887,0.886,0.885,0.884,0.883,0.0,0.0,0.0,0.0,0.0,0.888,0.889,0.89,0.891,0.892,0.0,0.0,0.0,0.0,0.0,1799500.0,5038000.0,2843200.0,975200.0,1445500.0,0.0,0.0,0.0,0.0,0.0,2183100.0,6990800.0,11919300.0,3779400.0,2429600.0,0.0,0.0,0.0,0.0,0.0
20230822143047328,SZSE,SZSE.ETF.159949,0.888,0.89,0.894,0.87,0.0,1.066,0.71,799483456.0,39600.0,703516622.87,35155.0,0.0,0.0,20230822,20230822,143047329,0.888,0.0,0.0,0.887,0.886,0.885,0.884,0.883,0.0,0.0,0.0,0.0,0.0,0.888,0.889,0.89,0.891,0.892,0.0,0.0,0.0,0.0,0.0,734000.0,4629000.0,3063200.0,983600.0,1445500.0,0.0,0.0,0.0,0.0,0.0,2163300.0,6812900.0,11629300.0,3999400.0,2379600.0,0.0,0.0,0.0,0.0,0.0
20230822143050320,SZSE,SZSE.ETF.159949,0.888,0.89,0.894,0.87,0.0,1.066,0.71,799542656.0,59200.0,703569152.47,52529.60000002384,0.0,0.0,20230822,20230822,143050321,0.888,0.0,0.0,0.887,0.886,0.885,0.884,0.883,0.0,0.0,0.0,0.0,0.0,0.888,0.889,0.89,0.891,0.892,0.0,0.0,0.0,0.0,0.0,695000.0,5639000.0,3063200.0,980200.0,1445500.0,0.0,0.0,0.0,0.0,0.0,2167500.0,6812900.0,11629300.0,3999400.0,2379600.0,0.0,0.0,0.0,0.0,0.0
20230822143053312,SZSE,SZSE.ETF.159949,0.888,0.89,0.894,0.87,0.0,1.066,0.71,799600756.0,58100.0,703620738.77,51586.299999952316,0.0,0.0,20230822,20230822,143053314,0.888,0.0,0.0,0.887,0.886,0.885,0.884,0.883,0.0,0.0,0.0,0.0,0.0,0.888,0.889,0.89,0.891,0.892,0.0,0.0,0.0,0.0,0.0,948600.0,6219500.0,3063200.0,988700.0,1445500.0,0.0,0.0,0.0,0.0,0.0,2145900.0,7597000.0,11634900.0,3999400.0,2379600.0,0.0,0.0,0.0,0.0,0.0
20230822143056320,SZSE,SZSE.ETF.159949,0.888,0.89,0.894,0.87,0.0,1.066,0.71,799606356.0,5600.0,703625711.57,4972.800000071526,0.0,0.0,20230822,20230822,143056319,0.888,0.0,0.0,0.887,0.886,0.885,0.884,0.883,0.0,0.0,0.0,0.0,0.0,0.888,0.889,0.89,0.891,0.892,0.0,0.0,0.0,0.0,0.0,948600.0,6219500.0,3063200.0,988700.0,1445500.0,0.0,0.0,0.0,0.0,0.0,2141800.0,7627500.0,11626400.0,3999400.0,2379600.0,0.0,0.0,0.0,0.0,0.0
20230822143059328,SZSE,SZSE.ETF.159949,0.888,0.89,0.894,0.87,0.0,1.066,0.71,799616356.0,10000.0,703634589.57,8878.0,0.0,0.0,20230822,20230822,143059329,0.888,0.0,0.0,0.887,0.886,0.885,0.884,0.883,0.0,0.0,0.0,0.0,0.0,0.888,0.889,0.89,0.891,0.892,0.0,0.0,0.0,0.0,0.0,956600.0,7415100.0,3053200.0,1458700.0,1450500.0,0.0,0.0,0.0,0.0,0.0,2228300.0,8408300.0,11656400.0,3999400.0,2380800.0,0.0,0.0,0.0,0.0,0.0
20230822143102316,SZSE,SZSE.ETF.159949,0.887,0.89,0.894,0.87,0.0,1.066,0.71,799744256.0,127900.0,703748069.77,113480.19999992847,0.0,0.0,20230822,20230822,143102317,0.888,0.0,0.0,0.887,0.886,0.885,0.884,0.883,0.0,0.0,0.0,0.0,0.0,0.888,0.889,0.89,0.891,0.892,0.0,0.0,0.0,0.0,0.0,861600.0,7005100.0,3053200.0,1462700.0,1450500.0,0.0,0.0,0.0,0.0,0.0,2228500.0,7998300.0,11670700.0,4019400.0,2380800.0,0.0,0.0,0.0,0.0,0.0
20230822143105336,SZSE,SZSE.ETF.159949,0.888,0.89,0.894,0.87,0.0,1.066,0.71,799903056.0,158800.0,703889014.17,140944.39999997616,0.0,0.0,20230822,20230822,143105338,0.888,0.0,0.0,0.887,0.886,0.885,0.884,0.883,0.0,0.0,0.0,0.0,0.0,0.888,0.889,0.89,0.891,0.892,0.0,0.0,0.0,0.0,0.0,908600.0,7125100.0,3053200.0,1462700.0,1450500.0,0.0,0.0,0.0,0.0,0.0,2143700.0,8120800.0,11656200.0,4019400.0,2280800.0,0.0,0.0,0.0,0.0,0.0
20230822143108352,SZSE,SZSE.ETF.159949,0.888,0.89,0.894,0.87,0.0,1.066,0.71,799956856.0,53800.0,703936749.47,47735.300000071526,0.0,0.0,20230822,20230822,143108351,0.888,0.0,0.0,0.887,0.886,0.885,0.884,0.883,0.0,0.0,0.0,0.0,0.0,0.888,0.889,0.89,0.891,0.892,0.0,0.0,0.0,0.0,0.0,812400.0,6715100.0,3053200.0,1462700.0,1446500.0,0.0,0.0,0.0,0.0,0.0,2381300.0,7710800.0,11652200.0,4019400.0,2280800.0,0.0,0.0,0.0,0.0,0.0
20230822143111328,SZSE,SZSE.ETF.159949,0.888,0.89,0.894,0.87,0.0,1.066,0.71,799970256.0,13400.0,703948636.77,11887.299999952316,0.0,0.0,20230822,20230822,143111328,0.888,0.0,0.0,0.887,0.886,0.885,0.884,0.883,0.0,0.0,0.0,0.0,0.0,0.888,0.889,0.89,0.891,0.892,0.0,0.0,0.0,0.0,0.0,800500.0,7447000.0,3053200.0,1462700.0,1446500.0,0.0,0.0,0.0,0.0,0.0,2433800.0,8420800.0,11652200.0,4019400.0,2280800.0,0.0,0.0,0.0,0.0,0.0
20230822143114360,SZSE,SZSE.ETF.159949,0.887,0.89,0.894,0.87,0.0,1.066,0.71,800157056.0,186800.0,704114471.77,165835.0,0.0,0.0,20230822,20230822,143114359,0.888,0.0,0.0,0.887,0.886,0.885,0.884,0.883,0.0,0.0,0.0,0.0,0.0,0.888,0.889,0.89,0.891,0.892,0.0,0.0,0.0,0.0,0.0,757100.0,7310400.0,3045200.0,1462700.0,1446500.0,0.0,0.0,0.0,0.0,0.0,2940000.0,8340800.0,11652200.0,4019400.0,2280800.0,0.0,0.0,0.0,0.0,0.0
20230822143117328,SZSE,SZSE.ETF.159949,0.887,0.89,0.894,0.87,0.0,1.066,0.71,800197356.0,40300.0,704150219.87,35748.10000002384,0.0,0.0,20230822,20230822,143117330,0.888,0.0,0.0,0.887,0.886,0.885,0.884,0.883,0.0,0.0,0.0,0.0,0.0,0.888,0.889,0.89,0.891,0.892,0.0,0.0,0.0,0.0,0.0,746800.0,7430400.0,3079200.0,1462700.0,1446500.0,0.0,0.0,0.0,0.0,0.0,2671400.0,8462800.0,11662200.0,4012000.0,2280800.0,0.0,0.0,0.0,0.0,0.0
20230822143120296,SZSE,SZSE.ETF.159949,0.887,0.89,0.894,0.87,0.0,1.066,0.71,800208156.0,10800.0,704159799.47,9579.600000023842,0.0,0.0,20230822,20230822,143120296,0.888,0.0,0.0,0.887,0.886,0.885,0.884,0.883,0.0,0.0,0.0,0.0,0.0,0.888,0.889,0.89,0.891,0.892,0.0,0.0,0.0,0.0,0.0,753100.0,7410400.0,3079200.0,1462700.0,1469100.0,0.0,0.0,0.0,0.0,0.0,2754400.0,8343800.0,11662200.0,4022000.0,2280800.0,0.0,0.0,0.0,0.0,0.0
20230822143123312,SZSE,SZSE.ETF.159949,0.887,0.89,0.894,0.87,0.0,1.066,0.71,800475856.0,267700.0,704397359.17,237559.69999992847,0.0,0.0,20230822,20230822,143123311,0.888,0.0,0.0,0.887,0.886,0.885,0.884,0.883,0.0,0.0,0.0,0.0,0.0,0.888,0.889,0.89,0.891,0.892,0.0,0.0,0.0,0.0,0.0,2654200.0,5967000.0,3079200.0,1462700.0,1469100.0,0.0,0.0,0.0,0.0,0.0,2656400.0,7928800.0,11628600.0,4022000.0,2280800.0,0.0,0.0,0.0,0.0,0.0
20230822143126328,SZSE,SZSE.ETF.159949,0.887,0.89,0.894,0.87,0.0,1.066,0.71,800522156.0,46300.0,704438427.27,41068.10000002384,0.0,0.0,20230822,20230822,143126329,0.888,0.0,0.0,0.887,0.886,0.885,0.884,0.883,0.0,0.0,0.0,0.0,0.0,0.888,0.889,0.89,0.891,0.892,0.0,0.0,0.0,0.0,0.0,2682200.0,6427000.0,2080200.0,1462700.0,1469100.0,0.0,0.0,0.0,0.0,0.0,2666400.0,8390300.0,11715200.0,4022000.0,2294800.0,0.0,0.0,0.0,0.0,0.0
20230822143129408,SZSE,SZSE.ETF.159949,0.887,0.89,0.894,0.87,0.0,1.066,0.71,800637456.0,115300.0,704540698.37,102271.10000002384,0.0,0.0,20230822,20230822,143129407,0.888,0.0,0.0,0.887,0.886,0.885,0.884,0.883,0.0,0.0,0.0,0.0,0.0,0.888,0.889,0.89,0.891,0.892,0.0,0.0,0.0,0.0,0.0,6690200.0,4979800.0,1860200.0,1462700.0,1503600.0,0.0,0.0,0.0,0.0,0.0,2696700.0,5946000.0,13400500.0,3802000.0,2514800.0,0.0,0.0,0.0,0.0,0.0
20230822143132384,SZSE,SZSE.ETF.159949,0.888,0.89,0.894,0.87,0.0,1.066,0.71,800675056.0,37600.0,704574049.67,33351.299999952316,0.0,0.0,20230822,20230822,143132383,0.888,0.0,0.0,0.887,0.886,0.885,0.884,0.883,0.0,0.0,0.0,0.0,0.0,0.888,0.889,0.89,0.891,0.892,0.0,0.0,0.0,0.0,0.0,6912200.0,4864800.0,1860200.0,1462700.0,1503600.0,0.0,0.0,0.0,0.0,0.0,2701600.0,5826700.0,13420500.0,3786000.0,2514800.0,0.0,0.0,0.0,0.0,0.0
20230822143135384,SZSE,SZSE.ETF.159949,0.888,0.89,0.894,0.87,0.0,1.066,0.71,801696256.0,1021200.0,705480854.57,906804.9000000954,0.0,0.0,20230822,20230822,143135384,0.888,0.0,0.0,0.887,0.886,0.885,0.884,0.883,0.0,0.0,0.0,0.0,0.0,0.888,0.889,0.89,0.891,0.892,0.0,0.0,0.0,0.0,0.0,8091600.0,4494800.0,1860200.0,1462700.0,1503600.0,0.0,0.0,0.0,0.0,0.0,1658000.0,5656700.0,13421200.0,3586000.0,2714800.0,0.0,0.0,0.0,0.0,0.0
20230822143138344,SZSE,SZSE.ETF.159949,0.888,0.89,0.894,0.87,0.0,1.066,0.71,801715656.0,19400.0,705498072.37,17217.799999952316,0.0,0.0,20230822,20230822,143138346,0.888,0.0,0.0,0.887,0.886,0.885,0.884,0.883,0.0,0.0,0.0,0.0,0.0,0.888,0.889,0.89,0.891,0.892,0.0,0.0,0.0,0.0,0.0,9532300.0,3216400.0,1860200.0,1467700.0,1507100.0,0.0,0.0,0.0,0.0,0.0,1648000.0,5736700.0,13533100.0,3586000.0,2734800.0,0.0,0.0,0.0,0.0,0.0
20230822143141364,SZSE,SZSE.ETF.159949,0.888,0.89,0.894,0.87,0.0,1.066,0.71,803390656.0,1675000.0,706985462.37,1487390.0,0.0,0.0,20230822,20230822,143141364,0.888,0.0,0.0,0.888,0.887,0.886,0.885,0.884,0.0,0.0,0.0,0.0,0.0,0.889,0.89,0.891,0.892,0.893,0.0,0.0,0.0,0.0,0.0,693900.0,9133300.0,3146400.0,1860200.0,1467700.0,0.0,0.0,0.0,0.0,0.0,5385200.0,13739100.0,3736000.0,3085800.0,2381400.0,0.0,0.0,0.0,0.0,0.0
20230822143144380,SZSE,SZSE.ETF.159949,0.888,0.89,0.894,0.87,0.0,1.066,0.71,803435856.0,45200.0,707025599.97,40137.60000002384,0.0,0.0,20230822,20230822,143144381,0.888,0.0,0.0,0.888,0.887,0.886,0.885,0.884,0.0,0.0,0.0,0.0,0.0,0.889,0.89,0.891,0.892,0.893,0.0,0.0,0.0,0.0,0.0,3303600.0,9258900.0,2912400.0,1861200.0,1467700.0,0.0,0.0,0.0,0.0,0.0,5093200.0,13859100.0,3736000.0,3085800.0,2381400.0,0.0,0.0,0.0,0.0,0.0
20230822143147360,SZSE,SZSE.ETF.159949,0.888,0.89,0.894,0.87,0.0,1.066,0.71,803555956.0,120100.0,707132248.77,106648.79999995232,0.0,0.0,20230822,20230822,143147359,0.888,0.0,0.0,0.888,0.887,0.886,0.885,0.884,0.0,0.0,0.0,0.0,0.0,0.889,0.89,0.891,0.892,0.893,0.0,0.0,0.0,0.0,0.0,3487000.0,9258900.0,2912400.0,1861200.0,1467700.0,0.0,0.0,0.0,0.0,0.0,4529000.0,12433800.0,5182500.0,3085800.0,2371400.0,0.0,0.0,0.0,0.0,0.0
20230822143150352,SZSE,SZSE.ETF.159949,0.888,0.89,0.894,0.87,0.0,1.066,0.71,803637956.0,82000.0,707205065.77,72817.0,0.0,0.0,20230822,20230822,143150350,0.888,0.0,0.0,0.888,0.887,0.886,0.885,0.884,0.0,0.0,0.0,0.0,0.0,0.889,0.89,0.891,0.892,0.893,0.0,0.0,0.0,0.0,0.0,5073200.0,6814700.0,2622400.0,1861200.0,1467800.0,0.0,0.0,0.0,0.0,0.0,4252900.0,12553800.0,5182500.0,3085800.0,2371400.0,0.0,0.0,0.0,0.0,0.0
20230822143153328,SZSE,SZSE.ETF.159949,0.888,0.89,0.894,0.87,0.0,1.066,0.71,803638056.0,100.0,707205154.57,88.80000007152557,0.0,0.0,20230822,20230822,143153327,0.888,0.0,0.0,0.888,0.887,0.886,0.885,0.884,0.0,0.0,0.0,0.0,0.0,0.889,0.89,0.891,0.892,0.893,0.0,0.0,0.0,0.0,0.0,5184700.0,6984700.0,2622400.0,1871200.0,1467800.0,0.0,0.0,0.0,0.0,0.0,4306900.0,12724300.0,5192500.0,3085800.0,2371400.0,0.0,0.0,0.0,0.0,0.0
20230822143156444,SZSE,SZSE.ETF.159949,0.888,0.89,0.894,0.87,0.0,1.066,0.71,803660156.0,22100.0,707224779.37,19624.799999952316,0.0,0.0,20230822,20230822,143156443,0.888,0.0,0.0,0.888,0.887,0.886,0.885,0.884,0.0,0.0,0.0,0.0,0.0,0.889,0.89,0.891,0.892,0.893,0.0,0.0,0.0,0.0,0.0,5162600.0,7104700.0,2402400.0,1871200.0,1527800.0,0.0,0.0,0.0,0.0,0.0,4030700.0,12573300.0,5185200.0,2765800.0,2371400.0,0.0,0.0,0.0,0.0,0.0
20230822143159344,SZSE,SZSE.ETF.159949,0.888,0.89,0.894,0.87,0.0,1.066,0.71,803784456.0,124300.0,707335157.77,110378.39999997616,0.0,0.0,20230822,20230822,143159346,0.888,0.0,0.0,0.888,0.887,0.886,0.885,0.884,0.0,0.0,0.0,0.0,0.0,0.889,0.89,0.891,0.892,0.893,0.0,0.0,0.0,0.0,0.0,7260300.0,5984600.0,2402400.0,1871200.0,1527800.0,0.0,0.0,0.0,0.0,0.0,3971200.0,12553300.0,5405200.0,3235800.0,2596400.0,0.0,0.0,0.0,0.0,0.0
20230822143202328,SZSE,SZSE.ETF.159949,0.889,0.89,0.894,0.87,0.0,1.066,0.71,803798856.0,14400.0,707347959.37,12801.600000023842,0.0,0.0,20230822,20230822,143202329,0.888,0.0,0.0,0.888,0.887,0.886,0.885,0.884,0.0,0.0,0.0,0.0,0.0,0.889,0.89,0.891,0.892,0.893,0.0,0.0,0.0,0.0,0.0,7296600.0,5815200.0,2402400.0,1871200.0,1539300.0,0.0,0.0,0.0,0.0,0.0,4003500.0,12390300.0,5405200.0,3235800.0,2596400.0,0.0,0.0,0.0,0.0,0.0
20230822143205336,SZSE,SZSE.ETF.159949,0.889,0.89,0.894,0.87,0.0,1.066,0.71,803858256.0,59400.0,707400735.97,52776.60000002384,0.0,0.0,20230822,20230822,143205334,0.888,0.0,0.0,0.888,0.887,0.886,0.885,0.884,0.0,0.0,0.0,0.0,0.0,0.889,0.89,0.891,0.892,0.893,0.0,0.0,0.0,0.0,0.0,5799400.0,6969400.0,2408000.0,1871200.0,1539300.0,0.0,0.0,0.0,0.0,0.0,3981100.0,13415600.0,3959900.0,3235800.0,2596400.0,0.0,0.0,0.0,0.0,0.0
20230822143208344,SZSE,SZSE.ETF.159949,0.888,0.89,0.894,0.87,0.0,1.066,0.71,804106456.0,248200.0,707621383.47,220647.5,0.0,0.0,20230822,20230822,143208343,0.888,0.0,0.0,0.888,0.887,0.886,0.885,0.884,0.0,0.0,0.0,0.0,0.0,0.889,0.89,0.891,0.892,0.893,0.0,0.0,0.0,0.0,0.0,4893100.0,7384300.0,2637600.0,1902200.0,1540800.0,0.0,0.0,0.0,0.0,0.0,3754200.0,14077900.0,4029900.0,3455800.0,2376400.0,0.0,0.0,0.0,0.0,0.0
20230822143211340,SZSE,SZSE.ETF.159949,0.888,0.89,0.894,0.87,0.0,1.066,0.71,804183456.0,77000.0,707689819.47,68436.0,0.0,0.0,20230822,20230822,143211340,0.888,0.0,0.0,0.888,0.887,0.886,0.885,0.884,0.0,0.0,0.0,0.0,0.0,0.889,0.89,0.891,0.892,0.893,0.0,0.0,0.0,0.0,0.0,2554700.0,7235700.0,2637600.0,1902200.0,1540800.0,0.0,0.0,0.0,0.0,0.0,3699200.0,13957900.0,4029900.0,3455800.0,2376400.0,0.0,0.0,0.0,0.0,0.0
20230822143214376,SZSE,SZSE.ETF.159949,0.889,0.89,0.894,0.87,0.0,1.066,0.71,804218656.0,35200.0,707721107.27,31287.799999952316,0.0,0.0,20230822,20230822,143214375,0.888,0.0,0.0,0.888,0.887,0.886,0.885,0.884,0.0,0.0,0.0,0.0,0.0,0.889,0.89,0.891,0.892,0.893,0.0,0.0,0.0,0.0,0.0,1192900.0,5668500.0,4204800.0,1902200.0,1540800.0,0.0,0.0,0.0,0.0,0.0,5157400.0,12517600.0,4029900.0,3455800.0,2376500.0,0.0,0.0,0.0,0.0,0.0
20230822143217380,SZSE,SZSE.ETF.159949,0.888,0.89,0.894,0.87,0.0,1.066,0.71,804634656.0,416000.0,708090520.27,369413.0,0.0,0.0,20230822,20230822,143217380,0.888,0.0,0.0,0.888,0.887,0.886,0.885,0.884,0.0,0.0,0.0,0.0,0.0,0.889,0.89,0.891,0.892,0.893,0.0,0.0,0.0,0.0,0.0,798000.0,4498500.0,4204800.0,1902100.0,1540800.0,0.0,0.0,0.0,0.0,0.0,5159800.0,12347600.0,4029900.0,3455800.0,2402500.0,0.0,0.0,0.0,0.0,0.0
20230822143220412,SZSE,SZSE.ETF.159949,0.888,0.89,0.894,0.87,0.0,1.066,0.71,805369656.0,735000.0,708743325.37,652805.1000000238,0.0,0.0,20230822,20230822,143220413,0.888,0.0,0.0,0.887,0.886,0.885,0.884,0.883,0.0,0.0,0.0,0.0,0.0,0.888,0.889,0.89,0.891,0.892,0.0,0.0,0.0,0.0,0.0,3037500.0,4410400.0,2901100.0,1540800.0,1507100.0,0.0,0.0,0.0,0.0,0.0,772400.0,5452100.0,12587800.0,3789900.0,2684800.0,0.0,0.0,0.0,0.0,0.0
20230822143223364,SZSE,SZSE.ETF.159949,0.888,0.89,0.894,0.87,0.0,1.066,0.71,805381056.0,11400.0,708753448.57,10123.200000047684,0.0,0.0,20230822,20230822,143223363,0.888,0.0,0.0,0.887,0.886,0.885,0.884,0.883,0.0,0.0,0.0,0.0,0.0,0.888,0.889,0.89,0.891,0.892,0.0,0.0,0.0,0.0,0.0,2924500.0,5730400.0,2901100.0,1540800.0,1507100.0,0.0,0.0,0.0,0.0,0.0,2759600.0,5783700.0,12637800.0,3789900.0,2446800.0,0.0,0.0,0.0,0.0,0.0
20230822143226344,SZSE,SZSE.ETF.159949,0.888,0.89,0.894,0.87,0.0,1.066,0.71,805399756.0,18700.0,708770054.17,16605.599999904633,0.0,0.0,20230822,20230822,143226343,0.888,0.0,0.0,0.887,0.886,0.885,0.884,0.883,0.0,0.0,0.0,0.0,0.0,0.888,0.889,0.89,0.891,0.892,0.0,0.0,0.0,0.0,0.0,2467500.0,7730400.0,2903400.0,1540800.0,1507100.0,0.0,0.0,0.0,0.0,0.0,3220900.0,6395700.0,12637800.0,3786900.0,2446800.0,0.0,0.0,0.0,0.0,0.0
20230822143229372,SZSE,SZSE.ETF.159949,0.887,0.89,0.894,0.87,0.0,1.066,0.71,805402356.0,2600.0,708772361.37,2307.2000000476837,0.0,0.0,20230822,20230822,143229373,0.888,0.0,0.0,0.887,0.886,0.885,0.884,0.883,0.0,0.0,0.0,0.0,0.0,0.888,0.889,0.89,0.891,0.892,0.0,0.0,0.0,0.0,0.0,2193400.0,7823400.0,2903400.0,1540800.0,1507100.0,0.0,0.0,0.0,0.0,0.0,3225000.0,6550700.0,12427900.0,3786900.0,2446800.0,0.0,0.0,0.0,0.0,0.0
20230822143232336,SZSE,SZSE.ETF.159949,0.888,0.89,0.894,0.87,0.0,1.066,0.71,805413356.0,11000.0,708782129.37,9768.0,0.0,0.0,20230822,20230822,143232338,0.888,0.0,0.0,0.887,0.886,0.885,0.884,0.883,0.0,0.0,0.0,0.0,0.0,0.888,0.889,0.89,0.891,0.892,0.0,0.0,0.0,0.0,0.0,1683400.0,8143400.0,3123400.0,1540800.0,1507100.0,0.0,0.0,0.0,0.0,0.0,3260000.0,6961700.0,11929900.0,4001900.0,2226800.0,0.0,0.0,0.0,0.0,0.0
20230822143235332,SZSE,SZSE.ETF.159949,0.888,0.89,0.894,0.87,0.0,1.066,0.71,805413856.0,500.0,708782573.37,444.0,0.0,0.0,20230822,20230822,143235331,0.888,0.0,0.0,0.887,0.886,0.885,0.884,0.883,0.0,0.0,0.0,0.0,0.0,0.888,0.889,0.89,0.891,0.892,0.0,0.0,0.0,0.0,0.0,1973400.0,8268800.0,3123400.0,1540800.0,1507100.0,0.0,0.0,0.0,0.0,0.0,3260100.0,6989600.0,12219700.0,3469500.0,2226800.0,0.0,0.0,0.0,0.0,0.0
20230822143238300,SZSE,SZSE.ETF.159949,0.887,0.89,0.894,0.87,0.0,1.066,0.71,805419756.0,5900.0,708787806.67,5233.299999952316,0.0,0.0,20230822,20230822,143238301,0.888,0.0,0.0,0.887,0.886,0.885,0.884,0.883,0.0,0.0,0.0,0.0,0.0,0.888,0.889,0.89,0.891,0.892,0.0,0.0,0.0,0.0,0.0,1987500.0,8148800.0,3123400.0,1540800.0,1507100.0,0.0,0.0,0.0,0.0,0.0,3310600.0,6869600.0,12219700.0,3469500.0,2226800.0,0.0,0.0,0.0,0.0,0.0
20230822143241272,SZSE,SZSE.ETF.159949,0.887,0.89,0.894,0.87,0.0,1.066,0.71,805557756.0,138000.0,708910220.67,122414.0,0.0,0.0,20230822,20230822,143241274,0.888,0.0,0.0,0.887,0.886,0.885,0.884,0.883,0.0,0.0,0.0,0.0,0.0,0.888,0.889,0.89,0.891,0.892,0.0,0.0,0.0,0.0,0.0,1885700.0,8268800.0,3123400.0,1540800.0,1507100.0,0.0,0.0,0.0,0.0,0.0,3305800.0,6953000.0,12219700.0,3472500.0,2227800.0,0.0,0.0,0.0,0.0,0.0
20230822143244316,SZSE,SZSE.ETF.159949,0.887,0.89,0.894,0.87,0.0,1.066,0.71,805589656.0,31900.0,708938526.97,28306.300000071526,0.0,0.0,20230822,20230822,143244316,0.888,0.0,0.0,0.887,0.886,0.885,0.884,0.883,0.0,0.0,0.0,0.0,0.0,0.888,0.889,0.89,0.891,0.892,0.0,0.0,0.0,0.0,0.0,1864800.0,8161400.0,3123400.0,1540800.0,1507100.0,0.0,0.0,0.0,0.0,0.0,3330500.0,5412000.0,12216500.0,3472500.0,2227800.0,0.0,0.0,0.0,0.0,0.0
20230822143247300,SZSE,SZSE.ETF.159949,0.887,0.89,0.894,0.87,0.0,1.066,0.71,805607556.0,17900.0,708954417.17,15890.199999928474,0.0,0.0,20230822,20230822,143247301,0.888,0.0,0.0,0.887,0.886,0.885,0.884,0.883,0.0,0.0,0.0,0.0,0.0,0.888,0.889,0.89,0.891,0.892,0.0,0.0,0.0,0.0,0.0,2015500.0,8181400.0,3123400.0,1540800.0,1507100.0,0.0,0.0,0.0,0.0,0.0,4843300.0,5421700.0,11948400.0,3472500.0,2227800.0,0.0,0.0,0.0,0.0,0.0
20230822143250348,SZSE,SZSE.ETF.159949,0.887,0.89,0.894,0.87,0.0,1.066,0.71,805625156.0,17600.0,708970028.37,15611.200000047684,0.0,0.0,20230822,20230822,143250348,0.888,0.0,0.0,0.887,0.886,0.885,0.884,0.883,0.0,0.0,0.0,0.0,0.0,0.888,0.889,0.89,0.891,0.892,0.0,0.0,0.0,0.0,0.0,1677900.0,6904600.0,4690600.0,1540800.0,1507100.0,0.0,0.0,0.0,0.0,0.0,4844700.0,5831700.0,11970400.0,3472500.0,2227800.0,0.0,0.0,0.0,0.0,0.0
20230822143253336,SZSE,SZSE.ETF.159949,0.887,0.89,0.894,0.87,0.0,1.066,0.71,805627256.0,2100.0,708971891.17,1862.7999999523163,0.0,0.0,20230822,20230822,143253338,0.888,0.0,0.0,0.887,0.886,0.885,0.884,0.883,0.0,0.0,0.0,0.0,0.0,0.888,0.889,0.89,0.891,0.892,0.0,0.0,0.0,0.0,0.0,1688400.0,6904600.0,4690600.0,1540800.0,1507100.0,0.0,0.0,0.0,0.0,0.0,5001100.0,5931700.0,11970400.0,3472500.0,2227800.0,0.0,0.0,0.0,0.0,0.0
20230822143256336,SZSE,SZSE.ETF.159949,0.887,0.89,0.894,0.87,0.0,1.066,0.71,805810156.0,182900.0,709134303.47,162412.30000007153,0.0,0.0,20230822,20230822,143256337,0.888,0.0,0.0,0.887,0.886,0.885,0.884,0.883,0.0,0.0,0.0,0.0,0.0,0.888,0.889,0.89,0.891,0.892,0.0,0.0,0.0,0.0,0.0,1704500.0,7465100.0,4690600.0,1539300.0,1507500.0,0.0,0.0,0.0,0.0,0.0,4855800.0,6055700.0,12966600.0,3472500.0,2227800.0,0.0,0.0,0.0,0.0,0.0
20230822143259376,SZSE,SZSE.ETF.159949,0.887,0.89,0.894,0.87,0.0,1.066,0.71,805828956.0,18800.0,709150981.07,16677.600000023842,0.0,0.0,20230822,20230822,143259378,0.888,0.0,0.0,0.887,0.886,0.885,0.884,0.883,0.0,0.0,0.0,0.0,0.0,0.888,0.889,0.89,0.891,0.892,0.0,0.0,0.0,0.0,0.0,1722700.0,4317900.0,4890600.0,2758300.0,1507500.0,0.0,0.0,0.0,0.0,0.0,5073800.0,5739700.0,13235600.0,3052500.0,2227800.0,0.0,0.0,0.0,0.0,0.0
20230822143302336,SZSE,SZSE.ETF.159949,0.887,0.89,0.894,0.87,0.0,1.066,0.71,806323656.0,494700.0,709589799.67,438818.59999990463,0.0,0.0,20230822,20230822,143302338,0.888,0.0,0.0,0.887,0.886,0.885,0.884,0.883,0.0,0.0,0.0,0.0,0.0,0.888,0.889,0.89,0.891,0.892,0.0,0.0,0.0,0.0,0.0,1202300.0,4237900.0,5290600.0,2758300.0,1507500.0,0.0,0.0,0.0,0.0,0.0,5320600.0,5899800.0,13235600.0,2582500.0,2227800.0,0.0,0.0,0.0,0.0,0.0
20230822143305464,SZSE,SZSE.ETF.159949,0.887,0.89,0.894,0.87,0.0,1.066,0.71,806452056.0,128400.0,709703708.57,113908.90000009537,0.0,0.0,20230822,20230822,143305463,0.888,0.0,0.0,0.887,0.886,0.885,0.884,0.883,0.0,0.0,0.0,0.0,0.0,0.888,0.889,0.89,0.891,0.892,0.0,0.0,0.0,0.0,0.0,1190100.0,3119900.0,5290600.0,2808300.0,1507500.0,0.0,0.0,0.0,0.0,0.0,5282500.0,5785400.0,13235600.0,2582500.0,2227800.0,0.0,0.0,0.0,0.0,0.0
20230822143308348,SZSE,SZSE.ETF.159949,0.887,0.89,0.894,0.87,0.0,1.066,0.71,806930056.0,478000.0,710127694.57,423986.0,0.0,0.0,20230822,20230822,143308347,0.888,0.0,0.0,0.887,0.886,0.885,0.884,0.883,0.0,0.0,0.0,0.0,0.0,0.888,0.889,0.89,0.891,0.892,0.0,0.0,0.0,0.0,0.0,712200.0,3103900.0,5290600.0,2808300.0,1507500.0,0.0,0.0,0.0,0.0,0.0,4817500.0,5649500.0,13004400.0,2582500.0,2227800.0,0.0,0.0,0.0,0.0,0.0
20230822143311344,SZSE,SZSE.ETF.159949,0.887,0.89,0.894,0.87,0.0,1.066,0.71,807644756.0,714700.0,710761633.47,633938.8999999762,0.0,0.0,20230822,20230822,143311342,0.888,0.0,0.0,0.887,0.886,0.885,0.884,0.883,0.0,0.0,0.0,0.0,0.0,0.888,0.889,0.89,0.891,0.892,0.0,0.0,0.0,0.0,0.0,9000.0,2922900.0,6276600.0,2808300.0,1507500.0,0.0,0.0,0.0,0.0,0.0,5045100.0,5820500.0,13224400.0,2582500.0,2227800.0,0.0,0.0,0.0,0.0,0.0
20230822143314344,SZSE,SZSE.ETF.159949,0.887,0.89,0.894,0.87,0.0,1.066,0.71,807660956.0,16200.0,710776010.07,14376.600000023842,0.0,0.0,20230822,20230822,143314342,0.888,0.0,0.0,0.886,0.885,0.884,0.883,0.882,0.0,0.0,0.0,0.0,0.0,0.887,0.888,0.889,0.89,0.891,0.0,0.0,0.0,0.0,0.0,2764900.0,6276600.0,2788300.0,1507800.0,3339400.0,0.0,0.0,0.0,0.0,0.0,258600.0,5169000.0,5653500.0,12994400.0,2231500.0,0.0,0.0,0.0,0.0,0.0
20230822143317292,SZSE,SZSE.ETF.159949,0.887,0.89,0.894,0.87,0.0,1.066,0.71,807661056.0,100.0,710776098.77,88.69999992847443,0.0,0.0,20230822,20230822,143317291,0.888,0.0,0.0,0.886,0.885,0.884,0.883,0.882,0.0,0.0,0.0,0.0,0.0,0.887,0.888,0.889,0.89,0.891,0.0,0.0,0.0,0.0,0.0,2524900.0,7486600.0,2788300.0,1507800.0,3339400.0,0.0,0.0,0.0,0.0,0.0,767400.0,6545700.0,5428400.0,13194800.0,2231500.0,0.0,0.0,0.0,0.0,0.0
20230822143320316,SZSE,SZSE.ETF.159949,0.887,0.89,0.894,0.87,0.0,1.066,0.71,807677256.0,16200.0,710790468.17,14369.399999976158,0.0,0.0,20230822,20230822,143320315,0.888,0.0,0.0,0.886,0.885,0.884,0.883,0.882,0.0,0.0,0.0,0.0,0.0,0.887,0.888,0.889,0.89,0.891,0.0,0.0,0.0,0.0,0.0,2525400.0,7486600.0,2776800.0,1507800.0,3339400.0,0.0,0.0,0.0,0.0,0.0,850400.0,6504000.0,5411900.0,13222800.0,2231500.0,0.0,0.0,0.0,0.0,0.0
20230822143323272,SZSE,SZSE.ETF.159949,0.887,0.89,0.894,0.87,0.0,1.066,0.71,807677256.0,0.0,710790468.17,0.0,0.0,0.0,20230822,20230822,143323273,0.888,0.0,0.0,0.886,0.885,0.884,0.883,0.882,0.0,0.0,0.0,0.0,0.0,0.887,0.888,0.889,0.89,0.891,0.0,0.0,0.0,0.0,0.0,2385500.0,7606600.0,2776800.0,1507800.0,3344400.0,0.0,0.0,0.0,0.0,0.0,874000.0,6624000.0,5128500.0,13222800.0,2231500.0,0.0,0.0,0.0,0.0,0.0
20230822143326304,SZSE,SZSE.ETF.159949,0.887,0.89,0.894,0.87,0.0,1.066,0.71,807737456.0,60200.0,710843865.57,53397.40000009537,0.0,0.0,20230822,20230822,143326304,0.888,0.0,0.0,0.886,0.885,0.884,0.883,0.882,0.0,0.0,0.0,0.0,0.0,0.887,0.888,0.889,0.89,0.891,0.0,0.0,0.0,0.0,0.0,2385500.0,7776600.0,2776800.0,1507800.0,3344400.0,0.0,0.0,0.0,0.0,0.0,824500.0,6812000.0,5103800.0,13192800.0,2231500.0,0.0,0.0,0.0,0.0,0.0
20230822143329300,SZSE,SZSE.ETF.159949,0.886,0.89,0.894,0.87,0.0,1.066,0.71,807811556.0,74100.0,710909558.67,65693.09999990463,0.0,0.0,20230822,20230822,143329300,0.888,0.0,0.0,0.886,0.885,0.884,0.883,0.882,0.0,0.0,0.0,0.0,0.0,0.887,0.888,0.889,0.89,0.891,0.0,0.0,0.0,0.0,0.0,2486800.0,7606600.0,2776800.0,1507800.0,3344400.0,0.0,0.0,0.0,0.0,0.0,388700.0,6642000.0,5116800.0,13187200.0,2231500.0,0.0,0.0,0.0,0.0,0.0
20230822143332304,SZSE,SZSE.ETF.159949,0.886,0.89,0.894,0.87,0.0,1.066,0.71,807817256.0,5700.0,710914611.37,5052.700000047684,0.0,0.0,20230822,20230822,143332303,0.888,0.0,0.0,0.886,0.885,0.884,0.883,0.882,0.0,0.0,0.0,0.0,0.0,0.887,0.888,0.889,0.89,0.891,0.0,0.0,0.0,0.0,0.0,2503900.0,7776600.0,2557800.0,1510500.0,3344400.0,0.0,0.0,0.0,0.0,0.0,489200.0,6592200.0,5141500.0,12977200.0,2231500.0,0.0,0.0,0.0,0.0,0.0
20230822143335288,SZSE,SZSE.ETF.159949,0.886,0.89,0.894,0.87,0.0,1.066,0.71,808080256.0,263000.0,711147841.57,233230.20000004768,0.0,0.0,20230822,20230822,143335286,0.888,0.0,0.0,0.886,0.885,0.884,0.883,0.882,0.0,0.0,0.0,0.0,0.0,0.887,0.888,0.889,0.89,0.891,0.0,0.0,0.0,0.0,0.0,2453100.0,7776600.0,2557800.0,1510500.0,3344400.0,0.0,0.0,0.0,0.0,0.0,316000.0,6592200.0,5163500.0,12977200.0,2231500.0,0.0,0.0,0.0,0.0,0.0
20230822143338288,SZSE,SZSE.ETF.159949,0.887,0.89,0.894,0.87,0.0,1.066,0.71,808437256.0,357000.0,711464500.57,316659.0,0.0,0.0,20230822,20230822,143338287,0.888,0.0,0.0,0.887,0.886,0.885,0.884,0.883,0.0,0.0,0.0,0.0,0.0,0.888,0.889,0.89,0.891,0.892,0.0,0.0,0.0,0.0,0.0,1223200.0,3013700.0,7776600.0,2557800.0,1510500.0,0.0,0.0,0.0,0.0,0.0,6266200.0,5389500.0,12977200.0,2829900.0,2257600.0,0.0,0.0,0.0,0.0,0.0
20230822143341296,SZSE,SZSE.ETF.159949,0.888,0.89,0.894,0.87,0.0,1.066,0.71,808640156.0,202900.0,711644475.87,179975.29999995232,0.0,0.0,20230822,20230822,143341297,0.888,0.0,0.0,0.887,0.886,0.885,0.884,0.883,0.0,0.0,0.0,0.0,0.0,0.888,0.889,0.89,0.891,0.892,0.0,0.0,0.0,0.0,0.0,1338600.0,2913700.0,7656600.0,2777800.0,1510500.0,0.0,0.0,0.0,0.0,0.0,6363200.0,5289500.0,13208400.0,2609900.0,2257600.0,0.0,0.0,0.0,0.0,0.0
20230822143344296,SZSE,SZSE.ETF.159949,0.887,0.89,0.894,0.87,0.0,1.066,0.71,808652656.0,12500.0,711655572.87,11097.0,0.0,0.0,20230822,20230822,143344298,0.888,0.0,0.0,0.887,0.886,0.885,0.884,0.883,0.0,0.0,0.0,0.0,0.0,0.888,0.889,0.89,0.891,0.892,0.0,0.0,0.0,0.0,0.0,712300.0,2913700.0,7366600.0,2777800.0,1510500.0,0.0,0.0,0.0,0.0,0.0,6065200.0,5289500.0,13208400.0,2610100.0,2223800.0,0.0,0.0,0.0,0.0,0.0
20230822143347304,SZSE,SZSE.ETF.159949,0.888,0.89,0.894,0.87,0.0,1.066,0.71,809005456.0,352800.0,711968759.27,313186.39999997616,0.0,0.0,20230822,20230822,143347304,0.888,0.0,0.0,0.887,0.886,0.885,0.884,0.883,0.0,0.0,0.0,0.0,0.0,0.888,0.889,0.89,0.891,0.892,0.0,0.0,0.0,0.0,0.0,374100.0,4358300.0,5567600.0,2777800.0,1510500.0,0.0,0.0,0.0,0.0,0.0,5812400.0,5703200.0,13208400.0,2590100.0,2283800.0,0.0,0.0,0.0,0.0,0.0
20230822143350308,SZSE,SZSE.ETF.159949,0.887,0.89,0.894,0.87,0.0,1.066,0.71,809107956.0,102500.0,712059676.77,90917.5,0.0,0.0,20230822,20230822,143350307,0.888,0.0,0.0,0.887,0.886,0.885,0.884,0.883,0.0,0.0,0.0,0.0,0.0,0.888,0.889,0.89,0.891,0.892,0.0,0.0,0.0,0.0,0.0,277300.0,3948400.0,5277600.0,2777800.0,1510500.0,0.0,0.0,0.0,0.0,0.0,5523400.0,5328200.0,13208400.0,2590100.0,2283800.0,0.0,0.0,0.0,0.0,0.0
20230822143353272,SZSE,SZSE.ETF.159949,0.887,0.89,0.894,0.87,0.0,1.066,0.71,809162956.0,55000.0,712108461.77,48785.0,0.0,0.0,20230822,20230822,143353272,0.888,0.0,0.0,0.887,0.886,0.885,0.884,0.883,0.0,0.0,0.0,0.0,0.0,0.888,0.889,0.89,0.891,0.892,0.0,0.0,0.0,0.0,0.0,222300.0,4393800.0,5567600.0,2777800.0,1510500.0,0.0,0.0,0.0,0.0,0.0,5834200.0,5743200.0,13213400.0,2610100.0,2283800.0,0.0,0.0,0.0,0.0,0.0
20230822143356280,SZSE,SZSE.ETF.159949,0.887,0.89,0.894,0.87,0.0,1.066,0.71,809388656.0,225700.0,712308657.67,200195.89999997616,0.0,0.0,20230822,20230822,143356282,0.888,0.0,0.0,0.886,0.885,0.884,0.883,0.882,0.0,0.0,0.0,0.0,0.0,0.887,0.888,0.889,0.89,0.891,0.0,0.0,0.0,0.0,0.0,4027500.0,5567600.0,2777800.0,810500.0,3344400.0,0.0,0.0,0.0,0.0,0.0,19000.0,6187200.0,5636200.0,13238600.0,2259100.0,0.0,0.0,0.0,0.0,0.0
20230822143359260,SZSE,SZSE.ETF.159949,0.887,0.89,0.894,0.87,0.0,1.066,0.71,809425356.0,36700.0,712341210.57,32552.900000095367,0.0,0.0,20230822,20230822,143359261,0.888,0.0,0.0,0.887,0.886,0.885,0.884,0.883,0.0,0.0,0.0,0.0,0.0,0.888,0.889,0.89,0.891,0.892,0.0,0.0,0.0,0.0,0.0,22200.0,4364200.0,5687600.0,2807800.0,810500.0,0.0,0.0,0.0,0.0,0.0,6550300.0,5526200.0,13258600.0,2602200.0,2278800.0,0.0,0.0,0.0,0.0,0.0
20230822143402248,SZSE,SZSE.ETF.159949,0.887,0.89,0.894,0.87,0.0,1.066,0.71,809526956.0,101600.0,712431349.07,90138.5,0.0,0.0,20230822,20230822,143402248,0.888,0.0,0.0,0.887,0.886,0.885,0.884,0.883,0.0,0.0,0.0,0.0,0.0,0.888,0.889,0.89,0.891,0.892,0.0,0.0,0.0,0.0,0.0,199200.0,4484200.0,5280400.0,2807800.0,860500.0,0.0,0.0,0.0,0.0,0.0,6131000.0,5644200.0,13258600.0,2602200.0,2278800.0,0.0,0.0,0.0,0.0,0.0
20230822143405272,SZSE,SZSE.ETF.159949,0.888,0.89,0.894,0.87,0.0,1.066,0.71,809667256.0,140300.0,712555796.17,124447.09999990463,0.0,0.0,20230822,20230822,143405272,0.888,0.0,0.0,0.887,0.886,0.885,0.884,0.883,0.0,0.0,0.0,0.0,0.0,0.888,0.889,0.89,0.891,0.892,0.0,0.0,0.0,0.0,0.0,781400.0,4294200.0,5570400.0,2807800.0,860500.0,0.0,0.0,0.0,0.0,0.0,6489900.0,5353200.0,13228600.0,2603200.0,2278800.0,0.0,0.0,0.0,0.0,0.0
20230822143408260,SZSE,SZSE.ETF.159949,0.888,0.89,0.894,0.87,0.0,1.066,0.71,809672256.0,5000.0,712560236.17,4440.0,0.0,0.0,20230822,20230822,143408261,0.888,0.0,0.0,0.887,0.886,0.885,0.884,0.883,0.0,0.0,0.0,0.0,0.0,0.888,0.889,0.89,0.891,0.892,0.0,0.0,0.0,0.0,0.0,826900.0,4441200.0,5280400.0,2807800.0,860500.0,0.0,0.0,0.0,0.0,0.0,6216800.0,5471000.0,13228600.0,2603200.0,2279800.0,0.0,0.0,0.0,0.0,0.0
20230822143411272,SZSE,SZSE.ETF.159949,0.887,0.89,0.894,0.87,0.0,1.066,0.71,809808256.0,136000.0,712680874.17,120638.0,0.0,0.0,20230822,20230822,143411271,0.888,0.0,0.0,0.887,0.886,0.885,0.884,0.883,0.0,0.0,0.0,0.0,0.0,0.888,0.889,0.89,0.891,0.892,0.0,0.0,0.0,0.0,0.0,1205700.0,6178600.0,4003200.0,2807800.0,860500.0,0.0,0.0,0.0,0.0,0.0,5005500.0,7086300.0,13228600.0,2603200.0,2313300.0,0.0,0.0,0.0,0.0,0.0
20230822143414272,SZSE,SZSE.ETF.159949,0.887,0.89,0.894,0.87,0.0,1.066,0.71,809839756.0,31500.0,712708819.47,27945.300000071526,0.0,0.0,20230822,20230822,143414273,0.888,0.0,0.0,0.887,0.886,0.885,0.884,0.883,0.0,0.0,0.0,0.0,0.0,0.888,0.889,0.89,0.891,0.892,0.0,0.0,0.0,0.0,0.0,1189000.0,6304200.0,4003200.0,2807800.0,860500.0,0.0,0.0,0.0,0.0,0.0,5000700.0,7206300.0,6678600.0,2603200.0,2313300.0,0.0,0.0,0.0,0.0,0.0
20230822143417280,SZSE,SZSE.ETF.159949,0.887,0.89,0.894,0.87,0.0,1.066,0.71,809852756.0,13000.0,712720353.47,11534.0,0.0,0.0,20230822,20230822,143417280,0.888,0.0,0.0,0.887,0.886,0.885,0.884,0.883,0.0,0.0,0.0,0.0,0.0,0.888,0.889,0.89,0.891,0.892,0.0,0.0,0.0,0.0,0.0,1179000.0,6184200.0,4003200.0,2807800.0,860500.0,0.0,0.0,0.0,0.0,0.0,4527900.0,7086300.0,6678600.0,2572000.0,2313300.0,0.0,0.0,0.0,0.0,0.0
20230822143420260,SZSE,SZSE.ETF.159949,0.887,0.89,0.894,0.87,0.0,1.066,0.71,809863756.0,11000.0,712730110.47,9757.0,0.0,0.0,20230822,20230822,143420259,0.888,0.0,0.0,0.887,0.886,0.885,0.884,0.883,0.0,0.0,0.0,0.0,0.0,0.888,0.889,0.89,0.891,0.892,0.0,0.0,0.0,0.0,0.0,1168000.0,6280100.0,4003200.0,2807800.0,860500.0,0.0,0.0,0.0,0.0,0.0,5973200.0,5754000.0,6678600.0,2572000.0,2313300.0,0.0,0.0,0.0,0.0,0.0
20230822143423248,SZSE,SZSE.ETF.159949,0.887,0.89,0.894,0.87,0.0,1.066,0.71,809992756.0,129000.0,712844533.67,114423.19999992847,0.0,0.0,20230822,20230822,143423250,0.888,0.0,0.0,0.887,0.886,0.885,0.884,0.883,0.0,0.0,0.0,0.0,0.0,0.888,0.889,0.89,0.891,0.892,0.0,0.0,0.0,0.0,0.0,1039200.0,4302900.0,5280400.0,2807800.0,860500.0,0.0,0.0,0.0,0.0,0.0,5667100.0,5294000.0,6678700.0,2572000.0,2313300.0,0.0,0.0,0.0,0.0,0.0
20230822143426244,SZSE,SZSE.ETF.159949,0.887,0.89,0.894,0.87,0.0,1.066,0.71,810119356.0,126600.0,712956828.47,112294.80000007153,0.0,0.0,20230822,20230822,143426245,0.888,0.0,0.0,0.887,0.886,0.885,0.884,0.883,0.0,0.0,0.0,0.0,0.0,0.888,0.889,0.89,0.891,0.892,0.0,0.0,0.0,0.0,0.0,928800.0,4593900.0,5570500.0,2807800.0,862500.0,0.0,0.0,0.0,0.0,0.0,5977500.0,5584000.0,6680700.0,2572000.0,2313300.0,0.0,0.0,0.0,0.0,0.0
20230822143429240,SZSE,SZSE.ETF.159949,0.888,0.89,0.894,0.87,0.0,1.066,0.71,810162756.0,43400.0,712995328.57,38500.10000002384,0.0,0.0,20230822,20230822,143429239,0.888,0.0,0.0,0.887,0.886,0.885,0.884,0.883,0.0,0.0,0.0,0.0,0.0,0.888,0.889,0.89,0.891,0.892,0.0,0.0,0.0,0.0,0.0,1044700.0,4591000.0,4571500.0,2807800.0,862500.0,0.0,0.0,0.0,0.0,0.0,5941700.0,5584000.0,6680700.0,2572000.0,2403300.0,0.0,0.0,0.0,0.0,0.0
20230822143432276,SZSE,SZSE.ETF.159949,0.887,0.89,0.894,0.87,0.0,1.066,0.71,810202456.0,39700.0,713030572.97,35244.39999997616,0.0,0.0,20230822,20230822,143432275,0.888,0.0,0.0,0.887,0.886,0.885,0.884,0.883,0.0,0.0,0.0,0.0,0.0,0.888,0.889,0.89,0.891,0.892,0.0,0.0,0.0,0.0,0.0,1035500.0,4301000.0,4281500.0,2807800.0,862500.0,0.0,0.0,0.0,0.0,0.0,5636900.0,5294000.0,6655500.0,2522000.0,2403300.0,0.0,0.0,0.0,0.0,0.0
20230822143435280,SZSE,SZSE.ETF.159949,0.888,0.89,0.894,0.87,0.0,1.066,0.71,810235556.0,33100.0,713059965.67,29392.699999928474,0.0,0.0,20230822,20230822,143435282,0.888,0.0,0.0,0.887,0.886,0.885,0.884,0.883,0.0,0.0,0.0,0.0,0.0,0.888,0.889,0.89,0.891,0.892,0.0,0.0,0.0,0.0,0.0,1053800.0,4711000.0,5570500.0,2807800.0,862500.0,0.0,0.0,0.0,0.0,0.0,5900500.0,5704000.0,6655500.0,2522000.0,2403300.0,0.0,0.0,0.0,0.0,0.0
20230822143438284,SZSE,SZSE.ETF.159949,0.887,0.89,0.894,0.87,0.0,1.066,0.71,810275956.0,40400.0,713095806.47,35840.800000071526,0.0,0.0,20230822,20230822,143438283,0.888,0.0,0.0,0.887,0.886,0.885,0.884,0.883,0.0,0.0,0.0,0.0,0.0,0.888,0.889,0.89,0.891,0.892,0.0,0.0,0.0,0.0,0.0,1021400.0,4301000.0,5280500.0,2807800.0,862500.0,0.0,0.0,0.0,0.0,0.0,5600700.0,5294000.0,6640800.0,2522200.0,2403300.0,0.0,0.0,0.0,0.0,0.0
20230822143441304,SZSE,SZSE.ETF.159949,0.888,0.89,0.894,0.87,0.0,1.066,0.71,810305956.0,30000.0,713122446.47,26640.0,0.0,0.0,20230822,20230822,143441303,0.888,0.0,0.0,0.887,0.886,0.885,0.884,0.883,0.0,0.0,0.0,0.0,0.0,0.888,0.889,0.89,0.891,0.892,0.0,0.0,0.0,0.0,0.0,1100600.0,4748500.0,5570500.0,2807800.0,862500.0,0.0,0.0,0.0,0.0,0.0,5904500.0,5697100.0,6652100.0,2522200.0,2403300.0,0.0,0.0,0.0,0.0,0.0
20230822143444248,SZSE,SZSE.ETF.159949,0.888,0.89,0.894,0.87,0.0,1.066,0.71,810310956.0,5000.0,713126886.47,4440.0,0.0,0.0,20230822,20230822,143444246,0.888,0.0,0.0,0.887,0.886,0.885,0.884,0.883,0.0,0.0,0.0,0.0,0.0,0.888,0.889,0.89,0.891,0.892,0.0,0.0,0.0,0.0,0.0,959600.0,4338500.0,4381500.0,2807800.0,862500.0,0.0,0.0,0.0,0.0,0.0,12213500.0,5305100.0,6652100.0,2522200.0,2403300.0,0.0,0.0,0.0,0.0,0.0
20230822143447280,SZSE,SZSE.ETF.159949,0.887,0.89,0.894,0.87,0.0,1.066,0.71,810965956.0,655000.0,713707881.47,580995.0,0.0,0.0,20230822,20230822,143447280,0.888,0.0,0.0,0.887,0.886,0.885,0.884,0.883,0.0,0.0,0.0,0.0,0.0,0.888,0.889,0.89,0.891,0.892,0.0,0.0,0.0,0.0,0.0,64500.0,3748500.0,4671500.0,2807800.0,862500.0,0.0,0.0,0.0,0.0,0.0,12513000.0,5773800.0,6653300.0,2522200.0,2403300.0,0.0,0.0,0.0,0.0,0.0
20230822143450296,SZSE,SZSE.ETF.159949,0.888,0.89,0.894,0.87,0.0,1.066,0.71,811004256.0,38300.0,713741858.57,33977.10000002384,0.0,0.0,20230822,20230822,143450294,0.888,0.0,0.0,0.887,0.886,0.885,0.884,0.883,0.0,0.0,0.0,0.0,0.0,0.888,0.889,0.89,0.891,0.892,0.0,0.0,0.0,0.0,0.0,90900.0,3360600.0,4671500.0,2807800.0,857500.0,0.0,0.0,0.0,0.0,0.0,12574100.0,5643800.0,6653300.0,2522200.0,2403300.0,0.0,0.0,0.0,0.0,0.0
20230822143453292,SZSE,SZSE.ETF.159949,0.887,0.89,0.894,0.87,0.0,1.066,0.71,811100156.0,95900.0,713826921.87,85063.29999995232,0.0,0.0,20230822,20230822,143453292,0.888,0.0,0.0,0.887,0.886,0.885,0.884,0.883,0.0,0.0,0.0,0.0,0.0,0.888,0.889,0.89,0.891,0.892,0.0,0.0,0.0,0.0,0.0,6200.0,3413100.0,4671500.0,2807800.0,858500.0,0.0,0.0,0.0,0.0,0.0,12571300.0,5056200.0,6428300.0,2742200.0,2403300.0,0.0,0.0,0.0,0.0,0.0
20230822143456268,SZSE,SZSE.ETF.159949,0.887,0.89,0.894,0.87,0.0,1.066,0.71,811231356.0,131200.0,713943220.67,116298.79999995232,0.0,0.0,20230822,20230822,143456268,0.888,0.0,0.0,0.886,0.885,0.884,0.883,0.882,0.0,0.0,0.0,0.0,0.0,0.887,0.888,0.889,0.89,0.891,0.0,0.0,0.0,0.0,0.0,2927500.0,5671500.0,2807800.0,858500.0,802600.0,0.0,0.0,0.0,0.0,0.0,588900.0,12922300.0,4646200.0,6431800.0,2391200.0,0.0,0.0,0.0,0.0,0.0
20230822143459248,SZSE,SZSE.ETF.159949,0.887,0.89,0.894,0.87,0.0,1.066,0.71,811465956.0,234600.0,714151310.87,208090.20000004768,0.0,0.0,20230822,20230822,143459248,0.888,0.0,0.0,0.886,0.885,0.884,0.883,0.882,0.0,0.0,0.0,0.0,0.0,0.887,0.888,0.889,0.89,0.891,0.0,0.0,0.0,0.0,0.0,3097500.0,5501500.0,2807800.0,858500.0,802600.0,0.0,0.0,0.0,0.0,0.0,914300.0,12962300.0,4566200.0,6651800.0,2171200.0,0.0,0.0,0.0,0.0,0.0
20230822143502296,SZSE,SZSE.ETF.159949,0.887,0.89,0.894,0.87,0.0,1.066,0.71,811570756.0,104800.0,714244268.47,92957.60000002384,0.0,0.0,20230822,20230822,143502297,0.888,0.0,0.0,0.886,0.885,0.884,0.883,0.882,0.0,0.0,0.0,0.0,0.0,0.887,0.888,0.889,0.89,0.891,0.0,0.0,0.0,0.0,0.0,3097900.0,5641500.0,2957800.0,858500.0,802600.0,0.0,0.0,0.0,0.0,0.0,1061800.0,13252300.0,4416200.0,6649800.0,2171200.0,0.0,0.0,0.0,0.0,0.0
20230822143505320,SZSE,SZSE.ETF.159949,0.887,0.89,0.894,0.87,0.0,1.066,0.71,811579156.0,8400.0,714251719.27,7450.799999952316,0.0,0.0,20230822,20230822,143505322,0.888,0.0,0.0,0.886,0.885,0.884,0.883,0.882,0.0,0.0,0.0,0.0,0.0,0.887,0.888,0.889,0.89,0.891,0.0,0.0,0.0,0.0,0.0,3097900.0,5761500.0,2957800.0,843900.0,802600.0,0.0,0.0,0.0,0.0,0.0,1058900.0,13537300.0,4395800.0,6659200.0,2171200.0,0.0,0.0,0.0,0.0,0.0
20230822143508360,SZSE,SZSE.ETF.159949,0.887,0.89,0.894,0.87,0.0,1.066,0.71,811580156.0,1000.0,714252606.27,887.0,0.0,0.0,20230822,20230822,143508362,0.888,0.0,0.0,0.886,0.885,0.884,0.883,0.882,0.0,0.0,0.0,0.0,0.0,0.887,0.888,0.889,0.89,0.891,0.0,0.0,0.0,0.0,0.0,3097900.0,5791500.0,2807800.0,843900.0,802600.0,0.0,0.0,0.0,0.0,0.0,1080900.0,13287300.0,4461400.0,6669200.0,2171200.0,0.0,0.0,0.0,0.0,0.0
20230822143511360,SZSE,SZSE.ETF.159949,0.887,0.89,0.894,0.87,0.0,1.066,0.71,811580156.0,0.0,714252606.27,0.0,0.0,0.0,20230822,20230822,143511360,0.888,0.0,0.0,0.886,0.885,0.884,0.883,0.882,0.0,0.0,0.0,0.0,0.0,0.887,0.888,0.889,0.89,0.891,0.0,0.0,0.0,0.0,0.0,2757700.0,5911500.0,2807800.0,843900.0,802600.0,0.0,0.0,0.0,0.0,0.0,1143300.0,13441700.0,4320400.0,6669200.0,2171200.0,0.0,0.0,0.0,0.0,0.0
20230822143514308,SZSE,SZSE.ETF.159949,0.887,0.89,0.894,0.87,0.0,1.066,0.71,811590156.0,10000.0,714261476.27,8870.0,0.0,0.0,20230822,20230822,143514307,0.888,0.0,0.0,0.886,0.885,0.884,0.883,0.882,0.0,0.0,0.0,0.0,0.0,0.887,0.888,0.889,0.89,0.891,0.0,0.0,0.0,0.0,0.0,2757700.0,6924500.0,2812800.0,843900.0,802600.0,0.0,0.0,0.0,0.0,0.0,1160600.0,13611700.0,4170400.0,6669200.0,2171200.0,0.0,0.0,0.0,0.0,0.0
20230822143517368,SZSE,SZSE.ETF.159949,0.887,0.89,0.894,0.87,0.0,1.066,0.71,811662156.0,72000.0,714325340.27,63864.0,0.0,0.0,20230822,20230822,143517368,0.888,0.0,0.0,0.886,0.885,0.884,0.883,0.882,0.0,0.0,0.0,0.0,0.0,0.887,0.888,0.889,0.89,0.891,0.0,0.0,0.0,0.0,0.0,2757700.0,5995500.0,3012800.0,844000.0,802600.0,0.0,0.0,0.0,0.0,0.0,1373600.0,13531700.0,4318400.0,6672200.0,2171200.0,0.0,0.0,0.0,0.0,0.0
20230822143520332,SZSE,SZSE.ETF.159949,0.887,0.89,0.894,0.87,0.0,1.066,0.71,811697356.0,35200.0,714356562.67,31222.399999976158,0.0,0.0,20230822,20230822,143520332,0.888,0.0,0.0,0.886,0.885,0.884,0.883,0.882,0.0,0.0,0.0,0.0,0.0,0.887,0.888,0.889,0.89,0.891,0.0,0.0,0.0,0.0,0.0,2762700.0,5925500.0,2962800.0,1107200.0,802600.0,0.0,0.0,0.0,0.0,0.0,1225700.0,13608900.0,4168400.0,6672200.0,2171200.0,0.0,0.0,0.0,0.0,0.0
20230822143523288,SZSE,SZSE.ETF.159949,0.887,0.89,0.894,0.87,0.0,1.066,0.71,811765356.0,68000.0,714416878.67,60316.0,0.0,0.0,20230822,20230822,143523287,0.888,0.0,0.0,0.886,0.885,0.884,0.883,0.882,0.0,0.0,0.0,0.0,0.0,0.887,0.888,0.889,0.89,0.891,0.0,0.0,0.0,0.0,0.0,2762700.0,5725600.0,3199300.0,1157200.0,802600.0,0.0,0.0,0.0,0.0,0.0,1362700.0,13501600.0,4164600.0,6672200.0,2171200.0,0.0,0.0,0.0,0.0,0.0
20230822143526292,SZSE,SZSE.ETF.159949,0.887,0.89,0.894,0.87,0.0,1.066,0.71,811765756.0,400.0,714417233.47,354.8000000715256,0.0,0.0,20230822,20230822,143526291,0.888,0.0,0.0,0.886,0.885,0.884,0.883,0.882,0.0,0.0,0.0,0.0,0.0,0.887,0.888,0.889,0.89,0.891,0.0,0.0,0.0,0.0,0.0,2762700.0,5435600.0,3199300.0,1157200.0,802600.0,0.0,0.0,0.0,0.0,0.0,2080900.0,12519700.0,4134800.0,6672200.0,2171200.0,0.0,0.0,0.0,0.0,0.0
20230822143529292,SZSE,SZSE.ETF.159949,0.887,0.89,0.894,0.87,0.0,1.066,0.71,811805156.0,39400.0,714452164.77,34931.299999952316,0.0,0.0,20230822,20230822,143529293,0.888,0.0,0.0,0.886,0.885,0.884,0.883,0.882,0.0,0.0,0.0,0.0,0.0,0.887,0.888,0.889,0.89,0.891,0.0,0.0,0.0,0.0,0.0,2747800.0,6925600.0,2999300.0,1157200.0,802600.0,0.0,0.0,0.0,0.0,0.0,1868000.0,13008500.0,4034800.0,6672200.0,2171200.0,0.0,0.0,0.0,0.0,0.0
20230822143532292,SZSE,SZSE.ETF.159949,0.886,0.89,0.894,0.87,0.0,1.066,0.71,811809556.0,4400.0,714456064.87,3900.100000023842,0.0,0.0,20230822,20230822,143532291,0.888,0.0,0.0,0.886,0.885,0.884,0.883,0.882,0.0,0.0,0.0,0.0,0.0,0.887,0.888,0.889,0.89,0.891,0.0,0.0,0.0,0.0,0.0,2821700.0,7045600.0,2999300.0,1157400.0,802600.0,0.0,0.0,0.0,0.0,0.0,1933400.0,13138500.0,4008700.0,6672200.0,2171200.0,0.0,0.0,0.0,0.0,0.0
20230822143535276,SZSE,SZSE.ETF.159949,0.887,0.89,0.894,0.87,0.0,1.066,0.71,811810056.0,500.0,714456508.37,443.5,0.0,0.0,20230822,20230822,143535275,0.888,0.0,0.0,0.886,0.885,0.884,0.883,0.882,0.0,0.0,0.0,0.0,0.0,0.887,0.888,0.889,0.89,0.891,0.0,0.0,0.0,0.0,0.0,2816400.0,6725600.0,3199300.0,1157400.0,802600.0,0.0,0.0,0.0,0.0,0.0,2183700.0,12818400.0,4008800.0,6672200.0,2171200.0,0.0,0.0,0.0,0.0,0.0
20230822143538248,SZSE,SZSE.ETF.159949,0.887,0.89,0.894,0.87,0.0,1.066,0.71,811812156.0,2100.0,714458371.07,1862.7000000476837,0.0,0.0,20230822,20230822,143538248,0.888,0.0,0.0,0.886,0.885,0.884,0.883,0.882,0.0,0.0,0.0,0.0,0.0,0.887,0.888,0.889,0.89,0.891,0.0,0.0,0.0,0.0,0.0,2826400.0,6265600.0,3199300.0,1157400.0,802600.0,0.0,0.0,0.0,0.0,0.0,2218600.0,12354400.0,4008800.0,6672200.0,2171200.0,0.0,0.0,0.0,0.0,0.0
20230822143541240,SZSE,SZSE.ETF.159949,0.886,0.89,0.894,0.87,0.0,1.066,0.71,811833156.0,21000.0,714476997.07,18626.0,0.0,0.0,20230822,20230822,143541242,0.888,0.0,0.0,0.886,0.885,0.884,0.883,0.882,0.0,0.0,0.0,0.0,0.0,0.887,0.888,0.889,0.89,0.891,0.0,0.0,0.0,0.0,0.0,2825200.0,6725600.0,3199300.0,1157400.0,802600.0,0.0,0.0,0.0,0.0,0.0,2198600.0,12834400.0,4007600.0,6922100.0,2171200.0,0.0,0.0,0.0,0.0,0.0
20230822143544240,SZSE,SZSE.ETF.159949,0.886,0.89,0.894,0.87,0.0,1.066,0.71,811835156.0,2000.0,714478769.07,1772.0,0.0,0.0,20230822,20230822,143544238,0.888,0.0,0.0,0.886,0.885,0.884,0.883,0.882,0.0,0.0,0.0,0.0,0.0,0.887,0.888,0.889,0.89,0.891,0.0,0.0,0.0,0.0,0.0,2900800.0,7141200.0,2849300.0,1157400.0,802700.0,0.0,0.0,0.0,0.0,0.0,1998600.0,12986300.0,4017600.0,6922100.0,2171200.0,0.0,0.0,0.0,0.0,0.0
20230822143547248,SZSE,SZSE.ETF.159949,0.887,0.89,0.894,0.87,0.0,1.066,0.71,811840256.0,5100.0,714483292.77,4523.699999928474,0.0,0.0,20230822,20230822,143547246,0.888,0.0,0.0,0.886,0.885,0.884,0.883,0.882,0.0,0.0,0.0,0.0,0.0,0.887,0.888,0.889,0.89,0.891,0.0,0.0,0.0,0.0,0.0,2918100.0,6821200.0,3049300.0,1157900.0,802700.0,0.0,0.0,0.0,0.0,0.0,2216400.0,12866300.0,4015600.0,6922600.0,2171200.0,0.0,0.0,0.0,0.0,0.0
20230822143550248,SZSE,SZSE.ETF.159949,0.887,0.89,0.894,0.87,0.0,1.066,0.71,811847556.0,7300.0,714489765.57,6472.800000071526,0.0,0.0,20230822,20230822,143550247,0.888,0.0,0.0,0.886,0.885,0.884,0.883,0.882,0.0,0.0,0.0,0.0,0.0,0.887,0.888,0.889,0.89,0.891,0.0,0.0,0.0,0.0,0.0,2915800.0,6361200.0,3049300.0,1157900.0,802700.0,0.0,0.0,0.0,0.0,0.0,2278400.0,12406400.0,4010600.0,6922600.0,2171200.0,0.0,0.0,0.0,0.0,0.0
20230822143553264,SZSE,SZSE.ETF.159949,0.886,0.89,0.894,0.87,0.0,1.066,0.71,811850056.0,2500.0,714491980.57,2215.0,0.0,0.0,20230822,20230822,143553266,0.888,0.0,0.0,0.886,0.885,0.884,0.883,0.882,0.0,0.0,0.0,0.0,0.0,0.887,0.888,0.889,0.89,0.891,0.0,0.0,0.0,0.0,0.0,2913300.0,6815000.0,3049300.0,1157900.0,802700.0,0.0,0.0,0.0,0.0,0.0,2369600.0,12866400.0,4010600.0,6922600.0,2171200.0,0.0,0.0,0.0,0.0,0.0
20230822143556268,SZSE,SZSE.ETF.159949,0.886,0.89,0.894,0.87,0.0,1.066,0.71,811852256.0,2200.0,714493929.77,1949.1999999284744,0.0,0.0,20230822,20230822,143556269,0.888,0.0,0.0,0.886,0.885,0.884,0.883,0.882,0.0,0.0,0.0,0.0,0.0,0.887,0.888,0.889,0.89,0.891,0.0,0.0,0.0,0.0,0.0,2911100.0,6435000.0,3049300.0,1157900.0,802700.0,0.0,0.0,0.0,0.0,0.0,2461200.0,13039300.0,4045700.0,6922600.0,2171200.0,0.0,0.0,0.0,0.0,0.0
20230822143559288,SZSE,SZSE.ETF.159949,0.886,0.89,0.894,0.87,0.0,1.066,0.71,811862256.0,10000.0,714502789.77,8860.0,0.0,0.0,20230822,20230822,143559289,0.888,0.0,0.0,0.886,0.885,0.884,0.883,0.882,0.0,0.0,0.0,0.0,0.0,0.887,0.888,0.889,0.89,0.891,0.0,0.0,0.0,0.0,0.0,3346200.0,6315000.0,3049600.0,1157900.0,806700.0,0.0,0.0,0.0,0.0,0.0,3972000.0,11474000.0,4045700.0,6922600.0,2171200.0,0.0,0.0,0.0,0.0,0.0
20230822143602332,SZSE,SZSE.ETF.159949,0.886,0.89,0.894,0.87,0.0,1.066,0.71,811868956.0,6700.0,714508728.97,5939.200000047684,0.0,0.0,20230822,20230822,143602333,0.888,0.0,0.0,0.886,0.885,0.884,0.883,0.882,0.0,0.0,0.0,0.0,0.0,0.887,0.888,0.889,0.89,0.891,0.0,0.0,0.0,0.0,0.0,3419000.0,6215000.0,3049600.0,1157900.0,806700.0,0.0,0.0,0.0,0.0,0.0,3983300.0,11392000.0,4045700.0,6702600.0,2171400.0,0.0,0.0,0.0,0.0,0.0
20230822143605300,SZSE,SZSE.ETF.159949,0.886,0.89,0.894,0.87,0.0,1.066,0.71,811922556.0,53600.0,714556218.57,47489.60000002384,0.0,0.0,20230822,20230822,143605301,0.888,0.0,0.0,0.886,0.885,0.884,0.883,0.882,0.0,0.0,0.0,0.0,0.0,0.887,0.888,0.889,0.89,0.891,0.0,0.0,0.0,0.0,0.0,3365400.0,3947800.0,4616800.0,1377900.0,809000.0,0.0,0.0,0.0,0.0,0.0,4203600.0,10698200.0,4265700.0,6708300.0,2171400.0,0.0,0.0,0.0,0.0,0.0
20230822143608360,SZSE,SZSE.ETF.159949,0.886,0.89,0.894,0.87,0.0,1.066,0.71,811941656.0,19100.0,714573141.17,16922.599999904633,0.0,0.0,20230822,20230822,143608360,0.888,0.0,0.0,0.886,0.885,0.884,0.883,0.882,0.0,0.0,0.0,0.0,0.0,0.887,0.888,0.889,0.89,0.891,0.0,0.0,0.0,0.0,0.0,3041900.0,4447800.0,3967800.0,2386900.0,809000.0,0.0,0.0,0.0,0.0,0.0,4203600.0,11342300.0,4465700.0,6508300.0,2171400.0,0.0,0.0,0.0,0.0,0.0
20230822143611356,SZSE,SZSE.ETF.159949,0.887,0.89,0.894,0.87,0.0,1.066,0.71,811951756.0,10100.0,714582099.77,8958.600000023842,0.0,0.0,20230822,20230822,143611356,0.888,0.0,0.0,0.886,0.885,0.884,0.883,0.882,0.0,0.0,0.0,0.0,0.0,0.887,0.888,0.889,0.89,0.891,0.0,0.0,0.0,0.0,0.0,3069600.0,5046300.0,3967800.0,2396900.0,809000.0,0.0,0.0,0.0,0.0,0.0,4203600.0,11212300.0,4460700.0,6508300.0,2171400.0,0.0,0.0,0.0,0.0,0.0
20230822143614356,SZSE,SZSE.ETF.159949,0.886,0.89,0.894,0.87,0.0,1.066,0.71,812788956.0,837200.0,715323858.97,741759.2000000477,0.0,0.0,20230822,20230822,143614355,0.888,0.0,0.0,0.886,0.885,0.884,0.883,0.882,0.0,0.0,0.0,0.0,0.0,0.887,0.888,0.889,0.89,0.891,0.0,0.0,0.0,0.0,0.0,1992100.0,3586300.0,3968900.0,2396900.0,809000.0,0.0,0.0,0.0,0.0,0.0,4321300.0,10759400.0,4460700.0,6507400.0,2171400.0,0.0,0.0,0.0,0.0,0.0
20230822143617380,SZSE,SZSE.ETF.159949,0.886,0.89,0.894,0.87,0.0,1.066,0.71,812788956.0,0.0,715323858.97,0.0,0.0,0.0,20230822,20230822,143617380,0.888,0.0,0.0,0.886,0.885,0.884,0.883,0.882,0.0,0.0,0.0,0.0,0.0,0.887,0.888,0.889,0.89,0.891,0.0,0.0,0.0,0.0,0.0,2007100.0,2756300.0,4258900.0,2396900.0,809000.0,0.0,0.0,0.0,0.0,0.0,4606300.0,9237600.0,4460800.0,6512400.0,2171400.0,0.0,0.0,0.0,0.0,0.0
20230822143620352,SZSE,SZSE.ETF.159949,0.886,0.89,0.894,0.87,0.0,1.066,0.71,813151656.0,362700.0,715645212.17,321353.1999999285,0.0,0.0,20230822,20230822,143620351,0.888,0.0,0.0,0.886,0.885,0.884,0.883,0.882,0.0,0.0,0.0,0.0,0.0,0.887,0.888,0.889,0.89,0.891,0.0,0.0,0.0,0.0,0.0,1655400.0,2866300.0,4258900.0,2396900.0,809000.0,0.0,0.0,0.0,0.0,0.0,4485300.0,9357600.0,4240800.0,6512400.0,2171400.0,0.0,0.0,0.0,0.0,0.0
20230822143638308,SZSE,SZSE.ETF.159949,0.886,0.89,0.894,0.87,0.0,1.066,0.71,814953356.0,20600.0,717241502.27,18231.600000023842,0.0,0.0,20230822,20230822,143638309,0.888,0.0,0.0,0.885,0.884,0.883,0.882,0.881,0.0,0.0,0.0,0.0,0.0,0.886,0.887,0.888,0.889,0.89,0.0,0.0,0.0,0.0,0.0,2209400.0,5638200.0,2396900.0,822500.0,3510300.0,0.0,0.0,0.0,0.0,0.0,1416100.0,4173300.0,8822000.0,4472100.0,6151400.0,0.0,0.0,0.0,0.0,0.0
20230822143641292,SZSE,SZSE.ETF.159949,0.886,0.89,0.894,0.87,0.0,1.066,0.71,814964556.0,11200.0,717251415.47,9913.200000047684,0.0,0.0,20230822,20230822,143641293,0.888,0.0,0.0,0.885,0.884,0.883,0.882,0.881,0.0,0.0,0.0,0.0,0.0,0.886,0.887,0.888,0.889,0.89,0.0,0.0,0.0,0.0,0.0,2209400.0,5558200.0,2608200.0,827500.0,3510300.0,0.0,0.0,0.0,0.0,0.0,3063400.0,4093300.0,8812000.0,4472100.0,6151400.0,0.0,0.0,0.0,0.0,0.0
20230822143644300,SZSE,SZSE.ETF.159949,0.886,0.89,0.894,0.87,0.0,1.066,0.71,815161556.0,197000.0,717425950.37,174534.89999997616,0.0,0.0,20230822,20230822,143644300,0.888,0.0,0.0,0.885,0.884,0.883,0.882,0.881,0.0,0.0,0.0,0.0,0.0,0.886,0.887,0.888,0.889,0.89,0.0,0.0,0.0,0.0,0.0,2202300.0,5538200.0,2408200.0,827500.0,3510300.0,0.0,0.0,0.0,0.0,0.0,2667900.0,4173300.0,8663000.0,4472100.0,6151400.0,0.0,0.0,0.0,0.0,0.0
20230822143647336,SZSE,SZSE.ETF.159949,0.885,0.89,0.894,0.87,0.0,1.066,0.71,815165556.0,4000.0,717429490.37,3540.0,0.0,0.0,20230822,20230822,143647335,0.888,0.0,0.0,0.885,0.884,0.883,0.882,0.881,0.0,0.0,0.0,0.0,0.0,0.886,0.887,0.888,0.889,0.89,0.0,0.0,0.0,0.0,0.0,2209600.0,3891000.0,4297000.0,827500.0,3510300.0,0.0,0.0,0.0,0.0,0.0,2877900.0,4243300.0,8663000.0,4472100.0,6151400.0,0.0,0.0,0.0,0.0,0.0
20230822143650296,SZSE,SZSE.ETF.159949,0.885,0.89,0.894,0.87,0.0,1.066,0.71,815213956.0,48400.0,717472335.47,42845.10000002384,0.0,0.0,20230822,20230822,143650294,0.888,0.0,0.0,0.885,0.884,0.883,0.882,0.881,0.0,0.0,0.0,0.0,0.0,0.886,0.887,0.888,0.889,0.89,0.0,0.0,0.0,0.0,0.0,2196300.0,3771000.0,4297000.0,827500.0,3521600.0,0.0,0.0,0.0,0.0,0.0,2878700.0,4123300.0,8663000.0,4472100.0,6151400.0,0.0,0.0,0.0,0.0,0.0
20230822143653288,SZSE,SZSE.ETF.159949,0.885,0.89,0.894,0.87,0.0,1.066,0.71,815320656.0,106700.0,717566764.97,94429.5,0.0,0.0,20230822,20230822,143653289,0.888,0.0,0.0,0.885,0.884,0.883,0.882,0.881,0.0,0.0,0.0,0.0,0.0,0.886,0.887,0.888,0.889,0.89,0.0,0.0,0.0,0.0,0.0,1989600.0,5458200.0,2729800.0,1116700.0,3521600.0,0.0,0.0,0.0,0.0,0.0,2895000.0,4233300.0,8663000.0,4472400.0,6151400.0,0.0,0.0,0.0,0.0,0.0
20230822143659288,SZSE,SZSE.ETF.159949,0.885,0.89,0.894,0.87,0.0,1.066,0.71,815446656.0,105700.0,717678381.67,93644.5,0.0,0.0,20230822,20230822,143659288,0.888,0.0,0.0,0.885,0.884,0.883,0.882,0.881,0.0,0.0,0.0,0.0,0.0,0.886,0.887,0.888,0.889,0.89,0.0,0.0,0.0,0.0,0.0,2270300.0,5118300.0,2879800.0,1116700.0,3541600.0,0.0,0.0,0.0,0.0,0.0,1345600.0,5338600.0,8601200.0,4191400.0,6146400.0,0.0,0.0,0.0,0.0,0.0
20230822143702348,SZSE,SZSE.ETF.159949,0.886,0.89,0.894,0.87,0.0,1.066,0.71,815459156.0,12500.0,717689445.17,11063.5,0.0,0.0,20230822,20230822,143702348,0.888,0.0,0.0,0.885,0.884,0.883,0.882,0.881,0.0,0.0,0.0,0.0,0.0,0.886,0.887,0.888,0.889,0.89,0.0,0.0,0.0,0.0,0.0,2567600.0,5336500.0,2879800.0,1116700.0,3541600.0,0.0,0.0,0.0,0.0,0.0,2827900.0,4108000.0,8589800.0,4411400.0,6146400.0,0.0,0.0,0.0,0.0,0.0
20230822143705336,SZSE,SZSE.ETF.159949,0.885,0.89,0.894,0.87,0.0,1.066,0.71,815462456.0,3300.0,717692365.67,2920.5,0.0,0.0,20230822,20230822,143705336,0.888,0.0,0.0,0.885,0.884,0.883,0.882,0.881,0.0,0.0,0.0,0.0,0.0,0.886,0.887,0.888,0.889,0.89,0.0,0.0,0.0,0.0,0.0,2566000.0,5336500.0,2879800.0,1117700.0,3541600.0,0.0,0.0,0.0,0.0,0.0,2839200.0,3991000.0,8600700.0,4411400.0,6146400.0,0.0,0.0,0.0,0.0,0.0
20230822143708328,SZSE,SZSE.ETF.159949,0.885,0.89,0.894,0.87,0.0,1.066,0.71,815483556.0,21100.0,717711039.17,18673.5,0.0,0.0,20230822,20230822,143708327,0.888,0.0,0.0,0.885,0.884,0.883,0.882,0.881,0.0,0.0,0.0,0.0,0.0,0.886,0.887,0.888,0.889,0.89,0.0,0.0,0.0,0.0,0.0,2684900.0,5457100.0,2916600.0,1115300.0,3541600.0,0.0,0.0,0.0,0.0,0.0,1390900.0,5499000.0,8600700.0,4411400.0,6146400.0,0.0,0.0,0.0,0.0,0.0
20230822143711340,SZSE,SZSE.ETF.159949,0.886,0.89,0.894,0.87,0.0,1.066,0.71,815614356.0,130800.0,717826820.37,115781.20000004768,0.0,0.0,20230822,20230822,143711339,0.888,0.0,0.0,0.885,0.884,0.883,0.882,0.881,0.0,0.0,0.0,0.0,0.0,0.886,0.887,0.888,0.889,0.89,0.0,0.0,0.0,0.0,0.0,2579300.0,5756100.0,2916600.0,1115300.0,3541600.0,0.0,0.0,0.0,0.0,0.0,1366400.0,4799000.0,8605700.0,4381400.0,6146400.0,0.0,0.0,0.0,0.0,0.0
20230822143714320,SZSE,SZSE.ETF.159949,0.885,0.89,0.894,0.87,0.0,1.066,0.71,815625656.0,11300.0,717836820.87,10000.5,0.0,0.0,20230822,20230822,143714321,0.888,0.0,0.0,0.885,0.884,0.883,0.882,0.881,0.0,0.0,0.0,0.0,0.0,0.886,0.887,0.888,0.889,0.89,0.0,0.0,0.0,0.0,0.0,2568000.0,5876200.0,2916600.0,1115300.0,3541600.0,0.0,0.0,0.0,0.0,0.0,1361400.0,4935000.0,8605700.0,4322400.0,6146400.0,0.0,0.0,0.0,0.0,0.0
20230822143717288,SZSE,SZSE.ETF.159949,0.886,0.89,0.894,0.87,0.0,1.066,0.71,815642756.0,17100.0,717851971.47,15150.600000023842,0.0,0.0,20230822,20230822,143717287,0.888,0.0,0.0,0.885,0.884,0.883,0.882,0.881,0.0,0.0,0.0,0.0,0.0,0.886,0.887,0.888,0.889,0.89,0.0,0.0,0.0,0.0,0.0,2578000.0,5687200.0,2566600.0,1115900.0,3541600.0,0.0,0.0,0.0,0.0,0.0,1199400.0,5445000.0,8605700.0,4322400.0,6146400.0,0.0,0.0,0.0,0.0,0.0
20230822143726288,SZSE,SZSE.ETF.159949,0.886,0.89,0.894,0.87,0.0,1.066,0.71,816570756.0,523400.0,718673775.87,463711.2999999523,0.0,0.0,20230822,20230822,143726289,0.888,0.0,0.0,0.885,0.884,0.883,0.882,0.881,0.0,0.0,0.0,0.0,0.0,0.886,0.887,0.888,0.889,0.89,0.0,0.0,0.0,0.0,0.0,2206500.0,6666200.0,2710200.0,854300.0,3541600.0,0.0,0.0,0.0,0.0,0.0,710500.0,5715000.0,8657300.0,4262400.0,5996400.0,0.0,0.0,0.0,0.0,0.0
20230822143729244,SZSE,SZSE.ETF.159949,0.886,0.89,0.894,0.87,0.0,1.066,0.71,816754156.0,183400.0,718836268.27,162492.39999997616,0.0,0.0,20230822,20230822,143729243,0.888,0.0,0.0,0.885,0.884,0.883,0.882,0.881,0.0,0.0,0.0,0.0,0.0,0.886,0.887,0.888,0.889,0.89,0.0,0.0,0.0,0.0,0.0,2206500.0,6546200.0,2581400.0,929300.0,3541600.0,0.0,0.0,0.0,0.0,0.0,537100.0,5435000.0,8657300.0,4284400.0,5996400.0,0.0,0.0,0.0,0.0,0.0
20230822143732288,SZSE,SZSE.ETF.159949,0.886,0.89,0.894,0.87,0.0,1.066,0.71,817291756.0,537600.0,719312581.87,476313.60000002384,0.0,0.0,20230822,20230822,143732288,0.888,0.0,0.0,0.886,0.885,0.884,0.883,0.882,0.0,0.0,0.0,0.0,0.0,0.887,0.888,0.889,0.89,0.891,0.0,0.0,0.0,0.0,0.0,788200.0,2560500.0,6762900.0,2581400.0,929300.0,0.0,0.0,0.0,0.0,0.0,5204000.0,8812300.0,4284400.0,6347400.0,2200000.0,0.0,0.0,0.0,0.0,0.0
20230822143735272,SZSE,SZSE.ETF.159949,0.886,0.89,0.894,0.87,0.0,1.066,0.71,817506956.0,215200.0,719503249.07,190667.20000004768,0.0,0.0,20230822,20230822,143735271,0.888,0.0,0.0,0.886,0.885,0.884,0.883,0.882,0.0,0.0,0.0,0.0,0.0,0.887,0.888,0.889,0.89,0.891,0.0,0.0,0.0,0.0,0.0,1193100.0,2680500.0,5094100.0,2581400.0,929300.0,0.0,0.0,0.0,0.0,0.0,4330500.0,8932300.0,4284400.0,6347400.0,2186000.0,0.0,0.0,0.0,0.0,0.0
20230822143738264,SZSE,SZSE.ETF.159949,0.886,0.89,0.894,0.87,0.0,1.066,0.71,817512256.0,5300.0,719507944.87,4695.799999952316,0.0,0.0,20230822,20230822,143738263,0.888,0.0,0.0,0.886,0.885,0.884,0.883,0.882,0.0,0.0,0.0,0.0,0.0,0.887,0.888,0.889,0.89,0.891,0.0,0.0,0.0,0.0,0.0,1189800.0,3020000.0,5404300.0,2603400.0,929300.0,0.0,0.0,0.0,0.0,0.0,4400500.0,9542300.0,4074400.0,6567400.0,2186000.0,0.0,0.0,0.0,0.0,0.0
20230822143741232,SZSE,SZSE.ETF.159949,0.886,0.89,0.894,0.87,0.0,1.066,0.71,817703456.0,191200.0,719677348.07,169403.20000004768,0.0,0.0,20230822,20230822,143741232,0.888,0.0,0.0,0.886,0.885,0.884,0.883,0.882,0.0,0.0,0.0,0.0,0.0,0.887,0.888,0.889,0.89,0.891,0.0,0.0,0.0,0.0,0.0,1098600.0,3170600.0,6403300.0,2603400.0,929300.0,0.0,0.0,0.0,0.0,0.0,4313500.0,9672300.0,4074400.0,6567400.0,2186000.0,0.0,0.0,0.0,0.0,0.0
20230822143744228,SZSE,SZSE.ETF.159949,0.886,0.89,0.894,0.87,0.0,1.066,0.71,817738256.0,34800.0,719708180.87,30832.799999952316,0.0,0.0,20230822,20230822,143744229,0.888,0.0,0.0,0.886,0.885,0.884,0.883,0.882,0.0,0.0,0.0,0.0,0.0,0.887,0.888,0.889,0.89,0.891,0.0,0.0,0.0,0.0,0.0,1079000.0,3052600.0,6513300.0,2603400.0,929300.0,0.0,0.0,0.0,0.0,0.0,4313500.0,9610800.0,4616100.0,6567400.0,2186000.0,0.0,0.0,0.0,0.0,0.0
20230822143747260,SZSE,SZSE.ETF.159949,0.886,0.89,0.894,0.87,0.0,1.066,0.71,818592456.0,854200.0,720465002.07,756821.2000000477,0.0,0.0,20230822,20230822,143747259,0.888,0.0,0.0,0.886,0.885,0.884,0.883,0.882,0.0,0.0,0.0,0.0,0.0,0.887,0.888,0.889,0.89,0.891,0.0,0.0,0.0,0.0,0.0,224800.0,4196400.0,6223300.0,2603400.0,929300.0,0.0,0.0,0.0,0.0,0.0,4079500.0,9830800.0,4616100.0,6567400.0,2186000.0,0.0,0.0,0.0,0.0,0.0
20230822143750228,SZSE,SZSE.ETF.159949,0.886,0.89,0.894,0.87,0.0,1.066,0.71,818593156.0,700.0,720465622.27,620.1999999284744,0.0,0.0,20230822,20230822,143750228,0.888,0.0,0.0,0.886,0.885,0.884,0.883,0.882,0.0,0.0,0.0,0.0,0.0,0.887,0.888,0.889,0.89,0.891,0.0,0.0,0.0,0.0,0.0,224100.0,4076400.0,6452600.0,2603400.0,929300.0,0.0,0.0,0.0,0.0,0.0,4369500.0,9710800.0,4616100.0,6567400.0,2186000.0,0.0,0.0,0.0,0.0,0.0
20230822143753224,SZSE,SZSE.ETF.159949,0.886,0.89,0.894,0.87,0.0,1.066,0.71,818915356.0,322200.0,720751243.67,285621.39999997616,0.0,0.0,20230822,20230822,143753225,0.888,0.0,0.0,0.886,0.885,0.884,0.883,0.882,0.0,0.0,0.0,0.0,0.0,0.887,0.888,0.889,0.89,0.891,0.0,0.0,0.0,0.0,0.0,75600.0,4198400.0,6452600.0,2603400.0,900300.0,0.0,0.0,0.0,0.0,0.0,4451300.0,9710800.0,4836100.0,6347400.0,2468600.0,0.0,0.0,0.0,0.0,0.0
20230822143756248,SZSE,SZSE.ETF.159949,0.886,0.89,0.894,0.87,0.0,1.066,0.71,819141856.0,226500.0,720951940.67,200697.0,0.0,0.0,20230822,20230822,143756250,0.888,0.0,0.0,0.886,0.885,0.884,0.883,0.882,0.0,0.0,0.0,0.0,0.0,0.887,0.888,0.889,0.89,0.891,0.0,0.0,0.0,0.0,0.0,127700.0,6103000.0,5616100.0,2603400.0,900300.0,0.0,0.0,0.0,0.0,0.0,4282000.0,9590800.0,4612100.0,6352400.0,2468600.0,0.0,0.0,0.0,0.0,0.0
20230822143759248,SZSE,SZSE.ETF.159949,0.886,0.89,0.894,0.87,0.0,1.066,0.71,819342256.0,200400.0,721129553.27,177612.60000002384,0.0,0.0,20230822,20230822,143759248,0.888,0.0,0.0,0.885,0.884,0.883,0.882,0.881,0.0,0.0,0.0,0.0,0.0,0.886,0.887,0.888,0.889,0.89,0.0,0.0,0.0,0.0,0.0,5754000.0,5616100.0,2603400.0,900300.0,3537900.0,0.0,0.0,0.0,0.0,0.0,389000.0,4794800.0,9791800.0,4832100.0,6001400.0,0.0,0.0,0.0,0.0,0.0
20230822143802260,SZSE,SZSE.ETF.159949,0.886,0.89,0.894,0.87,0.0,1.066,0.71,819404856.0,62600.0,721185016.87,55463.60000002384,0.0,0.0,20230822,20230822,143802260,0.888,0.0,0.0,0.885,0.884,0.883,0.882,0.881,0.0,0.0,0.0,0.0,0.0,0.886,0.887,0.888,0.889,0.89,0.0,0.0,0.0,0.0,0.0,5352000.0,5736100.0,2603400.0,900300.0,3537900.0,0.0,0.0,0.0,0.0,0.0,422400.0,4926100.0,9381800.0,4832100.0,6001400.0,0.0,0.0,0.0,0.0,0.0
20230822143805236,SZSE,SZSE.ETF.159949,0.886,0.89,0.894,0.87,0.0,1.066,0.71,819433656.0,28800.0,721210533.37,25516.5,0.0,0.0,20230822,20230822,143805236,0.888,0.0,0.0,0.885,0.884,0.883,0.882,0.881,0.0,0.0,0.0,0.0,0.0,0.886,0.887,0.888,0.889,0.89,0.0,0.0,0.0,0.0,0.0,5363200.0,6026100.0,2603400.0,900300.0,3537900.0,0.0,0.0,0.0,0.0,0.0,369500.0,5216100.0,9382800.0,4832100.0,6001400.0,0.0,0.0,0.0,0.0,0.0
20230822143808272,SZSE,SZSE.ETF.159949,0.886,0.89,0.894,0.87,0.0,1.066,0.71,819433656.0,0.0,721210533.37,0.0,0.0,0.0,20230822,20230822,143808273,0.888,0.0,0.0,0.885,0.884,0.883,0.882,0.881,0.0,0.0,0.0,0.0,0.0,0.886,0.887,0.888,0.889,0.89,0.0,0.0,0.0,0.0,0.0,5514900.0,5147100.0,2603400.0,904000.0,3537900.0,0.0,0.0,0.0,0.0,0.0,389500.0,5306100.0,9382800.0,4842100.0,6001400.0,0.0,0.0,0.0,0.0,0.0
20230822143811244,SZSE,SZSE.ETF.159949,0.886,0.89,0.894,0.87,0.0,1.066,0.71,819452656.0,19000.0,721227367.27,16833.899999976158,0.0,0.0,20230822,20230822,143811245,0.888,0.0,0.0,0.885,0.884,0.883,0.882,0.881,0.0,0.0,0.0,0.0,0.0,0.886,0.887,0.888,0.889,0.89,0.0,0.0,0.0,0.0,0.0,6204800.0,5027100.0,2603400.0,904000.0,3537900.0,0.0,0.0,0.0,0.0,0.0,370600.0,5186100.0,9371600.0,4842100.0,6001400.0,0.0,0.0,0.0,0.0,0.0
20230822143814220,SZSE,SZSE.ETF.159949,0.886,0.89,0.894,0.87,0.0,1.066,0.71,819461156.0,8500.0,721234897.27,7530.0,0.0,0.0,20230822,20230822,143814221,0.888,0.0,0.0,0.885,0.884,0.883,0.882,0.881,0.0,0.0,0.0,0.0,0.0,0.886,0.887,0.888,0.889,0.89,0.0,0.0,0.0,0.0,0.0,5203800.0,5567100.0,2603400.0,904000.0,3537900.0,0.0,0.0,0.0,0.0,0.0,388600.0,4726100.0,9371600.0,4841800.0,6001400.0,0.0,0.0,0.0,0.0,0.0
20230822143817316,SZSE,SZSE.ETF.159949,0.885,0.89,0.894,0.87,0.0,1.066,0.71,819535456.0,74300.0,721300693.77,65796.5,0.0,0.0,20230822,20230822,143817315,0.888,0.0,0.0,0.885,0.884,0.883,0.882,0.881,0.0,0.0,0.0,0.0,0.0,0.886,0.887,0.888,0.889,0.89,0.0,0.0,0.0,0.0,0.0,5175500.0,6027100.0,2603400.0,904000.0,3537900.0,0.0,0.0,0.0,0.0,0.0,348100.0,5245400.0,9371600.0,4841800.0,6001400.0,0.0,0.0,0.0,0.0,0.0
20230822143820284,SZSE,SZSE.ETF.159949,0.886,0.89,0.894,0.87,0.0,1.066,0.71,819542456.0,7000.0,721306895.77,6202.0,0.0,0.0,20230822,20230822,143820285,0.888,0.0,0.0,0.885,0.884,0.883,0.882,0.881,0.0,0.0,0.0,0.0,0.0,0.886,0.887,0.888,0.889,0.89,0.0,0.0,0.0,0.0,0.0,5196800.0,6147100.0,2603400.0,904000.0,3537900.0,0.0,0.0,0.0,0.0,0.0,341100.0,5376400.0,9411600.0,4841800.0,6001400.0,0.0,0.0,0.0,0.0,0.0
20230822143823216,SZSE,SZSE.ETF.159949,0.886,0.89,0.894,0.87,0.0,1.066,0.71,819556756.0,14300.0,721319565.57,12669.800000071526,0.0,0.0,20230822,20230822,143823218,0.888,0.0,0.0,0.885,0.884,0.883,0.882,0.881,0.0,0.0,0.0,0.0,0.0,0.886,0.887,0.888,0.889,0.89,0.0,0.0,0.0,0.0,0.0,5197800.0,6027100.0,2603400.0,904000.0,3537900.0,0.0,0.0,0.0,0.0,0.0,432700.0,5256400.0,9411600.0,4841800.0,6001400.0,0.0,0.0,0.0,0.0,0.0
20230822143826208,SZSE,SZSE.ETF.159949,0.885,0.89,0.894,0.87,0.0,1.066,0.71,819591856.0,35100.0,721350664.07,31098.5,0.0,0.0,20230822,20230822,143826208,0.888,0.0,0.0,0.885,0.884,0.883,0.882,0.881,0.0,0.0,0.0,0.0,0.0,0.886,0.887,0.888,0.889,0.89,0.0,0.0,0.0,0.0,0.0,5730500.0,6736100.0,2603400.0,904000.0,3537900.0,0.0,0.0,0.0,0.0,0.0,397700.0,5086400.0,9411600.0,4841800.0,6001400.0,0.0,0.0,0.0,0.0,0.0
20230822143829188,SZSE,SZSE.ETF.159949,0.886,0.89,0.894,0.87,0.0,1.066,0.71,819670056.0,78200.0,721419915.47,69251.39999997616,0.0,0.0,20230822,20230822,143829189,0.888,0.0,0.0,0.885,0.884,0.883,0.882,0.881,0.0,0.0,0.0,0.0,0.0,0.886,0.887,0.888,0.889,0.89,0.0,0.0,0.0,0.0,0.0,5716700.0,6736100.0,2603400.0,904000.0,3538700.0,0.0,0.0,0.0,0.0,0.0,353300.0,4966400.0,9441600.0,4872600.0,6001400.0,0.0,0.0,0.0,0.0,0.0
20230822143832188,SZSE,SZSE.ETF.159949,0.886,0.89,0.894,0.87,0.0,1.066,0.71,819724156.0,54100.0,721467848.07,47932.60000002384,0.0,0.0,20230822,20230822,143832187,0.888,0.0,0.0,0.885,0.884,0.883,0.882,0.881,0.0,0.0,0.0,0.0,0.0,0.886,0.887,0.888,0.889,0.89,0.0,0.0,0.0,0.0,0.0,6751800.0,5502800.0,2603400.0,904000.0,3538700.0,0.0,0.0,0.0,0.0,0.0,387200.0,4676400.0,9443100.0,4972700.0,6001400.0,0.0,0.0,0.0,0.0,0.0
20230822143835224,SZSE,SZSE.ETF.159949,0.886,0.89,0.894,0.87,0.0,1.066,0.71,819727256.0,3100.0,721470594.57,2746.5,0.0,0.0,20230822,20230822,143835226,0.888,0.0,0.0,0.885,0.884,0.883,0.882,0.881,0.0,0.0,0.0,0.0,0.0,0.886,0.887,0.888,0.889,0.89,0.0,0.0,0.0,0.0,0.0,6752200.0,6204800.0,2603400.0,904000.0,3538700.0,0.0,0.0,0.0,0.0,0.0,373200.0,5376400.0,9443100.0,4972700.0,5004300.0,0.0,0.0,0.0,0.0,0.0
20230822143838184,SZSE,SZSE.ETF.159949,0.886,0.89,0.894,0.87,0.0,1.066,0.71,819771856.0,44600.0,721510110.17,39515.59999990463,0.0,0.0,20230822,20230822,143838185,0.888,0.0,0.0,0.885,0.884,0.883,0.882,0.881,0.0,0.0,0.0,0.0,0.0,0.886,0.887,0.888,0.889,0.89,0.0,0.0,0.0,0.0,0.0,6752200.0,6084800.0,2603400.0,900300.0,3538700.0,0.0,0.0,0.0,0.0,0.0,332900.0,5253200.0,9443100.0,4972700.0,5004300.0,0.0,0.0,0.0,0.0,0.0
20230822143841184,SZSE,SZSE.ETF.159949,0.886,0.89,0.894,0.87,0.0,1.066,0.71,819771856.0,0.0,721510110.17,0.0,0.0,0.0,20230822,20230822,143841183,0.888,0.0,0.0,0.885,0.884,0.883,0.882,0.881,0.0,0.0,0.0,0.0,0.0,0.886,0.887,0.888,0.889,0.89,0.0,0.0,0.0,0.0,0.0,6763500.0,6208100.0,2603400.0,900300.0,3538700.0,0.0,0.0,0.0,0.0,0.0,336200.0,5373200.0,9455500.0,4972700.0,5004300.0,0.0,0.0,0.0,0.0,0.0
20230822143844184,SZSE,SZSE.ETF.159949,0.886,0.89,0.894,0.87,0.0,1.066,0.71,820108056.0,336200.0,721807983.37,297873.2000000477,0.0,0.0,20230822,20230822,143844183,0.888,0.0,0.0,0.886,0.885,0.884,0.883,0.882,0.0,0.0,0.0,0.0,0.0,0.887,0.888,0.889,0.89,0.891,0.0,0.0,0.0,0.0,0.0,437200.0,7114700.0,6088100.0,2592200.0,900300.0,0.0,0.0,0.0,0.0,0.0,4902200.0,9455500.0,5972700.0,5355300.0,2500500.0,0.0,0.0,0.0,0.0,0.0
20230822143847176,SZSE,SZSE.ETF.159949,0.886,0.89,0.894,0.87,0.0,1.066,0.71,820148256.0,40200.0,721843600.57,35617.200000047684,0.0,0.0,20230822,20230822,143847178,0.888,0.0,0.0,0.886,0.885,0.884,0.883,0.882,0.0,0.0,0.0,0.0,0.0,0.887,0.888,0.889,0.89,0.891,0.0,0.0,0.0,0.0,0.0,989000.0,7249700.0,5388100.0,2592200.0,904700.0,0.0,0.0,0.0,0.0,0.0,4202200.0,9575500.0,5972700.0,5355300.0,2504500.0,0.0,0.0,0.0,0.0,0.0
20230822143850216,SZSE,SZSE.ETF.159949,0.886,0.89,0.894,0.87,0.0,1.066,0.71,820149156.0,900.0,721844397.97,797.3999999761581,0.0,0.0,20230822,20230822,143850214,0.888,0.0,0.0,0.886,0.885,0.884,0.883,0.882,0.0,0.0,0.0,0.0,0.0,0.887,0.888,0.889,0.89,0.891,0.0,0.0,0.0,0.0,0.0,1028300.0,7506200.0,5678100.0,2572200.0,904700.0,0.0,0.0,0.0,0.0,0.0,5562200.0,9865500.0,5972700.0,5355300.0,2504500.0,0.0,0.0,0.0,0.0,0.0
20230822143853200,SZSE,SZSE.ETF.159949,0.886,0.89,0.894,0.87,0.0,1.066,0.71,820154156.0,5000.0,721848827.97,4430.0,0.0,0.0,20230822,20230822,143853200,0.888,0.0,0.0,0.886,0.885,0.884,0.883,0.882,0.0,0.0,0.0,0.0,0.0,0.887,0.888,0.889,0.89,0.891,0.0,0.0,0.0,0.0,0.0,1123300.0,7626200.0,5678200.0,2572200.0,904700.0,0.0,0.0,0.0,0.0,0.0,5562200.0,9985500.0,5972700.0,5365300.0,2504500.0,0.0,0.0,0.0,0.0,0.0
20230822143856208,SZSE,SZSE.ETF.159949,0.887,0.89,0.894,0.87,0.0,1.066,0.71,820159156.0,5000.0,721853262.97,4435.0,0.0,0.0,20230822,20230822,143856207,0.888,0.0,0.0,0.886,0.885,0.884,0.883,0.882,0.0,0.0,0.0,0.0,0.0,0.887,0.888,0.889,0.89,0.891,0.0,0.0,0.0,0.0,0.0,1138300.0,7516200.0,4111000.0,2572200.0,904700.0,0.0,0.0,0.0,0.0,0.0,5547200.0,9866500.0,5987700.0,5365300.0,2504500.0,0.0,0.0,0.0,0.0,0.0
20230822143859212,SZSE,SZSE.ETF.159949,0.886,0.89,0.894,0.87,0.0,1.066,0.71,820220356.0,61200.0,721907535.87,54272.89999997616,0.0,0.0,20230822,20230822,143859213,0.888,0.0,0.0,0.886,0.885,0.884,0.883,0.882,0.0,0.0,0.0,0.0,0.0,0.887,0.888,0.889,0.89,0.891,0.0,0.0,0.0,0.0,0.0,1279600.0,7656200.0,5678200.0,2572200.0,899700.0,0.0,0.0,0.0,0.0,0.0,5587500.0,9986500.0,5987700.0,5365300.0,2504500.0,0.0,0.0,0.0,0.0,0.0
20230822145356260,SZSE,SZSE.ETF.159949,0.887,0.89,0.894,0.87,0.0,1.066,0.71,859412537.0,20000.0,756698019.917,17740.0,0.0,0.0,20230822,20230822,145356260,0.888,0.0,0.0,0.887,0.886,0.885,0.884,0.883,0.0,0.0,0.0,0.0,0.0,0.888,0.889,0.89,0.891,0.892,0.0,0.0,0.0,0.0,0.0,7548119.0,3885300.0,2554800.0,1813900.0,546600.0,0.0,0.0,0.0,0.0,0.0,12485400.0,7300300.0,3434900.0,1514800.0,2409900.0,0.0,0.0,0.0,0.0,0.0
20230822145359264,SZSE,SZSE.ETF.159949,0.888,0.89,0.894,0.87,0.0,1.066,0.71,859426637.0,14100.0,756710540.717,12520.799999952316,0.0,0.0,20230822,20230822,145359266,0.888,0.0,0.0,0.887,0.886,0.885,0.884,0.883,0.0,0.0,0.0,0.0,0.0,0.888,0.889,0.89,0.891,0.892,0.0,0.0,0.0,0.0,0.0,7554119.0,4155300.0,2554800.0,1813900.0,546600.0,0.0,0.0,0.0,0.0,0.0,12506300.0,7420300.0,3434900.0,1514800.0,2409900.0,0.0,0.0,0.0,0.0,0.0
20230822145402264,SZSE,SZSE.ETF.159949,0.888,0.89,0.894,0.87,0.0,1.066,0.71,859444637.0,18000.0,756726516.017,15975.299999952316,0.0,0.0,20230822,20230822,145402262,0.888,0.0,0.0,0.887,0.886,0.885,0.884,0.883,0.0,0.0,0.0,0.0,0.0,0.888,0.889,0.89,0.891,0.892,0.0,0.0,0.0,0.0,0.0,7616619.0,3745300.0,2264800.0,1813900.0,546600.0,0.0,0.0,0.0,0.0,0.0,12237000.0,7010300.0,3434900.0,1514800.0,2409900.0,0.0,0.0,0.0,0.0,0.0
20230822145405312,SZSE,SZSE.ETF.159949,0.887,0.89,0.894,0.87,0.0,1.066,0.71,859454737.0,10100.0,756735483.717,8967.700000047684,0.0,0.0,20230822,20230822,145405311,0.888,0.0,0.0,0.887,0.886,0.885,0.884,0.883,0.0,0.0,0.0,0.0,0.0,0.888,0.889,0.89,0.891,0.892,0.0,0.0,0.0,0.0,0.0,7621119.0,4445300.0,2259800.0,1813900.0,546600.0,0.0,0.0,0.0,0.0,0.0,12518000.0,7440300.0,3434900.0,1514800.0,2409900.0,0.0,0.0,0.0,0.0,0.0
20230822145408336,SZSE,SZSE.ETF.159949,0.887,0.89,0.894,0.87,0.0,1.066,0.71,859609037.0,154300.0,756872352.117,136868.39999997616,0.0,0.0,20230822,20230822,145408337,0.888,0.0,0.0,0.887,0.886,0.885,0.884,0.883,0.0,0.0,0.0,0.0,0.0,0.888,0.889,0.89,0.891,0.892,0.0,0.0,0.0,0.0,0.0,7524119.0,4325300.0,2259800.0,1813900.0,546600.0,0.0,0.0,0.0,0.0,0.0,12513700.0,7320300.0,3434900.0,1514800.0,2409900.0,0.0,0.0,0.0,0.0,0.0
20230822145411336,SZSE,SZSE.ETF.159949,0.888,0.89,0.894,0.87,0.0,1.066,0.71,859623537.0,14500.0,756885228.117,12876.0,0.0,0.0,20230822,20230822,145411337,0.888,0.0,0.0,0.887,0.886,0.885,0.884,0.883,0.0,0.0,0.0,0.0,0.0,0.888,0.889,0.89,0.891,0.892,0.0,0.0,0.0,0.0,0.0,7547319.0,4155300.0,2264800.0,1813900.0,546600.0,0.0,0.0,0.0,0.0,0.0,12500800.0,7198300.0,3434900.0,1514800.0,2409900.0,0.0,0.0,0.0,0.0,0.0
20230822145414316,SZSE,SZSE.ETF.159949,0.888,0.89,0.894,0.87,0.0,1.066,0.71,859623537.0,0.0,756885228.117,0.0,0.0,0.0,20230822,20230822,145414315,0.888,0.0,0.0,0.887,0.886,0.885,0.884,0.883,0.0,0.0,0.0,0.0,0.0,0.888,0.889,0.89,0.891,0.892,0.0,0.0,0.0,0.0,0.0,7597319.0,3575300.0,2264800.0,1813900.0,546600.0,0.0,0.0,0.0,0.0,0.0,12211100.0,6908300.0,3434900.0,1514800.0,2409900.0,0.0,0.0,0.0,0.0,0.0
20230822145417288,SZSE,SZSE.ETF.159949,0.888,0.89,0.894,0.87,0.0,1.066,0.71,859753237.0,129700.0,757000401.717,115173.60000002384,0.0,0.0,20230822,20230822,145417288,0.888,0.0,0.0,0.887,0.886,0.885,0.884,0.883,0.0,0.0,0.0,0.0,0.0,0.888,0.889,0.89,0.891,0.892,0.0,0.0,0.0,0.0,0.0,7633019.0,4047200.0,2264900.0,1813900.0,546600.0,0.0,0.0,0.0,0.0,0.0,12376900.0,7206800.0,3434900.0,1506300.0,2409900.0,0.0,0.0,0.0,0.0,0.0
20230822145420276,SZSE,SZSE.ETF.159949,0.888,0.89,0.894,0.87,0.0,1.066,0.71,859869937.0,116700.0,757103955.317,103553.60000002384,0.0,0.0,20230822,20230822,145420275,0.888,0.0,0.0,0.887,0.886,0.885,0.884,0.883,0.0,0.0,0.0,0.0,0.0,0.888,0.889,0.89,0.891,0.892,0.0,0.0,0.0,0.0,0.0,7607619.0,4047200.0,2264900.0,1813900.0,546600.0,0.0,0.0,0.0,0.0,0.0,12336200.0,7206800.0,3434900.0,1506300.0,2409900.0,0.0,0.0,0.0,0.0,0.0
20230822145423252,SZSE,SZSE.ETF.159949,0.888,0.89,0.894,0.87,0.0,1.066,0.71,859904637.0,34700.0,757134768.917,30813.600000023842,0.0,0.0,20230822,20230822,145423251,0.888,0.0,0.0,0.887,0.886,0.885,0.884,0.883,0.0,0.0,0.0,0.0,0.0,0.888,0.889,0.89,0.891,0.892,0.0,0.0,0.0,0.0,0.0,7816619.0,4047200.0,2264900.0,1813800.0,546600.0,0.0,0.0,0.0,0.0,0.0,12383900.0,7206800.0,3454900.0,1506300.0,2409900.0,0.0,0.0,0.0,0.0,0.0
20230822145426240,SZSE,SZSE.ETF.159949,0.888,0.89,0.894,0.87,0.0,1.066,0.71,859947137.0,42500.0,757172508.317,37739.39999997616,0.0,0.0,20230822,20230822,145426241,0.888,0.0,0.0,0.887,0.886,0.885,0.884,0.883,0.0,0.0,0.0,0.0,0.0,0.888,0.889,0.89,0.891,0.892,0.0,0.0,0.0,0.0,0.0,7817019.0,4047200.0,1646400.0,1813800.0,546600.0,0.0,0.0,0.0,0.0,0.0,12347800.0,7216800.0,3454900.0,1506300.0,2409900.0,0.0,0.0,0.0,0.0,0.0
20230822145429292,SZSE,SZSE.ETF.159949,0.888,0.89,0.894,0.87,0.0,1.066,0.71,859968637.0,21500.0,757191600.317,19092.0,0.0,0.0,20230822,20230822,145429293,0.888,0.0,0.0,0.887,0.886,0.885,0.884,0.883,0.0,0.0,0.0,0.0,0.0,0.888,0.889,0.89,0.891,0.892,0.0,0.0,0.0,0.0,0.0,7817019.0,3467200.0,1646400.0,1813800.0,546600.0,0.0,0.0,0.0,0.0,0.0,12061200.0,6921800.0,3454900.0,1506300.0,2409900.0,0.0,0.0,0.0,0.0,0.0
20230822145432272,SZSE,SZSE.ETF.159949,0.887,0.89,0.894,0.87,0.0,1.066,0.71,860335237.0,366600.0,757517140.717,325540.39999997616,0.0,0.0,20230822,20230822,145432274,0.888,0.0,0.0,0.887,0.886,0.885,0.884,0.883,0.0,0.0,0.0,0.0,0.0,0.888,0.889,0.89,0.891,0.892,0.0,0.0,0.0,0.0,0.0,7818619.0,4047200.0,1646400.0,1813800.0,546600.0,0.0,0.0,0.0,0.0,0.0,11910000.0,7211800.0,3454900.0,1506300.0,2414900.0,0.0,0.0,0.0,0.0,0.0
20230822145435280,SZSE,SZSE.ETF.159949,0.888,0.89,0.894,0.87,0.0,1.066,0.71,860360737.0,25500.0,757539784.717,22644.0,0.0,0.0,20230822,20230822,145435282,0.888,0.0,0.0,0.887,0.886,0.885,0.884,0.883,0.0,0.0,0.0,0.0,0.0,0.888,0.889,0.89,0.891,0.892,0.0,0.0,0.0,0.0,0.0,7865919.0,4047200.0,1645400.0,1813800.0,546600.0,0.0,0.0,0.0,0.0,0.0,12913300.0,7223800.0,3459900.0,1506300.0,2414900.0,0.0,0.0,0.0,0.0,0.0
20230822145438272,SZSE,SZSE.ETF.159949,0.888,0.89,0.894,0.87,0.0,1.066,0.71,860407537.0,46800.0,757581343.117,41558.39999997616,0.0,0.0,20230822,20230822,145438272,0.888,0.0,0.0,0.887,0.886,0.885,0.884,0.883,0.0,0.0,0.0,0.0,0.0,0.888,0.889,0.89,0.891,0.892,0.0,0.0,0.0,0.0,0.0,7865919.0,3467200.0,1645400.0,1813800.0,546600.0,0.0,0.0,0.0,0.0,0.0,12576500.0,6933800.0,3459900.0,1506300.0,2414900.0,0.0,0.0,0.0,0.0,0.0
20230822145441288,SZSE,SZSE.ETF.159949,0.887,0.89,0.894,0.87,0.0,1.066,0.71,860485137.0,77600.0,757650251.817,68908.70000004768,0.0,0.0,20230822,20230822,145441287,0.888,0.0,0.0,0.887,0.886,0.885,0.884,0.883,0.0,0.0,0.0,0.0,0.0,0.888,0.889,0.89,0.891,0.892,0.0,0.0,0.0,0.0,0.0,8909219.0,4027500.0,1616000.0,1813800.0,546600.0,0.0,0.0,0.0,0.0,0.0,12678800.0,7225300.0,3459900.0,1505200.0,2414900.0,0.0,0.0,0.0,0.0,0.0
20230822145444304,SZSE,SZSE.ETF.159949,0.888,0.89,0.894,0.87,0.0,1.066,0.71,860639837.0,154700.0,757787618.817,137367.0,0.0,0.0,20230822,20230822,145444304,0.888,0.0,0.0,0.887,0.886,0.885,0.884,0.883,0.0,0.0,0.0,0.0,0.0,0.888,0.889,0.89,0.891,0.892,0.0,0.0,0.0,0.0,0.0,8916119.0,4028500.0,1616000.0,1813800.0,545600.0,0.0,0.0,0.0,0.0,0.0,12552000.0,6925300.0,3459900.0,1505200.0,2414900.0,0.0,0.0,0.0,0.0,0.0
20230822145447264,SZSE,SZSE.ETF.159949,0.887,0.89,0.894,0.87,0.0,1.066,0.71,860648337.0,8500.0,757795165.917,7547.100000023842,0.0,0.0,20230822,20230822,145447263,0.888,0.0,0.0,0.887,0.886,0.885,0.884,0.883,0.0,0.0,0.0,0.0,0.0,0.888,0.889,0.89,0.891,0.892,0.0,0.0,0.0,0.0,0.0,8935219.0,4026500.0,1616000.0,1813800.0,545600.0,0.0,0.0,0.0,0.0,0.0,12843300.0,6925300.0,3459900.0,1505200.0,2414900.0,0.0,0.0,0.0,0.0,0.0
20230822145450268,SZSE,SZSE.ETF.159949,0.888,0.89,0.894,0.87,0.0,1.066,0.71,860658337.0,10000.0,757804040.917,8875.0,0.0,0.0,20230822,20230822,145450268,0.888,0.0,0.0,0.887,0.886,0.885,0.884,0.883,0.0,0.0,0.0,0.0,0.0,0.888,0.889,0.89,0.891,0.892,0.0,0.0,0.0,0.0,0.0,9214219.0,3725500.0,1616000.0,1813800.0,545600.0,0.0,0.0,0.0,0.0,0.0,12595300.0,6925300.0,3457400.0,1502800.0,2414900.0,0.0,0.0,0.0,0.0,0.0
20230822145453252,SZSE,SZSE.ETF.159949,0.888,0.89,0.894,0.87,0.0,1.066,0.71,860666537.0,8200.0,757811322.517,7281.599999904633,0.0,0.0,20230822,20230822,145453252,0.888,0.0,0.0,0.887,0.886,0.885,0.884,0.883,0.0,0.0,0.0,0.0,0.0,0.888,0.889,0.89,0.891,0.892,0.0,0.0,0.0,0.0,0.0,8210819.0,3235500.0,1616000.0,1813800.0,545600.0,0.0,0.0,0.0,0.0,0.0,12618300.0,6436000.0,3457400.0,1502800.0,2414900.0,0.0,0.0,0.0,0.0,0.0
20230822145456240,SZSE,SZSE.ETF.159949,0.888,0.89,0.894,0.87,0.0,1.066,0.71,861725737.0,1059200.0,758751892.117,940569.6000000238,0.0,0.0,20230822,20230822,145456240,0.888,0.0,0.0,0.887,0.886,0.885,0.884,0.883,0.0,0.0,0.0,0.0,0.0,0.888,0.889,0.89,0.891,0.892,0.0,0.0,0.0,0.0,0.0,8257019.0,3721500.0,1635700.0,1813800.0,545600.0,0.0,0.0,0.0,0.0,0.0,11850100.0,6726000.0,3457400.0,1497800.0,2414900.0,0.0,0.0,0.0,0.0,0.0
20230822145459264,SZSE,SZSE.ETF.159949,0.888,0.89,0.894,0.87,0.0,1.066,0.71,861769937.0,44200.0,758791137.217,39245.10000002384,0.0,0.0,20230822,20230822,145459262,0.888,0.0,0.0,0.887,0.886,0.885,0.884,0.883,0.0,0.0,0.0,0.0,0.0,0.888,0.889,0.89,0.891,0.892,0.0,0.0,0.0,0.0,0.0,8265419.0,3716500.0,1515700.0,1813800.0,545600.0,0.0,0.0,0.0,0.0,0.0,11812400.0,6726000.0,3442400.0,1497800.0,2414900.0,0.0,0.0,0.0,0.0,0.0
20230822145502280,SZSE,SZSE.ETF.159949,0.888,0.89,0.894,0.87,0.0,1.066,0.71,861908137.0,138200.0,758913838.817,122701.60000002384,0.0,0.0,20230822,20230822,145502279,0.888,0.0,0.0,0.887,0.886,0.885,0.884,0.883,0.0,0.0,0.0,0.0,0.0,0.888,0.889,0.89,0.891,0.892,0.0,0.0,0.0,0.0,0.0,8331019.0,3716100.0,1515700.0,1813800.0,545600.0,0.0,0.0,0.0,0.0,0.0,11694300.0,6752600.0,3439400.0,1497800.0,2414900.0,0.0,0.0,0.0,0.0,0.0
20230822145505392,SZSE,SZSE.ETF.159949,0.888,0.89,0.894,0.87,0.0,1.066,0.71,861932637.0,24500.0,758935594.817,21756.0,0.0,0.0,20230822,20230822,145505390,0.888,0.0,0.0,0.887,0.886,0.885,0.884,0.883,0.0,0.0,0.0,0.0,0.0,0.888,0.889,0.89,0.891,0.892,0.0,0.0,0.0,0.0,0.0,8222819.0,3716100.0,1515200.0,1813800.0,545600.0,0.0,0.0,0.0,0.0,0.0,11920800.0,6717600.0,3439400.0,1477800.0,2414900.0,0.0,0.0,0.0,0.0,0.0
20230822145508392,SZSE,SZSE.ETF.159949,0.887,0.89,0.894,0.87,0.0,1.066,0.71,862018237.0,85600.0,759011572.717,75977.89999997616,0.0,0.0,20230822,20230822,145508391,0.888,0.0,0.0,0.887,0.886,0.885,0.884,0.883,0.0,0.0,0.0,0.0,0.0,0.888,0.889,0.89,0.891,0.892,0.0,0.0,0.0,0.0,0.0,8387919.0,3716100.0,1515200.0,1813800.0,545600.0,0.0,0.0,0.0,0.0,0.0,11751000.0,6717600.0,3429400.0,1477800.0,2414900.0,0.0,0.0,0.0,0.0,0.0
20230822145511372,SZSE,SZSE.ETF.159949,0.888,0.89,0.894,0.87,0.0,1.066,0.71,862212137.0,193900.0,759183733.317,172160.60000002384,0.0,0.0,20230822,20230822,145511371,0.888,0.0,0.0,0.887,0.886,0.885,0.884,0.883,0.0,0.0,0.0,0.0,0.0,0.888,0.889,0.89,0.891,0.892,0.0,0.0,0.0,0.0,0.0,8369019.0,3716100.0,1515200.0,1813800.0,545600.0,0.0,0.0,0.0,0.0,0.0,11594700.0,6717600.0,3426100.0,1477800.0,2414900.0,0.0,0.0,0.0,0.0,0.0
20230822145514356,SZSE,SZSE.ETF.159949,0.888,0.89,0.894,0.87,0.0,1.066,0.71,862514037.0,301900.0,759451820.517,268087.1999999285,0.0,0.0,20230822,20230822,145514355,0.888,0.0,0.0,0.887,0.886,0.885,0.884,0.883,0.0,0.0,0.0,0.0,0.0,0.888,0.889,0.89,0.891,0.892,0.0,0.0,0.0,0.0,0.0,8364019.0,3136000.0,1515200.0,1813800.0,545600.0,0.0,0.0,0.0,0.0,0.0,11047000.0,6407600.0,3426000.0,1477800.0,2414900.0,0.0,0.0,0.0,0.0,0.0
20230822145517324,SZSE,SZSE.ETF.159949,0.888,0.89,0.894,0.87,0.0,1.066,0.71,862530237.0,16200.0,759466206.117,14385.600000023842,0.0,0.0,20230822,20230822,145517324,0.888,0.0,0.0,0.887,0.886,0.885,0.884,0.883,0.0,0.0,0.0,0.0,0.0,0.888,0.889,0.89,0.891,0.892,0.0,0.0,0.0,0.0,0.0,8155119.0,3716000.0,1500200.0,1813700.0,545600.0,0.0,0.0,0.0,0.0,0.0,11302800.0,6697600.0,3176000.0,1477800.0,2414900.0,0.0,0.0,0.0,0.0,0.0
20230822145520288,SZSE,SZSE.ETF.159949,0.888,0.89,0.894,0.87,0.0,1.066,0.71,862993637.0,463400.0,759877705.317,411499.2000000477,0.0,0.0,20230822,20230822,145520289,0.888,0.0,0.0,0.887,0.886,0.885,0.884,0.883,0.0,0.0,0.0,0.0,0.0,0.888,0.889,0.89,0.891,0.892,0.0,0.0,0.0,0.0,0.0,8189119.0,3716000.0,1500200.0,1813700.0,545600.0,0.0,0.0,0.0,0.0,0.0,10840900.0,6697600.0,3172000.0,1477700.0,2414900.0,0.0,0.0,0.0,0.0,0.0
20230822145523296,SZSE,SZSE.ETF.159949,0.888,0.89,0.894,0.87,0.0,1.066,0.71,863017937.0,24300.0,759899283.717,21578.399999976158,0.0,0.0,20230822,20230822,145523296,0.888,0.0,0.0,0.887,0.886,0.885,0.884,0.883,0.0,0.0,0.0,0.0,0.0,0.888,0.889,0.89,0.891,0.892,0.0,0.0,0.0,0.0,0.0,8177619.0,3716000.0,1500200.0,1813700.0,545600.0,0.0,0.0,0.0,0.0,0.0,10816600.0,6697600.0,3172000.0,1477700.0,2414900.0,0.0,0.0,0.0,0.0,0.0
20230822145526328,SZSE,SZSE.ETF.159949,0.888,0.89,0.894,0.87,0.0,1.066,0.71,864050937.0,1033000.0,760816587.717,917304.0,0.0,0.0,20230822,20230822,145526328,0.888,0.0,0.0,0.887,0.886,0.885,0.884,0.883,0.0,0.0,0.0,0.0,0.0,0.888,0.889,0.89,0.891,0.892,0.0,0.0,0.0,0.0,0.0,6409819.0,3703000.0,1500200.0,1813700.0,545600.0,0.0,0.0,0.0,0.0,0.0,9633600.0,6697600.0,3172000.0,1477700.0,2414900.0,0.0,0.0,0.0,0.0,0.0
20230822145529344,SZSE,SZSE.ETF.159949,0.888,0.89,0.894,0.87,0.0,1.066,0.71,864127137.0,76200.0,760884252.317,67664.60000002384,0.0,0.0,20230822,20230822,145529346,0.888,0.0,0.0,0.887,0.886,0.885,0.884,0.883,0.0,0.0,0.0,0.0,0.0,0.888,0.889,0.89,0.891,0.892,0.0,0.0,0.0,0.0,0.0,6514819.0,3122000.0,1500200.0,1777200.0,545400.0,0.0,0.0,0.0,0.0,0.0,9422400.0,6407600.0,3172000.0,1477700.0,2414900.0,0.0,0.0,0.0,0.0,0.0
20230822145532316,SZSE,SZSE.ETF.159949,0.887,0.89,0.894,0.87,0.0,1.066,0.71,864430137.0,303000.0,761153305.817,269053.5,0.0,0.0,20230822,20230822,145532317,0.888,0.0,0.0,0.887,0.886,0.885,0.884,0.883,0.0,0.0,0.0,0.0,0.0,0.888,0.889,0.89,0.891,0.892,0.0,0.0,0.0,0.0,0.0,6508919.0,3702000.0,1486200.0,1777200.0,545400.0,0.0,0.0,0.0,0.0,0.0,9419900.0,6497600.0,3172000.0,1477700.0,2414900.0,0.0,0.0,0.0,0.0,0.0
20230822145535288,SZSE,SZSE.ETF.159949,0.888,0.89,0.894,0.87,0.0,1.066,0.71,864484737.0,54600.0,761201790.617,48484.799999952316,0.0,0.0,20230822,20230822,145535288,0.888,0.0,0.0,0.887,0.886,0.885,0.884,0.883,0.0,0.0,0.0,0.0,0.0,0.888,0.889,0.89,0.891,0.892,0.0,0.0,0.0,0.0,0.0,6491619.0,3618000.0,1481200.0,1777200.0,545400.0,0.0,0.0,0.0,0.0,0.0,9007100.0,6497600.0,3172000.0,1477700.0,2414900.0,0.0,0.0,0.0,0.0,0.0
20230822145538288,SZSE,SZSE.ETF.159949,0.887,0.89,0.894,0.87,0.0,1.066,0.71,864787137.0,302400.0,761470221.317,268430.7000000477,0.0,0.0,20230822,20230822,145538289,0.888,0.0,0.0,0.887,0.886,0.885,0.884,0.883,0.0,0.0,0.0,0.0,0.0,0.888,0.889,0.89,0.891,0.892,0.0,0.0,0.0,0.0,0.0,6430319.0,3039400.0,1481200.0,1777200.0,545400.0,0.0,0.0,0.0,0.0,0.0,8610900.0,6195900.0,3177900.0,1477700.0,2414900.0,0.0,0.0,0.0,0.0,0.0
20230822145541280,SZSE,SZSE.ETF.159949,0.887,0.89,0.894,0.87,0.0,1.066,0.71,864850637.0,63500.0,761526569.117,56347.799999952316,0.0,0.0,20230822,20230822,145541278,0.888,0.0,0.0,0.887,0.886,0.885,0.884,0.883,0.0,0.0,0.0,0.0,0.0,0.888,0.889,0.89,0.891,0.892,0.0,0.0,0.0,0.0,0.0,6981019.0,3619400.0,1486200.0,1777200.0,491400.0,0.0,0.0,0.0,0.0,0.0,8866700.0,6485900.0,3097900.0,1466500.0,2414900.0,0.0,0.0,0.0,0.0,0.0
20230822145544312,SZSE,SZSE.ETF.159949,0.888,0.89,0.894,0.87,0.0,1.066,0.71,865011137.0,160500.0,761669051.617,142482.5,0.0,0.0,20230822,20230822,145544311,0.888,0.0,0.0,0.887,0.886,0.885,0.884,0.883,0.0,0.0,0.0,0.0,0.0,0.888,0.889,0.89,0.891,0.892,0.0,0.0,0.0,0.0,0.0,7069219.0,3599400.0,1486200.0,1677200.0,491400.0,0.0,0.0,0.0,0.0,0.0,8747700.0,6488600.0,3092200.0,1466500.0,2414900.0,0.0,0.0,0.0,0.0,0.0
20230822145547296,SZSE,SZSE.ETF.159949,0.888,0.89,0.894,0.87,0.0,1.066,0.71,865151337.0,140200.0,761793523.617,124472.0,0.0,0.0,20230822,20230822,145547296,0.888,0.0,0.0,0.887,0.886,0.885,0.884,0.883,0.0,0.0,0.0,0.0,0.0,0.888,0.889,0.89,0.891,0.892,0.0,0.0,0.0,0.0,0.0,7061019.0,3596900.0,1483700.0,1674700.0,488900.0,0.0,0.0,0.0,0.0,0.0,8636900.0,6486100.0,3077700.0,1464000.0,2412400.0,0.0,0.0,0.0,0.0,0.0
20230822145550312,SZSE,SZSE.ETF.159949,0.887,0.89,0.894,0.87,0.0,1.066,0.71,866372437.0,1221100.0,762877859.317,1084335.7000000477,0.0,0.0,20230822,20230822,145550310,0.888,0.0,0.0,0.887,0.886,0.885,0.884,0.883,0.0,0.0,0.0,0.0,0.0,0.888,0.889,0.89,0.891,0.892,0.0,0.0,0.0,0.0,0.0,7101219.0,3303200.0,1483700.0,1674700.0,488900.0,0.0,0.0,0.0,0.0,0.0,7496900.0,6196100.0,3164700.0,1464000.0,2412400.0,0.0,0.0,0.0,0.0,0.0
20230822145553284,SZSE,SZSE.ETF.159949,0.888,0.89,0.894,0.87,0.0,1.066,0.71,867478937.0,1106500.0,763860431.317,982572.0,0.0,0.0,20230822,20230822,145553283,0.888,0.0,0.0,0.887,0.886,0.885,0.884,0.883,0.0,0.0,0.0,0.0,0.0,0.888,0.889,0.89,0.891,0.892,0.0,0.0,0.0,0.0,0.0,7111719.0,3336300.0,1483700.0,1674700.0,488900.0,0.0,0.0,0.0,0.0,0.0,6102400.0,6491100.0,3161700.0,1464000.0,2412400.0,0.0,0.0,0.0,0.0,0.0
20230822145556276,SZSE,SZSE.ETF.159949,0.888,0.89,0.894,0.87,0.0,1.066,0.71,867551737.0,72800.0,763925077.717,64646.39999997616,0.0,0.0,20230822,20230822,145556276,0.888,0.0,0.0,0.887,0.886,0.885,0.884,0.883,0.0,0.0,0.0,0.0,0.0,0.888,0.889,0.89,0.891,0.892,0.0,0.0,0.0,0.0,0.0,7116319.0,3046300.0,1483400.0,1674700.0,488900.0,0.0,0.0,0.0,0.0,0.0,6189100.0,6206100.0,3161700.0,1464000.0,2412400.0,0.0,0.0,0.0,0.0,0.0
20230822145559288,SZSE,SZSE.ETF.159949,0.888,0.89,0.894,0.87,0.0,1.066,0.71,867572437.0,20700.0,763943459.317,18381.600000023842,0.0,0.0,20230822,20230822,145559290,0.888,0.0,0.0,0.887,0.886,0.885,0.884,0.883,0.0,0.0,0.0,0.0,0.0,0.888,0.889,0.89,0.891,0.892,0.0,0.0,0.0,0.0,0.0,7166719.0,3613500.0,1478400.0,1674700.0,488900.0,0.0,0.0,0.0,0.0,0.0,8527600.0,6496100.0,3161700.0,1464000.0,2412400.0,0.0,0.0,0.0,0.0,0.0
20230822145602344,SZSE,SZSE.ETF.159949,0.888,0.89,0.894,0.87,0.0,1.066,0.71,867577637.0,5200.0,763948076.917,4617.600000023842,0.0,0.0,20230822,20230822,145602344,0.888,0.0,0.0,0.887,0.886,0.885,0.884,0.883,0.0,0.0,0.0,0.0,0.0,0.888,0.889,0.89,0.891,0.892,0.0,0.0,0.0,0.0,0.0,7146719.0,3024800.0,1478400.0,1674700.0,488900.0,0.0,0.0,0.0,0.0,0.0,8234400.0,6206100.0,3161700.0,1464000.0,2412400.0,0.0,0.0,0.0,0.0,0.0
20230822145605380,SZSE,SZSE.ETF.159949,0.888,0.89,0.894,0.87,0.0,1.066,0.71,867791237.0,213600.0,764137745.917,189669.0,0.0,0.0,20230822,20230822,145605380,0.888,0.0,0.0,0.887,0.886,0.885,0.884,0.883,0.0,0.0,0.0,0.0,0.0,0.888,0.889,0.89,0.891,0.892,0.0,0.0,0.0,0.0,0.0,7145219.0,3025400.0,1478400.0,1674700.0,488900.0,0.0,0.0,0.0,0.0,0.0,8075200.0,6201100.0,3150800.0,1464000.0,2412400.0,0.0,0.0,0.0,0.0,0.0
