time,exchg,code,price,open,high,low,settle_price,upper_limit,lower_limit,total_volume,volume,total_turnover,turnover,open_interest,diff_interest,trading_date,action_date,action_time,pre_close,pre_settle,pre_interest,bid_price_0,bid_price_1,bid_price_2,bid_price_3,bid_price_4,bid_price_5,bid_price_6,bid_price_7,bid_price_8,bid_price_9,ask_price_0,ask_price_1,ask_price_2,ask_price_3,ask_price_4,ask_price_5,ask_price_6,ask_price_7,ask_price_8,ask_price_9,bid_qty_0,bid_qty_1,bid_qty_2,bid_qty_3,bid_qty_4,bid_qty_5,bid_qty_6,bid_qty_7,bid_qty_8,bid_qty_9,ask_qty_0,ask_qty_1,ask_qty_2,ask_qty_3,ask_qty_4,ask_qty_5,ask_qty_6,ask_qty_7,ask_qty_8,ask_qty_9
20230822142532164,SZSE,SZSE.ETF.159633,2.437,2.437,2.444,2.396,0.0,2.668,2.183,331498453.0,57400.0,801856482.384,139883.79999995232,0.0,0.0,20230822,20230822,142532165,2.425,0.0,0.0,2.436,2.435,2.434,2.433,2.432,0.0,0.0,0.0,0.0,0.0,2.437,2.438,2.439,2.44,2.441,0.0,0.0,0.0,0.0,0.0,850000.0,2770900.0,3730800.0,2513800.0,1200300.0,0.0,0.0,0.0,0.0,0.0,325100.0,1206900.0,2075300.0,1575700.0,359800.0,0.0,0.0,0.0,0.0,0.0
20230822142535188,SZSE,SZSE.ETF.159633,2.437,2.437,2.444,2.396,0.0,2.668,2.183,331498453.0,0.0,801856482.384,0.0,0.0,0.0,20230822,20230822,142535188,2.425,0.0,0.0,2.436,2.435,2.434,2.433,2.432,0.0,0.0,0.0,0.0,0.0,2.437,2.438,2.439,2.44,2.441,0.0,0.0,0.0,0.0,0.0,2350000.0,2269900.0,3920800.0,2113800.0,701300.0,0.0,0.0,0.0,0.0,0.0,8400.0,708000.0,2264200.0,1575700.0,459800.0,0.0,0.0,0.0,0.0,0.0
20230822142538168,SZSE,SZSE.ETF.159633,2.437,2.437,2.444,2.396,0.0,2.668,2.183,331506853.0,8400.0,801876953.184,20470.800000071526,0.0,0.0,20230822,20230822,142538169,2.425,0.0,0.0,2.437,2.436,2.435,2.434,2.433,0.0,0.0,0.0,0.0,0.0,2.438,2.439,2.44,2.441,2.442,0.0,0.0,0.0,0.0,0.0,492900.0,2250000.0,3569900.0,3720800.0,1613800.0,0.0,0.0,0.0,0.0,0.0,708000.0,2219000.0,2020900.0,459800.0,211897.0,0.0,0.0,0.0,0.0,0.0
20230822142541180,SZSE,SZSE.ETF.159633,2.437,2.437,2.444,2.396,0.0,2.668,2.183,331506853.0,0.0,801876953.184,0.0,0.0,0.0,20230822,20230822,142541181,2.425,0.0,0.0,2.437,2.436,2.435,2.434,2.433,0.0,0.0,0.0,0.0,0.0,2.438,2.439,2.44,2.441,2.442,0.0,0.0,0.0,0.0,0.0,492900.0,2250000.0,4029300.0,3608000.0,1417200.0,0.0,0.0,0.0,0.0,0.0,708000.0,3044100.0,1009100.0,447000.0,311297.0,0.0,0.0,0.0,0.0,0.0
20230822142544188,SZSE,SZSE.ETF.159633,2.438,2.437,2.444,2.396,0.0,2.668,2.183,331516853.0,10000.0,801901333.184,24380.0,0.0,0.0,20230822,20230822,142544187,2.425,0.0,0.0,2.437,2.436,2.435,2.434,2.433,0.0,0.0,0.0,0.0,0.0,2.438,2.439,2.44,2.441,2.442,0.0,0.0,0.0,0.0,0.0,992900.0,2299000.0,4079300.0,3608000.0,959400.0,0.0,0.0,0.0,0.0,0.0,698000.0,1544100.0,1509100.0,1447000.0,461297.0,0.0,0.0,0.0,0.0,0.0
20230822142547196,SZSE,SZSE.ETF.159633,2.438,2.437,2.444,2.396,0.0,2.668,2.183,331516853.0,0.0,801901333.184,0.0,0.0,0.0,20230822,20230822,142547197,2.425,0.0,0.0,2.437,2.436,2.435,2.434,2.433,0.0,0.0,0.0,0.0,0.0,2.438,2.439,2.44,2.441,2.442,0.0,0.0,0.0,0.0,0.0,2392900.0,2599000.0,4701500.0,1645800.0,409400.0,0.0,0.0,0.0,0.0,0.0,98000.0,810000.0,2130200.0,1970000.0,411297.0,0.0,0.0,0.0,0.0,0.0
20230822142844180,SZSE,SZSE.ETF.159633,2.442,2.437,2.444,2.396,0.0,2.668,2.183,333853353.0,20000.0,807598543.884,48840.0,0.0,0.0,20230822,20230822,142844180,2.425,0.0,0.0,2.441,2.44,2.439,2.438,2.437,0.0,0.0,0.0,0.0,0.0,2.442,2.443,2.444,2.445,2.446,0.0,0.0,0.0,0.0,0.0,2264500.0,1822900.0,3407600.0,3802600.0,291200.0,0.0,0.0,0.0,0.0,0.0,397197.0,1342000.0,2571100.0,1370400.0,1401300.0,0.0,0.0,0.0,0.0,0.0
20230822142847188,SZSE,SZSE.ETF.159633,2.442,2.437,2.444,2.396,0.0,2.668,2.183,333853353.0,0.0,807598543.884,0.0,0.0,0.0,20230822,20230822,142847187,2.425,0.0,0.0,2.441,2.44,2.439,2.438,2.437,0.0,0.0,0.0,0.0,0.0,2.442,2.443,2.444,2.445,2.446,0.0,0.0,0.0,0.0,0.0,2814500.0,2522900.0,3198700.0,2761500.0,291200.0,0.0,0.0,0.0,0.0,0.0,497197.0,1092000.0,2530100.0,1461300.0,1401300.0,0.0,0.0,0.0,0.0,0.0
20230822142850156,SZSE,SZSE.ETF.159633,2.441,2.437,2.444,2.396,0.0,2.668,2.183,334053553.0,200200.0,808087432.084,488888.2000000477,0.0,0.0,20230822,20230822,142850156,2.425,0.0,0.0,2.441,2.44,2.439,2.438,2.437,0.0,0.0,0.0,0.0,0.0,2.442,2.443,2.444,2.445,2.446,0.0,0.0,0.0,0.0,0.0,2814300.0,2722900.0,3198700.0,2561500.0,291200.0,0.0,0.0,0.0,0.0,0.0,105300.0,1092000.0,2730100.0,1461300.0,1401300.0,0.0,0.0,0.0,0.0,0.0
20230822142853168,SZSE,SZSE.ETF.159633,2.442,2.437,2.444,2.396,0.0,2.668,2.183,334103553.0,50000.0,808209532.084,122100.0,0.0,0.0,20230822,20230822,142853166,2.425,0.0,0.0,2.441,2.44,2.439,2.438,2.437,0.0,0.0,0.0,0.0,0.0,2.442,2.443,2.444,2.445,2.446,0.0,0.0,0.0,0.0,0.0,914300.0,3222900.0,2967600.0,3002600.0,791200.0,0.0,0.0,0.0,0.0,0.0,55300.0,1292000.0,2581100.0,1020400.0,1401300.0,0.0,0.0,0.0,0.0,0.0
20230822142856176,SZSE,SZSE.ETF.159633,2.442,2.437,2.444,2.396,0.0,2.668,2.183,334103553.0,0.0,808209532.084,0.0,0.0,0.0,20230822,20230822,142856177,2.425,0.0,0.0,2.441,2.44,2.439,2.438,2.437,0.0,0.0,0.0,0.0,0.0,2.442,2.443,2.444,2.445,2.446,0.0,0.0,0.0,0.0,0.0,2314300.0,2022900.0,3398700.0,3461500.0,291200.0,0.0,0.0,0.0,0.0,0.0,260300.0,1292000.0,2730100.0,1461300.0,1401300.0,0.0,0.0,0.0,0.0,0.0
20230822142859144,SZSE,SZSE.ETF.159633,2.442,2.437,2.444,2.396,0.0,2.668,2.183,334103553.0,0.0,808209532.084,0.0,0.0,0.0,20230822,20230822,142859143,2.425,0.0,0.0,2.441,2.44,2.439,2.438,2.437,0.0,0.0,0.0,0.0,0.0,2.442,2.443,2.444,2.445,2.446,0.0,0.0,0.0,0.0,0.0,2814300.0,2722900.0,3268700.0,2391500.0,291200.0,0.0,0.0,0.0,0.0,0.0,260300.0,1442000.0,1614900.0,2576500.0,1401300.0,0.0,0.0,0.0,0.0,0.0
20230822142902176,SZSE,SZSE.ETF.159633,2.442,2.437,2.444,2.396,0.0,2.668,2.183,334103553.0,0.0,808209532.084,0.0,0.0,0.0,20230822,20230822,142902174,2.425,0.0,0.0,2.441,2.44,2.439,2.438,2.437,0.0,0.0,0.0,0.0,0.0,2.442,2.443,2.444,2.445,2.446,0.0,0.0,0.0,0.0,0.0,2814300.0,2722900.0,3268700.0,2391500.0,291200.0,0.0,0.0,0.0,0.0,0.0,260300.0,1442100.0,1660100.0,2541300.0,1201300.0,0.0,0.0,0.0,0.0,0.0
20230822142905180,SZSE,SZSE.ETF.159633,2.442,2.437,2.444,2.396,0.0,2.668,2.183,334103553.0,0.0,808209532.084,0.0,0.0,0.0,20230822,20230822,142905180,2.425,0.0,0.0,2.441,2.44,2.439,2.438,2.437,0.0,0.0,0.0,0.0,0.0,2.442,2.443,2.444,2.445,2.446,0.0,0.0,0.0,0.0,0.0,2824500.0,2722900.0,3078700.0,1395600.0,291200.0,0.0,0.0,0.0,0.0,0.0,60300.0,1442100.0,1387900.0,2586500.0,1201300.0,0.0,0.0,0.0,0.0,0.0
20230822142908204,SZSE,SZSE.ETF.159633,2.442,2.437,2.444,2.396,0.0,2.668,2.183,334163853.0,60300.0,808356784.684,147252.60000002384,0.0,0.0,20230822,20230822,142908205,2.425,0.0,0.0,2.442,2.441,2.44,2.439,2.438,0.0,0.0,0.0,0.0,0.0,2.443,2.444,2.445,2.446,2.447,0.0,0.0,0.0,0.0,0.0,2354200.0,1459000.0,3071800.0,3965700.0,396600.0,0.0,0.0,0.0,0.0,0.0,392100.0,1729000.0,3085400.0,1601300.0,203000.0,0.0,0.0,0.0,0.0,0.0
20230822142911184,SZSE,SZSE.ETF.159633,2.442,2.437,2.444,2.396,0.0,2.668,2.183,334163853.0,0.0,808356784.684,0.0,0.0,0.0,20230822,20230822,142911185,2.425,0.0,0.0,2.442,2.441,2.44,2.439,2.438,0.0,0.0,0.0,0.0,0.0,2.443,2.444,2.445,2.446,2.447,0.0,0.0,0.0,0.0,0.0,2504200.0,2559000.0,3363100.0,2820900.0,250100.0,0.0,0.0,0.0,0.0,0.0,192100.0,1708900.0,1987100.0,1870400.0,302300.0,0.0,0.0,0.0,0.0,0.0
20230822142914188,SZSE,SZSE.ETF.159633,2.443,2.437,2.444,2.396,0.0,2.668,2.183,334365953.0,202100.0,808850514.984,493730.2999999523,0.0,0.0,20230822,20230822,142914188,2.425,0.0,0.0,2.443,2.442,2.441,2.44,2.439,0.0,0.0,0.0,0.0,0.0,2.444,2.445,2.446,2.447,2.448,0.0,0.0,0.0,0.0,0.0,1014500.0,1539700.0,2559000.0,3313100.0,2820900.0,0.0,0.0,0.0,0.0,0.0,1158900.0,2441900.0,2969600.0,402300.0,2101000.0,0.0,0.0,0.0,0.0,0.0
20230822142917164,SZSE,SZSE.ETF.159633,2.443,2.437,2.444,2.396,0.0,2.668,2.183,334365953.0,0.0,808850514.984,0.0,0.0,0.0,20230822,20230822,142917165,2.425,0.0,0.0,2.443,2.442,2.441,2.44,2.439,0.0,0.0,0.0,0.0,0.0,2.444,2.445,2.446,2.447,2.448,0.0,0.0,0.0,0.0,0.0,1014500.0,1538700.0,2919100.0,4286400.0,1188400.0,0.0,0.0,0.0,0.0,0.0,958900.0,2182000.0,3461100.0,520500.0,1151100.0,0.0,0.0,0.0,0.0,0.0
20230822142920184,SZSE,SZSE.ETF.159633,2.443,2.437,2.444,2.396,0.0,2.668,2.183,334365953.0,0.0,808850514.984,0.0,0.0,0.0,20230822,20230822,142920185,2.425,0.0,0.0,2.443,2.442,2.441,2.44,2.439,0.0,0.0,0.0,0.0,0.0,2.444,2.445,2.446,2.447,2.448,0.0,0.0,0.0,0.0,0.0,14500.0,2289700.0,3608000.0,3219600.0,1538500.0,0.0,0.0,0.0,0.0,0.0,318900.0,2042000.0,3805900.0,765700.0,1201100.0,0.0,0.0,0.0,0.0,0.0
20230822142923252,SZSE,SZSE.ETF.159633,2.443,2.437,2.444,2.396,0.0,2.668,2.183,334365953.0,0.0,808850514.984,0.0,0.0,0.0,20230822,20230822,142923253,2.425,0.0,0.0,2.443,2.442,2.441,2.44,2.439,0.0,0.0,0.0,0.0,0.0,2.444,2.445,2.446,2.447,2.448,0.0,0.0,0.0,0.0,0.0,2064500.0,2988700.0,3458000.0,2519600.0,539500.0,0.0,0.0,0.0,0.0,0.0,168900.0,1992000.0,2732900.0,1438700.0,1201100.0,0.0,0.0,0.0,0.0,0.0
20230822142926176,SZSE,SZSE.ETF.159633,2.443,2.437,2.444,2.396,0.0,2.668,2.183,334365953.0,0.0,808850514.984,0.0,0.0,0.0,20230822,20230822,142926176,2.425,0.0,0.0,2.443,2.442,2.441,2.44,2.439,0.0,0.0,0.0,0.0,0.0,2.444,2.445,2.446,2.447,2.448,0.0,0.0,0.0,0.0,0.0,1614500.0,1788700.0,3690000.0,3557600.0,419500.0,0.0,0.0,0.0,0.0,0.0,168900.0,1677000.0,3921100.0,1370500.0,1401100.0,0.0,0.0,0.0,0.0,0.0
20230822142929176,SZSE,SZSE.ETF.159633,2.443,2.437,2.444,2.396,0.0,2.668,2.183,334365953.0,0.0,808850514.984,0.0,0.0,0.0,20230822,20230822,142929174,2.425,0.0,0.0,2.443,2.442,2.441,2.44,2.439,0.0,0.0,0.0,0.0,0.0,2.444,2.445,2.446,2.447,2.448,0.0,0.0,0.0,0.0,0.0,2114500.0,2488700.0,3490000.0,2557600.0,319500.0,0.0,0.0,0.0,0.0,0.0,168900.0,1677000.0,3875900.0,1415700.0,1401100.0,0.0,0.0,0.0,0.0,0.0
20230822142932176,SZSE,SZSE.ETF.159633,2.444,2.437,2.444,2.396,0.0,2.668,2.183,334402053.0,36100.0,808938743.384,88228.39999997616,0.0,0.0,20230822,20230822,142932175,2.425,0.0,0.0,2.443,2.442,2.441,2.44,2.439,0.0,0.0,0.0,0.0,0.0,2.444,2.445,2.446,2.447,2.448,0.0,0.0,0.0,0.0,0.0,1614500.0,2988700.0,3490000.0,2557600.0,219500.0,0.0,0.0,0.0,0.0,0.0,632800.0,1677000.0,3921100.0,1370500.0,1351100.0,0.0,0.0,0.0,0.0,0.0
20230822142935192,SZSE,SZSE.ETF.159633,2.443,2.437,2.444,2.396,0.0,2.668,2.183,334402253.0,200.0,808939231.984,488.60000002384186,0.0,0.0,20230822,20230822,142935193,2.425,0.0,0.0,2.443,2.442,2.441,2.44,2.439,0.0,0.0,0.0,0.0,0.0,2.444,2.445,2.446,2.447,2.448,0.0,0.0,0.0,0.0,0.0,2114900.0,2988700.0,3531000.0,2516600.0,219500.0,0.0,0.0,0.0,0.0,0.0,1532800.0,1677000.0,3880200.0,1411400.0,1351100.0,0.0,0.0,0.0,0.0,0.0
20230822142938196,SZSE,SZSE.ETF.159633,2.443,2.437,2.444,2.396,0.0,2.668,2.183,334402253.0,0.0,808939231.984,0.0,0.0,0.0,20230822,20230822,142938197,2.425,0.0,0.0,2.443,2.442,2.441,2.44,2.439,0.0,0.0,0.0,0.0,0.0,2.444,2.445,2.446,2.447,2.448,0.0,0.0,0.0,0.0,0.0,2114900.0,2988700.0,3490000.0,2557600.0,219500.0,0.0,0.0,0.0,0.0,0.0,1533000.0,1677000.0,2875900.0,1415700.0,1351100.0,0.0,0.0,0.0,0.0,0.0
20230822142941172,SZSE,SZSE.ETF.159633,2.443,2.437,2.444,2.396,0.0,2.668,2.183,334402253.0,0.0,808939231.984,0.0,0.0,0.0,20230822,20230822,142941172,2.425,0.0,0.0,2.443,2.442,2.441,2.44,2.439,0.0,0.0,0.0,0.0,0.0,2.444,2.445,2.446,2.447,2.448,0.0,0.0,0.0,0.0,0.0,2114900.0,2438700.0,3440000.0,2557600.0,219500.0,0.0,0.0,0.0,0.0,0.0,1533000.0,1677000.0,3875900.0,1415700.0,1351100.0,0.0,0.0,0.0,0.0,0.0
20230822142944176,SZSE,SZSE.ETF.159633,2.443,2.437,2.444,2.396,0.0,2.668,2.183,334402253.0,0.0,808939231.984,0.0,0.0,0.0,20230822,20230822,142944177,2.425,0.0,0.0,2.443,2.442,2.441,2.44,2.439,0.0,0.0,0.0,0.0,0.0,2.444,2.445,2.446,2.447,2.448,0.0,0.0,0.0,0.0,0.0,1614900.0,2988700.0,3300000.0,2557600.0,219500.0,0.0,0.0,0.0,0.0,0.0,1533100.0,1677000.0,3685900.0,1415700.0,1351100.0,0.0,0.0,0.0,0.0,0.0
20230822142947184,SZSE,SZSE.ETF.159633,2.443,2.437,2.444,2.396,0.0,2.668,2.183,334402253.0,0.0,808939231.984,0.0,0.0,0.0,20230822,20230822,142947185,2.425,0.0,0.0,2.443,2.442,2.441,2.44,2.439,0.0,0.0,0.0,0.0,0.0,2.444,2.445,2.446,2.447,2.448,0.0,0.0,0.0,0.0,0.0,1614900.0,1988700.0,3408000.0,3639600.0,219500.0,0.0,0.0,0.0,0.0,0.0,1533100.0,1677000.0,3875900.0,1415700.0,1351100.0,0.0,0.0,0.0,0.0,0.0
20230822142950180,SZSE,SZSE.ETF.159633,2.443,2.437,2.444,2.396,0.0,2.668,2.183,334402253.0,0.0,808939231.984,0.0,0.0,0.0,20230822,20230822,142950179,2.425,0.0,0.0,2.443,2.442,2.441,2.44,2.439,0.0,0.0,0.0,0.0,0.0,2.444,2.445,2.446,2.447,2.448,0.0,0.0,0.0,0.0,0.0,2114900.0,2488700.0,3408000.0,2639600.0,219500.0,0.0,0.0,0.0,0.0,0.0,1533100.0,1677000.0,3921100.0,1370500.0,1351100.0,0.0,0.0,0.0,0.0,0.0
20230822142953176,SZSE,SZSE.ETF.159633,2.443,2.437,2.444,2.396,0.0,2.668,2.183,334402253.0,0.0,808939231.984,0.0,0.0,0.0,20230822,20230822,142953174,2.425,0.0,0.0,2.443,2.442,2.441,2.44,2.439,0.0,0.0,0.0,0.0,0.0,2.444,2.445,2.446,2.447,2.448,0.0,0.0,0.0,0.0,0.0,1614900.0,1988700.0,3490000.0,3557600.0,219500.0,0.0,0.0,0.0,0.0,0.0,1533100.0,1677000.0,3921100.0,1370500.0,1351100.0,0.0,0.0,0.0,0.0,0.0
20230822142956172,SZSE,SZSE.ETF.159633,2.443,2.437,2.444,2.396,0.0,2.668,2.183,335302253.0,900000.0,811137931.984,2198700.0,0.0,0.0,20230822,20230822,142956173,2.425,0.0,0.0,2.443,2.442,2.441,2.44,2.439,0.0,0.0,0.0,0.0,0.0,2.444,2.445,2.446,2.447,2.448,0.0,0.0,0.0,0.0,0.0,1210000.0,1988700.0,3408000.0,4039600.0,219500.0,0.0,0.0,0.0,0.0,0.0,1933100.0,1677000.0,3921100.0,970500.0,1351100.0,0.0,0.0,0.0,0.0,0.0
20230822142959168,SZSE,SZSE.ETF.159633,2.443,2.437,2.444,2.396,0.0,2.668,2.183,335302253.0,0.0,811137931.984,0.0,0.0,0.0,20230822,20230822,142959170,2.425,0.0,0.0,2.443,2.442,2.441,2.44,2.439,0.0,0.0,0.0,0.0,0.0,2.444,2.445,2.446,2.447,2.448,0.0,0.0,0.0,0.0,0.0,1260000.0,1988700.0,3218000.0,4039600.0,219500.0,0.0,0.0,0.0,0.0,0.0,1933100.0,1677100.0,3812900.0,888700.0,1401100.0,0.0,0.0,0.0,0.0,0.0
20230822143002216,SZSE,SZSE.ETF.159633,2.444,2.437,2.444,2.396,0.0,2.668,2.183,335306553.0,4300.0,811148441.184,10509.200000047684,0.0,0.0,20230822,20230822,143002218,2.425,0.0,0.0,2.443,2.442,2.441,2.44,2.439,0.0,0.0,0.0,0.0,0.0,2.444,2.445,2.446,2.447,2.448,0.0,0.0,0.0,0.0,0.0,1260200.0,1988700.0,3478000.0,3969600.0,219500.0,0.0,0.0,0.0,0.0,0.0,1928800.0,1677100.0,3932900.0,958700.0,1201100.0,0.0,0.0,0.0,0.0,0.0
20230822143011320,SZSE,SZSE.ETF.159633,2.442,2.437,2.444,2.396,0.0,2.668,2.183,335816753.0,0.0,812394609.784,0.0,0.0,0.0,20230822,20230822,143011318,2.425,0.0,0.0,2.441,2.44,2.439,2.438,2.437,0.0,0.0,0.0,0.0,0.0,2.442,2.443,2.444,2.445,2.446,0.0,0.0,0.0,0.0,0.0,2350000.0,2375000.0,4054600.0,1536700.0,50100.0,0.0,0.0,0.0,0.0,0.0,1150000.0,2800000.0,2348900.0,2430500.0,1715300.0,0.0,0.0,0.0,0.0,0.0
20230822143014308,SZSE,SZSE.ETF.159633,2.442,2.437,2.444,2.396,0.0,2.668,2.183,335816753.0,0.0,812394609.784,0.0,0.0,0.0,20230822,20230822,143014309,2.425,0.0,0.0,2.441,2.44,2.439,2.438,2.437,0.0,0.0,0.0,0.0,0.0,2.442,2.443,2.444,2.445,2.446,0.0,0.0,0.0,0.0,0.0,260000.0,2306000.0,4264600.0,2395600.0,1190200.0,0.0,0.0,0.0,0.0,0.0,550000.0,2306900.0,2588900.0,601600.0,1455300.0,0.0,0.0,0.0,0.0,0.0
20230822143017308,SZSE,SZSE.ETF.159633,2.442,2.437,2.444,2.396,0.0,2.668,2.183,335816753.0,0.0,812394609.784,0.0,0.0,0.0,20230822,20230822,143017308,2.425,0.0,0.0,2.441,2.44,2.439,2.438,2.437,0.0,0.0,0.0,0.0,0.0,2.442,2.443,2.444,2.445,2.446,0.0,0.0,0.0,0.0,0.0,60200.0,1306000.0,2387700.0,3423600.0,2240200.0,0.0,0.0,0.0,0.0,0.0,1750000.0,1352100.0,3270800.0,464600.0,1405300.0,0.0,0.0,0.0,0.0,0.0
20230822143020304,SZSE,SZSE.ETF.159633,2.441,2.437,2.444,2.396,0.0,2.668,2.183,335887053.0,70300.0,812566212.084,171602.29999995232,0.0,0.0,20230822,20230822,143020306,2.425,0.0,0.0,2.44,2.439,2.438,2.437,2.436,0.0,0.0,0.0,0.0,0.0,2.441,2.442,2.443,2.444,2.445,0.0,0.0,0.0,0.0,0.0,1106000.0,2387700.0,3623600.0,2140200.0,500000.0,0.0,0.0,0.0,0.0,0.0,1118900.0,750000.0,1053200.0,3070800.0,464600.0,0.0,0.0,0.0,0.0,0.0
20230822143023280,SZSE,SZSE.ETF.159633,2.441,2.437,2.444,2.396,0.0,2.668,2.183,335932353.0,45300.0,812676789.384,110577.29999995232,0.0,0.0,20230822,20230822,143023282,2.425,0.0,0.0,2.44,2.439,2.438,2.437,2.436,0.0,0.0,0.0,0.0,0.0,2.441,2.442,2.443,2.444,2.445,0.0,0.0,0.0,0.0,0.0,56000.0,2388300.0,4344200.0,2418800.0,1149100.0,0.0,0.0,0.0,0.0,0.0,1575600.0,1448900.0,1123300.0,3078300.0,386400.0,0.0,0.0,0.0,0.0,0.0
20230822143044208,SZSE,SZSE.ETF.159633,2.439,2.437,2.444,2.396,0.0,2.668,2.183,336176053.0,0.0,813271239.284,0.0,0.0,0.0,20230822,20230822,143044206,2.425,0.0,0.0,2.439,2.438,2.437,2.436,2.435,0.0,0.0,0.0,0.0,0.0,2.44,2.441,2.442,2.443,2.444,0.0,0.0,0.0,0.0,0.0,1059600.0,3724800.0,3858300.0,2418900.0,1190200.0,0.0,0.0,0.0,0.0,0.0,901900.0,694200.0,3095200.0,444600.0,1298100.0,0.0,0.0,0.0,0.0,0.0
20230822143047248,SZSE,SZSE.ETF.159633,2.439,2.437,2.444,2.396,0.0,2.668,2.183,336176053.0,0.0,813271239.284,0.0,0.0,0.0,20230822,20230822,143047250,2.425,0.0,0.0,2.439,2.438,2.437,2.436,2.435,0.0,0.0,0.0,0.0,0.0,2.44,2.441,2.442,2.443,2.444,0.0,0.0,0.0,0.0,0.0,3059600.0,2853800.0,4817200.0,2918900.0,232300.0,0.0,0.0,0.0,0.0,0.0,402000.0,1694100.0,3203200.0,596500.0,1269100.0,0.0,0.0,0.0,0.0,0.0
20230822143050252,SZSE,SZSE.ETF.159633,2.439,2.437,2.444,2.396,0.0,2.668,2.183,336176053.0,0.0,813271239.284,0.0,0.0,0.0,20230822,20230822,143050252,2.425,0.0,0.0,2.439,2.438,2.437,2.436,2.435,0.0,0.0,0.0,0.0,0.0,2.44,2.441,2.442,2.443,2.444,0.0,0.0,0.0,0.0,0.0,2059600.0,4023800.0,4879300.0,2286700.0,732300.0,0.0,0.0,0.0,0.0,0.0,402000.0,1694100.0,3203200.0,526500.0,1339100.0,0.0,0.0,0.0,0.0,0.0
20230822143053244,SZSE,SZSE.ETF.159633,2.44,2.437,2.444,2.396,0.0,2.668,2.183,336187653.0,11600.0,813299543.284,28304.0,0.0,0.0,20230822,20230822,143053243,2.425,0.0,0.0,2.439,2.438,2.437,2.436,2.435,0.0,0.0,0.0,0.0,0.0,2.441,2.442,2.443,2.444,2.445,0.0,0.0,0.0,0.0,0.0,3000000.0,3353800.0,4549300.0,2436700.0,232300.0,0.0,0.0,0.0,0.0,0.0,1244100.0,3203200.0,538500.0,1269100.0,437200.0,0.0,0.0,0.0,0.0,0.0
20230822143056220,SZSE,SZSE.ETF.159633,2.44,2.437,2.444,2.396,0.0,2.668,2.183,336187653.0,0.0,813299543.284,0.0,0.0,0.0,20230822,20230822,143056221,2.425,0.0,0.0,2.439,2.438,2.437,2.436,2.435,0.0,0.0,0.0,0.0,0.0,2.441,2.442,2.443,2.444,2.445,0.0,0.0,0.0,0.0,0.0,3950000.0,2903100.0,4682700.0,2154100.0,182200.0,0.0,0.0,0.0,0.0,0.0,1694100.0,2896900.0,1108200.0,1256400.0,266400.0,0.0,0.0,0.0,0.0,0.0
20230822143059240,SZSE,SZSE.ETF.159633,2.44,2.437,2.444,2.396,0.0,2.668,2.183,336187653.0,0.0,813299543.284,0.0,0.0,0.0,20230822,20230822,143059242,2.425,0.0,0.0,2.439,2.438,2.437,2.436,2.435,0.0,0.0,0.0,0.0,0.0,2.441,2.442,2.443,2.444,2.445,0.0,0.0,0.0,0.0,0.0,5100000.0,3853100.0,4492700.0,1154100.0,182200.0,0.0,0.0,0.0,0.0,0.0,1544100.0,2856900.0,1108200.0,1256400.0,366400.0,0.0,0.0,0.0,0.0,0.0
20230822143102244,SZSE,SZSE.ETF.159633,2.44,2.437,2.444,2.396,0.0,2.668,2.183,336187653.0,0.0,813299543.284,0.0,0.0,0.0,20230822,20230822,143102245,2.425,0.0,0.0,2.439,2.438,2.437,2.436,2.435,0.0,0.0,0.0,0.0,0.0,2.441,2.442,2.443,2.444,2.445,0.0,0.0,0.0,0.0,0.0,5599000.0,4353100.0,4682700.0,655100.0,182200.0,0.0,0.0,0.0,0.0,0.0,544200.0,2356800.0,1216300.0,2338300.0,366400.0,0.0,0.0,0.0,0.0,0.0
20230822143105252,SZSE,SZSE.ETF.159633,2.44,2.437,2.444,2.396,0.0,2.668,2.183,336187653.0,0.0,813299543.284,0.0,0.0,0.0,20230822,20230822,143105252,2.425,0.0,0.0,2.439,2.438,2.437,2.436,2.435,0.0,0.0,0.0,0.0,0.0,2.441,2.442,2.443,2.444,2.445,0.0,0.0,0.0,0.0,0.0,5699000.0,4505200.0,4430600.0,655100.0,182200.0,0.0,0.0,0.0,0.0,0.0,544200.0,2866800.0,1146300.0,2408300.0,316400.0,0.0,0.0,0.0,0.0,0.0
20230822143108280,SZSE,SZSE.ETF.159633,2.441,2.437,2.444,2.396,0.0,2.668,2.183,336189753.0,2100.0,813304669.384,5126.099999904633,0.0,0.0,20230822,20230822,143108282,2.425,0.0,0.0,2.439,2.438,2.437,2.436,2.435,0.0,0.0,0.0,0.0,0.0,2.441,2.442,2.443,2.444,2.445,0.0,0.0,0.0,0.0,0.0,5599000.0,4005200.0,4430600.0,655100.0,182200.0,0.0,0.0,0.0,0.0,0.0,542100.0,2666800.0,1346300.0,2408300.0,316400.0,0.0,0.0,0.0,0.0,0.0
20230822143111256,SZSE,SZSE.ETF.159633,2.441,2.437,2.444,2.396,0.0,2.668,2.183,336189753.0,0.0,813304669.384,0.0,0.0,0.0,20230822,20230822,143111258,2.425,0.0,0.0,2.44,2.439,2.438,2.437,2.436,0.0,0.0,0.0,0.0,0.0,2.441,2.442,2.443,2.444,2.445,0.0,0.0,0.0,0.0,0.0,1000000.0,6145900.0,3500400.0,4389500.0,1154100.0,0.0,0.0,0.0,0.0,0.0,692100.0,2016800.0,1305300.0,2449300.0,316400.0,0.0,0.0,0.0,0.0,0.0
20230822143114276,SZSE,SZSE.ETF.159633,2.441,2.437,2.444,2.396,0.0,2.668,2.183,336731853.0,542100.0,814627935.484,1323266.1000000238,0.0,0.0,20230822,20230822,143114276,2.425,0.0,0.0,2.44,2.439,2.438,2.437,2.436,0.0,0.0,0.0,0.0,0.0,2.441,2.442,2.443,2.444,2.445,0.0,0.0,0.0,0.0,0.0,1000000.0,5914900.0,3330400.0,2994500.0,691200.0,0.0,0.0,0.0,0.0,0.0,400000.0,2166800.0,1305300.0,2379300.0,386400.0,0.0,0.0,0.0,0.0,0.0
20230822143117260,SZSE,SZSE.ETF.159633,2.441,2.437,2.444,2.396,0.0,2.668,2.183,336731853.0,0.0,814627935.484,0.0,0.0,0.0,20230822,20230822,143117261,2.425,0.0,0.0,2.44,2.439,2.438,2.437,2.436,0.0,0.0,0.0,0.0,0.0,2.442,2.443,2.444,2.445,2.446,0.0,0.0,0.0,0.0,0.0,2400000.0,4914900.0,3330400.0,2594500.0,732300.0,0.0,0.0,0.0,0.0,0.0,2166800.0,1260100.0,2783500.0,467300.0,1126100.0,0.0,0.0,0.0,0.0,0.0
20230822143120240,SZSE,SZSE.ETF.159633,2.441,2.437,2.444,2.396,0.0,2.668,2.183,336931853.0,200000.0,815116135.484,488200.0,0.0,0.0,20230822,20230822,143120238,2.425,0.0,0.0,2.44,2.439,2.438,2.437,2.436,0.0,0.0,0.0,0.0,0.0,2.441,2.442,2.443,2.444,2.445,0.0,0.0,0.0,0.0,0.0,1050000.0,4665200.0,3272700.0,2803000.0,1181200.0,0.0,0.0,0.0,0.0,0.0,700000.0,2116800.0,1040000.0,2467000.0,454600.0,0.0,0.0,0.0,0.0,0.0
20230822143123244,SZSE,SZSE.ETF.159633,2.441,2.437,2.444,2.396,0.0,2.668,2.183,337231853.0,300000.0,815848435.484,732300.0,0.0,0.0,20230822,20230822,143123244,2.425,0.0,0.0,2.44,2.439,2.438,2.437,2.436,0.0,0.0,0.0,0.0,0.0,2.442,2.443,2.444,2.445,2.446,0.0,0.0,0.0,0.0,0.0,3050000.0,4214900.0,3679300.0,2395600.0,232300.0,0.0,0.0,0.0,0.0,0.0,1916800.0,2505300.0,1388300.0,367300.0,1126100.0,0.0,0.0,0.0,0.0,0.0
20230822143126256,SZSE,SZSE.ETF.159633,2.441,2.437,2.444,2.396,0.0,2.668,2.183,337231853.0,0.0,815848435.484,0.0,0.0,0.0,20230822,20230822,143126257,2.425,0.0,0.0,2.44,2.439,2.438,2.437,2.436,0.0,0.0,0.0,0.0,0.0,2.442,2.443,2.444,2.445,2.446,0.0,0.0,0.0,0.0,0.0,3550000.0,4564200.0,3281600.0,2204100.0,182200.0,0.0,0.0,0.0,0.0,0.0,1916800.0,2095200.0,1871800.0,404600.0,1325400.0,0.0,0.0,0.0,0.0,0.0
20230822143129272,SZSE,SZSE.ETF.159633,2.441,2.437,2.444,2.396,0.0,2.668,2.183,337231853.0,0.0,815848435.484,0.0,0.0,0.0,20230822,20230822,143129273,2.425,0.0,0.0,2.441,2.44,2.439,2.438,2.437,0.0,0.0,0.0,0.0,0.0,2.442,2.443,2.444,2.445,2.446,0.0,0.0,0.0,0.0,0.0,200000.0,5200000.0,4914200.0,3521600.0,1154100.0,0.0,0.0,0.0,0.0,0.0,768000.0,3198800.0,2057000.0,454600.0,1255300.0,0.0,0.0,0.0,0.0,0.0
20230822143132304,SZSE,SZSE.ETF.159633,2.441,2.437,2.444,2.396,0.0,2.668,2.183,337233253.0,1400.0,815851852.884,3417.399999976158,0.0,0.0,20230822,20230822,143132303,2.425,0.0,0.0,2.441,2.44,2.439,2.438,2.437,0.0,0.0,0.0,0.0,0.0,2.442,2.443,2.444,2.445,2.446,0.0,0.0,0.0,0.0,0.0,2598600.0,5864900.0,4807200.0,2917700.0,191200.0,0.0,0.0,0.0,0.0,0.0,368000.0,1149900.0,3710700.0,829800.0,1325300.0,0.0,0.0,0.0,0.0,0.0
20230822143135304,SZSE,SZSE.ETF.159633,2.442,2.437,2.444,2.396,0.0,2.668,2.183,337251253.0,18000.0,815895808.884,43956.0,0.0,0.0,20230822,20230822,143135303,2.425,0.0,0.0,2.442,2.441,2.44,2.439,2.438,0.0,0.0,0.0,0.0,0.0,2.443,2.444,2.445,2.446,2.447,0.0,0.0,0.0,0.0,0.0,1000000.0,3098600.0,7064900.0,3089300.0,1635600.0,0.0,0.0,0.0,0.0,0.0,450000.0,2829800.0,2369600.0,1316200.0,113000.0,0.0,0.0,0.0,0.0,0.0
20230822143138288,SZSE,SZSE.ETF.159633,2.442,2.437,2.444,2.396,0.0,2.668,2.183,337251553.0,300.0,815896541.484,732.6000000238419,0.0,0.0,20230822,20230822,143138287,2.425,0.0,0.0,2.442,2.441,2.44,2.439,2.438,0.0,0.0,0.0,0.0,0.0,2.443,2.444,2.445,2.446,2.447,0.0,0.0,0.0,0.0,0.0,1199700.0,3449000.0,6956200.0,2935600.0,890100.0,0.0,0.0,0.0,0.0,0.0,400000.0,2368700.0,2612200.0,1385300.0,262300.0,0.0,0.0,0.0,0.0,0.0
20230822143141268,SZSE,SZSE.ETF.159633,2.442,2.437,2.444,2.396,0.0,2.668,2.183,337251553.0,0.0,815896541.484,0.0,0.0,0.0,20230822,20230822,143141269,2.425,0.0,0.0,2.442,2.441,2.44,2.439,2.438,0.0,0.0,0.0,0.0,0.0,2.444,2.445,2.446,2.447,2.448,0.0,0.0,0.0,0.0,0.0,2599700.0,2649000.0,7205100.0,2536700.0,241200.0,0.0,0.0,0.0,0.0,0.0,2978700.0,2612200.0,1744400.0,303200.0,1261000.0,0.0,0.0,0.0,0.0,0.0
20230822143144264,SZSE,SZSE.ETF.159633,2.442,2.437,2.444,2.396,0.0,2.668,2.183,337251553.0,0.0,815896541.484,0.0,0.0,0.0,20230822,20230822,143144263,2.425,0.0,0.0,2.443,2.442,2.441,2.44,2.439,0.0,0.0,0.0,0.0,0.0,2.444,2.445,2.446,2.447,2.448,0.0,0.0,0.0,0.0,0.0,100.0,3099700.0,3548300.0,7395900.0,1386700.0,0.0,0.0,0.0,0.0,0.0,2478800.0,2036800.0,1864600.0,449000.0,1360300.0,0.0,0.0,0.0,0.0,0.0
20230822143147284,SZSE,SZSE.ETF.159633,2.442,2.437,2.444,2.396,0.0,2.668,2.183,337251553.0,0.0,815896541.484,0.0,0.0,0.0,20230822,20230822,143147285,2.425,0.0,0.0,2.443,2.442,2.441,2.44,2.439,0.0,0.0,0.0,0.0,0.0,2.444,2.445,2.446,2.447,2.448,0.0,0.0,0.0,0.0,0.0,100.0,3199700.0,5374200.0,5407400.0,1290200.0,0.0,0.0,0.0,0.0,0.0,2428800.0,2195900.0,2844000.0,519500.0,1301200.0,0.0,0.0,0.0,0.0,0.0
20230822143150280,SZSE,SZSE.ETF.159633,2.442,2.437,2.444,2.396,0.0,2.668,2.183,337251553.0,0.0,815896541.484,0.0,0.0,0.0,20230822,20230822,143150282,2.425,0.0,0.0,2.443,2.442,2.441,2.44,2.439,0.0,0.0,0.0,0.0,0.0,2.444,2.445,2.446,2.447,2.448,0.0,0.0,0.0,0.0,0.0,1400100.0,2898700.0,5474200.0,5008500.0,232300.0,0.0,0.0,0.0,0.0,0.0,2028800.0,1897000.0,3297700.0,964700.0,1301200.0,0.0,0.0,0.0,0.0,0.0
20230822143153268,SZSE,SZSE.ETF.159633,2.442,2.437,2.444,2.396,0.0,2.668,2.183,337251553.0,0.0,815896541.484,0.0,0.0,0.0,20230822,20230822,143153268,2.425,0.0,0.0,2.443,2.442,2.441,2.44,2.439,0.0,0.0,0.0,0.0,0.0,2.444,2.445,2.446,2.447,2.448,0.0,0.0,0.0,0.0,0.0,1400100.0,3098700.0,5873100.0,5008500.0,232300.0,0.0,0.0,0.0,0.0,0.0,2028800.0,1697000.0,3497700.0,964700.0,1301200.0,0.0,0.0,0.0,0.0,0.0
20230822143156444,SZSE,SZSE.ETF.159633,2.442,2.437,2.444,2.396,0.0,2.668,2.183,337251553.0,0.0,815896541.484,0.0,0.0,0.0,20230822,20230822,143156443,2.425,0.0,0.0,2.443,2.442,2.441,2.44,2.439,0.0,0.0,0.0,0.0,0.0,2.444,2.445,2.446,2.447,2.448,0.0,0.0,0.0,0.0,0.0,1450100.0,2249000.0,6013100.0,4818500.0,232300.0,0.0,0.0,0.0,0.0,0.0,2028800.0,1607000.0,3687700.0,1014700.0,1301200.0,0.0,0.0,0.0,0.0,0.0
20230822143159240,SZSE,SZSE.ETF.159633,2.442,2.437,2.444,2.396,0.0,2.668,2.183,337251553.0,0.0,815896541.484,0.0,0.0,0.0,20230822,20230822,143159240,2.425,0.0,0.0,2.443,2.442,2.441,2.44,2.439,0.0,0.0,0.0,0.0,0.0,2.444,2.445,2.446,2.447,2.448,0.0,0.0,0.0,0.0,0.0,50000.0,3249000.0,5913100.0,4318500.0,732300.0,0.0,0.0,0.0,0.0,0.0,2028800.0,1607000.0,3687700.0,614700.0,1301200.0,0.0,0.0,0.0,0.0,0.0
20230822143202244,SZSE,SZSE.ETF.159633,2.442,2.437,2.444,2.396,0.0,2.668,2.183,337251553.0,0.0,815896541.484,0.0,0.0,0.0,20230822,20230822,143202245,2.425,0.0,0.0,2.443,2.442,2.441,2.44,2.439,0.0,0.0,0.0,0.0,0.0,2.444,2.445,2.446,2.447,2.448,0.0,0.0,0.0,0.0,0.0,450000.0,2750000.0,5363100.0,4318500.0,1231300.0,0.0,0.0,0.0,0.0,0.0,2528700.0,1107100.0,3687700.0,1024700.0,1301200.0,0.0,0.0,0.0,0.0,0.0
20230822143205240,SZSE,SZSE.ETF.159633,2.443,2.437,2.444,2.396,0.0,2.668,2.183,337751553.0,500000.0,817118041.484,1221500.0,0.0,0.0,20230822,20230822,143205240,2.425,0.0,0.0,2.442,2.441,2.44,2.439,2.438,0.0,0.0,0.0,0.0,0.0,2.444,2.445,2.446,2.447,2.448,0.0,0.0,0.0,0.0,0.0,1300000.0,4964200.0,4817400.0,2231300.0,8900.0,0.0,0.0,0.0,0.0,0.0,2678700.0,1656000.0,2634000.0,579500.0,1251200.0,0.0,0.0,0.0,0.0,0.0
20230822143208264,SZSE,SZSE.ETF.159633,2.443,2.437,2.444,2.396,0.0,2.668,2.183,337951553.0,200000.0,817606641.484,488600.0,0.0,0.0,20230822,20230822,143208263,2.425,0.0,0.0,2.442,2.441,2.44,2.439,2.438,0.0,0.0,0.0,0.0,0.0,2.443,2.444,2.445,2.446,2.447,0.0,0.0,0.0,0.0,0.0,250000.0,3215200.0,5422100.0,2286700.0,1649000.0,0.0,0.0,0.0,0.0,0.0,1117500.0,2927700.0,1007100.0,1675500.0,488100.0,0.0,0.0,0.0,0.0,0.0
20230822143211244,SZSE,SZSE.ETF.159633,2.442,2.437,2.444,2.396,0.0,2.668,2.183,338351553.0,400000.0,818583441.484,976800.0,0.0,0.0,20230822,20230822,143211245,2.425,0.0,0.0,2.441,2.44,2.439,2.438,2.437,0.0,0.0,0.0,0.0,0.0,2.443,2.444,2.445,2.446,2.447,0.0,0.0,0.0,0.0,0.0,2665900.0,5090300.0,2976600.0,1740200.0,999000.0,0.0,0.0,0.0,0.0,0.0,1117500.0,4127700.0,954200.0,1473500.0,533200.0,0.0,0.0,0.0,0.0,0.0
20230822143214272,SZSE,SZSE.ETF.159633,2.442,2.437,2.444,2.396,0.0,2.668,2.183,338351553.0,0.0,818583441.484,0.0,0.0,0.0,20230822,20230822,143214273,2.425,0.0,0.0,2.441,2.44,2.439,2.438,2.437,0.0,0.0,0.0,0.0,0.0,2.442,2.443,2.444,2.445,2.446,0.0,0.0,0.0,0.0,0.0,1150000.0,4235200.0,3193800.0,1874100.0,1640100.0,0.0,0.0,0.0,0.0,0.0,699900.0,618600.0,3678800.0,665100.0,1382600.0,0.0,0.0,0.0,0.0,0.0
20230822143217296,SZSE,SZSE.ETF.159633,2.441,2.437,2.444,2.396,0.0,2.668,2.183,338751553.0,400000.0,819559841.484,976400.0,0.0,0.0,20230822,20230822,143217297,2.425,0.0,0.0,2.441,2.44,2.439,2.438,2.437,0.0,0.0,0.0,0.0,0.0,2.442,2.443,2.444,2.445,2.446,0.0,0.0,0.0,0.0,0.0,50000.0,1490000.0,2752500.0,3000400.0,1731300.0,0.0,0.0,0.0,0.0,0.0,699900.0,1117500.0,3544100.0,586400.0,1406300.0,0.0,0.0,0.0,0.0,0.0
20230822143220288,SZSE,SZSE.ETF.159633,2.441,2.437,2.444,2.396,0.0,2.668,2.183,338801553.0,50000.0,819681891.484,122050.0,0.0,0.0,20230822,20230822,143220286,2.425,0.0,0.0,2.44,2.439,2.438,2.437,2.436,0.0,0.0,0.0,0.0,0.0,2.441,2.442,2.443,2.444,2.445,0.0,0.0,0.0,0.0,0.0,1500000.0,2759300.0,3543600.0,1781300.0,999000.0,0.0,0.0,0.0,0.0,0.0,150000.0,1099900.0,2317500.0,2937000.0,393700.0,0.0,0.0,0.0,0.0,0.0
20230822143223264,SZSE,SZSE.ETF.159633,2.441,2.437,2.444,2.396,0.0,2.668,2.183,338801553.0,0.0,819681891.484,0.0,0.0,0.0,20230822,20230822,143223266,2.425,0.0,0.0,2.44,2.439,2.438,2.437,2.436,0.0,0.0,0.0,0.0,0.0,2.441,2.442,2.443,2.444,2.445,0.0,0.0,0.0,0.0,0.0,1050000.0,1890000.0,3306300.0,1936700.0,2190200.0,0.0,0.0,0.0,0.0,0.0,649900.0,600000.0,2587600.0,2693500.0,297300.0,0.0,0.0,0.0,0.0,0.0
20230822143226252,SZSE,SZSE.ETF.159633,2.441,2.437,2.444,2.396,0.0,2.668,2.183,338801553.0,0.0,819681891.484,0.0,0.0,0.0,20230822,20230822,143226252,2.425,0.0,0.0,2.44,2.439,2.438,2.437,2.436,0.0,0.0,0.0,0.0,0.0,2.441,2.442,2.443,2.444,2.445,0.0,0.0,0.0,0.0,0.0,1450000.0,1690000.0,3556300.0,1845600.0,2281300.0,0.0,0.0,0.0,0.0,0.0,649900.0,1298900.0,1941900.0,3048300.0,467400.0,0.0,0.0,0.0,0.0,0.0
20230822143229248,SZSE,SZSE.ETF.159633,2.441,2.437,2.444,2.396,0.0,2.668,2.183,340351553.0,1550000.0,823465441.484,3783550.0,0.0,0.0,20230822,20230822,143229250,2.425,0.0,0.0,2.44,2.439,2.438,2.437,2.436,0.0,0.0,0.0,0.0,0.0,2.442,2.443,2.444,2.445,2.446,0.0,0.0,0.0,0.0,0.0,1400000.0,1690000.0,3810400.0,2891500.0,1231300.0,0.0,0.0,0.0,0.0,0.0,1349900.0,2096700.0,3043500.0,397300.0,2256000.0,0.0,0.0,0.0,0.0,0.0
20230822143232268,SZSE,SZSE.ETF.159633,2.441,2.437,2.444,2.396,0.0,2.668,2.183,340351553.0,0.0,823465441.484,0.0,0.0,0.0,20230822,20230822,143232267,2.425,0.0,0.0,2.44,2.439,2.438,2.437,2.436,0.0,0.0,0.0,0.0,0.0,2.441,2.442,2.443,2.444,2.445,0.0,0.0,0.0,0.0,0.0,1400000.0,1800100.0,2751900.0,2700000.0,2181200.0,0.0,0.0,0.0,0.0,0.0,499900.0,1148900.0,2076600.0,2887000.0,433800.0,0.0,0.0,0.0,0.0,0.0
20230822143235244,SZSE,SZSE.ETF.159633,2.441,2.437,2.444,2.396,0.0,2.668,2.183,340351553.0,0.0,823465441.484,0.0,0.0,0.0,20230822,20230822,143235245,2.425,0.0,0.0,2.44,2.439,2.438,2.437,2.436,0.0,0.0,0.0,0.0,0.0,2.441,2.442,2.443,2.444,2.445,0.0,0.0,0.0,0.0,0.0,1450000.0,1500000.0,4146300.0,1895600.0,2231300.0,0.0,0.0,0.0,0.0,0.0,499900.0,1498900.0,2141900.0,3048300.0,397300.0,0.0,0.0,0.0,0.0,0.0
20230822143238232,SZSE,SZSE.ETF.159633,2.441,2.437,2.444,2.396,0.0,2.668,2.183,340351553.0,0.0,823465441.484,0.0,0.0,0.0,20230822,20230822,143238230,2.425,0.0,0.0,2.44,2.439,2.438,2.437,2.436,0.0,0.0,0.0,0.0,0.0,2.441,2.442,2.443,2.444,2.445,0.0,0.0,0.0,0.0,0.0,1400000.0,2500000.0,4196300.0,1845600.0,2281300.0,0.0,0.0,0.0,0.0,0.0,998800.0,850000.0,2341900.0,2998300.0,397300.0,0.0,0.0,0.0,0.0,0.0
20230822143241212,SZSE,SZSE.ETF.159633,2.441,2.437,2.444,2.396,0.0,2.668,2.183,340351553.0,0.0,823465441.484,0.0,0.0,0.0,20230822,20230822,143241212,2.425,0.0,0.0,2.44,2.439,2.438,2.437,2.436,0.0,0.0,0.0,0.0,0.0,2.441,2.442,2.443,2.444,2.445,0.0,0.0,0.0,0.0,0.0,1400000.0,1810000.0,4447300.0,1895600.0,1731300.0,0.0,0.0,0.0,0.0,0.0,998800.0,1000000.0,2341900.0,2998300.0,397300.0,0.0,0.0,0.0,0.0,0.0
20230822143244200,SZSE,SZSE.ETF.159633,2.44,2.437,2.444,2.396,0.0,2.668,2.183,340851453.0,499900.0,824685200.284,1219758.8000000715,0.0,0.0,20230822,20230822,143244200,2.425,0.0,0.0,2.44,2.439,2.438,2.437,2.436,0.0,0.0,0.0,0.0,0.0,2.441,2.442,2.443,2.444,2.445,0.0,0.0,0.0,0.0,0.0,502900.0,2310000.0,3957300.0,2295600.0,1731300.0,0.0,0.0,0.0,0.0,0.0,1048900.0,850000.0,1341900.0,2408300.0,467400.0,0.0,0.0,0.0,0.0,0.0
20230822143247216,SZSE,SZSE.ETF.159633,2.44,2.437,2.444,2.396,0.0,2.668,2.183,340851453.0,0.0,824685200.284,0.0,0.0,0.0,20230822,20230822,143247214,2.425,0.0,0.0,2.44,2.439,2.438,2.437,2.436,0.0,0.0,0.0,0.0,0.0,2.441,2.442,2.443,2.444,2.445,0.0,0.0,0.0,0.0,0.0,502900.0,2310000.0,4024100.0,2368800.0,1781300.0,0.0,0.0,0.0,0.0,0.0,1548900.0,1850000.0,1654800.0,2285400.0,467400.0,0.0,0.0,0.0,0.0,0.0
20230822143250308,SZSE,SZSE.ETF.159633,2.44,2.437,2.444,2.396,0.0,2.668,2.183,341151453.0,300000.0,825417200.284,732000.0,0.0,0.0,20230822,20230822,143250309,2.425,0.0,0.0,2.44,2.439,2.438,2.437,2.436,0.0,0.0,0.0,0.0,0.0,2.441,2.442,2.443,2.444,2.445,0.0,0.0,0.0,0.0,0.0,202900.0,2460000.0,2778200.0,3464700.0,1781300.0,0.0,0.0,0.0,0.0,0.0,1902200.0,2045200.0,1609600.0,2285400.0,467400.0,0.0,0.0,0.0,0.0,0.0
20230822143253252,SZSE,SZSE.ETF.159633,2.44,2.437,2.444,2.396,0.0,2.668,2.183,341354353.0,202900.0,825912276.284,495076.0,0.0,0.0,20230822,20230822,143253253,2.425,0.0,0.0,2.439,2.438,2.437,2.436,2.435,0.0,0.0,0.0,0.0,0.0,2.44,2.441,2.442,2.443,2.444,0.0,0.0,0.0,0.0,0.0,1210000.0,2158200.0,3934700.0,1781300.0,1499000.0,0.0,0.0,0.0,0.0,0.0,396000.0,1403600.0,2245200.0,1079600.0,2285500.0,0.0,0.0,0.0,0.0,0.0
20230822143256268,SZSE,SZSE.ETF.159633,2.44,2.437,2.444,2.396,0.0,2.668,2.183,341354353.0,0.0,825912276.284,0.0,0.0,0.0,20230822,20230822,143256267,2.425,0.0,0.0,2.439,2.438,2.437,2.436,2.435,0.0,0.0,0.0,0.0,0.0,2.44,2.441,2.442,2.443,2.444,0.0,0.0,0.0,0.0,0.0,1560000.0,1748900.0,3378400.0,2106700.0,1690200.0,0.0,0.0,0.0,0.0,0.0,396000.0,1753600.0,2185300.0,1358500.0,2198200.0,0.0,0.0,0.0,0.0,0.0
20230822143259280,SZSE,SZSE.ETF.159633,2.44,2.437,2.444,2.396,0.0,2.668,2.183,341354353.0,0.0,825912276.284,0.0,0.0,0.0,20230822,20230822,143259279,2.425,0.0,0.0,2.439,2.438,2.437,2.436,2.435,0.0,0.0,0.0,0.0,0.0,2.44,2.441,2.442,2.443,2.444,0.0,0.0,0.0,0.0,0.0,1660000.0,2608900.0,2131500.0,3061500.0,2231300.0,0.0,0.0,0.0,0.0,0.0,396000.0,1653600.0,2335300.0,1110500.0,3469100.0,0.0,0.0,0.0,0.0,0.0
20230822143302252,SZSE,SZSE.ETF.159633,2.44,2.437,2.444,2.396,0.0,2.668,2.183,341354353.0,0.0,825912276.284,0.0,0.0,0.0,20230822,20230822,143302253,2.425,0.0,0.0,2.439,2.438,2.437,2.436,2.435,0.0,0.0,0.0,0.0,0.0,2.44,2.441,2.442,2.443,2.444,0.0,0.0,0.0,0.0,0.0,110000.0,2558900.0,2621500.0,3561500.0,2231300.0,0.0,0.0,0.0,0.0,0.0,796000.0,2848800.0,2330100.0,710500.0,3339200.0,0.0,0.0,0.0,0.0,0.0
20230822143305252,SZSE,SZSE.ETF.159633,2.44,2.437,2.444,2.396,0.0,2.668,2.183,341354353.0,0.0,825912276.284,0.0,0.0,0.0,20230822,20230822,143305251,2.425,0.0,0.0,2.439,2.438,2.437,2.436,2.435,0.0,0.0,0.0,0.0,0.0,2.44,2.441,2.442,2.443,2.444,0.0,0.0,0.0,0.0,0.0,1050000.0,1908900.0,3609400.0,3123700.0,1281300.0,0.0,0.0,0.0,0.0,0.0,396000.0,2653600.0,2537300.0,1098600.0,3269100.0,0.0,0.0,0.0,0.0,0.0
20230822143308268,SZSE,SZSE.ETF.159633,2.44,2.437,2.444,2.396,0.0,2.668,2.183,341354353.0,0.0,825912276.284,0.0,0.0,0.0,20230822,20230822,143308268,2.425,0.0,0.0,2.439,2.438,2.437,2.436,2.435,0.0,0.0,0.0,0.0,0.0,2.44,2.441,2.442,2.443,2.444,0.0,0.0,0.0,0.0,0.0,900000.0,2657900.0,3621500.0,2911500.0,782300.0,0.0,0.0,0.0,0.0,0.0,22600.0,2153600.0,3479000.0,1155700.0,2269100.0,0.0,0.0,0.0,0.0,0.0
20230822143311272,SZSE,SZSE.ETF.159633,2.441,2.437,2.444,2.396,0.0,2.668,2.183,341776953.0,422600.0,826943820.284,1031544.0,0.0,0.0,20230822,20230822,143311272,2.425,0.0,0.0,2.44,2.439,2.438,2.437,2.436,0.0,0.0,0.0,0.0,0.0,2.441,2.442,2.443,2.444,2.445,0.0,0.0,0.0,0.0,0.0,877400.0,1400000.0,2307900.0,4126300.0,1465600.0,0.0,0.0,0.0,0.0,0.0,653600.0,1239000.0,1655700.0,3669100.0,1407100.0,0.0,0.0,0.0,0.0,0.0
20230822143314248,SZSE,SZSE.ETF.159633,2.441,2.437,2.444,2.396,0.0,2.668,2.183,341776953.0,0.0,826943820.284,0.0,0.0,0.0,20230822,20230822,143314250,2.425,0.0,0.0,2.44,2.439,2.438,2.437,2.436,0.0,0.0,0.0,0.0,0.0,2.441,2.442,2.443,2.444,2.445,0.0,0.0,0.0,0.0,0.0,1077400.0,2149000.0,3440400.0,3950400.0,741200.0,0.0,0.0,0.0,0.0,0.0,703600.0,1338900.0,2791100.0,2824500.0,556400.0,0.0,0.0,0.0,0.0,0.0
20230822143317228,SZSE,SZSE.ETF.159633,2.441,2.437,2.444,2.396,0.0,2.668,2.183,341776953.0,0.0,826943820.284,0.0,0.0,0.0,20230822,20230822,143317229,2.425,0.0,0.0,2.44,2.439,2.438,2.437,2.436,0.0,0.0,0.0,0.0,0.0,2.441,2.442,2.443,2.444,2.445,0.0,0.0,0.0,0.0,0.0,2077400.0,1399000.0,3240400.0,3951500.0,232300.0,0.0,0.0,0.0,0.0,0.0,653600.0,1338900.0,2841100.0,2783500.0,597300.0,0.0,0.0,0.0,0.0,0.0
20230822143320236,SZSE,SZSE.ETF.159633,2.441,2.437,2.444,2.396,0.0,2.668,2.183,341776953.0,0.0,826943820.284,0.0,0.0,0.0,20230822,20230822,143320235,2.425,0.0,0.0,2.44,2.439,2.438,2.437,2.436,0.0,0.0,0.0,0.0,0.0,2.441,2.442,2.443,2.444,2.445,0.0,0.0,0.0,0.0,0.0,1127400.0,2100000.0,2990400.0,3451500.0,1231300.0,0.0,0.0,0.0,0.0,0.0,653600.0,1288900.0,2841100.0,2833500.0,597300.0,0.0,0.0,0.0,0.0,0.0
20230822143323192,SZSE,SZSE.ETF.159633,2.441,2.437,2.444,2.396,0.0,2.668,2.183,341776953.0,0.0,826943820.284,0.0,0.0,0.0,20230822,20230822,143323194,2.425,0.0,0.0,2.44,2.439,2.438,2.437,2.436,0.0,0.0,0.0,0.0,0.0,2.441,2.442,2.443,2.444,2.445,0.0,0.0,0.0,0.0,0.0,1127400.0,1900000.0,3190400.0,3451500.0,1231300.0,0.0,0.0,0.0,0.0,0.0,653600.0,1288900.0,2841100.0,2833500.0,597300.0,0.0,0.0,0.0,0.0,0.0
20230822143326232,SZSE,SZSE.ETF.159633,2.441,2.437,2.444,2.396,0.0,2.668,2.183,341776953.0,0.0,826943820.284,0.0,0.0,0.0,20230822,20230822,143326233,2.425,0.0,0.0,2.44,2.439,2.438,2.437,2.436,0.0,0.0,0.0,0.0,0.0,2.441,2.442,2.443,2.444,2.445,0.0,0.0,0.0,0.0,0.0,1127400.0,1900000.0,3390400.0,3261500.0,1231300.0,0.0,0.0,0.0,0.0,0.0,653600.0,1098900.0,3031100.0,2833500.0,397300.0,0.0,0.0,0.0,0.0,0.0
20230822143329208,SZSE,SZSE.ETF.159633,2.441,2.437,2.444,2.396,0.0,2.668,2.183,341776953.0,0.0,826943820.284,0.0,0.0,0.0,20230822,20230822,143329207,2.425,0.0,0.0,2.44,2.439,2.438,2.437,2.436,0.0,0.0,0.0,0.0,0.0,2.441,2.442,2.443,2.444,2.445,0.0,0.0,0.0,0.0,0.0,1127400.0,1900000.0,3590400.0,3261500.0,1231300.0,0.0,0.0,0.0,0.0,0.0,653600.0,1298900.0,3031100.0,2833500.0,397300.0,0.0,0.0,0.0,0.0,0.0
20230822143332224,SZSE,SZSE.ETF.159633,2.441,2.437,2.444,2.396,0.0,2.668,2.183,341776953.0,0.0,826943820.284,0.0,0.0,0.0,20230822,20230822,143332224,2.425,0.0,0.0,2.44,2.439,2.438,2.437,2.436,0.0,0.0,0.0,0.0,0.0,2.441,2.442,2.443,2.444,2.445,0.0,0.0,0.0,0.0,0.0,927400.0,2050000.0,3660400.0,3191500.0,1231300.0,0.0,0.0,0.0,0.0,0.0,653600.0,1448900.0,2961100.0,2903500.0,397300.0,0.0,0.0,0.0,0.0,0.0
20230822143335192,SZSE,SZSE.ETF.159633,2.441,2.437,2.444,2.396,0.0,2.668,2.183,341776953.0,0.0,826943820.284,0.0,0.0,0.0,20230822,20230822,143335193,2.425,0.0,0.0,2.44,2.439,2.438,2.437,2.436,0.0,0.0,0.0,0.0,0.0,2.441,2.442,2.443,2.444,2.445,0.0,0.0,0.0,0.0,0.0,50000.0,2327400.0,2760400.0,3541500.0,2281300.0,0.0,0.0,0.0,0.0,0.0,1053600.0,1948900.0,2506300.0,2458300.0,397300.0,0.0,0.0,0.0,0.0,0.0
20230822143338200,SZSE,SZSE.ETF.159633,2.441,2.437,2.444,2.396,0.0,2.668,2.183,341832253.0,55300.0,827078802.584,134982.29999995232,0.0,0.0,20230822,20230822,143338200,2.425,0.0,0.0,2.44,2.439,2.438,2.437,2.436,0.0,0.0,0.0,0.0,0.0,2.441,2.442,2.443,2.444,2.445,0.0,0.0,0.0,0.0,0.0,45000.0,1177400.0,3638300.0,3623600.0,1781300.0,0.0,0.0,0.0,0.0,0.0,1652200.0,1500000.0,2198200.0,2376400.0,467400.0,0.0,0.0,0.0,0.0,0.0
20230822143341240,SZSE,SZSE.ETF.159633,2.441,2.437,2.444,2.396,0.0,2.668,2.183,341832253.0,0.0,827078802.584,0.0,0.0,0.0,20230822,20230822,143341239,2.425,0.0,0.0,2.439,2.438,2.437,2.436,2.435,0.0,0.0,0.0,0.0,0.0,2.441,2.442,2.443,2.444,2.445,0.0,0.0,0.0,0.0,0.0,1327400.0,3059300.0,3693600.0,1781300.0,999000.0,0.0,0.0,0.0,0.0,0.0,1652200.0,2552200.0,1458200.0,2256400.0,467400.0,0.0,0.0,0.0,0.0,0.0
20230822143344204,SZSE,SZSE.ETF.159633,2.441,2.437,2.444,2.396,0.0,2.668,2.183,341832253.0,0.0,827078802.584,0.0,0.0,0.0,20230822,20230822,143344203,2.425,0.0,0.0,2.439,2.438,2.437,2.436,2.435,0.0,0.0,0.0,0.0,0.0,2.44,2.441,2.442,2.443,2.444,0.0,0.0,0.0,0.0,0.0,250000.0,3268600.0,3106300.0,2186700.0,2140100.0,0.0,0.0,0.0,0.0,0.0,600000.0,2652200.0,2052200.0,1099700.0,2264100.0,0.0,0.0,0.0,0.0,0.0
20230822143347212,SZSE,SZSE.ETF.159633,2.441,2.437,2.444,2.396,0.0,2.668,2.183,341832253.0,0.0,827078802.584,0.0,0.0,0.0,20230822,20230822,143347211,2.425,0.0,0.0,2.439,2.438,2.437,2.436,2.435,0.0,0.0,0.0,0.0,0.0,2.44,2.441,2.442,2.443,2.444,0.0,0.0,0.0,0.0,0.0,250000.0,2127400.0,3466300.0,1977800.0,1731300.0,0.0,0.0,0.0,0.0,0.0,200000.0,2852200.0,2154300.0,983800.0,2169100.0,0.0,0.0,0.0,0.0,0.0
20230822143350236,SZSE,SZSE.ETF.159633,2.441,2.437,2.444,2.396,0.0,2.668,2.183,341832253.0,0.0,827078802.584,0.0,0.0,0.0,20230822,20230822,143350236,2.425,0.0,0.0,2.439,2.438,2.437,2.436,2.435,0.0,0.0,0.0,0.0,0.0,2.44,2.441,2.442,2.443,2.444,0.0,0.0,0.0,0.0,0.0,200000.0,2127400.0,3598400.0,2245600.0,1781300.0,0.0,0.0,0.0,0.0,0.0,600000.0,2902200.0,2117500.0,970500.0,2339200.0,0.0,0.0,0.0,0.0,0.0
20230822143353180,SZSE,SZSE.ETF.159633,2.441,2.437,2.444,2.396,0.0,2.668,2.183,341832253.0,0.0,827078802.584,0.0,0.0,0.0,20230822,20230822,143353179,2.425,0.0,0.0,2.438,2.437,2.436,2.435,2.434,0.0,0.0,0.0,0.0,0.0,2.44,2.441,2.442,2.443,2.444,0.0,0.0,0.0,0.0,0.0,1937400.0,3516300.0,2327800.0,1781300.0,999200.0,0.0,0.0,0.0,0.0,0.0,600000.0,2902200.0,2199500.0,698600.0,2339200.0,0.0,0.0,0.0,0.0,0.0
20230822143356224,SZSE,SZSE.ETF.159633,2.441,2.437,2.444,2.396,0.0,2.668,2.183,341832253.0,0.0,827078802.584,0.0,0.0,0.0,20230822,20230822,143356222,2.425,0.0,0.0,2.438,2.437,2.436,2.435,2.434,0.0,0.0,0.0,0.0,0.0,2.44,2.441,2.442,2.443,2.444,0.0,0.0,0.0,0.0,0.0,1887400.0,3397100.0,2540600.0,1906700.0,1140300.0,0.0,0.0,0.0,0.0,0.0,400000.0,3402200.0,1349000.0,788300.0,2219900.0,0.0,0.0,0.0,0.0,0.0
20230822143359160,SZSE,SZSE.ETF.159633,2.441,2.437,2.444,2.396,0.0,2.668,2.183,341832253.0,0.0,827078802.584,0.0,0.0,0.0,20230822,20230822,143359162,2.425,0.0,0.0,2.438,2.437,2.436,2.435,2.434,0.0,0.0,0.0,0.0,0.0,2.44,2.441,2.442,2.443,2.444,0.0,0.0,0.0,0.0,0.0,2887400.0,2778200.0,2658400.0,1745600.0,682400.0,0.0,0.0,0.0,0.0,0.0,400000.0,3402200.0,1349000.0,829300.0,2228900.0,0.0,0.0,0.0,0.0,0.0
20230822143402168,SZSE,SZSE.ETF.159633,2.441,2.437,2.444,2.396,0.0,2.668,2.183,341832253.0,0.0,827078802.584,0.0,0.0,0.0,20230822,20230822,143402169,2.425,0.0,0.0,2.438,2.437,2.436,2.435,2.434,0.0,0.0,0.0,0.0,0.0,2.44,2.441,2.442,2.443,2.444,0.0,0.0,0.0,0.0,0.0,1887400.0,3409200.0,2528400.0,1745600.0,1181400.0,0.0,0.0,0.0,0.0,0.0,400000.0,3402200.0,1419000.0,759300.0,2299000.0,0.0,0.0,0.0,0.0,0.0
20230822143405192,SZSE,SZSE.ETF.159633,2.441,2.437,2.444,2.396,0.0,2.668,2.183,341832253.0,0.0,827078802.584,0.0,0.0,0.0,20230822,20230822,143405193,2.425,0.0,0.0,2.438,2.437,2.436,2.435,2.434,0.0,0.0,0.0,0.0,0.0,2.44,2.441,2.442,2.443,2.444,0.0,0.0,0.0,0.0,0.0,1887400.0,3089200.0,2668400.0,1745600.0,1181400.0,0.0,0.0,0.0,0.0,0.0,900000.0,3402200.0,1159000.0,829300.0,2299000.0,0.0,0.0,0.0,0.0,0.0
20230822143408208,SZSE,SZSE.ETF.159633,2.441,2.437,2.444,2.396,0.0,2.668,2.183,341832253.0,0.0,827078802.584,0.0,0.0,0.0,20230822,20230822,143408206,2.425,0.0,0.0,2.438,2.437,2.436,2.435,2.434,0.0,0.0,0.0,0.0,0.0,2.44,2.441,2.442,2.443,2.444,0.0,0.0,0.0,0.0,0.0,1887400.0,3007100.0,2940600.0,1745600.0,1181400.0,0.0,0.0,0.0,0.0,0.0,900000.0,3402200.0,1431000.0,747400.0,2299000.0,0.0,0.0,0.0,0.0,0.0
20230822143411212,SZSE,SZSE.ETF.159633,2.441,2.437,2.444,2.396,0.0,2.668,2.183,341832253.0,0.0,827078802.584,0.0,0.0,0.0,20230822,20230822,143411212,2.425,0.0,0.0,2.439,2.438,2.437,2.436,2.435,0.0,0.0,0.0,0.0,0.0,2.441,2.442,2.443,2.444,2.445,0.0,0.0,0.0,0.0,0.0,877400.0,2410000.0,3706100.0,2839500.0,1245600.0,0.0,0.0,0.0,0.0,0.0,1902200.0,2931000.0,1147400.0,2228900.0,1427200.0,0.0,0.0,0.0,0.0,0.0
20230822143414192,SZSE,SZSE.ETF.159633,2.441,2.437,2.444,2.396,0.0,2.668,2.183,341832253.0,0.0,827078802.584,0.0,0.0,0.0,20230822,20230822,143414190,2.425,0.0,0.0,2.439,2.438,2.437,2.436,2.435,0.0,0.0,0.0,0.0,0.0,2.441,2.442,2.443,2.444,2.445,0.0,0.0,0.0,0.0,0.0,877400.0,2801200.0,3997800.0,1904100.0,1140100.0,0.0,0.0,0.0,0.0,0.0,1702200.0,2742200.0,1259200.0,2305600.0,1527300.0,0.0,0.0,0.0,0.0,0.0
20230822143417196,SZSE,SZSE.ETF.159633,2.441,2.437,2.444,2.396,0.0,2.668,2.183,341832253.0,0.0,827078802.584,0.0,0.0,0.0,20230822,20230822,143417195,2.425,0.0,0.0,2.439,2.438,2.437,2.436,2.435,0.0,0.0,0.0,0.0,0.0,2.441,2.442,2.443,2.444,2.445,0.0,0.0,0.0,0.0,0.0,650000.0,3278600.0,2847800.0,1814100.0,2181200.0,0.0,0.0,0.0,0.0,0.0,2152200.0,2052200.0,1268200.0,2346600.0,627300.0,0.0,0.0,0.0,0.0,0.0
20230822143420172,SZSE,SZSE.ETF.159633,2.441,2.437,2.444,2.396,0.0,2.668,2.183,341832253.0,0.0,827078802.584,0.0,0.0,0.0,20230822,20230822,143420172,2.425,0.0,0.0,2.439,2.438,2.437,2.436,2.435,0.0,0.0,0.0,0.0,0.0,2.441,2.442,2.443,2.444,2.445,0.0,0.0,0.0,0.0,0.0,250000.0,3348600.0,2885700.0,1896300.0,2181200.0,0.0,0.0,0.0,0.0,0.0,2652200.0,2052200.0,988200.0,2416600.0,427300.0,0.0,0.0,0.0,0.0,0.0
20230822143423168,SZSE,SZSE.ETF.159633,2.441,2.437,2.444,2.396,0.0,2.668,2.183,341832253.0,0.0,827078802.584,0.0,0.0,0.0,20230822,20230822,143423169,2.425,0.0,0.0,2.439,2.438,2.437,2.436,2.435,0.0,0.0,0.0,0.0,0.0,2.44,2.441,2.442,2.443,2.444,0.0,0.0,0.0,0.0,0.0,250000.0,3348600.0,2885700.0,2296300.0,2181200.0,0.0,0.0,0.0,0.0,0.0,400000.0,2652200.0,2134200.0,906300.0,2416600.0,0.0,0.0,0.0,0.0,0.0
20230822143426176,SZSE,SZSE.ETF.159633,2.441,2.437,2.444,2.396,0.0,2.668,2.183,342054553.0,222300.0,827620992.884,542190.2999999523,0.0,0.0,20230822,20230822,143426177,2.425,0.0,0.0,2.439,2.438,2.437,2.436,2.435,0.0,0.0,0.0,0.0,0.0,2.441,2.442,2.443,2.444,2.445,0.0,0.0,0.0,0.0,0.0,428000.0,3207400.0,2785300.0,2087800.0,2231300.0,0.0,0.0,0.0,0.0,0.0,2651900.0,2354300.0,1313800.0,2239100.0,277200.0,0.0,0.0,0.0,0.0,0.0
20230822143429180,SZSE,SZSE.ETF.159633,2.441,2.437,2.444,2.396,0.0,2.668,2.183,342054553.0,0.0,827620992.884,0.0,0.0,0.0,20230822,20230822,143429181,2.425,0.0,0.0,2.439,2.438,2.437,2.436,2.435,0.0,0.0,0.0,0.0,0.0,2.44,2.441,2.442,2.443,2.444,0.0,0.0,0.0,0.0,0.0,28000.0,2348600.0,3337500.0,2345500.0,1681200.0,0.0,0.0,0.0,0.0,0.0,400000.0,2651900.0,2134200.0,955500.0,2437500.0,0.0,0.0,0.0,0.0,0.0
20230822143432188,SZSE,SZSE.ETF.159633,2.44,2.437,2.444,2.396,0.0,2.668,2.183,342256953.0,202400.0,828114648.884,493656.0,0.0,0.0,20230822,20230822,143432188,2.425,0.0,0.0,2.439,2.438,2.437,2.436,2.435,0.0,0.0,0.0,0.0,0.0,2.44,2.441,2.442,2.443,2.444,0.0,0.0,0.0,0.0,0.0,500000.0,3007400.0,2437100.0,2487000.0,1781300.0,0.0,0.0,0.0,0.0,0.0,900000.0,2851900.0,2389500.0,727800.0,2260000.0,0.0,0.0,0.0,0.0,0.0
20230822143435216,SZSE,SZSE.ETF.159633,2.44,2.437,2.444,2.396,0.0,2.668,2.183,342256953.0,0.0,828114648.884,0.0,0.0,0.0,20230822,20230822,143435218,2.425,0.0,0.0,2.439,2.438,2.437,2.436,2.435,0.0,0.0,0.0,0.0,0.0,2.44,2.441,2.442,2.443,2.444,0.0,0.0,0.0,0.0,0.0,500000.0,2007400.0,4086100.0,2537000.0,1831300.0,0.0,0.0,0.0,0.0,0.0,900000.0,2901900.0,2389500.0,677800.0,2410000.0,0.0,0.0,0.0,0.0,0.0
20230822143438212,SZSE,SZSE.ETF.159633,2.439,2.437,2.444,2.396,0.0,2.668,2.183,342456953.0,200000.0,828602448.884,487800.0,0.0,0.0,20230822,20230822,143438211,2.425,0.0,0.0,2.439,2.438,2.437,2.436,2.435,0.0,0.0,0.0,0.0,0.0,2.44,2.441,2.442,2.443,2.444,0.0,0.0,0.0,0.0,0.0,300000.0,1937400.0,3687100.0,2557000.0,1781300.0,0.0,0.0,0.0,0.0,0.0,1900000.0,3401900.0,1459500.0,677800.0,2340000.0,0.0,0.0,0.0,0.0,0.0
20230822143441220,SZSE,SZSE.ETF.159633,2.439,2.437,2.444,2.396,0.0,2.668,2.183,342456953.0,0.0,828602448.884,0.0,0.0,0.0,20230822,20230822,143441220,2.425,0.0,0.0,2.439,2.438,2.437,2.436,2.435,0.0,0.0,0.0,0.0,0.0,2.44,2.441,2.442,2.443,2.444,0.0,0.0,0.0,0.0,0.0,300000.0,1887400.0,3566000.0,1528100.0,781300.0,0.0,0.0,0.0,0.0,0.0,1900000.0,2401900.0,1430500.0,706800.0,2340000.0,0.0,0.0,0.0,0.0,0.0
20230822143444176,SZSE,SZSE.ETF.159633,2.439,2.437,2.444,2.396,0.0,2.668,2.183,342456953.0,0.0,828602448.884,0.0,0.0,0.0,20230822,20230822,143444177,2.425,0.0,0.0,2.439,2.438,2.437,2.436,2.435,0.0,0.0,0.0,0.0,0.0,2.44,2.441,2.442,2.443,2.444,0.0,0.0,0.0,0.0,0.0,300000.0,1937400.0,3426000.0,2728100.0,1781300.0,0.0,0.0,0.0,0.0,0.0,1900000.0,3401900.0,1240500.0,706800.0,2340000.0,0.0,0.0,0.0,0.0,0.0
20230822143447196,SZSE,SZSE.ETF.159633,2.439,2.437,2.444,2.396,0.0,2.668,2.183,342456953.0,0.0,828602448.884,0.0,0.0,0.0,20230822,20230822,143447195,2.425,0.0,0.0,2.439,2.438,2.437,2.436,2.435,0.0,0.0,0.0,0.0,0.0,2.44,2.441,2.442,2.443,2.444,0.0,0.0,0.0,0.0,0.0,300000.0,1937400.0,3616000.0,2728100.0,1781300.0,0.0,0.0,0.0,0.0,0.0,2400000.0,3401900.0,1430500.0,706800.0,2340000.0,0.0,0.0,0.0,0.0,0.0
20230822143450216,SZSE,SZSE.ETF.159633,2.439,2.437,2.444,2.396,0.0,2.668,2.183,342756953.0,300000.0,829334148.884,731700.0,0.0,0.0,20230822,20230822,143450218,2.425,0.0,0.0,2.438,2.437,2.436,2.435,2.434,0.0,0.0,0.0,0.0,0.0,2.439,2.44,2.441,2.442,2.443,0.0,0.0,0.0,0.0,0.0,910000.0,3243400.0,2628100.0,2281300.0,1499200.0,0.0,0.0,0.0,0.0,0.0,102400.0,3047600.0,2253000.0,1030500.0,776900.0,0.0,0.0,0.0,0.0,0.0
20230822143453212,SZSE,SZSE.ETF.159633,2.439,2.437,2.444,2.396,0.0,2.668,2.183,342756953.0,0.0,829334148.884,0.0,0.0,0.0,20230822,20230822,143453211,2.425,0.0,0.0,2.438,2.437,2.436,2.435,2.434,0.0,0.0,0.0,0.0,0.0,2.439,2.44,2.441,2.442,2.443,0.0,0.0,0.0,0.0,0.0,1210000.0,3733300.0,1991700.0,2036700.0,1690400.0,0.0,0.0,0.0,0.0,0.0,2400.0,3596500.0,2423100.0,1397000.0,611400.0,0.0,0.0,0.0,0.0,0.0
20230822143456196,SZSE,SZSE.ETF.159633,2.439,2.437,2.444,2.396,0.0,2.668,2.183,342756953.0,0.0,829334148.884,0.0,0.0,0.0,20230822,20230822,143456195,2.425,0.0,0.0,2.438,2.437,2.436,2.435,2.434,0.0,0.0,0.0,0.0,0.0,2.439,2.44,2.441,2.442,2.443,0.0,0.0,0.0,0.0,0.0,1160000.0,3733300.0,2041700.0,1995600.0,1731500.0,0.0,0.0,0.0,0.0,0.0,2400.0,3646500.0,2423100.0,1347000.0,711400.0,0.0,0.0,0.0,0.0,0.0
20230822143459164,SZSE,SZSE.ETF.159633,2.439,2.437,2.444,2.396,0.0,2.668,2.183,342868153.0,111200.0,829605453.284,271304.40000009537,0.0,0.0,20230822,20230822,143459163,2.425,0.0,0.0,2.438,2.437,2.436,2.435,2.434,0.0,0.0,0.0,0.0,0.0,2.439,2.44,2.441,2.442,2.443,0.0,0.0,0.0,0.0,0.0,1000000.0,1627400.0,4107600.0,1995600.0,1731500.0,0.0,0.0,0.0,0.0,0.0,198800.0,3698900.0,2273100.0,1227000.0,711500.0,0.0,0.0,0.0,0.0,0.0
20230822143502184,SZSE,SZSE.ETF.159633,2.439,2.437,2.444,2.396,0.0,2.668,2.183,342868153.0,0.0,829605453.284,0.0,0.0,0.0,20230822,20230822,143502182,2.425,0.0,0.0,2.438,2.437,2.436,2.435,2.434,0.0,0.0,0.0,0.0,0.0,2.439,2.44,2.441,2.442,2.443,0.0,0.0,0.0,0.0,0.0,200000.0,1527400.0,3998600.0,2545600.0,1781500.0,0.0,0.0,0.0,0.0,0.0,2597700.0,2600000.0,1508300.0,581800.0,561500.0,0.0,0.0,0.0,0.0,0.0
20230822143505228,SZSE,SZSE.ETF.159633,2.439,2.437,2.444,2.396,0.0,2.668,2.183,342868153.0,0.0,829605453.284,0.0,0.0,0.0,20230822,20230822,143505227,2.425,0.0,0.0,2.438,2.437,2.436,2.435,2.434,0.0,0.0,0.0,0.0,0.0,2.439,2.44,2.441,2.442,2.443,0.0,0.0,0.0,0.0,0.0,600000.0,1527400.0,3916400.0,2227800.0,1781500.0,0.0,0.0,0.0,0.0,0.0,1697700.0,4100000.0,1590300.0,899800.0,561500.0,0.0,0.0,0.0,0.0,0.0
20230822143508304,SZSE,SZSE.ETF.159633,2.438,2.437,2.444,2.396,0.0,2.668,2.183,342870353.0,2200.0,829610816.884,5363.599999904633,0.0,0.0,20230822,20230822,143508303,2.425,0.0,0.0,2.438,2.437,2.436,2.435,2.434,0.0,0.0,0.0,0.0,0.0,2.439,2.44,2.441,2.442,2.443,0.0,0.0,0.0,0.0,0.0,197800.0,1527400.0,3846400.0,1697800.0,1781500.0,0.0,0.0,0.0,0.0,0.0,2597700.0,3600000.0,1660300.0,429800.0,561500.0,0.0,0.0,0.0,0.0,0.0
20230822143511268,SZSE,SZSE.ETF.159633,2.439,2.437,2.444,2.396,0.0,2.668,2.183,342875353.0,5000.0,829623011.884,12195.0,0.0,0.0,20230822,20230822,143511267,2.425,0.0,0.0,2.438,2.437,2.436,2.435,2.434,0.0,0.0,0.0,0.0,0.0,2.439,2.44,2.441,2.442,2.443,0.0,0.0,0.0,0.0,0.0,197800.0,1527400.0,3975300.0,2668900.0,1781500.0,0.0,0.0,0.0,0.0,0.0,2092700.0,4100000.0,1631300.0,458800.0,561500.0,0.0,0.0,0.0,0.0,0.0
20230822143514236,SZSE,SZSE.ETF.159633,2.438,2.437,2.444,2.396,0.0,2.668,2.183,343375353.0,500000.0,830842011.884,1219000.0,0.0,0.0,20230822,20230822,143514237,2.425,0.0,0.0,2.437,2.436,2.435,2.434,2.433,0.0,0.0,0.0,0.0,0.0,2.439,2.44,2.441,2.442,2.443,0.0,0.0,0.0,0.0,0.0,1527400.0,4016400.0,1527800.0,781500.0,1023100.0,0.0,0.0,0.0,0.0,0.0,2092700.0,3100000.0,1590300.0,499800.0,561500.0,0.0,0.0,0.0,0.0,0.0
20230822143517284,SZSE,SZSE.ETF.159633,2.438,2.437,2.444,2.396,0.0,2.668,2.183,343375353.0,0.0,830842011.884,0.0,0.0,0.0,20230822,20230822,143517283,2.425,0.0,0.0,2.437,2.436,2.435,2.434,2.433,0.0,0.0,0.0,0.0,0.0,2.439,2.44,2.441,2.442,2.443,0.0,0.0,0.0,0.0,0.0,1000000.0,4073400.0,1851700.0,1906900.0,2164300.0,0.0,0.0,0.0,0.0,0.0,3092700.0,3600000.0,1742800.0,437600.0,471200.0,0.0,0.0,0.0,0.0,0.0
20230822143520248,SZSE,SZSE.ETF.159633,2.438,2.437,2.444,2.396,0.0,2.668,2.183,343375353.0,0.0,830842011.884,0.0,0.0,0.0,20230822,20230822,143520246,2.425,0.0,0.0,2.437,2.436,2.435,2.434,2.433,0.0,0.0,0.0,0.0,0.0,2.439,2.44,2.441,2.442,2.443,0.0,0.0,0.0,0.0,0.0,3000000.0,3873400.0,3111000.0,1786500.0,1205500.0,0.0,0.0,0.0,0.0,0.0,2592700.0,4100000.0,1701300.0,479100.0,471200.0,0.0,0.0,0.0,0.0,0.0
20230822143523200,SZSE,SZSE.ETF.159633,2.438,2.437,2.444,2.396,0.0,2.668,2.183,343375353.0,0.0,830842011.884,0.0,0.0,0.0,20230822,20230822,143523202,2.425,0.0,0.0,2.437,2.436,2.435,2.434,2.433,0.0,0.0,0.0,0.0,0.0,2.439,2.44,2.441,2.442,2.443,0.0,0.0,0.0,0.0,0.0,3477400.0,3496000.0,3243200.0,1654300.0,1205500.0,0.0,0.0,0.0,0.0,0.0,2592700.0,4100000.0,1701300.0,479100.0,471200.0,0.0,0.0,0.0,0.0,0.0
20230822143526200,SZSE,SZSE.ETF.159633,2.438,2.437,2.444,2.396,0.0,2.668,2.183,343375353.0,0.0,830842011.884,0.0,0.0,0.0,20230822,20230822,143526201,2.425,0.0,0.0,2.437,2.436,2.435,2.434,2.433,0.0,0.0,0.0,0.0,0.0,2.439,2.44,2.441,2.442,2.443,0.0,0.0,0.0,0.0,0.0,3000000.0,3783400.0,2243200.0,654300.0,1205500.0,0.0,0.0,0.0,0.0,0.0,2592700.0,3100000.0,1511300.0,479100.0,471200.0,0.0,0.0,0.0,0.0,0.0
20230822143529216,SZSE,SZSE.ETF.159633,2.438,2.437,2.444,2.396,0.0,2.668,2.183,343475353.0,100000.0,831085811.884,243800.0,0.0,0.0,20230822,20230822,143529215,2.425,0.0,0.0,2.438,2.437,2.436,2.435,2.434,0.0,0.0,0.0,0.0,0.0,2.439,2.44,2.441,2.442,2.443,0.0,0.0,0.0,0.0,0.0,300000.0,3477400.0,3376000.0,2963200.0,1654300.0,0.0,0.0,0.0,0.0,0.0,2192700.0,4100000.0,1631300.0,949100.0,471200.0,0.0,0.0,0.0,0.0,0.0
20230822143532204,SZSE,SZSE.ETF.159633,2.438,2.437,2.444,2.396,0.0,2.668,2.183,343475353.0,0.0,831085811.884,0.0,0.0,0.0,20230822,20230822,143532205,2.425,0.0,0.0,2.438,2.437,2.436,2.435,2.434,0.0,0.0,0.0,0.0,0.0,2.439,2.44,2.441,2.442,2.443,0.0,0.0,0.0,0.0,0.0,200000.0,2800000.0,4292700.0,2178900.0,1690400.0,0.0,0.0,0.0,0.0,0.0,2592700.0,4100000.0,1701300.0,429800.0,520500.0,0.0,0.0,0.0,0.0,0.0
20230822143535188,SZSE,SZSE.ETF.159633,2.438,2.437,2.444,2.396,0.0,2.668,2.183,343475353.0,0.0,831085811.884,0.0,0.0,0.0,20230822,20230822,143535189,2.425,0.0,0.0,2.438,2.437,2.436,2.435,2.434,0.0,0.0,0.0,0.0,0.0,2.439,2.44,2.441,2.442,2.443,0.0,0.0,0.0,0.0,0.0,200000.0,2850000.0,4292700.0,2178900.0,1731500.0,0.0,0.0,0.0,0.0,0.0,3092700.0,3645200.0,1656100.0,388800.0,561500.0,0.0,0.0,0.0,0.0,0.0
20230822143538176,SZSE,SZSE.ETF.159633,2.438,2.437,2.444,2.396,0.0,2.668,2.183,343475353.0,0.0,831085811.884,0.0,0.0,0.0,20230822,20230822,143538177,2.425,0.0,0.0,2.438,2.437,2.436,2.435,2.434,0.0,0.0,0.0,0.0,0.0,2.439,2.44,2.441,2.442,2.443,0.0,0.0,0.0,0.0,0.0,200000.0,2850000.0,4362700.0,2108900.0,1731500.0,0.0,0.0,0.0,0.0,0.0,3092700.0,3600000.0,1631300.0,458800.0,561500.0,0.0,0.0,0.0,0.0,0.0
20230822143541172,SZSE,SZSE.ETF.159633,2.438,2.437,2.444,2.396,0.0,2.668,2.183,343475353.0,0.0,831085811.884,0.0,0.0,0.0,20230822,20230822,143541173,2.425,0.0,0.0,2.438,2.437,2.436,2.435,2.434,0.0,0.0,0.0,0.0,0.0,2.439,2.44,2.441,2.442,2.443,0.0,0.0,0.0,0.0,0.0,200000.0,2800000.0,4412700.0,1918900.0,1731500.0,0.0,0.0,0.0,0.0,0.0,3092700.0,3600000.0,1441300.0,528900.0,491400.0,0.0,0.0,0.0,0.0,0.0
20230822143544180,SZSE,SZSE.ETF.159633,2.438,2.437,2.444,2.396,0.0,2.668,2.183,343675353.0,200000.0,831573411.884,487600.0,0.0,0.0,20230822,20230822,143544179,2.425,0.0,0.0,2.437,2.436,2.435,2.434,2.433,0.0,0.0,0.0,0.0,0.0,2.438,2.439,2.44,2.441,2.442,0.0,0.0,0.0,0.0,0.0,2850000.0,4452700.0,2118900.0,1731500.0,2023100.0,0.0,0.0,0.0,0.0,0.0,300000.0,3092700.0,3600000.0,1631300.0,458800.0,0.0,0.0,0.0,0.0,0.0
20230822143547176,SZSE,SZSE.ETF.159633,2.438,2.437,2.444,2.396,0.0,2.668,2.183,343675353.0,0.0,831573411.884,0.0,0.0,0.0,20230822,20230822,143547176,2.425,0.0,0.0,2.437,2.436,2.435,2.434,2.433,0.0,0.0,0.0,0.0,0.0,2.438,2.439,2.44,2.441,2.442,0.0,0.0,0.0,0.0,0.0,1800000.0,4043300.0,2181700.0,1936900.0,2214400.0,0.0,0.0,0.0,0.0,0.0,300000.0,3092700.0,3820100.0,1597800.0,412600.0,0.0,0.0,0.0,0.0,0.0
20230822143550176,SZSE,SZSE.ETF.159633,2.438,2.437,2.444,2.396,0.0,2.668,2.183,343676353.0,1000.0,831575849.884,2438.0,0.0,0.0,20230822,20230822,143550176,2.425,0.0,0.0,2.437,2.436,2.435,2.434,2.433,0.0,0.0,0.0,0.0,0.0,2.438,2.439,2.44,2.441,2.442,0.0,0.0,0.0,0.0,0.0,1650000.0,2097400.0,4177600.0,1895800.0,1755600.0,0.0,0.0,0.0,0.0,0.0,299000.0,3242700.0,3670100.0,1597800.0,582700.0,0.0,0.0,0.0,0.0,0.0
20230822143553196,SZSE,SZSE.ETF.159633,2.438,2.437,2.444,2.396,0.0,2.668,2.183,343676353.0,0.0,831575849.884,0.0,0.0,0.0,20230822,20230822,143553197,2.425,0.0,0.0,2.437,2.436,2.435,2.434,2.433,0.0,0.0,0.0,0.0,0.0,2.438,2.439,2.44,2.441,2.442,0.0,0.0,0.0,0.0,0.0,1250000.0,2027400.0,3748600.0,1895800.0,1755600.0,0.0,0.0,0.0,0.0,0.0,599000.0,3442700.0,3515300.0,1222600.0,512700.0,0.0,0.0,0.0,0.0,0.0
20230822143556200,SZSE,SZSE.ETF.159633,2.438,2.437,2.444,2.396,0.0,2.668,2.183,343676353.0,0.0,831575849.884,0.0,0.0,0.0,20230822,20230822,143556199,2.425,0.0,0.0,2.437,2.436,2.435,2.434,2.433,0.0,0.0,0.0,0.0,0.0,2.438,2.439,2.44,2.441,2.442,0.0,0.0,0.0,0.0,0.0,1600000.0,1737400.0,3918600.0,1965800.0,1755600.0,0.0,0.0,0.0,0.0,0.0,599000.0,3292700.0,3930100.0,1357800.0,692600.0,0.0,0.0,0.0,0.0,0.0
20230822143559220,SZSE,SZSE.ETF.159633,2.438,2.437,2.444,2.396,0.0,2.668,2.183,343676353.0,0.0,831575849.884,0.0,0.0,0.0,20230822,20230822,143559220,2.425,0.0,0.0,2.437,2.436,2.435,2.434,2.433,0.0,0.0,0.0,0.0,0.0,2.438,2.439,2.44,2.441,2.442,0.0,0.0,0.0,0.0,0.0,650000.0,1937400.0,3668600.0,1965800.0,1755600.0,0.0,0.0,0.0,0.0,0.0,1597900.0,2243800.0,3975300.0,1362600.0,762700.0,0.0,0.0,0.0,0.0,0.0
20230822143602212,SZSE,SZSE.ETF.159633,2.438,2.437,2.444,2.396,0.0,2.668,2.183,343676353.0,0.0,831575849.884,0.0,0.0,0.0,20230822,20230822,143602213,2.425,0.0,0.0,2.437,2.436,2.435,2.434,2.433,0.0,0.0,0.0,0.0,0.0,2.438,2.439,2.44,2.441,2.442,0.0,0.0,0.0,0.0,0.0,250000.0,1860000.0,4563800.0,1398000.0,1805600.0,0.0,0.0,0.0,0.0,0.0,3647900.0,1793800.0,2857300.0,880600.0,762700.0,0.0,0.0,0.0,0.0,0.0
20230822143605220,SZSE,SZSE.ETF.159633,2.437,2.437,2.444,2.396,0.0,2.668,2.183,343926353.0,250000.0,832185099.884,609250.0,0.0,0.0,20230822,20230822,143605220,2.425,0.0,0.0,2.436,2.435,2.434,2.433,2.432,0.0,0.0,0.0,0.0,0.0,2.437,2.438,2.439,2.44,2.441,0.0,0.0,0.0,0.0,0.0,2187400.0,2110500.0,3124900.0,1805600.0,1509000.0,0.0,0.0,0.0,0.0,0.0,698900.0,2649000.0,2243800.0,2587300.0,1270700.0,0.0,0.0,0.0,0.0,0.0
20230822143608268,SZSE,SZSE.ETF.159633,2.437,2.437,2.444,2.396,0.0,2.668,2.183,343926353.0,0.0,832185099.884,0.0,0.0,0.0,20230822,20230822,143608267,2.425,0.0,0.0,2.436,2.435,2.434,2.433,2.432,0.0,0.0,0.0,0.0,0.0,2.437,2.438,2.439,2.44,2.441,0.0,0.0,0.0,0.0,0.0,1887400.0,1100000.0,3349500.0,2510300.0,1700300.0,0.0,0.0,0.0,0.0,0.0,1598900.0,1999000.0,2663900.0,2224200.0,773200.0,0.0,0.0,0.0,0.0,0.0
20230822143611288,SZSE,SZSE.ETF.159633,2.437,2.437,2.444,2.396,0.0,2.668,2.183,343926353.0,0.0,832185099.884,0.0,0.0,0.0,20230822,20230822,143611286,2.425,0.0,0.0,2.436,2.435,2.434,2.433,2.432,0.0,0.0,0.0,0.0,0.0,2.437,2.438,2.439,2.44,2.441,0.0,0.0,0.0,0.0,0.0,1260000.0,1527400.0,3907300.0,1501400.0,1791500.0,0.0,0.0,0.0,0.0,0.0,2098900.0,2459000.0,2499100.0,2179000.0,1114200.0,0.0,0.0,0.0,0.0,0.0
20230822143614272,SZSE,SZSE.ETF.159633,2.437,2.437,2.444,2.396,0.0,2.668,2.183,343926353.0,0.0,832185099.884,0.0,0.0,0.0,20230822,20230822,143614272,2.425,0.0,0.0,2.436,2.435,2.434,2.433,2.432,0.0,0.0,0.0,0.0,0.0,2.437,2.438,2.439,2.44,2.441,0.0,0.0,0.0,0.0,0.0,60000.0,1727400.0,2811400.0,2497300.0,1891500.0,0.0,0.0,0.0,0.0,0.0,2248900.0,2659000.0,2381200.0,2097000.0,2114200.0,0.0,0.0,0.0,0.0,0.0
20230822143617268,SZSE,SZSE.ETF.159633,2.437,2.437,2.444,2.396,0.0,2.668,2.183,343926353.0,0.0,832185099.884,0.0,0.0,0.0,20230822,20230822,143617269,2.425,0.0,0.0,2.436,2.435,2.434,2.433,2.432,0.0,0.0,0.0,0.0,0.0,2.437,2.438,2.439,2.44,2.441,0.0,0.0,0.0,0.0,0.0,10000.0,1527400.0,2991400.0,2567300.0,1891500.0,0.0,0.0,0.0,0.0,0.0,2248900.0,2509000.0,2451200.0,1977000.0,2114200.0,0.0,0.0,0.0,0.0,0.0
20230822143620280,SZSE,SZSE.ETF.159633,2.436,2.437,2.444,2.396,0.0,2.668,2.183,344126353.0,200000.0,832672299.884,487200.0,0.0,0.0,20230822,20230822,143620280,2.425,0.0,0.0,2.435,2.434,2.433,2.432,2.431,0.0,0.0,0.0,0.0,0.0,2.437,2.438,2.439,2.44,2.441,0.0,0.0,0.0,0.0,0.0,1732400.0,2601400.0,2567300.0,1891500.0,1999000.0,0.0,0.0,0.0,0.0,0.0,2248900.0,2509000.0,2261200.0,1977000.0,2114200.0,0.0,0.0,0.0,0.0,0.0
20230822143638228,SZSE,SZSE.ETF.159633,2.435,2.437,2.444,2.396,0.0,2.668,2.183,344331353.0,205000.0,833171474.884,499175.0,0.0,0.0,20230822,20230822,143638227,2.425,0.0,0.0,2.434,2.433,2.432,2.431,2.43,0.0,0.0,0.0,0.0,0.0,2.435,2.436,2.437,2.438,2.439,0.0,0.0,0.0,0.0,0.0,3177600.0,4010600.0,2259000.0,1831500.0,1856900.0,0.0,0.0,0.0,0.0,0.0,793900.0,1255100.0,2750000.0,1716400.0,1491700.0,0.0,0.0,0.0,0.0,0.0
20230822143641212,SZSE,SZSE.ETF.159633,2.435,2.437,2.444,2.396,0.0,2.668,2.183,344331353.0,0.0,833171474.884,0.0,0.0,0.0,20230822,20230822,143641213,2.425,0.0,0.0,2.434,2.433,2.432,2.431,2.43,0.0,0.0,0.0,0.0,0.0,2.435,2.436,2.437,2.438,2.439,0.0,0.0,0.0,0.0,0.0,2677600.0,2064100.0,3308800.0,986900.0,2048200.0,0.0,0.0,0.0,0.0,0.0,998900.0,1905100.0,1520100.0,1274100.0,1404400.0,0.0,0.0,0.0,0.0,0.0
20230822143644208,SZSE,SZSE.ETF.159633,2.435,2.437,2.444,2.396,0.0,2.668,2.183,344331353.0,0.0,833171474.884,0.0,0.0,0.0,20230822,20230822,143644207,2.425,0.0,0.0,2.434,2.433,2.432,2.431,2.43,0.0,0.0,0.0,0.0,0.0,2.435,2.436,2.437,2.438,2.439,0.0,0.0,0.0,0.0,0.0,687600.0,2314100.0,3308800.0,1395700.0,2089400.0,0.0,0.0,0.0,0.0,0.0,898900.0,1909100.0,1565300.0,1228900.0,1704400.0,0.0,0.0,0.0,0.0,0.0
20230822143647224,SZSE,SZSE.ETF.159633,2.434,2.437,2.444,2.396,0.0,2.668,2.183,344531353.0,200000.0,833658274.884,486800.0,0.0,0.0,20230822,20230822,143647226,2.425,0.0,0.0,2.434,2.433,2.432,2.431,2.43,0.0,0.0,0.0,0.0,0.0,2.435,2.436,2.437,2.438,2.439,0.0,0.0,0.0,0.0,0.0,287600.0,2124100.0,3226500.0,2478000.0,2089400.0,0.0,0.0,0.0,0.0,0.0,1398900.0,1909100.0,1647400.0,956800.0,1704400.0,0.0,0.0,0.0,0.0,0.0
20230822143650208,SZSE,SZSE.ETF.159633,2.434,2.437,2.444,2.396,0.0,2.668,2.183,344531353.0,0.0,833658274.884,0.0,0.0,0.0,20230822,20230822,143650209,2.425,0.0,0.0,2.433,2.432,2.431,2.43,2.429,0.0,0.0,0.0,0.0,0.0,2.435,2.436,2.437,2.438,2.439,0.0,0.0,0.0,0.0,0.0,2124100.0,3862900.0,1469200.0,2139400.0,2004000.0,0.0,0.0,0.0,0.0,0.0,1648900.0,1859100.0,1878500.0,915700.0,1704400.0,0.0,0.0,0.0,0.0,0.0
20230822143653236,SZSE,SZSE.ETF.159633,2.434,2.437,2.444,2.396,0.0,2.668,2.183,344531353.0,0.0,833658274.884,0.0,0.0,0.0,20230822,20230822,143653235,2.425,0.0,0.0,2.433,2.432,2.431,2.43,2.429,0.0,0.0,0.0,0.0,0.0,2.434,2.435,2.436,2.437,2.438,0.0,0.0,0.0,0.0,0.0,2074100.0,2683600.0,2743600.0,2223200.0,1645200.0,0.0,0.0,0.0,0.0,0.0,798900.0,1150000.0,1859100.0,1948500.0,1006300.0,0.0,0.0,0.0,0.0,0.0
20230822143659216,SZSE,SZSE.ETF.159633,2.434,2.437,2.444,2.396,0.0,2.668,2.183,345545253.0,0.0,836126107.484,0.0,0.0,0.0,20230822,20230822,143659218,2.425,0.0,0.0,2.433,2.432,2.431,2.43,2.429,0.0,0.0,0.0,0.0,0.0,2.435,2.436,2.437,2.438,2.439,0.0,0.0,0.0,0.0,0.0,2224100.0,3683600.0,1793600.0,2062000.0,2186400.0,0.0,0.0,0.0,0.0,0.0,1648900.0,2009100.0,1948500.0,936200.0,1464000.0,0.0,0.0,0.0,0.0,0.0
20230822143702232,SZSE,SZSE.ETF.159633,2.434,2.437,2.444,2.396,0.0,2.668,2.183,345545253.0,0.0,836126107.484,0.0,0.0,0.0,20230822,20230822,143702231,2.425,0.0,0.0,2.433,2.432,2.431,2.43,2.429,0.0,0.0,0.0,0.0,0.0,2.434,2.435,2.436,2.437,2.438,0.0,0.0,0.0,0.0,0.0,474100.0,2356000.0,3782200.0,1662000.0,1686400.0,0.0,0.0,0.0,0.0,0.0,898900.0,1500000.0,859100.0,1548500.0,1006300.0,0.0,0.0,0.0,0.0,0.0
20230822143705240,SZSE,SZSE.ETF.159633,2.434,2.437,2.444,2.396,0.0,2.668,2.183,345547253.0,2000.0,836130975.484,4868.0,0.0,0.0,20230822,20230822,143705242,2.425,0.0,0.0,2.433,2.432,2.431,2.43,2.429,0.0,0.0,0.0,0.0,0.0,2.434,2.435,2.436,2.437,2.438,0.0,0.0,0.0,0.0,0.0,474100.0,4543500.0,3570700.0,2486000.0,1786500.0,0.0,0.0,0.0,0.0,0.0,498900.0,1200000.0,961400.0,1833000.0,869700.0,0.0,0.0,0.0,0.0,0.0
20230822143708256,SZSE,SZSE.ETF.159633,2.434,2.437,2.444,2.396,0.0,2.668,2.183,345547253.0,0.0,836130975.484,0.0,0.0,0.0,20230822,20230822,143708258,2.425,0.0,0.0,2.433,2.432,2.431,2.43,2.429,0.0,0.0,0.0,0.0,0.0,2.434,2.435,2.436,2.437,2.438,0.0,0.0,0.0,0.0,0.0,1024100.0,4643500.0,3820700.0,2936000.0,1736500.0,0.0,0.0,0.0,0.0,0.0,898900.0,2250000.0,879200.0,1465100.0,969700.0,0.0,0.0,0.0,0.0,0.0
20230822143711256,SZSE,SZSE.ETF.159633,2.433,2.437,2.444,2.396,0.0,2.668,2.183,345747253.0,200000.0,836617575.484,486600.0,0.0,0.0,20230822,20230822,143711258,2.425,0.0,0.0,2.433,2.432,2.431,2.43,2.429,0.0,0.0,0.0,0.0,0.0,2.435,2.436,2.437,2.438,2.439,0.0,0.0,0.0,0.0,0.0,1661700.0,5275900.0,4249700.0,2536000.0,1236500.0,0.0,0.0,0.0,0.0,0.0,1148900.0,2479200.0,1795100.0,1019600.0,1263900.0,0.0,0.0,0.0,0.0,0.0
20230822143714256,SZSE,SZSE.ETF.159633,2.433,2.437,2.444,2.396,0.0,2.668,2.183,345747253.0,0.0,836617575.484,0.0,0.0,0.0,20230822,20230822,143714254,2.425,0.0,0.0,2.433,2.432,2.431,2.43,2.429,0.0,0.0,0.0,0.0,0.0,2.435,2.436,2.437,2.438,2.439,0.0,0.0,0.0,0.0,0.0,2911700.0,4724400.0,3493000.0,2803200.0,187400.0,0.0,0.0,0.0,0.0,0.0,748900.0,1950200.0,1597400.0,756800.0,1513400.0,0.0,0.0,0.0,0.0,0.0
20230822143717240,SZSE,SZSE.ETF.159633,2.433,2.437,2.444,2.396,0.0,2.668,2.183,345747253.0,0.0,836617575.484,0.0,0.0,0.0,20230822,20230822,143717240,2.425,0.0,0.0,2.434,2.433,2.432,2.431,2.43,0.0,0.0,0.0,0.0,0.0,2.435,2.436,2.437,2.438,2.439,0.0,0.0,0.0,0.0,0.0,400000.0,1962300.0,5806700.0,3550700.0,2803200.0,0.0,0.0,0.0,0.0,0.0,698900.0,1746200.0,1955300.0,1238900.0,1663400.0,0.0,0.0,0.0,0.0,0.0
20230822143729160,SZSE,SZSE.ETF.159633,2.434,2.437,2.444,2.396,0.0,2.668,2.183,345761553.0,300.0,836652381.684,730.2000000476837,0.0,0.0,20230822,20230822,143729162,2.425,0.0,0.0,2.435,2.434,2.433,2.432,2.431,0.0,0.0,0.0,0.0,0.0,2.436,2.437,2.438,2.439,2.44,0.0,0.0,0.0,0.0,0.0,400000.0,2723300.0,5339000.0,5141900.0,2455300.0,0.0,0.0,0.0,0.0,0.0,504000.0,2691100.0,1256400.0,1891600.0,1899400.0,0.0,0.0,0.0,0.0,0.0
20230822143732208,SZSE,SZSE.ETF.159633,2.435,2.437,2.444,2.396,0.0,2.668,2.183,345771553.0,10000.0,836676731.684,24350.0,0.0,0.0,20230822,20230822,143732207,2.425,0.0,0.0,2.435,2.434,2.433,2.432,2.431,0.0,0.0,0.0,0.0,0.0,2.436,2.437,2.438,2.439,2.44,0.0,0.0,0.0,0.0,0.0,390000.0,2773300.0,5599000.0,5218100.0,2400300.0,0.0,0.0,0.0,0.0,0.0,504000.0,2450000.0,1442300.0,1936800.0,1899400.0,0.0,0.0,0.0,0.0,0.0
20230822143735192,SZSE,SZSE.ETF.159633,2.435,2.437,2.444,2.396,0.0,2.668,2.183,345771553.0,0.0,836676731.684,0.0,0.0,0.0,20230822,20230822,143735192,2.425,0.0,0.0,2.435,2.434,2.433,2.432,2.431,0.0,0.0,0.0,0.0,0.0,2.436,2.437,2.438,2.439,2.44,0.0,0.0,0.0,0.0,0.0,1390000.0,1773300.0,6150000.0,5218100.0,1941500.0,0.0,0.0,0.0,0.0,0.0,654000.0,2250000.0,1542300.0,1895700.0,2010500.0,0.0,0.0,0.0,0.0,0.0
20230822143738176,SZSE,SZSE.ETF.159633,2.435,2.437,2.444,2.396,0.0,2.668,2.183,345771553.0,0.0,836676731.684,0.0,0.0,0.0,20230822,20230822,143738178,2.425,0.0,0.0,2.435,2.434,2.433,2.432,2.431,0.0,0.0,0.0,0.0,0.0,2.436,2.437,2.438,2.439,2.44,0.0,0.0,0.0,0.0,0.0,1050000.0,1773300.0,6182300.0,5535800.0,1941500.0,0.0,0.0,0.0,0.0,0.0,1804000.0,1950000.0,1505400.0,1582600.0,2010500.0,0.0,0.0,0.0,0.0,0.0
20230822143741164,SZSE,SZSE.ETF.159633,2.435,2.437,2.444,2.396,0.0,2.668,2.183,345771553.0,0.0,836676731.684,0.0,0.0,0.0,20230822,20230822,143741163,2.425,0.0,0.0,2.435,2.434,2.433,2.432,2.431,0.0,0.0,0.0,0.0,0.0,2.436,2.437,2.438,2.439,2.44,0.0,0.0,0.0,0.0,0.0,50000.0,1235700.0,6537600.0,4069200.0,1991500.0,0.0,0.0,0.0,0.0,0.0,1804000.0,1950000.0,1587500.0,1500500.0,2060500.0,0.0,0.0,0.0,0.0,0.0
20230822143744152,SZSE,SZSE.ETF.159633,2.436,2.437,2.444,2.396,0.0,2.668,2.183,346272453.0,500900.0,837896425.184,1219693.5,0.0,0.0,20230822,20230822,143744153,2.425,0.0,0.0,2.434,2.433,2.432,2.431,2.43,0.0,0.0,0.0,0.0,0.0,2.436,2.437,2.438,2.439,2.44,0.0,0.0,0.0,0.0,0.0,1435700.0,6627600.0,4879200.0,1991500.0,1356900.0,0.0,0.0,0.0,0.0,0.0,1652000.0,2300000.0,1387500.0,1500500.0,2060500.0,0.0,0.0,0.0,0.0,0.0
20230822143747168,SZSE,SZSE.ETF.159633,2.436,2.437,2.444,2.396,0.0,2.668,2.183,346272453.0,0.0,837896425.184,0.0,0.0,0.0,20230822,20230822,143747170,2.425,0.0,0.0,2.434,2.433,2.432,2.431,2.43,0.0,0.0,0.0,0.0,0.0,2.436,2.437,2.438,2.439,2.44,0.0,0.0,0.0,0.0,0.0,1873300.0,5971200.0,4951400.0,1996900.0,1498100.0,0.0,0.0,0.0,0.0,0.0,1404300.0,2600000.0,1388000.0,1491100.0,2019500.0,0.0,0.0,0.0,0.0,0.0
20230822143750152,SZSE,SZSE.ETF.159633,2.436,2.437,2.444,2.396,0.0,2.668,2.183,346272653.0,200.0,837896912.384,487.1999999284744,0.0,0.0,20230822,20230822,143750153,2.425,0.0,0.0,2.435,2.434,2.433,2.432,2.431,0.0,0.0,0.0,0.0,0.0,2.436,2.437,2.438,2.439,2.44,0.0,0.0,0.0,0.0,0.0,837600.0,2435700.0,5570200.0,4643000.0,2414100.0,0.0,0.0,0.0,0.0,0.0,1004100.0,2450000.0,1496400.0,1932700.0,1949400.0,0.0,0.0,0.0,0.0,0.0
20230822143753168,SZSE,SZSE.ETF.159633,2.436,2.437,2.444,2.396,0.0,2.668,2.183,346272653.0,0.0,837896912.384,0.0,0.0,0.0,20230822,20230822,143753169,2.425,0.0,0.0,2.435,2.434,2.433,2.432,2.431,0.0,0.0,0.0,0.0,0.0,2.436,2.437,2.438,2.439,2.44,0.0,0.0,0.0,0.0,0.0,400000.0,2323500.0,6430200.0,4488000.0,1900300.0,0.0,0.0,0.0,0.0,0.0,5200.0,2698900.0,1546400.0,2091600.0,1990400.0,0.0,0.0,0.0,0.0,0.0
20230822143756168,SZSE,SZSE.ETF.159633,2.436,2.437,2.444,2.396,0.0,2.668,2.183,346272653.0,0.0,837896912.384,0.0,0.0,0.0,20230822,20230822,143756170,2.425,0.0,0.0,2.435,2.434,2.433,2.432,2.431,0.0,0.0,0.0,0.0,0.0,2.436,2.437,2.438,2.439,2.44,0.0,0.0,0.0,0.0,0.0,450200.0,2123500.0,6472500.0,4355700.0,2491500.0,0.0,0.0,0.0,0.0,0.0,5200.0,2848900.0,1274300.0,2023700.0,1940400.0,0.0,0.0,0.0,0.0,0.0
20230822143759180,SZSE,SZSE.ETF.159633,2.436,2.437,2.444,2.396,0.0,2.668,2.183,346272653.0,0.0,837896912.384,0.0,0.0,0.0,20230822,20230822,143759179,2.425,0.0,0.0,2.435,2.434,2.433,2.432,2.431,0.0,0.0,0.0,0.0,0.0,2.436,2.437,2.438,2.439,2.44,0.0,0.0,0.0,0.0,0.0,450200.0,2193500.0,6093500.0,4355700.0,1991500.0,0.0,0.0,0.0,0.0,0.0,8200.0,2848900.0,1464300.0,1953700.0,2010400.0,0.0,0.0,0.0,0.0,0.0
20230822143802180,SZSE,SZSE.ETF.159633,2.436,2.437,2.444,2.396,0.0,2.668,2.183,346273053.0,400.0,837897886.784,974.4000000953674,0.0,0.0,20230822,20230822,143802179,2.425,0.0,0.0,2.435,2.434,2.433,2.432,2.431,0.0,0.0,0.0,0.0,0.0,2.436,2.437,2.438,2.439,2.44,0.0,0.0,0.0,0.0,0.0,937800.0,2905900.0,6592500.0,4355700.0,1491500.0,0.0,0.0,0.0,0.0,0.0,7800.0,2848900.0,1464300.0,1953700.0,2010400.0,0.0,0.0,0.0,0.0,0.0
20230822143805152,SZSE,SZSE.ETF.159633,2.436,2.437,2.444,2.396,0.0,2.668,2.183,346273053.0,0.0,837897886.784,0.0,0.0,0.0,20230822,20230822,143805152,2.425,0.0,0.0,2.435,2.434,2.433,2.432,2.431,0.0,0.0,0.0,0.0,0.0,2.436,2.437,2.438,2.439,2.44,0.0,0.0,0.0,0.0,0.0,650200.0,2193500.0,6592500.0,4405700.0,1941500.0,0.0,0.0,0.0,0.0,0.0,7800.0,2848900.0,1419100.0,1998900.0,1810400.0,0.0,0.0,0.0,0.0,0.0
20230822143808200,SZSE,SZSE.ETF.159633,2.435,2.437,2.444,2.396,0.0,2.668,2.183,346274653.0,1600.0,837901782.784,3896.0,0.0,0.0,20230822,20230822,143808198,2.425,0.0,0.0,2.435,2.434,2.433,2.432,2.431,0.0,0.0,0.0,0.0,0.0,2.436,2.437,2.438,2.439,2.44,0.0,0.0,0.0,0.0,0.0,648600.0,2193500.0,6592500.0,4355700.0,1991500.0,0.0,0.0,0.0,0.0,0.0,7800.0,2848900.0,1419100.0,1998900.0,1810400.0,0.0,0.0,0.0,0.0,0.0
20230822143811176,SZSE,SZSE.ETF.159633,2.436,2.437,2.444,2.396,0.0,2.668,2.183,346294353.0,19700.0,837949771.984,47989.199999928474,0.0,0.0,20230822,20230822,143811175,2.425,0.0,0.0,2.435,2.434,2.433,2.432,2.431,0.0,0.0,0.0,0.0,0.0,2.437,2.438,2.439,2.44,2.441,0.0,0.0,0.0,0.0,0.0,648600.0,2193500.0,5762300.0,4396900.0,1991500.0,0.0,0.0,0.0,0.0,0.0,2848900.0,1270200.0,1957800.0,1810400.0,923100.0,0.0,0.0,0.0,0.0,0.0
20230822143814152,SZSE,SZSE.ETF.159633,2.436,2.437,2.444,2.396,0.0,2.668,2.183,346294353.0,0.0,837949771.984,0.0,0.0,0.0,20230822,20230822,143814152,2.425,0.0,0.0,2.435,2.434,2.433,2.432,2.431,0.0,0.0,0.0,0.0,0.0,2.437,2.438,2.439,2.44,2.441,0.0,0.0,0.0,0.0,0.0,648600.0,2293600.0,5961200.0,4338000.0,1941400.0,0.0,0.0,0.0,0.0,0.0,3348900.0,1281100.0,2041800.0,1755400.0,1073200.0,0.0,0.0,0.0,0.0,0.0
20230822143817200,SZSE,SZSE.ETF.159633,2.436,2.437,2.444,2.396,0.0,2.668,2.183,346294353.0,0.0,837949771.984,0.0,0.0,0.0,20230822,20230822,143817198,2.425,0.0,0.0,2.435,2.434,2.433,2.432,2.431,0.0,0.0,0.0,0.0,0.0,2.437,2.438,2.439,2.44,2.441,0.0,0.0,0.0,0.0,0.0,250200.0,2293600.0,6011200.0,4188000.0,2041400.0,0.0,0.0,0.0,0.0,0.0,3348900.0,1281100.0,1591800.0,1925500.0,953100.0,0.0,0.0,0.0,0.0,0.0
20230822143820204,SZSE,SZSE.ETF.159633,2.436,2.437,2.444,2.396,0.0,2.668,2.183,346294353.0,0.0,837949771.984,0.0,0.0,0.0,20230822,20230822,143820205,2.425,0.0,0.0,2.435,2.434,2.433,2.432,2.431,0.0,0.0,0.0,0.0,0.0,2.437,2.438,2.439,2.44,2.441,0.0,0.0,0.0,0.0,0.0,650800.0,2223600.0,6081200.0,4188000.0,2041400.0,0.0,0.0,0.0,0.0,0.0,3348900.0,1326300.0,2016600.0,1855500.0,753100.0,0.0,0.0,0.0,0.0,0.0
20230822143823124,SZSE,SZSE.ETF.159633,2.436,2.437,2.444,2.396,0.0,2.668,2.183,346294353.0,0.0,837949771.984,0.0,0.0,0.0,20230822,20230822,143823124,2.425,0.0,0.0,2.435,2.434,2.433,2.432,2.431,0.0,0.0,0.0,0.0,0.0,2.436,2.437,2.438,2.439,2.44,0.0,0.0,0.0,0.0,0.0,50800.0,2023600.0,6281200.0,4288000.0,2041400.0,0.0,0.0,0.0,0.0,0.0,250000.0,2600000.0,1326300.0,2016600.0,2057200.0,0.0,0.0,0.0,0.0,0.0
20230822143826112,SZSE,SZSE.ETF.159633,2.436,2.437,2.444,2.396,0.0,2.668,2.183,346294353.0,0.0,837949771.984,0.0,0.0,0.0,20230822,20230822,143826111,2.425,0.0,0.0,2.435,2.434,2.433,2.432,2.431,0.0,0.0,0.0,0.0,0.0,2.437,2.438,2.439,2.44,2.441,0.0,0.0,0.0,0.0,0.0,600800.0,2773500.0,5780200.0,4438000.0,2491500.0,0.0,0.0,0.0,0.0,0.0,3198900.0,1696400.0,1941600.0,1842100.0,723100.0,0.0,0.0,0.0,0.0,0.0
20230822143829104,SZSE,SZSE.ETF.159633,2.436,2.437,2.444,2.396,0.0,2.668,2.183,346294353.0,0.0,837949771.984,0.0,0.0,0.0,20230822,20230822,143829104,2.425,0.0,0.0,2.435,2.434,2.433,2.432,2.431,0.0,0.0,0.0,0.0,0.0,2.437,2.438,2.439,2.44,2.441,0.0,0.0,0.0,0.0,0.0,450800.0,3293600.0,4651800.0,3296400.0,2391400.0,0.0,0.0,0.0,0.0,0.0,3348900.0,1281100.0,1950200.0,2118800.0,803100.0,0.0,0.0,0.0,0.0,0.0
20230822143832128,SZSE,SZSE.ETF.159633,2.436,2.437,2.444,2.396,0.0,2.668,2.183,346294353.0,0.0,837949771.984,0.0,0.0,0.0,20230822,20230822,143832128,2.425,0.0,0.0,2.435,2.434,2.433,2.432,2.431,0.0,0.0,0.0,0.0,0.0,2.437,2.438,2.439,2.44,2.441,0.0,0.0,0.0,0.0,0.0,450800.0,3293600.0,4651800.0,3296400.0,2391400.0,0.0,0.0,0.0,0.0,0.0,3348900.0,1281100.0,1950200.0,1968800.0,753100.0,0.0,0.0,0.0,0.0,0.0
20230822143835132,SZSE,SZSE.ETF.159633,2.436,2.437,2.444,2.396,0.0,2.668,2.183,346294353.0,0.0,837949771.984,0.0,0.0,0.0,20230822,20230822,143835133,2.425,0.0,0.0,2.435,2.434,2.433,2.432,2.431,0.0,0.0,0.0,0.0,0.0,2.437,2.438,2.439,2.44,2.441,0.0,0.0,0.0,0.0,0.0,1888400.0,2856000.0,5651800.0,3296400.0,1391400.0,0.0,0.0,0.0,0.0,0.0,1948900.0,1681100.0,1950200.0,1898700.0,1023200.0,0.0,0.0,0.0,0.0,0.0
20230822143838116,SZSE,SZSE.ETF.159633,2.436,2.437,2.444,2.396,0.0,2.668,2.183,346294353.0,0.0,837949771.984,0.0,0.0,0.0,20230822,20230822,143838115,2.425,0.0,0.0,2.435,2.434,2.433,2.432,2.431,0.0,0.0,0.0,0.0,0.0,2.437,2.438,2.439,2.44,2.441,0.0,0.0,0.0,0.0,0.0,2088400.0,3851900.0,4506600.0,3255700.0,1391400.0,0.0,0.0,0.0,0.0,0.0,1948900.0,2409000.0,2073900.0,1807100.0,1073200.0,0.0,0.0,0.0,0.0,0.0
20230822143841124,SZSE,SZSE.ETF.159633,2.436,2.437,2.444,2.396,0.0,2.668,2.183,346294353.0,0.0,837949771.984,0.0,0.0,0.0,20230822,20230822,143841124,2.425,0.0,0.0,2.435,2.434,2.433,2.432,2.431,0.0,0.0,0.0,0.0,0.0,2.437,2.438,2.439,2.44,2.441,0.0,0.0,0.0,0.0,0.0,2050800.0,4239500.0,3288200.0,3214100.0,2391400.0,0.0,0.0,0.0,0.0,0.0,1948900.0,2009000.0,2222300.0,1848700.0,1073200.0,0.0,0.0,0.0,0.0,0.0
20230822143844148,SZSE,SZSE.ETF.159633,2.436,2.437,2.444,2.396,0.0,2.668,2.183,346294353.0,0.0,837949771.984,0.0,0.0,0.0,20230822,20230822,143844148,2.425,0.0,0.0,2.435,2.434,2.433,2.432,2.431,0.0,0.0,0.0,0.0,0.0,2.437,2.438,2.439,2.44,2.441,0.0,0.0,0.0,0.0,0.0,2050800.0,3289500.0,4239200.0,3214100.0,1891400.0,0.0,0.0,0.0,0.0,0.0,2348900.0,2009000.0,2222300.0,1848700.0,1073200.0,0.0,0.0,0.0,0.0,0.0
20230822143847108,SZSE,SZSE.ETF.159633,2.436,2.437,2.444,2.396,0.0,2.668,2.183,346694353.0,400000.0,838924171.984,974400.0,0.0,0.0,20230822,20230822,143847107,2.425,0.0,0.0,2.435,2.434,2.433,2.432,2.431,0.0,0.0,0.0,0.0,0.0,2.437,2.438,2.439,2.44,2.441,0.0,0.0,0.0,0.0,0.0,1050800.0,3289500.0,3696600.0,3655700.0,1891400.0,0.0,0.0,0.0,0.0,0.0,3348900.0,1009000.0,1863900.0,1877200.0,1003100.0,0.0,0.0,0.0,0.0,0.0
20230822143850120,SZSE,SZSE.ETF.159633,2.436,2.437,2.444,2.396,0.0,2.668,2.183,346694353.0,0.0,838924171.984,0.0,0.0,0.0,20230822,20230822,143850122,2.425,0.0,0.0,2.435,2.434,2.433,2.432,2.431,0.0,0.0,0.0,0.0,0.0,2.437,2.438,2.439,2.44,2.441,0.0,0.0,0.0,0.0,0.0,2274900.0,3289500.0,4614300.0,3338000.0,1891400.0,0.0,0.0,0.0,0.0,0.0,3348900.0,1009000.0,2263900.0,1857100.0,1023200.0,0.0,0.0,0.0,0.0,0.0
20230822143853132,SZSE,SZSE.ETF.159633,2.436,2.437,2.444,2.396,0.0,2.668,2.183,346694353.0,0.0,838924171.984,0.0,0.0,0.0,20230822,20230822,143853132,2.425,0.0,0.0,2.435,2.434,2.433,2.432,2.431,0.0,0.0,0.0,0.0,0.0,2.437,2.438,2.439,2.44,2.441,0.0,0.0,0.0,0.0,0.0,2424900.0,4139500.0,3506600.0,2255700.0,2391400.0,0.0,0.0,0.0,0.0,0.0,3198900.0,1159000.0,2073900.0,1857100.0,1023200.0,0.0,0.0,0.0,0.0,0.0
20230822143856120,SZSE,SZSE.ETF.159633,2.436,2.437,2.444,2.396,0.0,2.668,2.183,346694353.0,0.0,838924171.984,0.0,0.0,0.0,20230822,20230822,143856119,2.425,0.0,0.0,2.435,2.434,2.433,2.432,2.431,0.0,0.0,0.0,0.0,0.0,2.436,2.437,2.438,2.439,2.44,0.0,0.0,0.0,0.0,0.0,2274900.0,3219500.0,4317600.0,2255700.0,1891400.0,0.0,0.0,0.0,0.0,0.0,250000.0,3098900.0,1009000.0,2333900.0,1857200.0,0.0,0.0,0.0,0.0,0.0
20230822143859128,SZSE,SZSE.ETF.159633,2.436,2.437,2.444,2.396,0.0,2.668,2.183,346694353.0,0.0,838924171.984,0.0,0.0,0.0,20230822,20230822,143859129,2.425,0.0,0.0,2.435,2.434,2.433,2.432,2.431,0.0,0.0,0.0,0.0,0.0,2.437,2.438,2.439,2.44,2.441,0.0,0.0,0.0,0.0,0.0,2374900.0,3839400.0,3846600.0,2405700.0,2441500.0,0.0,0.0,0.0,0.0,0.0,3448900.0,1179100.0,2138900.0,1712100.0,723100.0,0.0,0.0,0.0,0.0,0.0
20230822145356208,SZSE,SZSE.ETF.159633,2.441,2.437,2.444,2.396,0.0,2.668,2.183,383925244.0,997400.0,929734918.067,2434653.399999976,0.0,0.0,20230822,20230822,145356207,2.425,0.0,0.0,2.441,2.44,2.439,2.438,2.437,0.0,0.0,0.0,0.0,0.0,2.442,2.443,2.444,2.445,2.446,0.0,0.0,0.0,0.0,0.0,260246.0,4011000.0,2175000.0,1781500.0,1332300.0,0.0,0.0,0.0,0.0,0.0,2134600.0,291300.0,2414500.0,621100.0,1644200.0,0.0,0.0,0.0,0.0,0.0
20230822145359168,SZSE,SZSE.ETF.159633,2.441,2.437,2.444,2.396,0.0,2.668,2.183,383925244.0,0.0,929734918.067,0.0,0.0,0.0,20230822,20230822,145359169,2.425,0.0,0.0,2.441,2.44,2.439,2.438,2.437,0.0,0.0,0.0,0.0,0.0,2.442,2.443,2.444,2.445,2.446,0.0,0.0,0.0,0.0,0.0,460246.0,3611000.0,2423900.0,1822600.0,2332300.0,0.0,0.0,0.0,0.0,0.0,1634600.0,721200.0,2715600.0,580200.0,1244200.0,0.0,0.0,0.0,0.0,0.0
20230822145402204,SZSE,SZSE.ETF.159633,2.441,2.437,2.444,2.396,0.0,2.668,2.183,384425244.0,500000.0,930955418.067,1220500.0,0.0,0.0,20230822,20230822,145402205,2.425,0.0,0.0,2.441,2.44,2.439,2.438,2.437,0.0,0.0,0.0,0.0,0.0,2.442,2.443,2.444,2.445,2.446,0.0,0.0,0.0,0.0,0.0,160246.0,3611000.0,2423900.0,1822600.0,2332300.0,0.0,0.0,0.0,0.0,0.0,2134600.0,291300.0,2645500.0,580200.0,1444200.0,0.0,0.0,0.0,0.0,0.0
20230822145405240,SZSE,SZSE.ETF.159633,2.441,2.437,2.444,2.396,0.0,2.668,2.183,384785490.0,360246.0,931834778.553,879360.4859999418,0.0,0.0,20230822,20230822,145405241,2.425,0.0,0.0,2.44,2.439,2.438,2.437,2.436,0.0,0.0,0.0,0.0,0.0,2.441,2.442,2.443,2.444,2.445,0.0,0.0,0.0,0.0,0.0,3611000.0,2423900.0,1822600.0,2332300.0,1680000.0,0.0,0.0,0.0,0.0,0.0,637154.0,2134600.0,291300.0,2645500.0,580200.0,0.0,0.0,0.0,0.0,0.0
20230822145408268,SZSE,SZSE.ETF.159633,2.441,2.437,2.444,2.396,0.0,2.668,2.183,385385490.0,600000.0,933299378.553,1464600.0,0.0,0.0,20230822,20230822,145408268,2.425,0.0,0.0,2.44,2.439,2.438,2.437,2.436,0.0,0.0,0.0,0.0,0.0,2.441,2.442,2.443,2.444,2.445,0.0,0.0,0.0,0.0,0.0,3261000.0,2114600.0,1885300.0,2487700.0,1871200.0,0.0,0.0,0.0,0.0,0.0,537154.0,1630500.0,441300.0,2692100.0,492900.0,0.0,0.0,0.0,0.0,0.0
20230822145411264,SZSE,SZSE.ETF.159633,2.441,2.437,2.444,2.396,0.0,2.668,2.183,385385490.0,0.0,933299378.553,0.0,0.0,0.0,20230822,20230822,145411265,2.425,0.0,0.0,2.44,2.439,2.438,2.437,2.436,0.0,0.0,0.0,0.0,0.0,2.441,2.442,2.443,2.444,2.445,0.0,0.0,0.0,0.0,0.0,4761000.0,1424600.0,1935300.0,2446600.0,1912300.0,0.0,0.0,0.0,0.0,0.0,541254.0,1630500.0,441300.0,2502100.0,633800.0,0.0,0.0,0.0,0.0,0.0
20230822145414232,SZSE,SZSE.ETF.159633,2.441,2.437,2.444,2.396,0.0,2.668,2.183,385385990.0,500.0,933300599.053,1220.5,0.0,0.0,20230822,20230822,145414231,2.425,0.0,0.0,2.44,2.439,2.438,2.437,2.436,0.0,0.0,0.0,0.0,0.0,2.441,2.442,2.443,2.444,2.445,0.0,0.0,0.0,0.0,0.0,4261000.0,1924600.0,2125300.0,2446600.0,1912300.0,0.0,0.0,0.0,0.0,0.0,540754.0,1130500.0,1131300.0,2502100.0,633800.0,0.0,0.0,0.0,0.0,0.0
20230822145417240,SZSE,SZSE.ETF.159633,2.441,2.437,2.444,2.396,0.0,2.668,2.183,385926744.0,540754.0,934620579.567,1319980.5140000582,0.0,0.0,20230822,20230822,145417240,2.425,0.0,0.0,2.441,2.44,2.439,2.438,2.437,0.0,0.0,0.0,0.0,0.0,2.442,2.443,2.444,2.445,2.446,0.0,0.0,0.0,0.0,0.0,477346.0,4261000.0,1924600.0,2125300.0,2446600.0,0.0,0.0,0.0,0.0,0.0,1130500.0,1131300.0,2502100.0,633800.0,1204000.0,0.0,0.0,0.0,0.0,0.0
20230822145420216,SZSE,SZSE.ETF.159633,2.441,2.437,2.444,2.396,0.0,2.668,2.183,385926744.0,0.0,934620579.567,0.0,0.0,0.0,20230822,20230822,145420216,2.425,0.0,0.0,2.441,2.44,2.439,2.438,2.437,0.0,0.0,0.0,0.0,0.0,2.442,2.443,2.444,2.445,2.446,0.0,0.0,0.0,0.0,0.0,477346.0,4761000.0,1833900.0,2012600.0,2291200.0,0.0,0.0,0.0,0.0,0.0,1130500.0,911200.0,2535600.0,621100.0,1303300.0,0.0,0.0,0.0,0.0,0.0
20230822145423192,SZSE,SZSE.ETF.159633,2.441,2.437,2.444,2.396,0.0,2.668,2.183,385926744.0,0.0,934620579.567,0.0,0.0,0.0,20230822,20230822,145423192,2.425,0.0,0.0,2.441,2.44,2.439,2.438,2.437,0.0,0.0,0.0,0.0,0.0,2.442,2.443,2.444,2.445,2.446,0.0,0.0,0.0,0.0,0.0,477346.0,4811000.0,1833900.0,1979700.0,2332300.0,0.0,0.0,0.0,0.0,0.0,1130500.0,911200.0,2535600.0,580200.0,1444200.0,0.0,0.0,0.0,0.0,0.0
20230822145426192,SZSE,SZSE.ETF.159633,2.441,2.437,2.444,2.396,0.0,2.668,2.183,386425444.0,498700.0,935837906.267,1217326.6999999285,0.0,0.0,20230822,20230822,145426190,2.425,0.0,0.0,2.44,2.439,2.438,2.437,2.436,0.0,0.0,0.0,0.0,0.0,2.442,2.443,2.444,2.445,2.446,0.0,0.0,0.0,0.0,0.0,4493700.0,2323900.0,1789700.0,2332300.0,1680000.0,0.0,0.0,0.0,0.0,0.0,1130500.0,721200.0,2725600.0,580200.0,1444200.0,0.0,0.0,0.0,0.0,0.0
20230822145429224,SZSE,SZSE.ETF.159633,2.441,2.437,2.444,2.396,0.0,2.668,2.183,386425444.0,0.0,935837906.267,0.0,0.0,0.0,20230822,20230822,145429224,2.425,0.0,0.0,2.44,2.439,2.438,2.437,2.436,0.0,0.0,0.0,0.0,0.0,2.442,2.443,2.444,2.445,2.446,0.0,0.0,0.0,0.0,0.0,4765000.0,1824700.0,912600.0,2296200.0,1821100.0,0.0,0.0,0.0,0.0,0.0,1130500.0,721200.0,2643700.0,702900.0,1403300.0,0.0,0.0,0.0,0.0,0.0
20230822145432216,SZSE,SZSE.ETF.159633,2.441,2.437,2.444,2.396,0.0,2.668,2.183,386425444.0,0.0,935837906.267,0.0,0.0,0.0,20230822,20230822,145432215,2.425,0.0,0.0,2.44,2.439,2.438,2.437,2.436,0.0,0.0,0.0,0.0,0.0,2.442,2.443,2.444,2.445,2.446,0.0,0.0,0.0,0.0,0.0,4939700.0,1646000.0,2912600.0,1754100.0,862200.0,0.0,0.0,0.0,0.0,0.0,1130500.0,721200.0,2643700.0,702900.0,1403300.0,0.0,0.0,0.0,0.0,0.0
20230822145435216,SZSE,SZSE.ETF.159633,2.441,2.437,2.444,2.396,0.0,2.668,2.183,386425444.0,0.0,935837906.267,0.0,0.0,0.0,20230822,20230822,145435214,2.425,0.0,0.0,2.441,2.44,2.439,2.438,2.437,0.0,0.0,0.0,0.0,0.0,2.442,2.443,2.444,2.445,2.446,0.0,0.0,0.0,0.0,0.0,500000.0,4939700.0,1646000.0,2912600.0,1754100.0,0.0,0.0,0.0,0.0,0.0,1130500.0,721200.0,2643700.0,702900.0,1403300.0,0.0,0.0,0.0,0.0,0.0
20230822145438200,SZSE,SZSE.ETF.159633,2.441,2.437,2.444,2.396,0.0,2.668,2.183,386425444.0,0.0,935837906.267,0.0,0.0,0.0,20230822,20230822,145438202,2.425,0.0,0.0,2.441,2.44,2.439,2.438,2.437,0.0,0.0,0.0,0.0,0.0,2.442,2.443,2.444,2.445,2.446,0.0,0.0,0.0,0.0,0.0,2700000.0,4789700.0,1633900.0,2789700.0,1790200.0,0.0,0.0,0.0,0.0,0.0,1130500.0,721200.0,2465500.0,691200.0,1403300.0,0.0,0.0,0.0,0.0,0.0
20230822145441216,SZSE,SZSE.ETF.159633,2.441,2.437,2.444,2.396,0.0,2.668,2.183,386425444.0,0.0,935837906.267,0.0,0.0,0.0,20230822,20230822,145441217,2.425,0.0,0.0,2.441,2.44,2.439,2.438,2.437,0.0,0.0,0.0,0.0,0.0,2.442,2.443,2.444,2.445,2.446,0.0,0.0,0.0,0.0,0.0,3200000.0,4239700.0,1856000.0,2707600.0,1831300.0,0.0,0.0,0.0,0.0,0.0,1130500.0,721200.0,2573600.0,732100.0,1444200.0,0.0,0.0,0.0,0.0,0.0
20230822145444220,SZSE,SZSE.ETF.159633,2.442,2.437,2.444,2.396,0.0,2.668,2.183,386429544.0,4100.0,935847918.467,10012.200000047684,0.0,0.0,20230822,20230822,145444219,2.425,0.0,0.0,2.441,2.44,2.439,2.438,2.437,0.0,0.0,0.0,0.0,0.0,2.442,2.443,2.444,2.445,2.446,0.0,0.0,0.0,0.0,0.0,2700000.0,4789700.0,1956000.0,2657600.0,1831300.0,0.0,0.0,0.0,0.0,0.0,1126400.0,721200.0,2643700.0,462000.0,1644200.0,0.0,0.0,0.0,0.0,0.0
20230822145447200,SZSE,SZSE.ETF.159633,2.442,2.437,2.444,2.396,0.0,2.668,2.183,386434544.0,5000.0,935860128.467,12210.0,0.0,0.0,20230822,20230822,145447200,2.425,0.0,0.0,2.441,2.44,2.439,2.438,2.437,0.0,0.0,0.0,0.0,0.0,2.442,2.443,2.444,2.445,2.446,0.0,0.0,0.0,0.0,0.0,2700000.0,4789700.0,1947100.0,2716500.0,1831300.0,0.0,0.0,0.0,0.0,0.0,1121400.0,721200.0,2602700.0,552900.0,1644200.0,0.0,0.0,0.0,0.0,0.0
20230822145450184,SZSE,SZSE.ETF.159633,2.442,2.437,2.444,2.396,0.0,2.668,2.183,386434544.0,0.0,935860128.467,0.0,0.0,0.0,20230822,20230822,145450185,2.425,0.0,0.0,2.441,2.44,2.439,2.438,2.437,0.0,0.0,0.0,0.0,0.0,2.442,2.443,2.444,2.445,2.446,0.0,0.0,0.0,0.0,0.0,2700000.0,3789000.0,1947100.0,2400200.0,1831300.0,0.0,0.0,0.0,0.0,0.0,1121400.0,721200.0,2532600.0,573000.0,1644200.0,0.0,0.0,0.0,0.0,0.0
20230822145453192,SZSE,SZSE.ETF.159633,2.442,2.437,2.444,2.396,0.0,2.668,2.183,386434544.0,0.0,935860128.467,0.0,0.0,0.0,20230822,20230822,145453190,2.425,0.0,0.0,2.441,2.44,2.439,2.438,2.437,0.0,0.0,0.0,0.0,0.0,2.442,2.443,2.444,2.445,2.446,0.0,0.0,0.0,0.0,0.0,2700000.0,2960200.0,1757100.0,2400200.0,1831300.0,0.0,0.0,0.0,0.0,0.0,1121400.0,721200.0,2342600.0,573000.0,1644200.0,0.0,0.0,0.0,0.0,0.0
20230822145456184,SZSE,SZSE.ETF.159633,2.442,2.437,2.444,2.396,0.0,2.668,2.183,386434544.0,0.0,935860128.467,0.0,0.0,0.0,20230822,20230822,145456183,2.425,0.0,0.0,2.441,2.44,2.439,2.438,2.437,0.0,0.0,0.0,0.0,0.0,2.442,2.443,2.444,2.445,2.446,0.0,0.0,0.0,0.0,0.0,3200000.0,2438700.0,1947100.0,2400200.0,1831300.0,0.0,0.0,0.0,0.0,0.0,1121400.0,721200.0,2532600.0,573000.0,1644200.0,0.0,0.0,0.0,0.0,0.0
20230822145459180,SZSE,SZSE.ETF.159633,2.442,2.437,2.444,2.396,0.0,2.668,2.183,386434544.0,0.0,935860128.467,0.0,0.0,0.0,20230822,20230822,145459181,2.425,0.0,0.0,2.441,2.44,2.439,2.438,2.437,0.0,0.0,0.0,0.0,0.0,2.442,2.443,2.444,2.445,2.446,0.0,0.0,0.0,0.0,0.0,3200000.0,2438700.0,1997100.0,2350200.0,1831300.0,0.0,0.0,0.0,0.0,0.0,1121400.0,721200.0,2532600.0,573000.0,1644200.0,0.0,0.0,0.0,0.0,0.0
20230822145505316,SZSE,SZSE.ETF.159633,2.442,2.437,2.444,2.396,0.0,2.668,2.183,386435244.0,700.0,935861837.867,1709.3999999761581,0.0,0.0,20230822,20230822,145505316,2.425,0.0,0.0,2.441,2.44,2.439,2.438,2.437,0.0,0.0,0.0,0.0,0.0,2.442,2.443,2.444,2.445,2.446,0.0,0.0,0.0,0.0,0.0,3200000.0,2439500.0,1997100.0,2350200.0,1831300.0,0.0,0.0,0.0,0.0,0.0,1120700.0,721200.0,2532600.0,573000.0,1644200.0,0.0,0.0,0.0,0.0,0.0
20230822145508324,SZSE,SZSE.ETF.159633,2.441,2.437,2.444,2.396,0.0,2.668,2.183,387664244.0,1229000.0,938861826.867,2999989.0,0.0,0.0,20230822,20230822,145508324,2.425,0.0,0.0,2.441,2.44,2.439,2.438,2.437,0.0,0.0,0.0,0.0,0.0,2.442,2.443,2.444,2.445,2.446,0.0,0.0,0.0,0.0,0.0,1471000.0,2939500.0,1947900.0,1350200.0,2332300.0,0.0,0.0,0.0,0.0,0.0,1120700.0,1621200.0,2602700.0,502900.0,1595000.0,0.0,0.0,0.0,0.0,0.0
20230822145511312,SZSE,SZSE.ETF.159633,2.441,2.437,2.444,2.396,0.0,2.668,2.183,387664244.0,0.0,938861826.867,0.0,0.0,0.0,20230822,20230822,145511313,2.425,0.0,0.0,2.441,2.44,2.439,2.438,2.437,0.0,0.0,0.0,0.0,0.0,2.442,2.443,2.444,2.445,2.446,0.0,0.0,0.0,0.0,0.0,1471000.0,2939500.0,1856800.0,1441300.0,2332300.0,0.0,0.0,0.0,0.0,0.0,1120700.0,1621200.0,2643700.0,662000.0,1395000.0,0.0,0.0,0.0,0.0,0.0
20230822145514264,SZSE,SZSE.ETF.159633,2.441,2.437,2.444,2.396,0.0,2.668,2.183,387664244.0,0.0,938861826.867,0.0,0.0,0.0,20230822,20230822,145514262,2.425,0.0,0.0,2.441,2.44,2.439,2.438,2.437,0.0,0.0,0.0,0.0,0.0,2.442,2.443,2.444,2.445,2.446,0.0,0.0,0.0,0.0,0.0,471000.0,2738700.0,2056800.0,441300.0,2332300.0,0.0,0.0,0.0,0.0,0.0,1120700.0,1621300.0,2643700.0,662000.0,1395000.0,0.0,0.0,0.0,0.0,0.0
20230822145517264,SZSE,SZSE.ETF.159633,2.441,2.437,2.444,2.396,0.0,2.668,2.183,387664244.0,0.0,938861826.867,0.0,0.0,0.0,20230822,20230822,145517262,2.425,0.0,0.0,2.441,2.44,2.439,2.438,2.437,0.0,0.0,0.0,0.0,0.0,2.442,2.443,2.444,2.445,2.446,0.0,0.0,0.0,0.0,0.0,471000.0,2738700.0,1974700.0,523400.0,2332300.0,0.0,0.0,0.0,0.0,0.0,1120700.0,1621300.0,2725600.0,580200.0,1395000.0,0.0,0.0,0.0,0.0,0.0
20230822145520216,SZSE,SZSE.ETF.159633,2.441,2.437,2.444,2.396,0.0,2.668,2.183,387664244.0,0.0,938861826.867,0.0,0.0,0.0,20230822,20230822,145520216,2.425,0.0,0.0,2.441,2.44,2.439,2.438,2.437,0.0,0.0,0.0,0.0,0.0,2.442,2.443,2.444,2.445,2.446,0.0,0.0,0.0,0.0,0.0,471000.0,2738700.0,1784700.0,523400.0,2332300.0,0.0,0.0,0.0,0.0,0.0,1120700.0,1621300.0,2535600.0,580200.0,1395000.0,0.0,0.0,0.0,0.0,0.0
20230822145523224,SZSE,SZSE.ETF.159633,2.441,2.437,2.444,2.396,0.0,2.668,2.183,388535244.0,871000.0,940987937.867,2126111.0,0.0,0.0,20230822,20230822,145523226,2.425,0.0,0.0,2.44,2.439,2.438,2.437,2.436,0.0,0.0,0.0,0.0,0.0,2.441,2.442,2.443,2.444,2.445,0.0,0.0,0.0,0.0,0.0,2738700.0,1974700.0,523400.0,2332300.0,1580000.0,0.0,0.0,0.0,0.0,0.0,358000.0,1120700.0,1621300.0,2725600.0,580200.0,0.0,0.0,0.0,0.0,0.0
20230822145526260,SZSE,SZSE.ETF.159633,2.441,2.437,2.444,2.396,0.0,2.668,2.183,388893244.0,358000.0,941861815.867,873878.0,0.0,0.0,20230822,20230822,145526260,2.425,0.0,0.0,2.441,2.44,2.439,2.438,2.437,0.0,0.0,0.0,0.0,0.0,2.442,2.443,2.444,2.445,2.446,0.0,0.0,0.0,0.0,0.0,42000.0,3688700.0,1614600.0,536900.0,2537700.0,0.0,0.0,0.0,0.0,0.0,1120700.0,1841400.0,2692100.0,543700.0,1244900.0,0.0,0.0,0.0,0.0,0.0
20230822145529260,SZSE,SZSE.ETF.159633,2.441,2.437,2.444,2.396,0.0,2.668,2.183,388893244.0,0.0,941861815.867,0.0,0.0,0.0,20230822,20230822,145529261,2.425,0.0,0.0,2.441,2.44,2.439,2.438,2.437,0.0,0.0,0.0,0.0,0.0,2.442,2.443,2.444,2.445,2.446,0.0,0.0,0.0,0.0,0.0,42000.0,3510000.0,2153400.0,523400.0,2291200.0,0.0,0.0,0.0,0.0,0.0,1120700.0,1621300.0,2725600.0,580200.0,1295000.0,0.0,0.0,0.0,0.0,0.0
20230822145532268,SZSE,SZSE.ETF.159633,2.441,2.437,2.444,2.396,0.0,2.668,2.183,388893244.0,0.0,941861815.867,0.0,0.0,0.0,20230822,20230822,145532269,2.425,0.0,0.0,2.441,2.44,2.439,2.438,2.437,0.0,0.0,0.0,0.0,0.0,2.442,2.443,2.444,2.445,2.446,0.0,0.0,0.0,0.0,0.0,42000.0,3738700.0,1974700.0,523400.0,2332300.0,0.0,0.0,0.0,0.0,0.0,1120700.0,1621300.0,2725600.0,580200.0,1395000.0,0.0,0.0,0.0,0.0,0.0
20230822145535204,SZSE,SZSE.ETF.159633,2.442,2.437,2.444,2.396,0.0,2.668,2.183,388901444.0,8200.0,941881840.267,20024.399999976158,0.0,0.0,20230822,20230822,145535204,2.425,0.0,0.0,2.441,2.44,2.439,2.438,2.437,0.0,0.0,0.0,0.0,0.0,2.442,2.443,2.444,2.445,2.446,0.0,0.0,0.0,0.0,0.0,1042000.0,3738700.0,1784700.0,523400.0,2332300.0,0.0,0.0,0.0,0.0,0.0,1612500.0,1121300.0,2535600.0,580200.0,1395000.0,0.0,0.0,0.0,0.0,0.0
20230822145538216,SZSE,SZSE.ETF.159633,2.442,2.437,2.444,2.396,0.0,2.668,2.183,388901444.0,0.0,941881840.267,0.0,0.0,0.0,20230822,20230822,145538218,2.425,0.0,0.0,2.441,2.44,2.439,2.438,2.437,0.0,0.0,0.0,0.0,0.0,2.442,2.443,2.444,2.445,2.446,0.0,0.0,0.0,0.0,0.0,1042000.0,3738700.0,1015800.0,482300.0,2332300.0,0.0,0.0,0.0,0.0,0.0,1612500.0,1121300.0,2684600.0,621100.0,1395000.0,0.0,0.0,0.0,0.0,0.0
20230822145541220,SZSE,SZSE.ETF.159633,2.442,2.437,2.444,2.396,0.0,2.668,2.183,388901444.0,0.0,941881840.267,0.0,0.0,0.0,20230822,20230822,145541221,2.425,0.0,0.0,2.441,2.44,2.439,2.438,2.437,0.0,0.0,0.0,0.0,0.0,2.442,2.443,2.444,2.445,2.446,0.0,0.0,0.0,0.0,0.0,2042000.0,3010000.0,1644500.0,482300.0,2332300.0,0.0,0.0,0.0,0.0,0.0,1612500.0,1321300.0,2484600.0,621100.0,1395000.0,0.0,0.0,0.0,0.0,0.0
20230822145544228,SZSE,SZSE.ETF.159633,2.441,2.437,2.444,2.396,0.0,2.668,2.183,390130444.0,1229000.0,944881829.267,2999989.0,0.0,0.0,20230822,20230822,145544228,2.425,0.0,0.0,2.441,2.44,2.439,2.438,2.437,0.0,0.0,0.0,0.0,0.0,2.442,2.443,2.444,2.445,2.446,0.0,0.0,0.0,0.0,0.0,1022000.0,3060000.0,1776600.0,400200.0,1332300.0,0.0,0.0,0.0,0.0,0.0,1612500.0,1391400.0,2332600.0,702900.0,1395000.0,0.0,0.0,0.0,0.0,0.0
20230822145547240,SZSE,SZSE.ETF.159633,2.441,2.437,2.444,2.396,0.0,2.668,2.183,390130444.0,0.0,944881829.267,0.0,0.0,0.0,20230822,20230822,145547238,2.425,0.0,0.0,2.441,2.44,2.439,2.438,2.437,0.0,0.0,0.0,0.0,0.0,2.442,2.443,2.444,2.445,2.446,0.0,0.0,0.0,0.0,0.0,2022000.0,2060000.0,1453400.0,523400.0,2332300.0,0.0,0.0,0.0,0.0,0.0,1612500.0,1391400.0,2455500.0,580200.0,1395000.0,0.0,0.0,0.0,0.0,0.0
20230822145550240,SZSE,SZSE.ETF.159633,2.441,2.437,2.444,2.396,0.0,2.668,2.183,390130444.0,0.0,944881829.267,0.0,0.0,0.0,20230822,20230822,145550241,2.425,0.0,0.0,2.441,2.44,2.439,2.438,2.437,0.0,0.0,0.0,0.0,0.0,2.442,2.443,2.444,2.445,2.446,0.0,0.0,0.0,0.0,0.0,2022000.0,2060000.0,1535500.0,441300.0,332300.0,0.0,0.0,0.0,0.0,0.0,1612500.0,1391400.0,2573600.0,462000.0,1395000.0,0.0,0.0,0.0,0.0,0.0
20230822145553232,SZSE,SZSE.ETF.159633,2.442,2.437,2.444,2.396,0.0,2.668,2.183,390184244.0,53800.0,945013208.867,131379.60000002384,0.0,0.0,20230822,20230822,145553234,2.425,0.0,0.0,2.441,2.44,2.439,2.438,2.437,0.0,0.0,0.0,0.0,0.0,2.442,2.443,2.444,2.445,2.446,0.0,0.0,0.0,0.0,0.0,2022000.0,1060000.0,1335500.0,591300.0,2332300.0,0.0,0.0,0.0,0.0,0.0,1558700.0,1321300.0,2643700.0,412000.0,1395000.0,0.0,0.0,0.0,0.0,0.0
20230822145556204,SZSE,SZSE.ETF.159633,2.442,2.437,2.444,2.396,0.0,2.668,2.183,390184244.0,0.0,945013208.867,0.0,0.0,0.0,20230822,20230822,145556205,2.425,0.0,0.0,2.441,2.44,2.439,2.438,2.437,0.0,0.0,0.0,0.0,0.0,2.442,2.443,2.444,2.445,2.446,0.0,0.0,0.0,0.0,0.0,3022000.0,1060000.0,1376600.0,550200.0,2332300.0,0.0,0.0,0.0,0.0,0.0,1558700.0,1191400.0,2532600.0,652900.0,1395000.0,0.0,0.0,0.0,0.0,0.0
20230822145559232,SZSE,SZSE.ETF.159633,2.442,2.437,2.444,2.396,0.0,2.668,2.183,390184244.0,0.0,945013208.867,0.0,0.0,0.0,20230822,20230822,145559230,2.425,0.0,0.0,2.441,2.44,2.439,2.438,2.437,0.0,0.0,0.0,0.0,0.0,2.442,2.443,2.444,2.445,2.446,0.0,0.0,0.0,0.0,0.0,3022000.0,1060000.0,1426600.0,500200.0,332300.0,0.0,0.0,0.0,0.0,0.0,1558700.0,1391400.0,2332600.0,652900.0,1395000.0,0.0,0.0,0.0,0.0,0.0
20230822145602256,SZSE,SZSE.ETF.159633,2.442,2.437,2.444,2.396,0.0,2.668,2.183,390184244.0,0.0,945013208.867,0.0,0.0,0.0,20230822,20230822,145602258,2.425,0.0,0.0,2.441,2.44,2.439,2.438,2.437,0.0,0.0,0.0,0.0,0.0,2.442,2.443,2.444,2.445,2.446,0.0,0.0,0.0,0.0,0.0,3022000.0,1060000.0,1195500.0,500200.0,332300.0,0.0,0.0,0.0,0.0,0.0,1558700.0,1391400.0,2342600.0,412000.0,1395000.0,0.0,0.0,0.0,0.0,0.0
20230822145605308,SZSE,SZSE.ETF.159633,2.441,2.437,2.444,2.396,0.0,2.668,2.183,391167444.0,983200.0,947413200.067,2399991.2000000477,0.0,0.0,20230822,20230822,145605307,2.425,0.0,0.0,2.441,2.44,2.439,2.438,2.437,0.0,0.0,0.0,0.0,0.0,2.442,2.443,2.444,2.445,2.446,0.0,0.0,0.0,0.0,0.0,3038800.0,1060000.0,1135500.0,458700.0,332300.0,0.0,0.0,0.0,0.0,0.0,1558700.0,1391400.0,2282600.0,370500.0,1395000.0,0.0,0.0,0.0,0.0,0.0
20230822145608296,SZSE,SZSE.ETF.159633,2.441,2.437,2.444,2.396,0.0,2.668,2.183,391167444.0,0.0,947413200.067,0.0,0.0,0.0,20230822,20230822,145608298,2.425,0.0,0.0,2.441,2.44,2.439,2.438,2.437,0.0,0.0,0.0,0.0,0.0,2.442,2.443,2.444,2.445,2.446,0.0,0.0,0.0,0.0,0.0,4038800.0,1060000.0,1325500.0,558700.0,332300.0,0.0,0.0,0.0,0.0,0.0,1558700.0,1391400.0,2472600.0,370500.0,1395000.0,0.0,0.0,0.0,0.0,0.0
20230822145611280,SZSE,SZSE.ETF.159633,2.441,2.437,2.444,2.396,0.0,2.668,2.183,391167444.0,0.0,947413200.067,0.0,0.0,0.0,20230822,20230822,145611279,2.425,0.0,0.0,2.441,2.44,2.439,2.438,2.437,0.0,0.0,0.0,0.0,0.0,2.442,2.443,2.444,2.445,2.446,0.0,0.0,0.0,0.0,0.0,4038800.0,1060000.0,1225500.0,558700.0,332300.0,0.0,0.0,0.0,0.0,0.0,1558700.0,1391400.0,2272600.0,570500.0,1195000.0,0.0,0.0,0.0,0.0,0.0
20230822145614260,SZSE,SZSE.ETF.159633,2.441,2.437,2.444,2.396,0.0,2.668,2.183,391167444.0,0.0,947413200.067,0.0,0.0,0.0,20230822,20230822,145614260,2.425,0.0,0.0,2.441,2.44,2.439,2.438,2.437,0.0,0.0,0.0,0.0,0.0,2.442,2.443,2.444,2.445,2.446,0.0,0.0,0.0,0.0,0.0,4043200.0,1060000.0,1225500.0,558700.0,1332300.0,0.0,0.0,0.0,0.0,0.0,1558700.0,1191400.0,2672600.0,370500.0,1195000.0,0.0,0.0,0.0,0.0,0.0
20230822145617260,SZSE,SZSE.ETF.159633,2.441,2.437,2.444,2.396,0.0,2.668,2.183,391167444.0,0.0,947413200.067,0.0,0.0,0.0,20230822,20230822,145617261,2.425,0.0,0.0,2.441,2.44,2.439,2.438,2.437,0.0,0.0,0.0,0.0,0.0,2.442,2.443,2.444,2.445,2.446,0.0,0.0,0.0,0.0,0.0,4043200.0,1338700.0,1046800.0,558700.0,332300.0,0.0,0.0,0.0,0.0,0.0,1558700.0,1191400.0,2672600.0,370500.0,1195000.0,0.0,0.0,0.0,0.0,0.0
20230822145620236,SZSE,SZSE.ETF.159633,2.441,2.437,2.444,2.396,0.0,2.668,2.183,391167444.0,0.0,947413200.067,0.0,0.0,0.0,20230822,20230822,145620236,2.425,0.0,0.0,2.441,2.44,2.439,2.438,2.437,0.0,0.0,0.0,0.0,0.0,2.442,2.443,2.444,2.445,2.446,0.0,0.0,0.0,0.0,0.0,4043200.0,1338700.0,1246800.0,358700.0,332300.0,0.0,0.0,0.0,0.0,0.0,1558700.0,1191400.0,2472600.0,570500.0,1195000.0,0.0,0.0,0.0,0.0,0.0
20230822145623224,SZSE,SZSE.ETF.159633,2.441,2.437,2.444,2.396,0.0,2.668,2.183,391167444.0,0.0,947413200.067,0.0,0.0,0.0,20230822,20230822,145623225,2.425,0.0,0.0,2.441,2.44,2.439,2.438,2.437,0.0,0.0,0.0,0.0,0.0,2.442,2.443,2.444,2.445,2.446,0.0,0.0,0.0,0.0,0.0,4043200.0,1338700.0,546800.0,558700.0,332300.0,0.0,0.0,0.0,0.0,0.0,1067900.0,1191400.0,2672600.0,370500.0,1195000.0,0.0,0.0,0.0,0.0,0.0
20230822145626232,SZSE,SZSE.ETF.159633,2.441,2.437,2.444,2.396,0.0,2.668,2.183,391167444.0,0.0,947413200.067,0.0,0.0,0.0,20230822,20230822,145626230,2.425,0.0,0.0,2.441,2.44,2.439,2.438,2.437,0.0,0.0,0.0,0.0,0.0,2.442,2.443,2.444,2.445,2.446,0.0,0.0,0.0,0.0,0.0,4043200.0,1338700.0,546800.0,558700.0,332300.0,0.0,0.0,0.0,0.0,0.0,1068000.0,1191400.0,2472600.0,570500.0,1195000.0,0.0,0.0,0.0,0.0,0.0
20230822145632232,SZSE,SZSE.ETF.159633,2.441,2.437,2.444,2.396,0.0,2.668,2.183,391167444.0,0.0,947413200.067,0.0,0.0,0.0,20230822,20230822,145632233,2.425,0.0,0.0,2.441,2.44,2.439,2.438,2.437,0.0,0.0,0.0,0.0,0.0,2.442,2.443,2.444,2.445,2.446,0.0,0.0,0.0,0.0,0.0,3043200.0,1338700.0,356800.0,558700.0,332400.0,0.0,0.0,0.0,0.0,0.0,1567915.0,1191400.0,2282600.0,570500.0,1195000.0,0.0,0.0,0.0,0.0,0.0
