time,exchg,code,price,open,high,low,settle_price,upper_limit,lower_limit,total_volume,volume,total_turnover,turnover,open_interest,diff_interest,trading_date,action_date,action_time,pre_close,pre_settle,pre_interest,bid_price_0,bid_price_1,bid_price_2,bid_price_3,bid_price_4,bid_price_5,bid_price_6,bid_price_7,bid_price_8,bid_price_9,ask_price_0,ask_price_1,ask_price_2,ask_price_3,ask_price_4,ask_price_5,ask_price_6,ask_price_7,ask_price_8,ask_price_9,bid_qty_0,bid_qty_1,bid_qty_2,bid_qty_3,bid_qty_4,bid_qty_5,bid_qty_6,bid_qty_7,bid_qty_8,bid_qty_9,ask_qty_0,ask_qty_1,ask_qty_2,ask_qty_3,ask_qty_4,ask_qty_5,ask_qty_6,ask_qty_7,ask_qty_8,ask_qty_9
20230822142532216,SZSE,SZSE.ETF.159845,2.451,2.451,2.46,2.41,0.0,2.685,2.197,681089533.0,100.0,1658656189.409,245.09999990463257,0.0,0.0,20230822,20230822,142532217,2.441,0.0,0.0,2.451,2.45,2.449,2.448,2.447,0.0,0.0,0.0,0.0,0.0,2.452,2.453,2.454,2.455,2.456,0.0,0.0,0.0,0.0,0.0,2413300.0,4032300.0,5809500.0,2529300.0,1463500.0,0.0,0.0,0.0,0.0,0.0,3914200.0,1564000.0,810000.0,848474.0,362200.0,0.0,0.0,0.0,0.0,0.0
20230822142535240,SZSE,SZSE.ETF.159845,2.451,2.451,2.46,2.41,0.0,2.685,2.197,681089533.0,0.0,1658656189.409,0.0,0.0,0.0,20230822,20230822,142535238,2.441,0.0,0.0,2.451,2.45,2.449,2.448,2.447,0.0,0.0,0.0,0.0,0.0,2.452,2.453,2.454,2.455,2.456,0.0,0.0,0.0,0.0,0.0,2476000.0,3803200.0,3569500.0,1829300.0,1463500.0,0.0,0.0,0.0,0.0,0.0,1986200.0,3061100.0,760000.0,848474.0,362200.0,0.0,0.0,0.0,0.0,0.0
20230822142538240,SZSE,SZSE.ETF.159845,2.451,2.451,2.46,2.41,0.0,2.685,2.197,681089533.0,0.0,1658656189.409,0.0,0.0,0.0,20230822,20230822,142538242,2.441,0.0,0.0,2.451,2.45,2.449,2.448,2.447,0.0,0.0,0.0,0.0,0.0,2.452,2.453,2.454,2.455,2.456,0.0,0.0,0.0,0.0,0.0,5456700.0,2203200.0,4065500.0,1694300.0,1463500.0,0.0,0.0,0.0,0.0,0.0,2586200.0,3061100.0,775000.0,998474.0,362200.0,0.0,0.0,0.0,0.0,0.0
20230822142541208,SZSE,SZSE.ETF.159845,2.451,2.451,2.46,2.41,0.0,2.685,2.197,681089533.0,0.0,1658656189.409,0.0,0.0,0.0,20230822,20230822,142541207,2.441,0.0,0.0,2.451,2.45,2.449,2.448,2.447,0.0,0.0,0.0,0.0,0.0,2.452,2.453,2.454,2.455,2.456,0.0,0.0,0.0,0.0,0.0,5456700.0,3415200.0,4053500.0,1644300.0,1413500.0,0.0,0.0,0.0,0.0,0.0,1986200.0,1849100.0,2037000.0,948474.0,362200.0,0.0,0.0,0.0,0.0,0.0
20230822142544208,SZSE,SZSE.ETF.159845,2.451,2.451,2.46,2.41,0.0,2.685,2.197,681101733.0,12200.0,1658686091.609,29902.200000047684,0.0,0.0,20230822,20230822,142544207,2.441,0.0,0.0,2.451,2.45,2.449,2.448,2.447,0.0,0.0,0.0,0.0,0.0,2.452,2.453,2.454,2.455,2.456,0.0,0.0,0.0,0.0,0.0,6104500.0,3343200.0,4065500.0,1604300.0,963500.0,0.0,0.0,0.0,0.0,0.0,496000.0,2234100.0,2466000.0,1733474.0,362200.0,0.0,0.0,0.0,0.0,0.0
20230822142547232,SZSE,SZSE.ETF.159845,2.452,2.451,2.46,2.41,0.0,2.685,2.197,681201733.0,100000.0,1658931291.609,245200.0,0.0,0.0,20230822,20230822,142547230,2.441,0.0,0.0,2.452,2.451,2.45,2.449,2.448,0.0,0.0,0.0,0.0,0.0,2.453,2.454,2.455,2.456,2.457,0.0,0.0,0.0,0.0,0.0,1300000.0,5368600.0,3893200.0,3465500.0,1604300.0,0.0,0.0,0.0,0.0,0.0,1525000.0,1663100.0,2833474.0,1062200.0,263500.0,0.0,0.0,0.0,0.0,0.0
20230822142844224,SZSE,SZSE.ETF.159845,2.456,2.451,2.46,2.41,0.0,2.685,2.197,684813766.0,6100.0,1667790755.988,14981.599999904633,0.0,0.0,20230822,20230822,142844226,2.441,0.0,0.0,2.456,2.455,2.454,2.453,2.452,0.0,0.0,0.0,0.0,0.0,2.457,2.458,2.459,2.46,2.461,0.0,0.0,0.0,0.0,0.0,1648700.0,2012000.0,3119900.0,4005300.0,2791700.0,0.0,0.0,0.0,0.0,0.0,3061100.0,2277000.0,1274700.0,884890.0,349100.0,0.0,0.0,0.0,0.0,0.0
20230822142847228,SZSE,SZSE.ETF.159845,2.456,2.451,2.46,2.41,0.0,2.685,2.197,684813766.0,0.0,1667790755.988,0.0,0.0,0.0,20230822,20230822,142847228,2.441,0.0,0.0,2.456,2.455,2.454,2.453,2.452,0.0,0.0,0.0,0.0,0.0,2.457,2.458,2.459,2.46,2.461,0.0,0.0,0.0,0.0,0.0,1943800.0,2507100.0,3665900.0,4505300.0,2691700.0,0.0,0.0,0.0,0.0,0.0,2961100.0,2277000.0,1324700.0,934890.0,299100.0,0.0,0.0,0.0,0.0,0.0
20230822142850200,SZSE,SZSE.ETF.159845,2.456,2.451,2.46,2.41,0.0,2.685,2.197,684813766.0,0.0,1667790755.988,0.0,0.0,0.0,20230822,20230822,142850201,2.441,0.0,0.0,2.456,2.455,2.454,2.453,2.452,0.0,0.0,0.0,0.0,0.0,2.457,2.458,2.459,2.46,2.461,0.0,0.0,0.0,0.0,0.0,1943800.0,1519100.0,3603900.0,4405300.0,2691700.0,0.0,0.0,0.0,0.0,0.0,2961100.0,2265000.0,1286700.0,934890.0,299100.0,0.0,0.0,0.0,0.0,0.0
20230822142853212,SZSE,SZSE.ETF.159845,2.456,2.451,2.46,2.41,0.0,2.685,2.197,684815766.0,2000.0,1667795667.988,4912.0,0.0,0.0,20230822,20230822,142853212,2.441,0.0,0.0,2.456,2.455,2.454,2.453,2.452,0.0,0.0,0.0,0.0,0.0,2.457,2.458,2.459,2.46,2.461,0.0,0.0,0.0,0.0,0.0,446800.0,1684100.0,3157900.0,5405300.0,2591700.0,0.0,0.0,0.0,0.0,0.0,3918200.0,1752800.0,846700.0,699890.0,299100.0,0.0,0.0,0.0,0.0,0.0
20230822142856236,SZSE,SZSE.ETF.159845,2.456,2.451,2.46,2.41,0.0,2.685,2.197,684815866.0,100.0,1667795913.588,245.60000014305115,0.0,0.0,20230822,20230822,142856236,2.441,0.0,0.0,2.456,2.455,2.454,2.453,2.452,0.0,0.0,0.0,0.0,0.0,2.457,2.458,2.459,2.46,2.461,0.0,0.0,0.0,0.0,0.0,646700.0,2024000.0,2247900.0,5415300.0,2591700.0,0.0,0.0,0.0,0.0,0.0,2465100.0,3085900.0,1526700.0,699890.0,299100.0,0.0,0.0,0.0,0.0,0.0
20230822142859204,SZSE,SZSE.ETF.159845,2.457,2.451,2.46,2.41,0.0,2.685,2.197,684825866.0,10000.0,1667820483.588,24570.0,0.0,0.0,20230822,20230822,142859204,2.441,0.0,0.0,2.456,2.455,2.454,2.453,2.452,0.0,0.0,0.0,0.0,0.0,2.457,2.458,2.459,2.46,2.461,0.0,0.0,0.0,0.0,0.0,1951800.0,1519100.0,3293900.0,4215300.0,2591700.0,0.0,0.0,0.0,0.0,0.0,1855100.0,3685900.0,1476700.0,934990.0,299100.0,0.0,0.0,0.0,0.0,0.0
20230822142902196,SZSE,SZSE.ETF.159845,2.457,2.451,2.46,2.41,0.0,2.685,2.197,684825866.0,0.0,1667820483.588,0.0,0.0,0.0,20230822,20230822,142902196,2.441,0.0,0.0,2.456,2.455,2.454,2.453,2.452,0.0,0.0,0.0,0.0,0.0,2.457,2.458,2.459,2.46,2.461,0.0,0.0,0.0,0.0,0.0,3211800.0,1519100.0,2143900.0,4215300.0,2691700.0,0.0,0.0,0.0,0.0,0.0,1902000.0,3685900.0,1476700.0,849990.0,299100.0,0.0,0.0,0.0,0.0,0.0
20230822142905224,SZSE,SZSE.ETF.159845,2.457,2.451,2.46,2.41,0.0,2.685,2.197,684826966.0,1100.0,1667823186.288,2702.7000000476837,0.0,0.0,20230822,20230822,142905226,2.441,0.0,0.0,2.456,2.455,2.454,2.453,2.452,0.0,0.0,0.0,0.0,0.0,2.457,2.458,2.459,2.46,2.461,0.0,0.0,0.0,0.0,0.0,1952900.0,1567100.0,3093900.0,4215300.0,2591700.0,0.0,0.0,0.0,0.0,0.0,1300900.0,3085900.0,2676700.0,849990.0,299100.0,0.0,0.0,0.0,0.0,0.0
20230822142908264,SZSE,SZSE.ETF.159845,2.457,2.451,2.46,2.41,0.0,2.685,2.197,684883066.0,56100.0,1667961023.888,137837.59999990463,0.0,0.0,20230822,20230822,142908262,2.441,0.0,0.0,2.457,2.456,2.455,2.454,2.453,0.0,0.0,0.0,0.0,0.0,2.458,2.459,2.46,2.461,2.462,0.0,0.0,0.0,0.0,0.0,1294100.0,2562700.0,2017100.0,2538900.0,4715300.0,0.0,0.0,0.0,0.0,0.0,2058700.0,2798900.0,2232190.0,299100.0,201800.0,0.0,0.0,0.0,0.0,0.0
20230822142911256,SZSE,SZSE.ETF.159845,2.457,2.451,2.46,2.41,0.0,2.685,2.197,684887066.0,4000.0,1667970851.888,9828.0,0.0,0.0,20230822,20230822,142911256,2.441,0.0,0.0,2.457,2.456,2.455,2.454,2.453,0.0,0.0,0.0,0.0,0.0,2.458,2.459,2.46,2.461,2.462,0.0,0.0,0.0,0.0,0.0,1890000.0,2016300.0,2913100.0,2547100.0,4073900.0,0.0,0.0,0.0,0.0,0.0,1421000.0,3578100.0,1436190.0,667500.0,296700.0,0.0,0.0,0.0,0.0,0.0
20230822142914236,SZSE,SZSE.ETF.159845,2.457,2.451,2.46,2.41,0.0,2.685,2.197,684887066.0,0.0,1667970851.888,0.0,0.0,0.0,20230822,20230822,142914237,2.441,0.0,0.0,2.457,2.456,2.455,2.454,2.453,0.0,0.0,0.0,0.0,0.0,2.458,2.459,2.46,2.461,2.462,0.0,0.0,0.0,0.0,0.0,2560000.0,2616300.0,1663100.0,4047100.0,2973900.0,0.0,0.0,0.0,0.0,0.0,1421300.0,2978400.0,1386490.0,852500.0,296700.0,0.0,0.0,0.0,0.0,0.0
20230822142917224,SZSE,SZSE.ETF.159845,2.457,2.451,2.46,2.41,0.0,2.685,2.197,684887066.0,0.0,1667970851.888,0.0,0.0,0.0,20230822,20230822,142917226,2.441,0.0,0.0,2.457,2.456,2.455,2.454,2.453,0.0,0.0,0.0,0.0,0.0,2.458,2.459,2.46,2.461,2.462,0.0,0.0,0.0,0.0,0.0,3551500.0,2066300.0,1173100.0,4047100.0,3073900.0,0.0,0.0,0.0,0.0,0.0,221400.0,2136200.0,2908890.0,1812500.0,296700.0,0.0,0.0,0.0,0.0,0.0
20230822142920224,SZSE,SZSE.ETF.159845,2.458,2.451,2.46,2.41,0.0,2.685,2.197,685109466.0,222400.0,1668517510.088,546658.2000000477,0.0,0.0,20230822,20230822,142920222,2.441,0.0,0.0,2.458,2.457,2.456,2.455,2.454,0.0,0.0,0.0,0.0,0.0,2.459,2.46,2.461,2.462,2.463,0.0,0.0,0.0,0.0,0.0,474800.0,2982800.0,2066300.0,1683100.0,3857100.0,0.0,0.0,0.0,0.0,0.0,1930200.0,2804890.0,2067500.0,296700.0,270000.0,0.0,0.0,0.0,0.0,0.0
20230822142923264,SZSE,SZSE.ETF.159845,2.458,2.451,2.46,2.41,0.0,2.685,2.197,685122166.0,12700.0,1668548726.688,31216.599999904633,0.0,0.0,20230822,20230822,142923262,2.441,0.0,0.0,2.458,2.457,2.456,2.455,2.454,0.0,0.0,0.0,0.0,0.0,2.459,2.46,2.461,2.462,2.463,0.0,0.0,0.0,0.0,0.0,1504400.0,904100.0,1662300.0,3994300.0,3215700.0,0.0,0.0,0.0,0.0,0.0,2268200.0,3177890.0,1261300.0,715100.0,364800.0,0.0,0.0,0.0,0.0,0.0
20230822142926252,SZSE,SZSE.ETF.159845,2.459,2.451,2.46,2.41,0.0,2.685,2.197,685124166.0,2000.0,1668553644.688,4918.0,0.0,0.0,20230822,20230822,142926252,2.441,0.0,0.0,2.458,2.457,2.456,2.455,2.454,0.0,0.0,0.0,0.0,0.0,2.459,2.46,2.461,2.462,2.463,0.0,0.0,0.0,0.0,0.0,464600.0,1904100.0,2428300.0,3129300.0,3715700.0,0.0,0.0,0.0,0.0,0.0,2626200.0,3199890.0,1311300.0,565100.0,364800.0,0.0,0.0,0.0,0.0,0.0
20230822142929224,SZSE,SZSE.ETF.159845,2.458,2.451,2.46,2.41,0.0,2.685,2.197,685127166.0,3000.0,1668561018.688,7374.0,0.0,0.0,20230822,20230822,142929223,2.441,0.0,0.0,2.458,2.457,2.456,2.455,2.454,0.0,0.0,0.0,0.0,0.0,2.459,2.46,2.461,2.462,2.463,0.0,0.0,0.0,0.0,0.0,1920300.0,916100.0,1662300.0,3594300.0,4315700.0,0.0,0.0,0.0,0.0,0.0,2566600.0,3277890.0,1273300.0,565100.0,364800.0,0.0,0.0,0.0,0.0,0.0
20230822142932224,SZSE,SZSE.ETF.159845,2.459,2.451,2.46,2.41,0.0,2.685,2.197,685139266.0,12100.0,1668590772.588,29753.900000095367,0.0,0.0,20230822,20230822,142932224,2.441,0.0,0.0,2.458,2.457,2.456,2.455,2.454,0.0,0.0,0.0,0.0,0.0,2.459,2.46,2.461,2.462,2.463,0.0,0.0,0.0,0.0,0.0,1911900.0,2221000.0,2312300.0,2294300.0,3468600.0,0.0,0.0,0.0,0.0,0.0,2954500.0,2780890.0,1323300.0,565100.0,364800.0,0.0,0.0,0.0,0.0,0.0
20230822142935228,SZSE,SZSE.ETF.159845,2.459,2.451,2.46,2.41,0.0,2.685,2.197,685148166.0,8900.0,1668612657.188,21884.599999904633,0.0,0.0,20230822,20230822,142935227,2.441,0.0,0.0,2.458,2.457,2.456,2.455,2.454,0.0,0.0,0.0,0.0,0.0,2.459,2.46,2.461,2.462,2.463,0.0,0.0,0.0,0.0,0.0,1916400.0,916100.0,2912300.0,2104300.0,3463900.0,0.0,0.0,0.0,0.0,0.0,2940400.0,2590890.0,1323300.0,665100.0,364800.0,0.0,0.0,0.0,0.0,0.0
20230822142938236,SZSE,SZSE.ETF.159845,2.459,2.451,2.46,2.41,0.0,2.685,2.197,685158266.0,10100.0,1668637493.088,24835.900000095367,0.0,0.0,20230822,20230822,142938235,2.441,0.0,0.0,2.458,2.457,2.456,2.455,2.454,0.0,0.0,0.0,0.0,0.0,2.459,2.46,2.461,2.462,2.463,0.0,0.0,0.0,0.0,0.0,1931000.0,1516100.0,3052300.0,2104300.0,2963900.0,0.0,0.0,0.0,0.0,0.0,1711000.0,3590890.0,1463300.0,665100.0,364800.0,0.0,0.0,0.0,0.0,0.0
20230822142941244,SZSE,SZSE.ETF.159845,2.459,2.451,2.46,2.41,0.0,2.685,2.197,685162866.0,4600.0,1668648804.488,11311.399999856949,0.0,0.0,20230822,20230822,142941245,2.441,0.0,0.0,2.458,2.457,2.456,2.455,2.454,0.0,0.0,0.0,0.0,0.0,2.459,2.46,2.461,2.462,2.463,0.0,0.0,0.0,0.0,0.0,2548800.0,2116100.0,1902300.0,2054300.0,3413900.0,0.0,0.0,0.0,0.0,0.0,2918900.0,2590890.0,1463300.0,715100.0,314800.0,0.0,0.0,0.0,0.0,0.0
20230822142944224,SZSE,SZSE.ETF.159845,2.459,2.451,2.46,2.41,0.0,2.685,2.197,685162866.0,0.0,1668648804.488,0.0,0.0,0.0,20230822,20230822,142944222,2.441,0.0,0.0,2.458,2.457,2.456,2.455,2.454,0.0,0.0,0.0,0.0,0.0,2.459,2.46,2.461,2.462,2.463,0.0,0.0,0.0,0.0,0.0,2480700.0,2166100.0,1852300.0,2104300.0,3463900.0,0.0,0.0,0.0,0.0,0.0,2918900.0,2598990.0,1513300.0,665100.0,364800.0,0.0,0.0,0.0,0.0,0.0
20230822142947228,SZSE,SZSE.ETF.159845,2.459,2.451,2.46,2.41,0.0,2.685,2.197,686162866.0,1000000.0,1671107804.488,2459000.0,0.0,0.0,20230822,20230822,142947229,2.441,0.0,0.0,2.458,2.457,2.456,2.455,2.454,0.0,0.0,0.0,0.0,0.0,2.459,2.46,2.461,2.462,2.463,0.0,0.0,0.0,0.0,0.0,1780800.0,916100.0,1852300.0,2204300.0,3463900.0,0.0,0.0,0.0,0.0,0.0,1820400.0,3198990.0,2063300.0,565500.0,364900.0,0.0,0.0,0.0,0.0,0.0
20230822142950232,SZSE,SZSE.ETF.159845,2.459,2.451,2.46,2.41,0.0,2.685,2.197,686173666.0,10800.0,1671134361.688,26557.200000047684,0.0,0.0,20230822,20230822,142950231,2.441,0.0,0.0,2.458,2.457,2.456,2.455,2.454,0.0,0.0,0.0,0.0,0.0,2.459,2.46,2.461,2.462,2.463,0.0,0.0,0.0,0.0,0.0,3040800.0,1504100.0,1914300.0,2154300.0,3463900.0,0.0,0.0,0.0,0.0,0.0,1709900.0,3215990.0,2051300.0,665500.0,364900.0,0.0,0.0,0.0,0.0,0.0
20230822142953212,SZSE,SZSE.ETF.159845,2.459,2.451,2.46,2.41,0.0,2.685,2.197,686473666.0,300000.0,1671872061.688,737700.0,0.0,0.0,20230822,20230822,142953213,2.441,0.0,0.0,2.458,2.457,2.456,2.455,2.454,0.0,0.0,0.0,0.0,0.0,2.459,2.46,2.461,2.462,2.463,0.0,0.0,0.0,0.0,0.0,2612100.0,1566100.0,1852300.0,2204300.0,3463900.0,0.0,0.0,0.0,0.0,0.0,1509900.0,2003990.0,2663300.0,1215500.0,364900.0,0.0,0.0,0.0,0.0,0.0
20230822142956216,SZSE,SZSE.ETF.159845,2.459,2.451,2.46,2.41,0.0,2.685,2.197,687822766.0,1349100.0,1675189349.488,3317287.7999999523,0.0,0.0,20230822,20230822,142956214,2.441,0.0,0.0,2.458,2.457,2.456,2.455,2.454,0.0,0.0,0.0,0.0,0.0,2.459,2.46,2.461,2.462,2.463,0.0,0.0,0.0,0.0,0.0,1859400.0,2116100.0,2452300.0,2104300.0,3463900.0,0.0,0.0,0.0,0.0,0.0,1500000.0,3203990.0,2063300.0,800500.0,314900.0,0.0,0.0,0.0,0.0,0.0
20230822142959204,SZSE,SZSE.ETF.159845,2.459,2.451,2.46,2.41,0.0,2.685,2.197,687825766.0,3000.0,1675196726.488,7377.0,0.0,0.0,20230822,20230822,142959204,2.441,0.0,0.0,2.458,2.457,2.456,2.455,2.454,0.0,0.0,0.0,0.0,0.0,2.459,2.46,2.461,2.462,2.463,0.0,0.0,0.0,0.0,0.0,1859400.0,2116100.0,2502300.0,2104300.0,3463900.0,0.0,0.0,0.0,0.0,0.0,2697000.0,2603990.0,1463300.0,850500.0,314900.0,0.0,0.0,0.0,0.0,0.0
20230822143002256,SZSE,SZSE.ETF.159845,2.458,2.451,2.46,2.41,0.0,2.685,2.197,688573866.0,748100.0,1677035800.388,1839073.9000000954,0.0,0.0,20230822,20230822,143002258,2.441,0.0,0.0,2.458,2.457,2.456,2.455,2.454,0.0,0.0,0.0,0.0,0.0,2.459,2.46,2.461,2.462,2.463,0.0,0.0,0.0,0.0,0.0,759000.0,2484800.0,1816300.0,3204300.0,2463900.0,0.0,0.0,0.0,0.0,0.0,2500000.0,3103990.0,1323300.0,700500.0,314900.0,0.0,0.0,0.0,0.0,0.0
20230822143011380,SZSE,SZSE.ETF.159845,2.457,2.451,2.46,2.41,0.0,2.685,2.197,689022766.0,173400.0,1678139011.088,426043.7999999523,0.0,0.0,20230822,20230822,143011381,2.441,0.0,0.0,2.456,2.455,2.454,2.453,2.452,0.0,0.0,0.0,0.0,0.0,2.457,2.458,2.459,2.46,2.461,0.0,0.0,0.0,0.0,0.0,2019600.0,1942700.0,4032100.0,1715300.0,1643000.0,0.0,0.0,0.0,0.0,0.0,1998800.0,3490800.0,1171600.0,1011790.0,696100.0,0.0,0.0,0.0,0.0,0.0
20230822143014352,SZSE,SZSE.ETF.159845,2.456,2.451,2.46,2.41,0.0,2.685,2.197,689221666.0,198900.0,1678627609.488,488598.39999985695,0.0,0.0,20230822,20230822,143014354,2.441,0.0,0.0,2.456,2.455,2.454,2.453,2.452,0.0,0.0,0.0,0.0,0.0,2.457,2.458,2.459,2.46,2.461,0.0,0.0,0.0,0.0,0.0,516300.0,4000400.0,2886100.0,2705300.0,1193000.0,0.0,0.0,0.0,0.0,0.0,4448900.0,1580300.0,591600.0,926790.0,306100.0,0.0,0.0,0.0,0.0,0.0
20230822143017368,SZSE,SZSE.ETF.159845,2.456,2.451,2.46,2.41,0.0,2.685,2.197,689737966.0,516300.0,1679895642.288,1268032.8000001907,0.0,0.0,20230822,20230822,143017370,2.441,0.0,0.0,2.454,2.453,2.452,2.451,2.45,0.0,0.0,0.0,0.0,0.0,2.456,2.457,2.458,2.459,2.46,0.0,0.0,0.0,0.0,0.0,3906800.0,3554300.0,1903000.0,1297700.0,773400.0,0.0,0.0,0.0,0.0,0.0,2920300.0,3115900.0,1502300.0,571500.0,926790.0,0.0,0.0,0.0,0.0,0.0
20230822143020376,SZSE,SZSE.ETF.159845,2.455,2.451,2.46,2.41,0.0,2.685,2.197,689757966.0,20000.0,1679944742.288,49100.0,0.0,0.0,20230822,20230822,143020378,2.441,0.0,0.0,2.454,2.453,2.452,2.451,2.45,0.0,0.0,0.0,0.0,0.0,2.455,2.456,2.457,2.458,2.459,0.0,0.0,0.0,0.0,0.0,4189400.0,2608100.0,3052400.0,1514700.0,990300.0,0.0,0.0,0.0,0.0,0.0,980000.0,7500700.0,1629700.0,662300.0,645700.0,0.0,0.0,0.0,0.0,0.0
20230822143023340,SZSE,SZSE.ETF.159845,2.455,2.451,2.46,2.41,0.0,2.685,2.197,689957966.0,200000.0,1680435742.288,491000.0,0.0,0.0,20230822,20230822,143023341,2.441,0.0,0.0,2.454,2.453,2.452,2.451,2.45,0.0,0.0,0.0,0.0,0.0,2.455,2.456,2.457,2.458,2.459,0.0,0.0,0.0,0.0,0.0,4189400.0,3558100.0,2911200.0,1706000.0,1040300.0,0.0,0.0,0.0,0.0,0.0,780000.0,3211700.0,1106800.0,1953600.0,499400.0,0.0,0.0,0.0,0.0,0.0
20230822143044280,SZSE,SZSE.ETF.159845,2.454,2.451,2.46,2.41,0.0,2.685,2.197,699119866.0,1050000.0,1702918954.888,2576700.0,0.0,0.0,20230822,20230822,143044279,2.441,0.0,0.0,2.453,2.452,2.451,2.45,2.449,0.0,0.0,0.0,0.0,0.0,2.455,2.456,2.457,2.458,2.459,0.0,0.0,0.0,0.0,0.0,8943500.0,5050600.0,3141000.0,1534300.0,719200.0,0.0,0.0,0.0,0.0,0.0,3599400.0,2101300.0,711500.0,563300.0,509400.0,0.0,0.0,0.0,0.0,0.0
20230822143047292,SZSE,SZSE.ETF.159845,2.454,2.451,2.46,2.41,0.0,2.685,2.197,699119866.0,0.0,1702918954.888,0.0,0.0,0.0,20230822,20230822,143047292,2.441,0.0,0.0,2.453,2.452,2.451,2.45,2.449,0.0,0.0,0.0,0.0,0.0,2.454,2.455,2.456,2.457,2.458,0.0,0.0,0.0,0.0,0.0,10231500.0,5490600.0,1789000.0,1534400.0,986100.0,0.0,0.0,0.0,0.0,0.0,600.0,3129400.0,2130300.0,1584500.0,641300.0,0.0,0.0,0.0,0.0,0.0
20230822143050276,SZSE,SZSE.ETF.159845,2.454,2.451,2.46,2.41,0.0,2.685,2.197,699183466.0,63600.0,1703075079.288,156124.40000009537,0.0,0.0,20230822,20230822,143050277,2.441,0.0,0.0,2.454,2.453,2.452,2.451,2.45,0.0,0.0,0.0,0.0,0.0,2.455,2.456,2.457,2.458,2.459,0.0,0.0,0.0,0.0,0.0,1997000.0,10016100.0,4352600.0,1772700.0,1675700.0,0.0,0.0,0.0,0.0,0.0,3140400.0,1030300.0,1085800.0,1694900.0,221300.0,0.0,0.0,0.0,0.0,0.0
20230822143053292,SZSE,SZSE.ETF.159845,2.455,2.451,2.46,2.41,0.0,2.685,2.197,699193466.0,10000.0,1703099629.288,24550.0,0.0,0.0,20230822,20230822,143053292,2.441,0.0,0.0,2.454,2.453,2.452,2.451,2.45,0.0,0.0,0.0,0.0,0.0,2.455,2.456,2.457,2.458,2.459,0.0,0.0,0.0,0.0,0.0,2387000.0,10481600.0,5852600.0,1806000.0,1534300.0,0.0,0.0,0.0,0.0,0.0,3672900.0,2013300.0,1379500.0,900900.0,316300.0,0.0,0.0,0.0,0.0,0.0
20230822143056284,SZSE,SZSE.ETF.159845,2.454,2.451,2.46,2.41,0.0,2.685,2.197,699194466.0,1000.0,1703102083.288,2454.0,0.0,0.0,20230822,20230822,143056284,2.441,0.0,0.0,2.454,2.453,2.452,2.451,2.45,0.0,0.0,0.0,0.0,0.0,2.455,2.456,2.457,2.458,2.459,0.0,0.0,0.0,0.0,0.0,3886900.0,10231600.0,5718600.0,1206000.0,1534300.0,0.0,0.0,0.0,0.0,0.0,2572900.0,3103300.0,1379500.0,900900.0,316300.0,0.0,0.0,0.0,0.0,0.0
20230822143059292,SZSE,SZSE.ETF.159845,2.454,2.451,2.46,2.41,0.0,2.685,2.197,699194466.0,0.0,1703102083.288,0.0,0.0,0.0,20230822,20230822,143059292,2.441,0.0,0.0,2.454,2.453,2.452,2.451,2.45,0.0,0.0,0.0,0.0,0.0,2.455,2.456,2.457,2.458,2.459,0.0,0.0,0.0,0.0,0.0,5141900.0,9506600.0,4928600.0,1206000.0,1534300.0,0.0,0.0,0.0,0.0,0.0,1928000.0,2503300.0,2339500.0,1035900.0,316300.0,0.0,0.0,0.0,0.0,0.0
20230822143102292,SZSE,SZSE.ETF.159845,2.454,2.451,2.46,2.41,0.0,2.685,2.197,699194466.0,0.0,1703102083.288,0.0,0.0,0.0,20230822,20230822,143102293,2.441,0.0,0.0,2.454,2.453,2.452,2.451,2.45,0.0,0.0,0.0,0.0,0.0,2.455,2.456,2.457,2.458,2.459,0.0,0.0,0.0,0.0,0.0,5221000.0,8556600.0,6218600.0,1706000.0,984800.0,0.0,0.0,0.0,0.0,0.0,281400.0,2843300.0,2529500.0,1685900.0,316300.0,0.0,0.0,0.0,0.0,0.0
20230822143105316,SZSE,SZSE.ETF.159845,2.454,2.451,2.46,2.41,0.0,2.685,2.197,699194466.0,0.0,1703102083.288,0.0,0.0,0.0,20230822,20230822,143105316,2.441,0.0,0.0,2.454,2.453,2.452,2.451,2.45,0.0,0.0,0.0,0.0,0.0,2.455,2.456,2.457,2.458,2.459,0.0,0.0,0.0,0.0,0.0,5222100.0,8569700.0,6206600.0,1706000.0,984800.0,0.0,0.0,0.0,0.0,0.0,192400.0,3387000.0,1341500.0,2085900.0,1251300.0,0.0,0.0,0.0,0.0,0.0
20230822143108328,SZSE,SZSE.ETF.159845,2.454,2.451,2.46,2.41,0.0,2.685,2.197,699194766.0,300.0,1703102819.488,736.1999998092651,0.0,0.0,20230822,20230822,143108328,2.441,0.0,0.0,2.454,2.453,2.452,2.451,2.45,0.0,0.0,0.0,0.0,0.0,2.455,2.456,2.457,2.458,2.459,0.0,0.0,0.0,0.0,0.0,5221800.0,9519700.0,6206600.0,1206000.0,1484800.0,0.0,0.0,0.0,0.0,0.0,192400.0,3387000.0,1341500.0,2035900.0,1251300.0,0.0,0.0,0.0,0.0,0.0
20230822143111292,SZSE,SZSE.ETF.159845,2.455,2.451,2.46,2.41,0.0,2.685,2.197,699196166.0,1400.0,1703106256.488,3437.0,0.0,0.0,20230822,20230822,143111293,2.441,0.0,0.0,2.454,2.453,2.452,2.451,2.45,0.0,0.0,0.0,0.0,0.0,2.455,2.456,2.457,2.458,2.459,0.0,0.0,0.0,0.0,0.0,5221800.0,9569700.0,5916600.0,1206000.0,984800.0,0.0,0.0,0.0,0.0,0.0,191000.0,3431900.0,1151500.0,2085900.0,1116300.0,0.0,0.0,0.0,0.0,0.0
20230822143114328,SZSE,SZSE.ETF.159845,2.455,2.451,2.46,2.41,0.0,2.685,2.197,699387166.0,191000.0,1703575161.488,468905.0,0.0,0.0,20230822,20230822,143114326,2.441,0.0,0.0,2.454,2.453,2.452,2.451,2.45,0.0,0.0,0.0,0.0,0.0,2.456,2.457,2.458,2.459,2.46,0.0,0.0,0.0,0.0,0.0,6221800.0,10569700.0,5106600.0,1706000.0,984800.0,0.0,0.0,0.0,0.0,0.0,3377000.0,1341500.0,2095900.0,1251300.0,363590.0,0.0,0.0,0.0,0.0,0.0
20230822143117296,SZSE,SZSE.ETF.159845,2.455,2.451,2.46,2.41,0.0,2.685,2.197,699387166.0,0.0,1703575161.488,0.0,0.0,0.0,20230822,20230822,143117295,2.441,0.0,0.0,2.454,2.453,2.452,2.451,2.45,0.0,0.0,0.0,0.0,0.0,2.456,2.457,2.458,2.459,2.46,0.0,0.0,0.0,0.0,0.0,6221800.0,10519700.0,5247800.0,1564700.0,984800.0,0.0,0.0,0.0,0.0,0.0,2881000.0,2441500.0,1304600.0,797600.0,458490.0,0.0,0.0,0.0,0.0,0.0
20230822143120284,SZSE,SZSE.ETF.159845,2.455,2.451,2.46,2.41,0.0,2.685,2.197,699387166.0,0.0,1703575161.488,0.0,0.0,0.0,20230822,20230822,143120285,2.441,0.0,0.0,2.454,2.453,2.452,2.451,2.45,0.0,0.0,0.0,0.0,0.0,2.456,2.457,2.458,2.459,2.46,0.0,0.0,0.0,0.0,0.0,7221800.0,10569700.0,5247800.0,1064700.0,1484800.0,0.0,0.0,0.0,0.0,0.0,2881000.0,2441500.0,1404600.0,797600.0,458490.0,0.0,0.0,0.0,0.0,0.0
20230822143123280,SZSE,SZSE.ETF.159845,2.455,2.451,2.46,2.41,0.0,2.685,2.197,700387166.0,1000000.0,1706030161.488,2455000.0,0.0,0.0,20230822,20230822,143123278,2.441,0.0,0.0,2.455,2.454,2.453,2.452,2.451,0.0,0.0,0.0,0.0,0.0,2.456,2.457,2.458,2.459,2.46,0.0,0.0,0.0,0.0,0.0,1000000.0,7221800.0,7169700.0,5047800.0,964700.0,0.0,0.0,0.0,0.0,0.0,2903900.0,2251500.0,754600.0,797600.0,458490.0,0.0,0.0,0.0,0.0,0.0
20230822143126300,SZSE,SZSE.ETF.159845,2.455,2.451,2.46,2.41,0.0,2.685,2.197,700387166.0,0.0,1706030161.488,0.0,0.0,0.0,20230822,20230822,143126301,2.441,0.0,0.0,2.455,2.454,2.453,2.452,2.451,0.0,0.0,0.0,0.0,0.0,2.456,2.457,2.458,2.459,2.46,0.0,0.0,0.0,0.0,0.0,1290000.0,9621800.0,6869700.0,3764800.0,1464500.0,0.0,0.0,0.0,0.0,0.0,1891000.0,2234500.0,1879600.0,719600.0,658390.0,0.0,0.0,0.0,0.0,0.0
20230822143129332,SZSE,SZSE.ETF.159845,2.455,2.451,2.46,2.41,0.0,2.685,2.197,700387166.0,0.0,1706030161.488,0.0,0.0,0.0,20230822,20230822,143129332,2.441,0.0,0.0,2.455,2.454,2.453,2.452,2.451,0.0,0.0,0.0,0.0,0.0,2.456,2.457,2.458,2.459,2.46,0.0,0.0,0.0,0.0,0.0,3145000.0,9521800.0,5803700.0,2544400.0,1464500.0,0.0,0.0,0.0,0.0,0.0,95000.0,3632400.0,1879600.0,869600.0,658390.0,0.0,0.0,0.0,0.0,0.0
20230822143132360,SZSE,SZSE.ETF.159845,2.456,2.451,2.46,2.41,0.0,2.685,2.197,700398366.0,11200.0,1706057662.488,27501.0,0.0,0.0,20230822,20230822,143132361,2.441,0.0,0.0,2.456,2.455,2.454,2.453,2.452,0.0,0.0,0.0,0.0,0.0,2.457,2.458,2.459,2.46,2.461,0.0,0.0,0.0,0.0,0.0,2495000.0,6088800.0,9683800.0,4048700.0,1944400.0,0.0,0.0,0.0,0.0,0.0,1873500.0,1791600.0,1969600.0,2093390.0,211300.0,0.0,0.0,0.0,0.0,0.0
20230822143135360,SZSE,SZSE.ETF.159845,2.456,2.451,2.46,2.41,0.0,2.685,2.197,700404566.0,6200.0,1706072889.688,15227.200000047684,0.0,0.0,20230822,20230822,143135362,2.441,0.0,0.0,2.456,2.455,2.454,2.453,2.452,0.0,0.0,0.0,0.0,0.0,2.457,2.458,2.459,2.46,2.461,0.0,0.0,0.0,0.0,0.0,3183800.0,6555100.0,9779800.0,4206900.0,1113000.0,0.0,0.0,0.0,0.0,0.0,177500.0,3545600.0,1643300.0,1211790.0,441100.0,0.0,0.0,0.0,0.0,0.0
20230822143138324,SZSE,SZSE.ETF.159845,2.456,2.451,2.46,2.41,0.0,2.685,2.197,700404566.0,0.0,1706072889.688,0.0,0.0,0.0,20230822,20230822,143138324,2.441,0.0,0.0,2.456,2.455,2.454,2.453,2.452,0.0,0.0,0.0,0.0,0.0,2.457,2.458,2.459,2.46,2.461,0.0,0.0,0.0,0.0,0.0,3193800.0,7505100.0,7974100.0,4706900.0,1113000.0,0.0,0.0,0.0,0.0,0.0,87500.0,2435600.0,1733300.0,2161790.0,1041100.0,0.0,0.0,0.0,0.0,0.0
20230822143141316,SZSE,SZSE.ETF.159845,2.457,2.451,2.46,2.41,0.0,2.685,2.197,700492066.0,87500.0,1706287877.188,214987.5,0.0,0.0,20230822,20230822,143141315,2.441,0.0,0.0,2.457,2.456,2.455,2.454,2.453,0.0,0.0,0.0,0.0,0.0,2.458,2.459,2.46,2.461,2.462,0.0,0.0,0.0,0.0,0.0,1300000.0,2683800.0,8067100.0,4257100.0,3656900.0,0.0,0.0,0.0,0.0,0.0,1823600.0,1790300.0,2711790.0,741100.0,205300.0,0.0,0.0,0.0,0.0,0.0
20230822143144336,SZSE,SZSE.ETF.159845,2.457,2.451,2.46,2.41,0.0,2.685,2.197,700492066.0,0.0,1706287877.188,0.0,0.0,0.0,20230822,20230822,143144337,2.441,0.0,0.0,2.457,2.456,2.455,2.454,2.453,0.0,0.0,0.0,0.0,0.0,2.458,2.459,2.46,2.461,2.462,0.0,0.0,0.0,0.0,0.0,2490000.0,905000.0,8213100.0,4415300.0,3065500.0,0.0,0.0,0.0,0.0,0.0,623600.0,3768300.0,1215590.0,1059500.0,300100.0,0.0,0.0,0.0,0.0,0.0
20230822143147320,SZSE,SZSE.ETF.159845,2.457,2.451,2.46,2.41,0.0,2.685,2.197,700492066.0,0.0,1706287877.188,0.0,0.0,0.0,20230822,20230822,143147322,2.441,0.0,0.0,2.457,2.456,2.455,2.454,2.453,0.0,0.0,0.0,0.0,0.0,2.458,2.459,2.46,2.461,2.462,0.0,0.0,0.0,0.0,0.0,3205000.0,1555000.0,8163100.0,4915300.0,3065500.0,0.0,0.0,0.0,0.0,0.0,623600.0,3123400.0,2415590.0,1009500.0,435100.0,0.0,0.0,0.0,0.0,0.0
20230822143150340,SZSE,SZSE.ETF.159845,2.458,2.451,2.46,2.41,0.0,2.685,2.197,701115666.0,623600.0,1707820685.988,1532808.7999999523,0.0,0.0,20230822,20230822,143150339,2.441,0.0,0.0,2.458,2.457,2.456,2.455,2.454,0.0,0.0,0.0,0.0,0.0,2.459,2.46,2.461,2.462,2.463,0.0,0.0,0.0,0.0,0.0,666400.0,3605000.0,1567000.0,7341000.0,4725300.0,0.0,0.0,0.0,0.0,0.0,1717400.0,1917590.0,2759500.0,1035100.0,220100.0,0.0,0.0,0.0,0.0,0.0
20230822143153304,SZSE,SZSE.ETF.159845,2.458,2.451,2.46,2.41,0.0,2.685,2.197,701129666.0,14000.0,1707855097.988,34412.0,0.0,0.0,20230822,20230822,143153304,2.441,0.0,0.0,2.458,2.457,2.456,2.455,2.454,0.0,0.0,0.0,0.0,0.0,2.459,2.46,2.461,2.462,2.463,0.0,0.0,0.0,0.0,0.0,652400.0,2509900.0,2417000.0,7994200.0,4583900.0,0.0,0.0,0.0,0.0,0.0,3017400.0,2400590.0,1063300.0,953500.0,314900.0,0.0,0.0,0.0,0.0,0.0
20230822143156444,SZSE,SZSE.ETF.159845,2.458,2.451,2.46,2.41,0.0,2.685,2.197,701129666.0,0.0,1707855097.988,0.0,0.0,0.0,20230822,20230822,143156443,2.441,0.0,0.0,2.458,2.457,2.456,2.455,2.454,0.0,0.0,0.0,0.0,0.0,2.459,2.46,2.461,2.462,2.463,0.0,0.0,0.0,0.0,0.0,759600.0,2405000.0,1167000.0,8729200.0,5183900.0,0.0,0.0,0.0,0.0,0.0,3007400.0,2401590.0,1113300.0,1003500.0,314900.0,0.0,0.0,0.0,0.0,0.0
20230822143159300,SZSE,SZSE.ETF.159845,2.458,2.451,2.46,2.41,0.0,2.685,2.197,701129666.0,0.0,1707855097.988,0.0,0.0,0.0,20230822,20230822,143159301,2.441,0.0,0.0,2.458,2.457,2.456,2.455,2.454,0.0,0.0,0.0,0.0,0.0,2.459,2.46,2.461,2.462,2.463,0.0,0.0,0.0,0.0,0.0,459600.0,2417000.0,3405000.0,7229200.0,4583900.0,0.0,0.0,0.0,0.0,0.0,3107400.0,2389590.0,1125300.0,903500.0,314900.0,0.0,0.0,0.0,0.0,0.0
20230822143202296,SZSE,SZSE.ETF.159845,2.458,2.451,2.46,2.41,0.0,2.685,2.197,701619266.0,489600.0,1709058534.788,1203436.8000001907,0.0,0.0,20230822,20230822,143202294,2.441,0.0,0.0,2.457,2.456,2.455,2.454,2.453,0.0,0.0,0.0,0.0,0.0,2.458,2.459,2.46,2.461,2.462,0.0,0.0,0.0,0.0,0.0,1867000.0,2205000.0,7139200.0,4583900.0,2298700.0,0.0,0.0,0.0,0.0,0.0,710400.0,3075200.0,1699590.0,625300.0,768500.0,0.0,0.0,0.0,0.0,0.0
20230822143205280,SZSE,SZSE.ETF.159845,2.458,2.451,2.46,2.41,0.0,2.685,2.197,701759866.0,140600.0,1709404129.588,345594.7999999523,0.0,0.0,20230822,20230822,143205278,2.441,0.0,0.0,2.457,2.456,2.455,2.454,2.453,0.0,0.0,0.0,0.0,0.0,2.458,2.459,2.46,2.461,2.462,0.0,0.0,0.0,0.0,0.0,2601100.0,3307000.0,5731000.0,4125300.0,2565500.0,0.0,0.0,0.0,0.0,0.0,1090000.0,2084200.0,2428590.0,999500.0,500100.0,0.0,0.0,0.0,0.0,0.0
20230822143208308,SZSE,SZSE.ETF.159845,2.457,2.451,2.46,2.41,0.0,2.685,2.197,702450966.0,691100.0,1711102162.288,1698032.7000000477,0.0,0.0,20230822,20230822,143208308,2.441,0.0,0.0,2.456,2.455,2.454,2.453,2.452,0.0,0.0,0.0,0.0,0.0,2.457,2.458,2.459,2.46,2.461,0.0,0.0,0.0,0.0,0.0,2562000.0,6550000.0,4862700.0,1965500.0,1346200.0,0.0,0.0,0.0,0.0,0.0,808900.0,1721000.0,2171300.0,1328590.0,814500.0,0.0,0.0,0.0,0.0,0.0
20230822143211304,SZSE,SZSE.ETF.159845,2.457,2.451,2.46,2.41,0.0,2.685,2.197,702453566.0,2600.0,1711108550.488,6388.199999809265,0.0,0.0,20230822,20230822,143211306,2.441,0.0,0.0,2.456,2.455,2.454,2.453,2.452,0.0,0.0,0.0,0.0,0.0,2.457,2.458,2.459,2.46,2.461,0.0,0.0,0.0,0.0,0.0,1200000.0,7655000.0,4808500.0,2441900.0,1713000.0,0.0,0.0,0.0,0.0,0.0,691800.0,3921000.0,1688300.0,777790.0,696100.0,0.0,0.0,0.0,0.0,0.0
20230822143214332,SZSE,SZSE.ETF.159845,2.456,2.451,2.46,2.41,0.0,2.685,2.197,702949566.0,496000.0,1712326726.488,1218176.0,0.0,0.0,20230822,20230822,143214332,2.441,0.0,0.0,2.456,2.455,2.454,2.453,2.452,0.0,0.0,0.0,0.0,0.0,2.457,2.458,2.459,2.46,2.461,0.0,0.0,0.0,0.0,0.0,1694000.0,3410000.0,7970500.0,2935900.0,1213000.0,0.0,0.0,0.0,0.0,0.0,2712300.0,1324100.0,598300.0,927790.0,496100.0,0.0,0.0,0.0,0.0,0.0
20230822143217348,SZSE,SZSE.ETF.159845,2.456,2.451,2.46,2.41,0.0,2.685,2.197,704139566.0,1190000.0,1715249366.488,2922640.0,0.0,0.0,20230822,20230822,143217347,2.441,0.0,0.0,2.455,2.454,2.453,2.452,2.451,0.0,0.0,0.0,0.0,0.0,2.456,2.457,2.458,2.459,2.46,0.0,0.0,0.0,0.0,0.0,1190000.0,7130500.0,3945900.0,1347400.0,697700.0,0.0,0.0,0.0,0.0,0.0,1718900.0,2434400.0,1524100.0,681900.0,927790.0,0.0,0.0,0.0,0.0,0.0
20230822143220368,SZSE,SZSE.ETF.159845,2.456,2.451,2.46,2.41,0.0,2.685,2.197,704139566.0,0.0,1715249366.488,0.0,0.0,0.0,20230822,20230822,143220367,2.441,0.0,0.0,2.455,2.454,2.453,2.452,2.451,0.0,0.0,0.0,0.0,0.0,2.456,2.457,2.458,2.459,2.46,0.0,0.0,0.0,0.0,0.0,995700.0,6430500.0,2937700.0,3078800.0,964500.0,0.0,0.0,0.0,0.0,0.0,3648400.0,2244400.0,551100.0,828100.0,459390.0,0.0,0.0,0.0,0.0,0.0
20230822143223316,SZSE,SZSE.ETF.159845,2.455,2.451,2.46,2.41,0.0,2.685,2.197,705135266.0,995700.0,1717693809.988,2444443.5,0.0,0.0,20230822,20230822,143223315,2.441,0.0,0.0,2.454,2.453,2.452,2.451,2.45,0.0,0.0,0.0,0.0,0.0,2.455,2.456,2.457,2.458,2.459,0.0,0.0,0.0,0.0,0.0,4613500.0,4074600.0,3192800.0,964500.0,1217900.0,0.0,0.0,0.0,0.0,0.0,700300.0,2757300.0,1756400.0,579100.0,978100.0,0.0,0.0,0.0,0.0,0.0
20230822143226312,SZSE,SZSE.ETF.159845,2.455,2.451,2.46,2.41,0.0,2.685,2.197,705135266.0,0.0,1717693809.988,0.0,0.0,0.0,20230822,20230822,143226310,2.441,0.0,0.0,2.454,2.453,2.452,2.451,2.45,0.0,0.0,0.0,0.0,0.0,2.455,2.456,2.457,2.458,2.459,0.0,0.0,0.0,0.0,0.0,5533500.0,4364600.0,2434600.0,1106000.0,1484800.0,0.0,0.0,0.0,0.0,0.0,1786000.0,1467500.0,1873400.0,2025400.0,519800.0,0.0,0.0,0.0,0.0,0.0
20230822143229328,SZSE,SZSE.ETF.159845,2.456,2.451,2.46,2.41,0.0,2.685,2.197,705921666.0,786400.0,1719624422.388,1930612.4000000954,0.0,0.0,20230822,20230822,143229327,2.441,0.0,0.0,2.455,2.454,2.453,2.452,2.451,0.0,0.0,0.0,0.0,0.0,2.456,2.457,2.458,2.459,2.46,0.0,0.0,0.0,0.0,0.0,290000.0,4533500.0,4162600.0,2626600.0,2206000.0,0.0,0.0,0.0,0.0,0.0,2792600.0,2651400.0,835400.0,519800.0,414590.0,0.0,0.0,0.0,0.0,0.0
20230822143232292,SZSE,SZSE.ETF.159845,2.455,2.451,2.46,2.41,0.0,2.685,2.197,706216166.0,294500.0,1720347424.388,723002.0,0.0,0.0,20230822,20230822,143232291,2.441,0.0,0.0,2.454,2.453,2.452,2.451,2.45,0.0,0.0,0.0,0.0,0.0,2.455,2.456,2.457,2.458,2.459,0.0,0.0,0.0,0.0,0.0,4323500.0,3762600.0,3855600.0,2764500.0,1217900.0,0.0,0.0,0.0,0.0,0.0,1100000.0,3049000.0,1934400.0,429100.0,788100.0,0.0,0.0,0.0,0.0,0.0
20230822143235272,SZSE,SZSE.ETF.159845,2.454,2.451,2.46,2.41,0.0,2.685,2.197,706716266.0,500100.0,1721575169.788,1227745.4000000954,0.0,0.0,20230822,20230822,143235272,2.441,0.0,0.0,2.454,2.453,2.452,2.451,2.45,0.0,0.0,0.0,0.0,0.0,2.455,2.456,2.457,2.458,2.459,0.0,0.0,0.0,0.0,0.0,4433400.0,4264600.0,2497400.0,2306000.0,1484800.0,0.0,0.0,0.0,0.0,0.0,190000.0,2736100.0,2663400.0,1325400.0,519800.0,0.0,0.0,0.0,0.0,0.0
20230822143238288,SZSE,SZSE.ETF.159845,2.455,2.451,2.46,2.41,0.0,2.685,2.197,706717266.0,1000.0,1721577624.788,2455.0,0.0,0.0,20230822,20230822,143238288,2.441,0.0,0.0,2.454,2.453,2.452,2.451,2.45,0.0,0.0,0.0,0.0,0.0,2.455,2.456,2.457,2.458,2.459,0.0,0.0,0.0,0.0,0.0,4233500.0,4189700.0,2497400.0,2441000.0,1484800.0,0.0,0.0,0.0,0.0,0.0,1343900.0,1526100.0,1463400.0,1829900.0,1119800.0,0.0,0.0,0.0,0.0,0.0
20230822143241236,SZSE,SZSE.ETF.159845,2.455,2.451,2.46,2.41,0.0,2.685,2.197,706721266.0,4000.0,1721587444.788,9820.0,0.0,0.0,20230822,20230822,143241235,2.441,0.0,0.0,2.454,2.453,2.452,2.451,2.45,0.0,0.0,0.0,0.0,0.0,2.455,2.456,2.457,2.458,2.459,0.0,0.0,0.0,0.0,0.0,2233500.0,3679600.0,2307400.0,2156000.0,954800.0,0.0,0.0,0.0,0.0,0.0,1786000.0,1440100.0,2473400.0,1179900.0,519800.0,0.0,0.0,0.0,0.0,0.0
20230822143244272,SZSE,SZSE.ETF.159845,2.454,2.451,2.46,2.41,0.0,2.685,2.197,706721366.0,100.0,1721587690.188,245.39999985694885,0.0,0.0,20230822,20230822,143244272,2.441,0.0,0.0,2.454,2.453,2.452,2.451,2.45,0.0,0.0,0.0,0.0,0.0,2.455,2.456,2.457,2.458,2.459,0.0,0.0,0.0,0.0,0.0,2223400.0,3619700.0,2397400.0,2931000.0,1004800.0,0.0,0.0,0.0,0.0,0.0,3643800.0,2150100.0,973400.0,629900.0,519800.0,0.0,0.0,0.0,0.0,0.0
20230822143247260,SZSE,SZSE.ETF.159845,2.454,2.451,2.46,2.41,0.0,2.685,2.197,706721366.0,0.0,1721587690.188,0.0,0.0,0.0,20230822,20230822,143247261,2.441,0.0,0.0,2.454,2.453,2.452,2.451,2.45,0.0,0.0,0.0,0.0,0.0,2.455,2.456,2.457,2.458,2.459,0.0,0.0,0.0,0.0,0.0,1033400.0,6219700.0,2997400.0,2931000.0,1004800.0,0.0,0.0,0.0,0.0,0.0,3649800.0,2150100.0,1023400.0,579900.0,519800.0,0.0,0.0,0.0,0.0,0.0
20230822143250320,SZSE,SZSE.ETF.159845,2.454,2.451,2.46,2.41,0.0,2.685,2.197,706724966.0,3600.0,1721596524.588,8834.400000095367,0.0,0.0,20230822,20230822,143250322,2.441,0.0,0.0,2.454,2.453,2.452,2.451,2.45,0.0,0.0,0.0,0.0,0.0,2.455,2.456,2.457,2.458,2.459,0.0,0.0,0.0,0.0,0.0,19800.0,7607700.0,3059400.0,2931000.0,1004800.0,0.0,0.0,0.0,0.0,0.0,3599800.0,2167100.0,961400.0,579900.0,519800.0,0.0,0.0,0.0,0.0,0.0
20230822143253300,SZSE,SZSE.ETF.159845,2.454,2.451,2.46,2.41,0.0,2.685,2.197,706744766.0,19800.0,1721645113.788,48589.200000047684,0.0,0.0,20230822,20230822,143253301,2.441,0.0,0.0,2.453,2.452,2.451,2.45,2.449,0.0,0.0,0.0,0.0,0.0,2.454,2.455,2.456,2.457,2.458,0.0,0.0,0.0,0.0,0.0,4102700.0,3334400.0,3545000.0,2294800.0,1209700.0,0.0,0.0,0.0,0.0,0.0,2324900.0,2699800.0,1081600.0,796500.0,579900.0,0.0,0.0,0.0,0.0,0.0
20230822143256304,SZSE,SZSE.ETF.159845,2.454,2.451,2.46,2.41,0.0,2.685,2.197,706835266.0,90500.0,1721867200.788,222087.0,0.0,0.0,20230822,20230822,143256304,2.441,0.0,0.0,2.453,2.452,2.451,2.45,2.449,0.0,0.0,0.0,0.0,0.0,2.454,2.455,2.456,2.457,2.458,0.0,0.0,0.0,0.0,0.0,4212700.0,3789400.0,3386700.0,1481200.0,1476600.0,0.0,0.0,0.0,0.0,0.0,1424900.0,2586900.0,1938600.0,802800.0,1011500.0,0.0,0.0,0.0,0.0,0.0
20230822143259328,SZSE,SZSE.ETF.159845,2.454,2.451,2.46,2.41,0.0,2.685,2.197,706835266.0,0.0,1721867200.788,0.0,0.0,0.0,20230822,20230822,143259328,2.441,0.0,0.0,2.453,2.452,2.451,2.45,2.449,0.0,0.0,0.0,0.0,0.0,2.454,2.455,2.456,2.457,2.458,0.0,0.0,0.0,0.0,0.0,3602700.0,3727400.0,3386700.0,1381200.0,1476600.0,0.0,0.0,0.0,0.0,0.0,300000.0,3596900.0,1876600.0,1187800.0,811600.0,0.0,0.0,0.0,0.0,0.0
20230822143302300,SZSE,SZSE.ETF.159845,2.454,2.451,2.46,2.41,0.0,2.685,2.197,706837266.0,2000.0,1721872108.788,4908.0,0.0,0.0,20230822,20230822,143302301,2.441,0.0,0.0,2.453,2.452,2.451,2.45,2.449,0.0,0.0,0.0,0.0,0.0,2.454,2.455,2.456,2.457,2.458,0.0,0.0,0.0,0.0,0.0,3402700.0,3247400.0,2398700.0,2481200.0,1476600.0,0.0,0.0,0.0,0.0,0.0,1398000.0,1408900.0,1276600.0,2252800.0,911600.0,0.0,0.0,0.0,0.0,0.0
20230822143305464,SZSE,SZSE.ETF.159845,2.454,2.451,2.46,2.41,0.0,2.685,2.197,706838366.0,1100.0,1721874808.188,2699.399999856949,0.0,0.0,20230822,20230822,143305463,2.441,0.0,0.0,2.453,2.452,2.451,2.45,2.449,0.0,0.0,0.0,0.0,0.0,2.454,2.455,2.456,2.457,2.458,0.0,0.0,0.0,0.0,0.0,4068800.0,2759400.0,3982700.0,2246200.0,1476600.0,0.0,0.0,0.0,0.0,0.0,296900.0,2896900.0,2488600.0,1887800.0,311600.0,0.0,0.0,0.0,0.0,0.0
20230822143308320,SZSE,SZSE.ETF.159845,2.454,2.451,2.46,2.41,0.0,2.685,2.197,706838366.0,0.0,1721874808.188,0.0,0.0,0.0,20230822,20230822,143308319,2.441,0.0,0.0,2.453,2.452,2.451,2.45,2.449,0.0,0.0,0.0,0.0,0.0,2.454,2.455,2.456,2.457,2.458,0.0,0.0,0.0,0.0,0.0,3658800.0,2639400.0,4302700.0,1746200.0,976600.0,0.0,0.0,0.0,0.0,0.0,100000.0,1846900.0,1598600.0,2727800.0,1111600.0,0.0,0.0,0.0,0.0,0.0
20230822143311320,SZSE,SZSE.ETF.159845,2.456,2.451,2.46,2.41,0.0,2.685,2.197,706954366.0,116000.0,1722159498.188,284690.0,0.0,0.0,20230822,20230822,143311318,2.441,0.0,0.0,2.454,2.453,2.452,2.451,2.45,0.0,0.0,0.0,0.0,0.0,2.455,2.456,2.457,2.458,2.459,0.0,0.0,0.0,0.0,0.0,3216400.0,1558800.0,3073400.0,4259700.0,1646200.0,0.0,0.0,0.0,0.0,0.0,12000.0,1542600.0,3157900.0,1996600.0,221400.0,0.0,0.0,0.0,0.0,0.0
20230822143314304,SZSE,SZSE.ETF.159845,2.456,2.451,2.46,2.41,0.0,2.685,2.197,706954366.0,0.0,1722159498.188,0.0,0.0,0.0,20230822,20230822,143314303,2.441,0.0,0.0,2.454,2.453,2.452,2.451,2.45,0.0,0.0,0.0,0.0,0.0,2.456,2.457,2.458,2.459,2.46,0.0,0.0,0.0,0.0,0.0,3706400.0,1508800.0,3195400.0,3716000.0,1004800.0,0.0,0.0,0.0,0.0,0.0,1797600.0,1751500.0,2715000.0,966300.0,406590.0,0.0,0.0,0.0,0.0,0.0
20230822143317264,SZSE,SZSE.ETF.159845,2.456,2.451,2.46,2.41,0.0,2.685,2.197,706954366.0,0.0,1722159498.188,0.0,0.0,0.0,20230822,20230822,143317262,2.441,0.0,0.0,2.455,2.454,2.453,2.452,2.451,0.0,0.0,0.0,0.0,0.0,2.456,2.457,2.458,2.459,2.46,0.0,0.0,0.0,0.0,0.0,1000000.0,2226400.0,1640800.0,4004600.0,2574700.0,0.0,0.0,0.0,0.0,0.0,2965600.0,2613600.0,1483700.0,462600.0,501490.0,0.0,0.0,0.0,0.0,0.0
20230822143320268,SZSE,SZSE.ETF.159845,2.456,2.451,2.46,2.41,0.0,2.685,2.197,706954366.0,0.0,1722159498.188,0.0,0.0,0.0,20230822,20230822,143320269,2.441,0.0,0.0,2.454,2.453,2.452,2.451,2.45,0.0,0.0,0.0,0.0,0.0,2.456,2.457,2.458,2.459,2.46,0.0,0.0,0.0,0.0,0.0,2016400.0,2470800.0,4621600.0,2074500.0,1237900.0,0.0,0.0,0.0,0.0,0.0,4248500.0,1996600.0,828700.0,584600.0,501390.0,0.0,0.0,0.0,0.0,0.0
20230822143323240,SZSE,SZSE.ETF.159845,2.454,2.451,2.46,2.41,0.0,2.685,2.197,706974366.0,20000.0,1722208578.188,49080.0,0.0,0.0,20230822,20230822,143323239,2.441,0.0,0.0,2.454,2.453,2.452,2.451,2.45,0.0,0.0,0.0,0.0,0.0,2.456,2.457,2.458,2.459,2.46,0.0,0.0,0.0,0.0,0.0,2056400.0,2220800.0,4563400.0,2116000.0,1504800.0,0.0,0.0,0.0,0.0,0.0,4248500.0,2013600.0,975000.0,421400.0,496490.0,0.0,0.0,0.0,0.0,0.0
20230822143326272,SZSE,SZSE.ETF.159845,2.454,2.451,2.46,2.41,0.0,2.685,2.197,706974366.0,0.0,1722208578.188,0.0,0.0,0.0,20230822,20230822,143326271,2.441,0.0,0.0,2.454,2.453,2.452,2.451,2.45,0.0,0.0,0.0,0.0,0.0,2.456,2.457,2.458,2.459,2.46,0.0,0.0,0.0,0.0,0.0,1996400.0,2170800.0,4563400.0,2116000.0,1504800.0,0.0,0.0,0.0,0.0,0.0,4248500.0,1953500.0,925000.0,421400.0,496490.0,0.0,0.0,0.0,0.0,0.0
20230822143329268,SZSE,SZSE.ETF.159845,2.454,2.451,2.46,2.41,0.0,2.685,2.197,706977366.0,3000.0,1722215940.188,7362.0,0.0,0.0,20230822,20230822,143329267,2.441,0.0,0.0,2.454,2.453,2.452,2.451,2.45,0.0,0.0,0.0,0.0,0.0,2.456,2.457,2.458,2.459,2.46,0.0,0.0,0.0,0.0,0.0,2053400.0,2170800.0,4423400.0,2116000.0,1504800.0,0.0,0.0,0.0,0.0,0.0,4248500.0,1763500.0,975000.0,426400.0,496490.0,0.0,0.0,0.0,0.0,0.0
20230822143332304,SZSE,SZSE.ETF.159845,2.454,2.451,2.46,2.41,0.0,2.685,2.197,706977366.0,0.0,1722215940.188,0.0,0.0,0.0,20230822,20230822,143332303,2.441,0.0,0.0,2.454,2.453,2.452,2.451,2.45,0.0,0.0,0.0,0.0,0.0,2.456,2.457,2.458,2.459,2.46,0.0,0.0,0.0,0.0,0.0,1453400.0,2220800.0,4563400.0,2116000.0,1504800.0,0.0,0.0,0.0,0.0,0.0,4248500.0,1763500.0,1165000.0,426400.0,496490.0,0.0,0.0,0.0,0.0,0.0
20230822143335264,SZSE,SZSE.ETF.159845,2.456,2.451,2.46,2.41,0.0,2.685,2.197,706991266.0,13900.0,1722250078.588,34138.40000009537,0.0,0.0,20230822,20230822,143335263,2.441,0.0,0.0,2.454,2.453,2.452,2.451,2.45,0.0,0.0,0.0,0.0,0.0,2.455,2.456,2.457,2.458,2.459,0.0,0.0,0.0,0.0,0.0,1376400.0,3670800.0,4217400.0,2216000.0,1504800.0,0.0,0.0,0.0,0.0,0.0,1300000.0,3252700.0,1763500.0,1005000.0,426400.0,0.0,0.0,0.0,0.0,0.0
20230822143338248,SZSE,SZSE.ETF.159845,2.456,2.451,2.46,2.41,0.0,2.685,2.197,706991266.0,0.0,1722250078.588,0.0,0.0,0.0,20230822,20230822,143338249,2.441,0.0,0.0,2.454,2.453,2.452,2.451,2.45,0.0,0.0,0.0,0.0,0.0,2.455,2.456,2.457,2.458,2.459,0.0,0.0,0.0,0.0,0.0,276400.0,3500800.0,3327400.0,2706000.0,1004800.0,0.0,0.0,0.0,0.0,0.0,3460900.0,2179700.0,773500.0,933000.0,321300.0,0.0,0.0,0.0,0.0,0.0
20230822143341260,SZSE,SZSE.ETF.159845,2.456,2.451,2.46,2.41,0.0,2.685,2.197,706991266.0,0.0,1722250078.588,0.0,0.0,0.0,20230822,20230822,143341261,2.441,0.0,0.0,2.454,2.453,2.452,2.451,2.45,0.0,0.0,0.0,0.0,0.0,2.455,2.456,2.457,2.458,2.459,0.0,0.0,0.0,0.0,0.0,81400.0,2990800.0,3587300.0,4991000.0,1054800.0,0.0,0.0,0.0,0.0,0.0,4243800.0,1556800.0,1013500.0,783000.0,321300.0,0.0,0.0,0.0,0.0,0.0
20230822143344248,SZSE,SZSE.ETF.159845,2.454,2.451,2.46,2.41,0.0,2.685,2.197,707062666.0,71400.0,1722425294.188,175215.59999990463,0.0,0.0,20230822,20230822,143344249,2.441,0.0,0.0,2.453,2.452,2.451,2.45,2.449,0.0,0.0,0.0,0.0,0.0,2.454,2.455,2.456,2.457,2.458,0.0,0.0,0.0,0.0,0.0,2428800.0,5049300.0,4555000.0,1704800.0,1209700.0,0.0,0.0,0.0,0.0,0.0,1200000.0,3253800.0,1568800.0,941500.0,783000.0,0.0,0.0,0.0,0.0,0.0
20230822143347256,SZSE,SZSE.ETF.159845,2.453,2.451,2.46,2.41,0.0,2.685,2.197,707282666.0,220000.0,1722965154.188,539860.0,0.0,0.0,20230822,20230822,143347255,2.441,0.0,0.0,2.453,2.452,2.451,2.45,2.449,0.0,0.0,0.0,0.0,0.0,2.454,2.455,2.456,2.457,2.458,0.0,0.0,0.0,0.0,0.0,2438800.0,4899400.0,4296700.0,1871200.0,1476600.0,0.0,0.0,0.0,0.0,0.0,1310900.0,2444900.0,1795800.0,1742900.0,514600.0,0.0,0.0,0.0,0.0,0.0
20230822143350272,SZSE,SZSE.ETF.159845,2.453,2.451,2.46,2.41,0.0,2.685,2.197,707282666.0,0.0,1722965154.188,0.0,0.0,0.0,20230822,20230822,143350272,2.441,0.0,0.0,2.453,2.452,2.451,2.45,2.449,0.0,0.0,0.0,0.0,0.0,2.454,2.455,2.456,2.457,2.458,0.0,0.0,0.0,0.0,0.0,1438800.0,4784400.0,4196700.0,1871200.0,976600.0,0.0,0.0,0.0,0.0,0.0,2810900.0,944900.0,1782800.0,1742900.0,514600.0,0.0,0.0,0.0,0.0,0.0
20230822143353240,SZSE,SZSE.ETF.159845,2.453,2.451,2.46,2.41,0.0,2.685,2.197,707282666.0,0.0,1722965154.188,0.0,0.0,0.0,20230822,20230822,143353239,2.441,0.0,0.0,2.453,2.452,2.451,2.45,2.449,0.0,0.0,0.0,0.0,0.0,2.454,2.455,2.456,2.457,2.458,0.0,0.0,0.0,0.0,0.0,238800.0,5249400.0,5846700.0,1871200.0,976600.0,0.0,0.0,0.0,0.0,0.0,2810900.0,2144900.0,1232800.0,902900.0,511600.0,0.0,0.0,0.0,0.0,0.0
20230822143356244,SZSE,SZSE.ETF.159845,2.453,2.451,2.46,2.41,0.0,2.685,2.197,707292666.0,10000.0,1722989684.188,24530.0,0.0,0.0,20230822,20230822,143356244,2.441,0.0,0.0,2.453,2.452,2.451,2.45,2.449,0.0,0.0,0.0,0.0,0.0,2.454,2.455,2.456,2.457,2.458,0.0,0.0,0.0,0.0,0.0,138800.0,5139400.0,6586700.0,2471200.0,976600.0,0.0,0.0,0.0,0.0,0.0,1333800.0,3644900.0,1372800.0,902900.0,511600.0,0.0,0.0,0.0,0.0,0.0
20230822143359228,SZSE,SZSE.ETF.159845,2.453,2.451,2.46,2.41,0.0,2.685,2.197,707292666.0,0.0,1722989684.188,0.0,0.0,0.0,20230822,20230822,143359227,2.441,0.0,0.0,2.453,2.452,2.451,2.45,2.449,0.0,0.0,0.0,0.0,0.0,2.454,2.455,2.456,2.457,2.458,0.0,0.0,0.0,0.0,0.0,1108800.0,5027400.0,7648700.0,3471200.0,1476600.0,0.0,0.0,0.0,0.0,0.0,1946800.0,3682400.0,760800.0,952900.0,511600.0,0.0,0.0,0.0,0.0,0.0
20230822143402208,SZSE,SZSE.ETF.159845,2.453,2.451,2.46,2.41,0.0,2.685,2.197,707292666.0,0.0,1722989684.188,0.0,0.0,0.0,20230822,20230822,143402209,2.441,0.0,0.0,2.453,2.452,2.451,2.45,2.449,0.0,0.0,0.0,0.0,0.0,2.454,2.455,2.456,2.457,2.458,0.0,0.0,0.0,0.0,0.0,198800.0,5937400.0,7078700.0,2871200.0,1976600.0,0.0,0.0,0.0,0.0,0.0,3561800.0,2182400.0,760800.0,952900.0,511600.0,0.0,0.0,0.0,0.0,0.0
20230822143405228,SZSE,SZSE.ETF.159845,2.453,2.451,2.46,2.41,0.0,2.685,2.197,707337566.0,44900.0,1723099823.888,110139.70000004768,0.0,0.0,20230822,20230822,143405228,2.441,0.0,0.0,2.453,2.452,2.451,2.45,2.449,0.0,0.0,0.0,0.0,0.0,2.454,2.455,2.456,2.457,2.458,0.0,0.0,0.0,0.0,0.0,31100.0,6028500.0,7438700.0,3571200.0,2006600.0,0.0,0.0,0.0,0.0,0.0,3564100.0,2182400.0,660900.0,1002900.0,311600.0,0.0,0.0,0.0,0.0,0.0
20230822143408240,SZSE,SZSE.ETF.159845,2.453,2.451,2.46,2.41,0.0,2.685,2.197,707337566.0,0.0,1723099823.888,0.0,0.0,0.0,20230822,20230822,143408240,2.441,0.0,0.0,2.453,2.452,2.451,2.45,2.449,0.0,0.0,0.0,0.0,0.0,2.454,2.455,2.456,2.457,2.458,0.0,0.0,0.0,0.0,0.0,1031100.0,5040500.0,7666700.0,3571200.0,2506600.0,0.0,0.0,0.0,0.0,0.0,3564100.0,2170400.0,862900.0,802900.0,511600.0,0.0,0.0,0.0,0.0,0.0
20230822143411260,SZSE,SZSE.ETF.159845,2.454,2.451,2.46,2.41,0.0,2.685,2.197,708151666.0,814100.0,1725097625.288,1997801.4000000954,0.0,0.0,20230822,20230822,143411259,2.441,0.0,0.0,2.454,2.453,2.452,2.451,2.45,0.0,0.0,0.0,0.0,0.0,2.455,2.456,2.457,2.458,2.459,0.0,0.0,0.0,0.0,0.0,290000.0,3565900.0,6141000.0,6852700.0,2246200.0,0.0,0.0,0.0,0.0,0.0,3806400.0,1952900.0,912900.0,511600.0,226400.0,0.0,0.0,0.0,0.0,0.0
20230822143414228,SZSE,SZSE.ETF.159845,2.454,2.451,2.46,2.41,0.0,2.685,2.197,708151666.0,0.0,1725097625.288,0.0,0.0,0.0,20230822,20230822,143414228,2.441,0.0,0.0,2.454,2.453,2.452,2.451,2.45,0.0,0.0,0.0,0.0,0.0,2.455,2.456,2.457,2.458,2.459,0.0,0.0,0.0,0.0,0.0,1390000.0,3995900.0,7441000.0,6661000.0,2104800.0,0.0,0.0,0.0,0.0,0.0,3219300.0,2385900.0,851600.0,880000.0,321500.0,0.0,0.0,0.0,0.0,0.0
20230822143417256,SZSE,SZSE.ETF.159845,2.454,2.451,2.46,2.41,0.0,2.685,2.197,708151666.0,0.0,1725097625.288,0.0,0.0,0.0,20230822,20230822,143417254,2.441,0.0,0.0,2.454,2.453,2.452,2.451,2.45,0.0,0.0,0.0,0.0,0.0,2.455,2.456,2.457,2.458,2.459,0.0,0.0,0.0,0.0,0.0,1300000.0,4066100.0,7891000.0,5465000.0,2104800.0,0.0,0.0,0.0,0.0,0.0,3889300.0,1779200.0,801600.0,880000.0,321500.0,0.0,0.0,0.0,0.0,0.0
20230822143420236,SZSE,SZSE.ETF.159845,2.454,2.451,2.46,2.41,0.0,2.685,2.197,708151666.0,0.0,1725097625.288,0.0,0.0,0.0,20230822,20230822,143420236,2.441,0.0,0.0,2.454,2.453,2.452,2.451,2.45,0.0,0.0,0.0,0.0,0.0,2.455,2.456,2.457,2.458,2.459,0.0,0.0,0.0,0.0,0.0,1200600.0,4078700.0,8119000.0,5374400.0,2104200.0,0.0,0.0,0.0,0.0,0.0,4199300.0,1577200.0,1053600.0,780000.0,321500.0,0.0,0.0,0.0,0.0,0.0
20230822143423232,SZSE,SZSE.ETF.159845,2.454,2.451,2.46,2.41,0.0,2.685,2.197,708179166.0,27500.0,1725165111.188,67485.89999985695,0.0,0.0,20230822,20230822,143423230,2.441,0.0,0.0,2.454,2.453,2.452,2.451,2.45,0.0,0.0,0.0,0.0,0.0,2.455,2.456,2.457,2.458,2.459,0.0,0.0,0.0,0.0,0.0,1174000.0,4078700.0,8119000.0,5374400.0,2104200.0,0.0,0.0,0.0,0.0,0.0,4198400.0,1577200.0,1053600.0,780000.0,321500.0,0.0,0.0,0.0,0.0,0.0
20230822143426224,SZSE,SZSE.ETF.159845,2.454,2.451,2.46,2.41,0.0,2.685,2.197,708179166.0,0.0,1725165111.188,0.0,0.0,0.0,20230822,20230822,143426225,2.441,0.0,0.0,2.454,2.453,2.452,2.451,2.45,0.0,0.0,0.0,0.0,0.0,2.455,2.456,2.457,2.458,2.459,0.0,0.0,0.0,0.0,0.0,1174000.0,5078700.0,8069000.0,5374400.0,2104200.0,0.0,0.0,0.0,0.0,0.0,4188400.0,1577200.0,1003600.0,780000.0,321500.0,0.0,0.0,0.0,0.0,0.0
20230822143429228,SZSE,SZSE.ETF.159845,2.454,2.451,2.46,2.41,0.0,2.685,2.197,709184766.0,1005600.0,1727632853.588,2467742.4000000954,0.0,0.0,20230822,20230822,143429228,2.441,0.0,0.0,2.453,2.452,2.451,2.45,2.449,0.0,0.0,0.0,0.0,0.0,2.454,2.455,2.456,2.457,2.458,0.0,0.0,0.0,0.0,0.0,4374600.0,6629000.0,5984400.0,2594200.0,2239700.0,0.0,0.0,0.0,0.0,0.0,2729100.0,2202400.0,1087200.0,908600.0,780000.0,0.0,0.0,0.0,0.0,0.0
20230822143432248,SZSE,SZSE.ETF.159845,2.454,2.451,2.46,2.41,0.0,2.685,2.197,709184766.0,0.0,1727632853.588,0.0,0.0,0.0,20230822,20230822,143432249,2.441,0.0,0.0,2.453,2.452,2.451,2.45,2.449,0.0,0.0,0.0,0.0,0.0,2.454,2.455,2.456,2.457,2.458,0.0,0.0,0.0,0.0,0.0,5652600.0,5705000.0,4226100.0,2635600.0,2606600.0,0.0,0.0,0.0,0.0,0.0,2851800.0,1002400.0,1866200.0,1502900.0,511600.0,0.0,0.0,0.0,0.0,0.0
20230822143435244,SZSE,SZSE.ETF.159845,2.454,2.451,2.46,2.41,0.0,2.685,2.197,709184766.0,0.0,1727632853.588,0.0,0.0,0.0,20230822,20230822,143435245,2.441,0.0,0.0,2.453,2.452,2.451,2.45,2.449,0.0,0.0,0.0,0.0,0.0,2.454,2.455,2.456,2.457,2.458,0.0,0.0,0.0,0.0,0.0,4551700.0,6551000.0,5416100.0,2870600.0,2106600.0,0.0,0.0,0.0,0.0,0.0,2874700.0,979500.0,2006200.0,1502900.0,511600.0,0.0,0.0,0.0,0.0,0.0
20230822143438256,SZSE,SZSE.ETF.159845,2.454,2.451,2.46,2.41,0.0,2.685,2.197,709185166.0,400.0,1727633835.188,981.5999999046326,0.0,0.0,20230822,20230822,143438258,2.441,0.0,0.0,2.453,2.452,2.451,2.45,2.449,0.0,0.0,0.0,0.0,0.0,2.454,2.455,2.456,2.457,2.458,0.0,0.0,0.0,0.0,0.0,3353100.0,7293000.0,6028100.0,2835600.0,2606600.0,0.0,0.0,0.0,0.0,0.0,2451400.0,2191500.0,1444200.0,1002900.0,311600.0,0.0,0.0,0.0,0.0,0.0
20230822143441256,SZSE,SZSE.ETF.159845,2.454,2.451,2.46,2.41,0.0,2.685,2.197,709185166.0,0.0,1727633835.188,0.0,0.0,0.0,20230822,20230822,143441254,2.441,0.0,0.0,2.453,2.452,2.451,2.45,2.449,0.0,0.0,0.0,0.0,0.0,2.454,2.455,2.456,2.457,2.458,0.0,0.0,0.0,0.0,0.0,3552200.0,6589000.0,5428100.0,2785600.0,2056600.0,0.0,0.0,0.0,0.0,0.0,2974700.0,2191500.0,1444200.0,802900.0,511600.0,0.0,0.0,0.0,0.0,0.0
20230822143444212,SZSE,SZSE.ETF.159845,2.454,2.451,2.46,2.41,0.0,2.685,2.197,709186166.0,1000.0,1727636289.188,2454.0,0.0,0.0,20230822,20230822,143444213,2.441,0.0,0.0,2.453,2.452,2.451,2.45,2.449,0.0,0.0,0.0,0.0,0.0,2.454,2.455,2.456,2.457,2.458,0.0,0.0,0.0,0.0,0.0,3652200.0,6551000.0,5226100.0,2770600.0,2106600.0,0.0,0.0,0.0,0.0,0.0,2932700.0,2179500.0,1216200.0,902900.0,511600.0,0.0,0.0,0.0,0.0,0.0
20230822143447248,SZSE,SZSE.ETF.159845,2.453,2.451,2.46,2.41,0.0,2.685,2.197,709686166.0,500000.0,1728862789.188,1226500.0,0.0,0.0,20230822,20230822,143447246,2.441,0.0,0.0,2.453,2.452,2.451,2.45,2.449,0.0,0.0,0.0,0.0,0.0,2.454,2.455,2.456,2.457,2.458,0.0,0.0,0.0,0.0,0.0,2052200.0,6601000.0,5416100.0,2870600.0,2106600.0,0.0,0.0,0.0,0.0,0.0,3632700.0,2179500.0,856200.0,802900.0,1007400.0,0.0,0.0,0.0,0.0,0.0
20230822143450272,SZSE,SZSE.ETF.159845,2.453,2.451,2.46,2.41,0.0,2.685,2.197,710538366.0,852200.0,1730953235.788,2090446.600000143,0.0,0.0,20230822,20230822,143450272,2.441,0.0,0.0,2.452,2.451,2.45,2.449,2.448,0.0,0.0,0.0,0.0,0.0,2.453,2.454,2.455,2.456,2.457,0.0,0.0,0.0,0.0,0.0,6985900.0,7201100.0,2374600.0,2106600.0,1196700.0,0.0,0.0,0.0,0.0,0.0,1786000.0,2156700.0,1591500.0,699200.0,802900.0,0.0,0.0,0.0,0.0,0.0
20230822143453248,SZSE,SZSE.ETF.159845,2.453,2.451,2.46,2.41,0.0,2.685,2.197,711325266.0,786900.0,1732883501.488,1930265.6999998093,0.0,0.0,20230822,20230822,143453247,2.441,0.0,0.0,2.452,2.451,2.45,2.449,2.448,0.0,0.0,0.0,0.0,0.0,2.453,2.454,2.455,2.456,2.457,0.0,0.0,0.0,0.0,0.0,7625900.0,7401100.0,2316300.0,2248000.0,1463600.0,0.0,0.0,0.0,0.0,0.0,585100.0,2256700.0,2308500.0,1630500.0,534500.0,0.0,0.0,0.0,0.0,0.0
20230822143456220,SZSE,SZSE.ETF.159845,2.453,2.451,2.46,2.41,0.0,2.685,2.197,711325266.0,0.0,1732883501.488,0.0,0.0,0.0,20230822,20230822,143456220,2.441,0.0,0.0,2.452,2.451,2.45,2.449,2.448,0.0,0.0,0.0,0.0,0.0,2.453,2.454,2.455,2.456,2.457,0.0,0.0,0.0,0.0,0.0,8538000.0,7328100.0,2316300.0,2248000.0,1463600.0,0.0,0.0,0.0,0.0,0.0,518000.0,2233800.0,908500.0,2145500.0,1134500.0,0.0,0.0,0.0,0.0,0.0
20230822143459200,SZSE,SZSE.ETF.159845,2.453,2.451,2.46,2.41,0.0,2.685,2.197,711325266.0,0.0,1732883501.488,0.0,0.0,0.0,20230822,20230822,143459198,2.441,0.0,0.0,2.452,2.451,2.45,2.449,2.448,0.0,0.0,0.0,0.0,0.0,2.453,2.454,2.455,2.456,2.457,0.0,0.0,0.0,0.0,0.0,9538000.0,7211100.0,2216300.0,2248000.0,1463600.0,0.0,0.0,0.0,0.0,0.0,2119100.0,933900.0,1108500.0,1955500.0,1334500.0,0.0,0.0,0.0,0.0,0.0
20230822143502244,SZSE,SZSE.ETF.159845,2.453,2.451,2.46,2.41,0.0,2.685,2.197,711325266.0,0.0,1732883501.488,0.0,0.0,0.0,20230822,20230822,143502243,2.441,0.0,0.0,2.452,2.451,2.45,2.449,2.448,0.0,0.0,0.0,0.0,0.0,2.453,2.454,2.455,2.456,2.457,0.0,0.0,0.0,0.0,0.0,8436100.0,7086100.0,2408300.0,2973000.0,963600.0,0.0,0.0,0.0,0.0,0.0,2756900.0,945900.0,796500.0,1805500.0,1334500.0,0.0,0.0,0.0,0.0,0.0
20230822143505288,SZSE,SZSE.ETF.159845,2.453,2.451,2.46,2.41,0.0,2.685,2.197,711826766.0,501500.0,1734113180.988,1229679.5,0.0,0.0,20230822,20230822,143505286,2.441,0.0,0.0,2.452,2.451,2.45,2.449,2.448,0.0,0.0,0.0,0.0,0.0,2.453,2.454,2.455,2.456,2.457,0.0,0.0,0.0,0.0,0.0,8337200.0,5009900.0,3513300.0,2838000.0,963600.0,0.0,0.0,0.0,0.0,0.0,2648500.0,945900.0,2067000.0,605500.0,734500.0,0.0,0.0,0.0,0.0,0.0
20230822143508324,SZSE,SZSE.ETF.159845,2.452,2.451,2.46,2.41,0.0,2.685,2.197,712822766.0,996000.0,1736555372.988,2442192.0,0.0,0.0,20230822,20230822,143508325,2.441,0.0,0.0,2.452,2.451,2.45,2.449,2.448,0.0,0.0,0.0,0.0,0.0,2.453,2.454,2.455,2.456,2.457,0.0,0.0,0.0,0.0,0.0,5341200.0,7200000.0,3413400.0,2483100.0,963600.0,0.0,0.0,0.0,0.0,0.0,2265400.0,2145900.0,1957000.0,605500.0,534600.0,0.0,0.0,0.0,0.0,0.0
20230822143511312,SZSE,SZSE.ETF.159845,2.452,2.451,2.46,2.41,0.0,2.685,2.197,713322766.0,500000.0,1737781372.988,1226000.0,0.0,0.0,20230822,20230822,143511313,2.441,0.0,0.0,2.452,2.451,2.45,2.449,2.448,0.0,0.0,0.0,0.0,0.0,2.453,2.454,2.455,2.456,2.457,0.0,0.0,0.0,0.0,0.0,4641200.0,4560200.0,3413600.0,2342300.0,963600.0,0.0,0.0,0.0,0.0,0.0,2648500.0,945900.0,2017000.0,1255500.0,734800.0,0.0,0.0,0.0,0.0,0.0
20230822143514272,SZSE,SZSE.ETF.159845,2.453,2.451,2.46,2.41,0.0,2.685,2.197,715323366.0,2000600.0,1742688844.788,4907471.800000191,0.0,0.0,20230822,20230822,143514274,2.441,0.0,0.0,2.452,2.451,2.45,2.449,2.448,0.0,0.0,0.0,0.0,0.0,2.453,2.454,2.455,2.456,2.457,0.0,0.0,0.0,0.0,0.0,2641200.0,7100500.0,3513900.0,1752600.0,963600.0,0.0,0.0,0.0,0.0,0.0,1000000.0,1844900.0,2557000.0,605500.0,735100.0,0.0,0.0,0.0,0.0,0.0
20230822143517344,SZSE,SZSE.ETF.159845,2.452,2.451,2.46,2.41,0.0,2.685,2.197,716328966.0,1005600.0,1745155575.988,2466731.1999998093,0.0,0.0,20230822,20230822,143517343,2.441,0.0,0.0,2.452,2.451,2.45,2.449,2.448,0.0,0.0,0.0,0.0,0.0,2.453,2.454,2.455,2.456,2.457,0.0,0.0,0.0,0.0,0.0,2035600.0,9160500.0,4393900.0,2477600.0,963600.0,0.0,0.0,0.0,0.0,0.0,1631100.0,2944900.0,1417000.0,855500.0,535100.0,0.0,0.0,0.0,0.0,0.0
20230822143520272,SZSE,SZSE.ETF.159845,2.453,2.451,2.46,2.41,0.0,2.685,2.197,718328966.0,2000000.0,1750061575.988,4906000.0,0.0,0.0,20230822,20230822,143520272,2.441,0.0,0.0,2.452,2.451,2.45,2.449,2.448,0.0,0.0,0.0,0.0,0.0,2.453,2.454,2.455,2.456,2.457,0.0,0.0,0.0,0.0,0.0,2142500.0,8500500.0,4393900.0,1752600.0,1963600.0,0.0,0.0,0.0,0.0,0.0,1000000.0,2344900.0,2507000.0,955500.0,535100.0,0.0,0.0,0.0,0.0,0.0
20230822143523248,SZSE,SZSE.ETF.159845,2.453,2.451,2.46,2.41,0.0,2.685,2.197,719548966.0,1220000.0,1753054235.988,2992660.0,0.0,0.0,20230822,20230822,143523250,2.441,0.0,0.0,2.452,2.451,2.45,2.449,2.448,0.0,0.0,0.0,0.0,0.0,2.453,2.454,2.455,2.456,2.457,0.0,0.0,0.0,0.0,0.0,2249400.0,10702500.0,4393900.0,2248600.0,1963600.0,0.0,0.0,0.0,0.0,0.0,1000000.0,2944900.0,1907000.0,955500.0,535100.0,0.0,0.0,0.0,0.0,0.0
20230822143526248,SZSE,SZSE.ETF.159845,2.452,2.451,2.46,2.41,0.0,2.685,2.197,720048966.0,500000.0,1754280235.988,1226000.0,0.0,0.0,20230822,20230822,143526247,2.441,0.0,0.0,2.452,2.451,2.45,2.449,2.448,0.0,0.0,0.0,0.0,0.0,2.453,2.454,2.455,2.456,2.457,0.0,0.0,0.0,0.0,0.0,1686200.0,10174500.0,3701900.0,1752600.0,1963600.0,0.0,0.0,0.0,0.0,0.0,1496000.0,1946900.0,1239000.0,905500.0,535100.0,0.0,0.0,0.0,0.0,0.0
20230822143529272,SZSE,SZSE.ETF.159845,2.452,2.451,2.46,2.41,0.0,2.685,2.197,720048966.0,0.0,1754280235.988,0.0,0.0,0.0,20230822,20230822,143529270,2.441,0.0,0.0,2.452,2.451,2.45,2.449,2.448,0.0,0.0,0.0,0.0,0.0,2.453,2.454,2.455,2.456,2.457,0.0,0.0,0.0,0.0,0.0,3393100.0,9064500.0,4431900.0,2248600.0,1963600.0,0.0,0.0,0.0,0.0,0.0,1096000.0,3377900.0,1319000.0,755500.0,735100.0,0.0,0.0,0.0,0.0,0.0
20230822143532240,SZSE,SZSE.ETF.159845,2.452,2.451,2.46,2.41,0.0,2.685,2.197,720048966.0,0.0,1754280235.988,0.0,0.0,0.0,20230822,20230822,143532242,2.441,0.0,0.0,2.452,2.451,2.45,2.449,2.448,0.0,0.0,0.0,0.0,0.0,2.453,2.454,2.455,2.456,2.457,0.0,0.0,0.0,0.0,0.0,3986200.0,10714500.0,4981900.0,1852600.0,1963600.0,0.0,0.0,0.0,0.0,0.0,1601000.0,2377900.0,1919000.0,990500.0,535100.0,0.0,0.0,0.0,0.0,0.0
20230822143535236,SZSE,SZSE.ETF.159845,2.453,2.451,2.46,2.41,0.0,2.685,2.197,720557966.0,509000.0,1755528316.988,1248081.0,0.0,0.0,20230822,20230822,143535237,2.441,0.0,0.0,2.452,2.451,2.45,2.449,2.448,0.0,0.0,0.0,0.0,0.0,2.453,2.454,2.455,2.456,2.457,0.0,0.0,0.0,0.0,0.0,4090200.0,10652500.0,4393900.0,1852600.0,1963600.0,0.0,0.0,0.0,0.0,0.0,1613000.0,2448900.0,1907000.0,805500.0,535100.0,0.0,0.0,0.0,0.0,0.0
20230822143538232,SZSE,SZSE.ETF.159845,2.452,2.451,2.46,2.41,0.0,2.685,2.197,720558266.0,300.0,1755529052.588,735.6000001430511,0.0,0.0,20230822,20230822,143538230,2.441,0.0,0.0,2.452,2.451,2.45,2.449,2.448,0.0,0.0,0.0,0.0,0.0,2.453,2.454,2.455,2.456,2.457,0.0,0.0,0.0,0.0,0.0,1089900.0,10714500.0,4381900.0,1852600.0,1968600.0,0.0,0.0,0.0,0.0,0.0,2113000.0,2136900.0,1919000.0,855500.0,535100.0,0.0,0.0,0.0,0.0,0.0
20230822143541208,SZSE,SZSE.ETF.159845,2.452,2.451,2.46,2.41,0.0,2.685,2.197,721058366.0,500100.0,1756755297.788,1226245.2000000477,0.0,0.0,20230822,20230822,143541207,2.441,0.0,0.0,2.452,2.451,2.45,2.449,2.448,0.0,0.0,0.0,0.0,0.0,2.453,2.454,2.455,2.456,2.457,0.0,0.0,0.0,0.0,0.0,91200.0,10165600.0,5441900.0,1702600.0,1918600.0,0.0,0.0,0.0,0.0,0.0,3244100.0,1536900.0,1129000.0,955500.0,535100.0,0.0,0.0,0.0,0.0,0.0
20230822143544228,SZSE,SZSE.ETF.159845,2.452,2.451,2.46,2.41,0.0,2.685,2.197,721166866.0,108500.0,1757021339.788,266042.0,0.0,0.0,20230822,20230822,143544227,2.441,0.0,0.0,2.451,2.45,2.449,2.448,2.447,0.0,0.0,0.0,0.0,0.0,2.453,2.454,2.455,2.456,2.457,0.0,0.0,0.0,0.0,0.0,9565600.0,4981900.0,3052600.0,1968600.0,2196000.0,0.0,0.0,0.0,0.0,0.0,2803000.0,1536900.0,1369000.0,605500.0,735100.0,0.0,0.0,0.0,0.0,0.0
20230822143547224,SZSE,SZSE.ETF.159845,2.452,2.451,2.46,2.41,0.0,2.685,2.197,721166866.0,0.0,1757021339.788,0.0,0.0,0.0,20230822,20230822,143547225,2.441,0.0,0.0,2.452,2.451,2.45,2.449,2.448,0.0,0.0,0.0,0.0,0.0,2.453,2.454,2.455,2.456,2.457,0.0,0.0,0.0,0.0,0.0,100000.0,10753600.0,4793900.0,1735600.0,2068700.0,0.0,0.0,0.0,0.0,0.0,2047900.0,2165900.0,2062000.0,583500.0,735100.0,0.0,0.0,0.0,0.0,0.0
20230822143550208,SZSE,SZSE.ETF.159845,2.452,2.451,2.46,2.41,0.0,2.685,2.197,721166866.0,0.0,1757021339.788,0.0,0.0,0.0,20230822,20230822,143550206,2.441,0.0,0.0,2.451,2.45,2.449,2.448,2.447,0.0,0.0,0.0,0.0,0.0,2.452,2.453,2.454,2.455,2.456,0.0,0.0,0.0,0.0,0.0,9962500.0,5043900.0,3592600.0,1968600.0,2196000.0,0.0,0.0,0.0,0.0,0.0,1000000.0,3347900.0,1548900.0,807000.0,655500.0,0.0,0.0,0.0,0.0,0.0
20230822143553220,SZSE,SZSE.ETF.159845,2.452,2.451,2.46,2.41,0.0,2.685,2.197,721467266.0,300400.0,1757757920.588,736580.7999999523,0.0,0.0,20230822,20230822,143553219,2.441,0.0,0.0,2.451,2.45,2.449,2.448,2.447,0.0,0.0,0.0,0.0,0.0,2.453,2.454,2.455,2.456,2.457,0.0,0.0,0.0,0.0,0.0,10452500.0,4743900.0,1829300.0,2110000.0,2462900.0,0.0,0.0,0.0,0.0,0.0,2157900.0,2265900.0,1603300.0,337100.0,440300.0,0.0,0.0,0.0,0.0,0.0
20230822143556228,SZSE,SZSE.ETF.159845,2.452,2.451,2.46,2.41,0.0,2.685,2.197,721963266.0,496000.0,1758974112.588,1216192.0,0.0,0.0,20230822,20230822,143556227,2.441,0.0,0.0,2.452,2.451,2.45,2.449,2.448,0.0,0.0,0.0,0.0,0.0,2.453,2.454,2.455,2.456,2.457,0.0,0.0,0.0,0.0,0.0,704000.0,10562500.0,5203900.0,2500600.0,2018700.0,0.0,0.0,0.0,0.0,0.0,2537900.0,2165900.0,1722000.0,533500.0,535200.0,0.0,0.0,0.0,0.0,0.0
20230822143559256,SZSE,SZSE.ETF.159845,2.451,2.451,2.46,2.41,0.0,2.685,2.197,722852766.0,889500.0,1761155081.088,2180968.5,0.0,0.0,20230822,20230822,143559255,2.441,0.0,0.0,2.451,2.45,2.449,2.448,2.447,0.0,0.0,0.0,0.0,0.0,2.452,2.453,2.454,2.455,2.456,0.0,0.0,0.0,0.0,0.0,7373200.0,4703900.0,4767600.0,2068600.0,1696000.0,0.0,0.0,0.0,0.0,0.0,2588100.0,2960900.0,948900.0,1057000.0,605500.0,0.0,0.0,0.0,0.0,0.0
20230822143602288,SZSE,SZSE.ETF.159845,2.451,2.451,2.46,2.41,0.0,2.685,2.197,722852766.0,0.0,1761155081.088,0.0,0.0,0.0,20230822,20230822,143602286,2.441,0.0,0.0,2.451,2.45,2.449,2.448,2.447,0.0,0.0,0.0,0.0,0.0,2.452,2.453,2.454,2.455,2.456,0.0,0.0,0.0,0.0,0.0,2168200.0,6778800.0,4009300.0,1814000.0,1962900.0,0.0,0.0,0.0,0.0,0.0,1488100.0,2516000.0,1715900.0,1153300.0,337200.0,0.0,0.0,0.0,0.0,0.0
20230822143605276,SZSE,SZSE.ETF.159845,2.451,2.451,2.46,2.41,0.0,2.685,2.197,724498366.0,1645600.0,1765188446.688,4033365.5999999046,0.0,0.0,20230822,20230822,143605276,2.441,0.0,0.0,2.45,2.449,2.448,2.447,2.446,0.0,0.0,0.0,0.0,0.0,2.452,2.453,2.454,2.455,2.456,0.0,0.0,0.0,0.0,0.0,7190000.0,3419300.0,2339000.0,2062900.0,750500.0,0.0,0.0,0.0,0.0,0.0,4674100.0,1476700.0,575900.0,1203300.0,337200.0,0.0,0.0,0.0,0.0,0.0
20230822143608316,SZSE,SZSE.ETF.159845,2.45,2.451,2.46,2.41,0.0,2.685,2.197,725182466.0,684100.0,1766864491.688,1676045.0,0.0,0.0,20230822,20230822,143608316,2.441,0.0,0.0,2.45,2.449,2.448,2.447,2.446,0.0,0.0,0.0,0.0,0.0,2.452,2.453,2.454,2.455,2.456,0.0,0.0,0.0,0.0,0.0,5793900.0,5229300.0,3922000.0,2163000.0,2117400.0,0.0,0.0,0.0,0.0,0.0,4486000.0,1478700.0,718900.0,841300.0,337200.0,0.0,0.0,0.0,0.0,0.0
20230822143611312,SZSE,SZSE.ETF.159845,2.45,2.451,2.46,2.41,0.0,2.685,2.197,725182466.0,0.0,1766864491.688,0.0,0.0,0.0,20230822,20230822,143611312,2.441,0.0,0.0,2.45,2.449,2.448,2.447,2.446,0.0,0.0,0.0,0.0,0.0,2.451,2.452,2.453,2.454,2.455,0.0,0.0,0.0,0.0,0.0,4588900.0,6691300.0,4112000.0,1667000.0,2117400.0,0.0,0.0,0.0,0.0,0.0,2500000.0,2896000.0,950700.0,748900.0,815800.0,0.0,0.0,0.0,0.0,0.0
20230822143614308,SZSE,SZSE.ETF.159845,2.45,2.451,2.46,2.41,0.0,2.685,2.197,726174466.0,992000.0,1769294891.688,2430400.0,0.0,0.0,20230822,20230822,143614309,2.441,0.0,0.0,2.45,2.449,2.448,2.447,2.446,0.0,0.0,0.0,0.0,0.0,2.451,2.452,2.453,2.454,2.455,0.0,0.0,0.0,0.0,0.0,3596900.0,7831300.0,3970700.0,1808300.0,2117400.0,0.0,0.0,0.0,0.0,0.0,2390000.0,2496000.0,1700700.0,890200.0,669400.0,0.0,0.0,0.0,0.0,0.0
20230822143617328,SZSE,SZSE.ETF.159845,2.45,2.451,2.46,2.41,0.0,2.685,2.197,726670466.0,496000.0,1770510091.688,1215200.0,0.0,0.0,20230822,20230822,143617327,2.441,0.0,0.0,2.45,2.449,2.448,2.447,2.446,0.0,0.0,0.0,0.0,0.0,2.451,2.452,2.453,2.454,2.455,0.0,0.0,0.0,0.0,0.0,3100900.0,7231300.0,4570700.0,2708300.0,2117400.0,0.0,0.0,0.0,0.0,0.0,2590000.0,2396000.0,1100700.0,1090200.0,469400.0,0.0,0.0,0.0,0.0,0.0
20230822143620328,SZSE,SZSE.ETF.159845,2.45,2.451,2.46,2.41,0.0,2.685,2.197,727875666.0,1205200.0,1773462831.688,2952740.0,0.0,0.0,20230822,20230822,143620328,2.441,0.0,0.0,2.45,2.449,2.448,2.447,2.446,0.0,0.0,0.0,0.0,0.0,2.451,2.452,2.453,2.454,2.455,0.0,0.0,0.0,0.0,0.0,3050700.0,7244200.0,3382700.0,2708300.0,2117400.0,0.0,0.0,0.0,0.0,0.0,2490000.0,2012000.0,1038700.0,1090200.0,469400.0,0.0,0.0,0.0,0.0,0.0
20230822143638268,SZSE,SZSE.ETF.159845,2.448,2.451,2.46,2.41,0.0,2.685,2.197,732877666.0,10000.0,1785714719.688,24480.0,0.0,0.0,20230822,20230822,143638268,2.441,0.0,0.0,2.448,2.447,2.446,2.445,2.444,0.0,0.0,0.0,0.0,0.0,2.449,2.45,2.451,2.452,2.453,0.0,0.0,0.0,0.0,0.0,8506000.0,5237300.0,3029800.0,1310900.0,1464100.0,0.0,0.0,0.0,0.0,0.0,2390000.0,2315000.0,2396400.0,1268300.0,606700.0,0.0,0.0,0.0,0.0,0.0
20230822143641248,SZSE,SZSE.ETF.159845,2.449,2.451,2.46,2.41,0.0,2.685,2.197,732877766.0,100.0,1785714964.588,244.90000009536743,0.0,0.0,20230822,20230822,143641247,2.441,0.0,0.0,2.448,2.447,2.446,2.445,2.444,0.0,0.0,0.0,0.0,0.0,2.449,2.45,2.451,2.452,2.453,0.0,0.0,0.0,0.0,0.0,9141000.0,6787300.0,3429800.0,764900.0,1014100.0,0.0,0.0,0.0,0.0,0.0,2385900.0,2515000.0,1846400.0,668300.0,636800.0,0.0,0.0,0.0,0.0,0.0
20230822143644276,SZSE,SZSE.ETF.159845,2.449,2.451,2.46,2.41,0.0,2.685,2.197,732877766.0,0.0,1785714964.588,0.0,0.0,0.0,20230822,20230822,143644277,2.441,0.0,0.0,2.448,2.447,2.446,2.445,2.444,0.0,0.0,0.0,0.0,0.0,2.449,2.45,2.451,2.452,2.453,0.0,0.0,0.0,0.0,0.0,8021100.0,7775400.0,4041900.0,814900.0,1064100.0,0.0,0.0,0.0,0.0,0.0,1885900.0,2527000.0,1834400.0,668300.0,631800.0,0.0,0.0,0.0,0.0,0.0
20230822143647296,SZSE,SZSE.ETF.159845,2.449,2.451,2.46,2.41,0.0,2.685,2.197,732877766.0,0.0,1785714964.588,0.0,0.0,0.0,20230822,20230822,143647297,2.441,0.0,0.0,2.448,2.447,2.446,2.445,2.444,0.0,0.0,0.0,0.0,0.0,2.449,2.45,2.451,2.452,2.453,0.0,0.0,0.0,0.0,0.0,9007300.0,6737600.0,4030100.0,1445900.0,1064100.0,0.0,0.0,0.0,0.0,0.0,1885900.0,1329900.0,2516500.0,1318300.0,496800.0,0.0,0.0,0.0,0.0,0.0
20230822143650244,SZSE,SZSE.ETF.159845,2.448,2.451,2.46,2.41,0.0,2.685,2.197,733869766.0,992000.0,1788143380.588,2428416.0,0.0,0.0,20230822,20230822,143650243,2.441,0.0,0.0,2.448,2.447,2.446,2.445,2.444,0.0,0.0,0.0,0.0,0.0,2.449,2.45,2.451,2.452,2.453,0.0,0.0,0.0,0.0,0.0,5015300.0,7787600.0,3240100.0,814900.0,1064100.0,0.0,0.0,0.0,0.0,0.0,2890100.0,829900.0,2326500.0,1318300.0,496800.0,0.0,0.0,0.0,0.0,0.0
20230822143653264,SZSE,SZSE.ETF.159845,2.448,2.451,2.46,2.41,0.0,2.685,2.197,735853766.0,1984000.0,1793000212.588,4856832.0,0.0,0.0,20230822,20230822,143653264,2.441,0.0,0.0,2.448,2.447,2.446,2.445,2.444,0.0,0.0,0.0,0.0,0.0,2.449,2.45,2.451,2.452,2.453,0.0,0.0,0.0,0.0,0.0,3031300.0,7587600.0,4630200.0,949900.0,1064100.0,0.0,0.0,0.0,0.0,0.0,4090100.0,1489900.0,1246400.0,868300.0,792700.0,0.0,0.0,0.0,0.0,0.0
20230822143659256,SZSE,SZSE.ETF.159845,2.448,2.451,2.46,2.41,0.0,2.685,2.197,737653766.0,0.0,1797406612.588,0.0,0.0,0.0,20230822,20230822,143659255,2.441,0.0,0.0,2.448,2.447,2.446,2.445,2.444,0.0,0.0,0.0,0.0,0.0,2.449,2.45,2.451,2.452,2.453,0.0,0.0,0.0,0.0,0.0,2144500.0,7175600.0,5442200.0,1849900.0,2064100.0,0.0,0.0,0.0,0.0,0.0,2890100.0,1441900.0,2504500.0,918300.0,792700.0,0.0,0.0,0.0,0.0,0.0
20230822143702288,SZSE,SZSE.ETF.159845,2.448,2.451,2.46,2.41,0.0,2.685,2.197,739162166.0,1508400.0,1801099175.788,3692563.2000000477,0.0,0.0,20230822,20230822,143702290,2.441,0.0,0.0,2.447,2.446,2.445,2.444,2.443,0.0,0.0,0.0,0.0,0.0,2.448,2.449,2.45,2.451,2.452,0.0,0.0,0.0,0.0,0.0,5450600.0,7542200.0,2449900.0,1568100.0,1747100.0,0.0,0.0,0.0,0.0,0.0,1000000.0,3595000.0,1501900.0,734400.0,763400.0,0.0,0.0,0.0,0.0,0.0
20230822143705280,SZSE,SZSE.ETF.159845,2.448,2.451,2.46,2.41,0.0,2.685,2.197,739228766.0,66600.0,1801262207.588,163031.79999995232,0.0,0.0,20230822,20230822,143705281,2.441,0.0,0.0,2.447,2.446,2.445,2.444,2.443,0.0,0.0,0.0,0.0,0.0,2.448,2.449,2.45,2.451,2.452,0.0,0.0,0.0,0.0,0.0,8811700.0,6742200.0,2291500.0,2205500.0,2514100.0,0.0,0.0,0.0,0.0,0.0,228400.0,2800100.0,1018900.0,1940800.0,1095000.0,0.0,0.0,0.0,0.0,0.0
20230822143708304,SZSE,SZSE.ETF.159845,2.448,2.451,2.46,2.41,0.0,2.685,2.197,740320766.0,1092000.0,1803935423.588,2673216.0,0.0,0.0,20230822,20230822,143708305,2.441,0.0,0.0,2.447,2.446,2.445,2.444,2.443,0.0,0.0,0.0,0.0,0.0,2.448,2.449,2.45,2.451,2.452,0.0,0.0,0.0,0.0,0.0,9571700.0,6742200.0,2481500.0,4205500.0,2014100.0,0.0,0.0,0.0,0.0,0.0,88000.0,2800100.0,1208900.0,2050900.0,1095000.0,0.0,0.0,0.0,0.0,0.0
20230822143711296,SZSE,SZSE.ETF.159845,2.448,2.451,2.46,2.41,0.0,2.685,2.197,741094766.0,774000.0,1805829969.588,1894546.0,0.0,0.0,20230822,20230822,143711295,2.441,0.0,0.0,2.448,2.447,2.446,2.445,2.444,0.0,0.0,0.0,0.0,0.0,2.449,2.45,2.451,2.452,2.453,0.0,0.0,0.0,0.0,0.0,3865600.0,8315700.0,6342200.0,3242500.0,4105500.0,0.0,0.0,0.0,0.0,0.0,294100.0,3130000.0,1350900.0,1795000.0,1297700.0,0.0,0.0,0.0,0.0,0.0
20230822143714276,SZSE,SZSE.ETF.159845,2.449,2.451,2.46,2.41,0.0,2.685,2.197,741098966.0,4200.0,1805840255.388,10285.799999952316,0.0,0.0,20230822,20230822,143714276,2.441,0.0,0.0,2.449,2.448,2.447,2.446,2.445,0.0,0.0,0.0,0.0,0.0,2.45,2.451,2.452,2.453,2.454,0.0,0.0,0.0,0.0,0.0,995800.0,5865600.0,10385700.0,6442200.0,3400900.0,0.0,0.0,0.0,0.0,0.0,3063000.0,1054500.0,2058400.0,1592700.0,236500.0,0.0,0.0,0.0,0.0,0.0
20230822143717264,SZSE,SZSE.ETF.159845,2.449,2.451,2.46,2.41,0.0,2.685,2.197,741098966.0,0.0,1805840255.388,0.0,0.0,0.0,20230822,20230822,143717264,2.441,0.0,0.0,2.449,2.448,2.447,2.446,2.445,0.0,0.0,0.0,0.0,0.0,2.45,2.451,2.452,2.453,2.454,0.0,0.0,0.0,0.0,0.0,995800.0,6355000.0,10185700.0,4598500.0,3253500.0,0.0,0.0,0.0,0.0,0.0,3261000.0,1549500.0,1052000.0,1261000.0,331500.0,0.0,0.0,0.0,0.0,0.0
20230822143726224,SZSE,SZSE.ETF.159845,2.45,2.451,2.46,2.41,0.0,2.685,2.197,741104566.0,100.0,1805853970.388,245.0,0.0,0.0,20230822,20230822,143726226,2.441,0.0,0.0,2.449,2.448,2.447,2.446,2.445,0.0,0.0,0.0,0.0,0.0,2.45,2.451,2.452,2.453,2.454,0.0,0.0,0.0,0.0,0.0,5350300.0,7517000.0,7691700.0,4655500.0,3563500.0,0.0,0.0,0.0,0.0,0.0,214400.0,2338500.0,2454000.0,2636000.0,331500.0,0.0,0.0,0.0,0.0,0.0
20230822143729220,SZSE,SZSE.ETF.159845,2.45,2.451,2.46,2.41,0.0,2.685,2.197,741104566.0,0.0,1805853970.388,0.0,0.0,0.0,20230822,20230822,143729221,2.441,0.0,0.0,2.449,2.448,2.447,2.446,2.445,0.0,0.0,0.0,0.0,0.0,2.45,2.451,2.452,2.453,2.454,0.0,0.0,0.0,0.0,0.0,5640300.0,6467000.0,6691700.0,4755500.0,2563500.0,0.0,0.0,0.0,0.0,0.0,214400.0,1342500.0,1193900.0,2986000.0,1131500.0,0.0,0.0,0.0,0.0,0.0
20230822143732256,SZSE,SZSE.ETF.159845,2.45,2.451,2.46,2.41,0.0,2.685,2.197,741318966.0,214400.0,1806379250.388,525280.0,0.0,0.0,20230822,20230822,143732254,2.441,0.0,0.0,2.449,2.448,2.447,2.446,2.445,0.0,0.0,0.0,0.0,0.0,2.451,2.452,2.453,2.454,2.455,0.0,0.0,0.0,0.0,0.0,5640300.0,5644400.0,6501700.0,4755500.0,2563500.0,0.0,0.0,0.0,0.0,0.0,2328500.0,1003900.0,2996200.0,1181500.0,280700.0,0.0,0.0,0.0,0.0,0.0
20230822143735236,SZSE,SZSE.ETF.159845,2.449,2.451,2.46,2.41,0.0,2.685,2.197,741319666.0,700.0,1806380964.688,1714.2999999523163,0.0,0.0,20230822,20230822,143735236,2.441,0.0,0.0,2.449,2.448,2.447,2.446,2.445,0.0,0.0,0.0,0.0,0.0,2.451,2.452,2.453,2.454,2.455,0.0,0.0,0.0,0.0,0.0,5059600.0,4734300.0,7323000.0,3614200.0,2063400.0,0.0,0.0,0.0,0.0,0.0,3298500.0,2383900.0,1764900.0,728800.0,375600.0,0.0,0.0,0.0,0.0,0.0
20230822143738216,SZSE,SZSE.ETF.159845,2.45,2.451,2.46,2.41,0.0,2.685,2.197,742294966.0,975300.0,1808770449.688,2389485.0,0.0,0.0,20230822,20230822,143738215,2.441,0.0,0.0,2.449,2.448,2.447,2.446,2.445,0.0,0.0,0.0,0.0,0.0,2.451,2.452,2.453,2.454,2.455,0.0,0.0,0.0,0.0,0.0,4499600.0,4684300.0,7323000.0,3614200.0,2063400.0,0.0,0.0,0.0,0.0,0.0,2917400.0,2413900.0,1214900.0,678800.0,375600.0,0.0,0.0,0.0,0.0,0.0
20230822143741200,SZSE,SZSE.ETF.159845,2.45,2.451,2.46,2.41,0.0,2.685,2.197,742334966.0,40000.0,1808868449.688,98000.0,0.0,0.0,20230822,20230822,143741198,2.441,0.0,0.0,2.449,2.448,2.447,2.446,2.445,0.0,0.0,0.0,0.0,0.0,2.45,2.451,2.452,2.453,2.454,0.0,0.0,0.0,0.0,0.0,3409300.0,5234300.0,7323000.0,3303200.0,2013400.0,0.0,0.0,0.0,0.0,0.0,1756000.0,2417400.0,2413900.0,1104900.0,678800.0,0.0,0.0,0.0,0.0,0.0
20230822143744200,SZSE,SZSE.ETF.159845,2.45,2.451,2.46,2.41,0.0,2.685,2.197,742334966.0,0.0,1808868449.688,0.0,0.0,0.0,20230822,20230822,143744201,2.441,0.0,0.0,2.449,2.448,2.447,2.446,2.445,0.0,0.0,0.0,0.0,0.0,2.45,2.451,2.452,2.453,2.454,0.0,0.0,0.0,0.0,0.0,3409300.0,5234300.0,7181700.0,3394500.0,2063500.0,0.0,0.0,0.0,0.0,0.0,1205500.0,2317400.0,2423900.0,1946200.0,532500.0,0.0,0.0,0.0,0.0,0.0
20230822143747240,SZSE,SZSE.ETF.159845,2.45,2.451,2.46,2.41,0.0,2.685,2.197,742334966.0,0.0,1808868449.688,0.0,0.0,0.0,20230822,20230822,143747238,2.441,0.0,0.0,2.449,2.448,2.447,2.446,2.445,0.0,0.0,0.0,0.0,0.0,2.45,2.451,2.452,2.453,2.454,0.0,0.0,0.0,0.0,0.0,4084300.0,4684300.0,6991700.0,3755500.0,2063500.0,0.0,0.0,0.0,0.0,0.0,549500.0,2798500.0,2233900.0,1896200.0,532500.0,0.0,0.0,0.0,0.0,0.0
20230822143750192,SZSE,SZSE.ETF.159845,2.45,2.451,2.46,2.41,0.0,2.685,2.197,742384466.0,49500.0,1808989724.688,121275.0,0.0,0.0,20230822,20230822,143750190,2.441,0.0,0.0,2.45,2.449,2.448,2.447,2.446,0.0,0.0,0.0,0.0,0.0,2.451,2.452,2.453,2.454,2.455,0.0,0.0,0.0,0.0,0.0,1156200.0,4574300.0,4644400.0,6556700.0,3755500.0,0.0,0.0,0.0,0.0,0.0,2308500.0,1223900.0,3046200.0,1132500.0,280800.0,0.0,0.0,0.0,0.0,0.0
20230822143753200,SZSE,SZSE.ETF.159845,2.45,2.451,2.46,2.41,0.0,2.685,2.197,742384466.0,0.0,1808989724.688,0.0,0.0,0.0,20230822,20230822,143753202,2.441,0.0,0.0,2.45,2.449,2.448,2.447,2.446,0.0,0.0,0.0,0.0,0.0,2.451,2.452,2.453,2.454,2.455,0.0,0.0,0.0,0.0,0.0,1200000.0,5374300.0,5494400.0,7315000.0,3614100.0,0.0,0.0,0.0,0.0,0.0,2008500.0,3146900.0,1599900.0,935800.0,375700.0,0.0,0.0,0.0,0.0,0.0
20230822143756216,SZSE,SZSE.ETF.159845,2.45,2.451,2.46,2.41,0.0,2.685,2.197,742384466.0,0.0,1808989724.688,0.0,0.0,0.0,20230822,20230822,143756216,2.441,0.0,0.0,2.45,2.449,2.448,2.447,2.446,0.0,0.0,0.0,0.0,0.0,2.451,2.452,2.453,2.454,2.455,0.0,0.0,0.0,0.0,0.0,1200000.0,5464300.0,5444400.0,7450000.0,3614100.0,0.0,0.0,0.0,0.0,0.0,3008500.0,2146900.0,1549900.0,935800.0,375700.0,0.0,0.0,0.0,0.0,0.0
20230822143759200,SZSE,SZSE.ETF.159845,2.45,2.451,2.46,2.41,0.0,2.685,2.197,742386366.0,1900.0,1808994379.688,4655.0,0.0,0.0,20230822,20230822,143759201,2.441,0.0,0.0,2.45,2.449,2.448,2.447,2.446,0.0,0.0,0.0,0.0,0.0,2.451,2.452,2.453,2.454,2.455,0.0,0.0,0.0,0.0,0.0,998100.0,5986300.0,6482400.0,5950000.0,3614100.0,0.0,0.0,0.0,0.0,0.0,3008500.0,2134900.0,1611900.0,935800.0,375700.0,0.0,0.0,0.0,0.0,0.0
20230822143802236,SZSE,SZSE.ETF.159845,2.45,2.451,2.46,2.41,0.0,2.685,2.197,742386366.0,0.0,1808994379.688,0.0,0.0,0.0,20230822,20230822,143802235,2.441,0.0,0.0,2.45,2.449,2.448,2.447,2.446,0.0,0.0,0.0,0.0,0.0,2.451,2.452,2.453,2.454,2.455,0.0,0.0,0.0,0.0,0.0,2313100.0,4606200.0,7672400.0,5921000.0,3118100.0,0.0,0.0,0.0,0.0,0.0,2898500.0,1344900.0,1801900.0,1035800.0,375700.0,0.0,0.0,0.0,0.0,0.0
20230822143805200,SZSE,SZSE.ETF.159845,2.45,2.451,2.46,2.41,0.0,2.685,2.197,742386366.0,0.0,1808994379.688,0.0,0.0,0.0,20230822,20230822,143805199,2.441,0.0,0.0,2.45,2.449,2.448,2.447,2.446,0.0,0.0,0.0,0.0,0.0,2.451,2.452,2.453,2.454,2.455,0.0,0.0,0.0,0.0,0.0,1619700.0,6637400.0,6522400.0,5660000.0,3118100.0,0.0,0.0,0.0,0.0,0.0,1798500.0,2544900.0,1751900.0,935800.0,375700.0,0.0,0.0,0.0,0.0,0.0
20230822143808224,SZSE,SZSE.ETF.159845,2.451,2.451,2.46,2.41,0.0,2.685,2.197,742396366.0,10000.0,1809018889.688,24510.0,0.0,0.0,20230822,20230822,143808225,2.441,0.0,0.0,2.45,2.449,2.448,2.447,2.446,0.0,0.0,0.0,0.0,0.0,2.451,2.452,2.453,2.454,2.455,0.0,0.0,0.0,0.0,0.0,1919700.0,5387400.0,6572400.0,5560000.0,3118100.0,0.0,0.0,0.0,0.0,0.0,1688500.0,2544900.0,1751900.0,1085800.0,375700.0,0.0,0.0,0.0,0.0,0.0
20230822143811212,SZSE,SZSE.ETF.159845,2.451,2.451,2.46,2.41,0.0,2.685,2.197,742396366.0,0.0,1809018889.688,0.0,0.0,0.0,20230822,20230822,143811211,2.441,0.0,0.0,2.45,2.449,2.448,2.447,2.446,0.0,0.0,0.0,0.0,0.0,2.451,2.452,2.453,2.454,2.455,0.0,0.0,0.0,0.0,0.0,1619700.0,6575400.0,6534400.0,5660000.0,3118100.0,0.0,0.0,0.0,0.0,0.0,2988500.0,1956900.0,1739900.0,935800.0,375700.0,0.0,0.0,0.0,0.0,0.0
20230822143814192,SZSE,SZSE.ETF.159845,2.451,2.451,2.46,2.41,0.0,2.685,2.197,742396366.0,0.0,1809018889.688,0.0,0.0,0.0,20230822,20230822,143814190,2.441,0.0,0.0,2.45,2.449,2.448,2.447,2.446,0.0,0.0,0.0,0.0,0.0,2.451,2.452,2.453,2.454,2.455,0.0,0.0,0.0,0.0,0.0,1119700.0,6587400.0,6982400.0,5560000.0,3018100.0,0.0,0.0,0.0,0.0,0.0,2298500.0,2544900.0,1611900.0,1035800.0,375700.0,0.0,0.0,0.0,0.0,0.0
20230822143817268,SZSE,SZSE.ETF.159845,2.451,2.451,2.46,2.41,0.0,2.685,2.197,742396366.0,0.0,1809018889.688,0.0,0.0,0.0,20230822,20230822,143817267,2.441,0.0,0.0,2.45,2.449,2.448,2.447,2.446,0.0,0.0,0.0,0.0,0.0,2.451,2.452,2.453,2.454,2.455,0.0,0.0,0.0,0.0,0.0,1019700.0,4897400.0,8862300.0,6750000.0,3018100.0,0.0,0.0,0.0,0.0,0.0,4503400.0,1444900.0,1261900.0,850800.0,375700.0,0.0,0.0,0.0,0.0,0.0
20230822143820240,SZSE,SZSE.ETF.159845,2.451,2.451,2.46,2.41,0.0,2.685,2.197,742406466.0,10100.0,1809043634.788,24745.10000014305,0.0,0.0,20230822,20230822,143820240,2.441,0.0,0.0,2.45,2.449,2.448,2.447,2.446,0.0,0.0,0.0,0.0,0.0,2.451,2.452,2.453,2.454,2.455,0.0,0.0,0.0,0.0,0.0,21600.0,5375400.0,7212300.0,7910000.0,3018100.0,0.0,0.0,0.0,0.0,0.0,4013300.0,1444900.0,1789900.0,850800.0,375700.0,0.0,0.0,0.0,0.0,0.0
20230822143823172,SZSE,SZSE.ETF.159845,2.45,2.451,2.46,2.41,0.0,2.685,2.197,743906466.0,1500000.0,1812718634.788,3675000.0,0.0,0.0,20230822,20230822,143823171,2.441,0.0,0.0,2.449,2.448,2.447,2.446,2.445,0.0,0.0,0.0,0.0,0.0,2.451,2.452,2.453,2.454,2.455,0.0,0.0,0.0,0.0,0.0,5315400.0,6674300.0,7860000.0,3718100.0,1796500.0,0.0,0.0,0.0,0.0,0.0,2998400.0,1606900.0,1299900.0,800800.0,375700.0,0.0,0.0,0.0,0.0,0.0
20230822143826160,SZSE,SZSE.ETF.159845,2.451,2.451,2.46,2.41,0.0,2.685,2.197,743906566.0,100.0,1812718879.888,245.09999990463257,0.0,0.0,20230822,20230822,143826160,2.441,0.0,0.0,2.45,2.449,2.448,2.447,2.446,0.0,0.0,0.0,0.0,0.0,2.451,2.452,2.453,2.454,2.455,0.0,0.0,0.0,0.0,0.0,1200000.0,6685400.0,6934400.0,6643000.0,3118200.0,0.0,0.0,0.0,0.0,0.0,2298300.0,2573900.0,2494900.0,678800.0,375700.0,0.0,0.0,0.0,0.0,0.0
20230822143829152,SZSE,SZSE.ETF.159845,2.451,2.451,2.46,2.41,0.0,2.685,2.197,743906566.0,0.0,1812718879.888,0.0,0.0,0.0,20230822,20230822,143829152,2.441,0.0,0.0,2.45,2.449,2.448,2.447,2.446,0.0,0.0,0.0,0.0,0.0,2.451,2.452,2.453,2.454,2.455,0.0,0.0,0.0,0.0,0.0,1200100.0,5485400.0,7544400.0,6660000.0,2118100.0,0.0,0.0,0.0,0.0,0.0,3999300.0,1516900.0,1549900.0,800800.0,375700.0,0.0,0.0,0.0,0.0,0.0
20230822143832152,SZSE,SZSE.ETF.159845,2.451,2.451,2.46,2.41,0.0,2.685,2.197,743906566.0,0.0,1812718879.888,0.0,0.0,0.0,20230822,20230822,143832150,2.441,0.0,0.0,2.45,2.449,2.448,2.447,2.446,0.0,0.0,0.0,0.0,0.0,2.451,2.452,2.453,2.454,2.455,0.0,0.0,0.0,0.0,0.0,1200100.0,6085400.0,8784400.0,4760000.0,2118100.0,0.0,0.0,0.0,0.0,0.0,3499300.0,1606900.0,1789900.0,800800.0,375700.0,0.0,0.0,0.0,0.0,0.0
20230822143835192,SZSE,SZSE.ETF.159845,2.451,2.451,2.46,2.41,0.0,2.685,2.197,743906566.0,0.0,1812718879.888,0.0,0.0,0.0,20230822,20230822,143835192,2.441,0.0,0.0,2.45,2.449,2.448,2.447,2.446,0.0,0.0,0.0,0.0,0.0,2.451,2.452,2.453,2.454,2.455,0.0,0.0,0.0,0.0,0.0,3803200.0,3997400.0,8172400.0,5021000.0,2118100.0,0.0,0.0,0.0,0.0,0.0,1599500.0,3544900.0,1801900.0,900800.0,375700.0,0.0,0.0,0.0,0.0,0.0
20230822143838160,SZSE,SZSE.ETF.159845,2.451,2.451,2.46,2.41,0.0,2.685,2.197,743906566.0,0.0,1812718879.888,0.0,0.0,0.0,20230822,20230822,143838159,2.441,0.0,0.0,2.45,2.449,2.448,2.447,2.446,0.0,0.0,0.0,0.0,0.0,2.451,2.452,2.453,2.454,2.455,0.0,0.0,0.0,0.0,0.0,5003200.0,4647400.0,7522400.0,4921000.0,2118100.0,0.0,0.0,0.0,0.0,0.0,499500.0,2944900.0,2951900.0,1085800.0,375700.0,0.0,0.0,0.0,0.0,0.0
20230822143841156,SZSE,SZSE.ETF.159845,2.451,2.451,2.46,2.41,0.0,2.685,2.197,743906566.0,0.0,1812718879.888,0.0,0.0,0.0,20230822,20230822,143841157,2.441,0.0,0.0,2.45,2.449,2.448,2.447,2.446,0.0,0.0,0.0,0.0,0.0,2.451,2.452,2.453,2.454,2.455,0.0,0.0,0.0,0.0,0.0,3488200.0,7097400.0,7522400.0,4375000.0,2068100.0,0.0,0.0,0.0,0.0,0.0,1699500.0,1344900.0,2351900.0,2235800.0,375700.0,0.0,0.0,0.0,0.0,0.0
20230822143844152,SZSE,SZSE.ETF.159845,2.451,2.451,2.46,2.41,0.0,2.685,2.197,743906566.0,0.0,1812718879.888,0.0,0.0,0.0,20230822,20230822,143844153,2.441,0.0,0.0,2.45,2.449,2.448,2.447,2.446,0.0,0.0,0.0,0.0,0.0,2.451,2.452,2.453,2.454,2.455,0.0,0.0,0.0,0.0,0.0,2588200.0,7597400.0,7522400.0,4660000.0,2118100.0,0.0,0.0,0.0,0.0,0.0,1809500.0,2544900.0,2351900.0,985800.0,375700.0,0.0,0.0,0.0,0.0,0.0
20230822143847168,SZSE,SZSE.ETF.159845,2.45,2.451,2.46,2.41,0.0,2.685,2.197,745406566.0,1500000.0,1816393879.888,3675000.0,0.0,0.0,20230822,20230822,143847166,2.441,0.0,0.0,2.45,2.449,2.448,2.447,2.446,0.0,0.0,0.0,0.0,0.0,2.451,2.452,2.453,2.454,2.455,0.0,0.0,0.0,0.0,0.0,1688200.0,6997400.0,7522400.0,3525000.0,2118100.0,0.0,0.0,0.0,0.0,0.0,2909500.0,2544900.0,1751900.0,650800.0,575700.0,0.0,0.0,0.0,0.0,0.0
20230822143850192,SZSE,SZSE.ETF.159845,2.45,2.451,2.46,2.41,0.0,2.685,2.197,745406566.0,0.0,1816393879.888,0.0,0.0,0.0,20230822,20230822,143850190,2.441,0.0,0.0,2.45,2.449,2.448,2.447,2.446,0.0,0.0,0.0,0.0,0.0,2.451,2.452,2.453,2.454,2.455,0.0,0.0,0.0,0.0,0.0,688200.0,7007400.0,8772400.0,3760000.0,2118100.0,0.0,0.0,0.0,0.0,0.0,3509500.0,2064900.0,1801900.0,600800.0,575700.0,0.0,0.0,0.0,0.0,0.0
20230822143853148,SZSE,SZSE.ETF.159845,2.45,2.451,2.46,2.41,0.0,2.685,2.197,745406566.0,0.0,1816393879.888,0.0,0.0,0.0,20230822,20230822,143853148,2.441,0.0,0.0,2.45,2.449,2.448,2.447,2.446,0.0,0.0,0.0,0.0,0.0,2.451,2.452,2.453,2.454,2.455,0.0,0.0,0.0,0.0,0.0,688200.0,6407400.0,8122400.0,4960000.0,2118100.0,0.0,0.0,0.0,0.0,0.0,3559500.0,2064900.0,1751900.0,600800.0,575700.0,0.0,0.0,0.0,0.0,0.0
20230822143856180,SZSE,SZSE.ETF.159845,2.45,2.451,2.46,2.41,0.0,2.685,2.197,745899766.0,493200.0,1817602219.888,1208340.0,0.0,0.0,20230822,20230822,143856179,2.441,0.0,0.0,2.449,2.448,2.447,2.446,2.445,0.0,0.0,0.0,0.0,0.0,2.45,2.451,2.452,2.453,2.454,0.0,0.0,0.0,0.0,0.0,5857400.0,7472300.0,5450000.0,2718100.0,1696500.0,0.0,0.0,0.0,0.0,0.0,1500000.0,3564400.0,1564900.0,1111900.0,850800.0,0.0,0.0,0.0,0.0,0.0
20230822143859176,SZSE,SZSE.ETF.159845,2.45,2.451,2.46,2.41,0.0,2.685,2.197,746406566.0,506800.0,1818843879.888,1241660.0,0.0,0.0,20230822,20230822,143859177,2.441,0.0,0.0,2.45,2.449,2.448,2.447,2.446,0.0,0.0,0.0,0.0,0.0,2.451,2.452,2.453,2.454,2.455,0.0,0.0,0.0,0.0,0.0,693200.0,6455400.0,7334400.0,3601700.0,2259500.0,0.0,0.0,0.0,0.0,0.0,1859500.0,1093900.0,3236200.0,532500.0,280800.0,0.0,0.0,0.0,0.0,0.0
20230822145356236,SZSE,SZSE.ETF.159845,2.456,2.451,2.46,2.41,0.0,2.685,2.197,853806366.0,0.0,2082398343.588,0.0,0.0,0.0,20230822,20230822,145356235,2.441,0.0,0.0,2.455,2.454,2.453,2.452,2.451,0.0,0.0,0.0,0.0,0.0,2.456,2.457,2.458,2.459,2.46,0.0,0.0,0.0,0.0,0.0,14793100.0,13586700.0,11195200.0,2006500.0,330400.0,0.0,0.0,0.0,0.0,0.0,2802500.0,2275800.0,1462000.0,1048900.0,289990.0,0.0,0.0,0.0,0.0,0.0
20230822145359216,SZSE,SZSE.ETF.159845,2.456,2.451,2.46,2.41,0.0,2.685,2.197,853807366.0,1000.0,2082400799.588,2456.0,0.0,0.0,20230822,20230822,145359217,2.441,0.0,0.0,2.455,2.454,2.453,2.452,2.451,0.0,0.0,0.0,0.0,0.0,2.456,2.457,2.458,2.459,2.46,0.0,0.0,0.0,0.0,0.0,14793100.0,14781500.0,9595200.0,2006500.0,195400.0,0.0,0.0,0.0,0.0,0.0,2801500.0,1075800.0,2112000.0,1648900.0,289990.0,0.0,0.0,0.0,0.0,0.0
20230822145402240,SZSE,SZSE.ETF.159845,2.456,2.451,2.46,2.41,0.0,2.685,2.197,853807366.0,0.0,2082400799.588,0.0,0.0,0.0,20230822,20230822,145402240,2.441,0.0,0.0,2.455,2.454,2.453,2.452,2.451,0.0,0.0,0.0,0.0,0.0,2.456,2.457,2.458,2.459,2.46,0.0,0.0,0.0,0.0,0.0,15293100.0,14793500.0,9583200.0,2006500.0,195400.0,0.0,0.0,0.0,0.0,0.0,2801500.0,1063800.0,2124000.0,1648900.0,289990.0,0.0,0.0,0.0,0.0,0.0
20230822145405280,SZSE,SZSE.ETF.159845,2.456,2.451,2.46,2.41,0.0,2.685,2.197,853807366.0,0.0,2082400799.588,0.0,0.0,0.0,20230822,20230822,145405278,2.441,0.0,0.0,2.455,2.454,2.453,2.452,2.451,0.0,0.0,0.0,0.0,0.0,2.456,2.457,2.458,2.459,2.46,0.0,0.0,0.0,0.0,0.0,14793100.0,14743500.0,9088200.0,2006500.0,685400.0,0.0,0.0,0.0,0.0,0.0,2801500.0,1553800.0,2074000.0,1158900.0,289990.0,0.0,0.0,0.0,0.0,0.0
20230822145408304,SZSE,SZSE.ETF.159845,2.456,2.451,2.46,2.41,0.0,2.685,2.197,853807366.0,0.0,2082400799.588,0.0,0.0,0.0,20230822,20230822,145408302,2.441,0.0,0.0,2.455,2.454,2.453,2.452,2.451,0.0,0.0,0.0,0.0,0.0,2.456,2.457,2.458,2.459,2.46,0.0,0.0,0.0,0.0,0.0,15293100.0,14781500.0,9590200.0,2006500.0,195400.0,0.0,0.0,0.0,0.0,0.0,2807500.0,1075800.0,2112000.0,1448900.0,489990.0,0.0,0.0,0.0,0.0,0.0
20230822145411300,SZSE,SZSE.ETF.159845,2.456,2.451,2.46,2.41,0.0,2.685,2.197,853807366.0,0.0,2082400799.588,0.0,0.0,0.0,20230822,20230822,145411300,2.441,0.0,0.0,2.455,2.454,2.453,2.452,2.451,0.0,0.0,0.0,0.0,0.0,2.456,2.457,2.458,2.459,2.46,0.0,0.0,0.0,0.0,0.0,15893100.0,14853500.0,8978200.0,2006500.0,195400.0,0.0,0.0,0.0,0.0,0.0,2807500.0,1063800.0,2124000.0,1448900.0,489990.0,0.0,0.0,0.0,0.0,0.0
20230822145414264,SZSE,SZSE.ETF.159845,2.456,2.451,2.46,2.41,0.0,2.685,2.197,854807366.0,1000000.0,2084856799.588,2456000.0,0.0,0.0,20230822,20230822,145414265,2.441,0.0,0.0,2.455,2.454,2.453,2.452,2.451,0.0,0.0,0.0,0.0,0.0,2.456,2.457,2.458,2.459,2.46,0.0,0.0,0.0,0.0,0.0,15313100.0,14143500.0,9888200.0,2006500.0,195400.0,0.0,0.0,0.0,0.0,0.0,1807500.0,2140800.0,1284000.0,848900.0,289990.0,0.0,0.0,0.0,0.0,0.0
20230822145417264,SZSE,SZSE.ETF.159845,2.456,2.451,2.46,2.41,0.0,2.685,2.197,855832166.0,1024800.0,2087373708.388,2516908.7999999523,0.0,0.0,20230822,20230822,145417263,2.441,0.0,0.0,2.455,2.454,2.453,2.452,2.451,0.0,0.0,0.0,0.0,0.0,2.456,2.457,2.458,2.459,2.46,0.0,0.0,0.0,0.0,0.0,15413100.0,12781500.0,8990200.0,2006500.0,195400.0,0.0,0.0,0.0,0.0,0.0,1000000.0,952800.0,862000.0,2098900.0,489990.0,0.0,0.0,0.0,0.0,0.0
20230822145420240,SZSE,SZSE.ETF.159845,2.456,2.451,2.46,2.41,0.0,2.685,2.197,857156166.0,1324000.0,2090625452.388,3251744.0,0.0,0.0,20230822,20230822,145420239,2.441,0.0,0.0,2.455,2.454,2.453,2.452,2.451,0.0,0.0,0.0,0.0,0.0,2.456,2.457,2.458,2.459,2.46,0.0,0.0,0.0,0.0,0.0,15893100.0,12853500.0,8878200.0,2006500.0,195400.0,0.0,0.0,0.0,0.0,0.0,676000.0,940800.0,2074000.0,1448900.0,539990.0,0.0,0.0,0.0,0.0,0.0
20230822145423232,SZSE,SZSE.ETF.159845,2.456,2.451,2.46,2.41,0.0,2.685,2.197,858832166.0,1676000.0,2094741708.388,4116256.0,0.0,0.0,20230822,20230822,145423230,2.441,0.0,0.0,2.456,2.455,2.454,2.453,2.452,0.0,0.0,0.0,0.0,0.0,2.457,2.458,2.459,2.46,2.461,0.0,0.0,0.0,0.0,0.0,324000.0,17894100.0,11803500.0,8878100.0,2056500.0,0.0,0.0,0.0,0.0,0.0,1940800.0,2074000.0,1498900.0,489990.0,59300.0,0.0,0.0,0.0,0.0,0.0
20230822145426216,SZSE,SZSE.ETF.159845,2.456,2.451,2.46,2.41,0.0,2.685,2.197,859688466.0,856300.0,2096844270.888,2102562.5,0.0,0.0,20230822,20230822,145426216,2.441,0.0,0.0,2.455,2.454,2.453,2.452,2.451,0.0,0.0,0.0,0.0,0.0,2.456,2.457,2.458,2.459,2.46,0.0,0.0,0.0,0.0,0.0,15479800.0,10843500.0,10219300.0,2410100.0,600.0,0.0,0.0,0.0,0.0,0.0,44800.0,2640800.0,1374000.0,657700.0,736390.0,0.0,0.0,0.0,0.0,0.0
20230822145429260,SZSE,SZSE.ETF.159845,2.456,2.451,2.46,2.41,0.0,2.685,2.197,859733266.0,44800.0,2096954299.688,110028.79999995232,0.0,0.0,20230822,20230822,145429259,2.441,0.0,0.0,2.456,2.455,2.454,2.453,2.452,0.0,0.0,0.0,0.0,0.0,2.457,2.458,2.459,2.46,2.461,0.0,0.0,0.0,0.0,0.0,2055200.0,16479800.0,10298600.0,8688100.0,2006500.0,0.0,0.0,0.0,0.0,0.0,2440800.0,1784000.0,2098900.0,489990.0,59300.0,0.0,0.0,0.0,0.0,0.0
20230822145432248,SZSE,SZSE.ETF.159845,2.456,2.451,2.46,2.41,0.0,2.685,2.197,860245566.0,512300.0,2098212508.488,1258208.7999999523,0.0,0.0,20230822,20230822,145432250,2.441,0.0,0.0,2.456,2.455,2.454,2.453,2.452,0.0,0.0,0.0,0.0,0.0,2.457,2.458,2.459,2.46,2.461,0.0,0.0,0.0,0.0,0.0,542900.0,17774600.0,10988600.0,8969300.0,1215300.0,0.0,0.0,0.0,0.0,0.0,3640800.0,1384000.0,657700.0,1176390.0,154100.0,0.0,0.0,0.0,0.0,0.0
20230822145435256,SZSE,SZSE.ETF.159845,2.456,2.451,2.46,2.41,0.0,2.685,2.197,860394166.0,148600.0,2098577470.088,364961.60000014305,0.0,0.0,20230822,20230822,145435257,2.441,0.0,0.0,2.456,2.455,2.454,2.453,2.452,0.0,0.0,0.0,0.0,0.0,2.457,2.458,2.459,2.46,2.461,0.0,0.0,0.0,0.0,0.0,1480000.0,16021500.0,10538600.0,10219300.0,1815300.0,0.0,0.0,0.0,0.0,0.0,3640800.0,1384000.0,707700.0,1176390.0,154100.0,0.0,0.0,0.0,0.0,0.0
20230822145438224,SZSE,SZSE.ETF.159845,2.456,2.451,2.46,2.41,0.0,2.685,2.197,860406766.0,12600.0,2098608415.688,30945.599999904633,0.0,0.0,20230822,20230822,145438225,2.441,0.0,0.0,2.456,2.455,2.454,2.453,2.452,0.0,0.0,0.0,0.0,0.0,2.457,2.458,2.459,2.46,2.461,0.0,0.0,0.0,0.0,0.0,2941100.0,16021500.0,11688600.0,9619300.0,1215300.0,0.0,0.0,0.0,0.0,0.0,4640800.0,1384000.0,657700.0,1176390.0,154100.0,0.0,0.0,0.0,0.0,0.0
20230822145441264,SZSE,SZSE.ETF.159845,2.456,2.451,2.46,2.41,0.0,2.685,2.197,860407766.0,1000.0,2098610871.688,2456.0,0.0,0.0,20230822,20230822,145441262,2.441,0.0,0.0,2.456,2.455,2.454,2.453,2.452,0.0,0.0,0.0,0.0,0.0,2.457,2.458,2.459,2.46,2.461,0.0,0.0,0.0,0.0,0.0,3940100.0,16084000.0,11676600.0,9569300.0,1165300.0,0.0,0.0,0.0,0.0,0.0,4640800.0,1372000.0,719700.0,1215990.0,154100.0,0.0,0.0,0.0,0.0,0.0
20230822145444280,SZSE,SZSE.ETF.159845,2.456,2.451,2.46,2.41,0.0,2.685,2.197,860409766.0,2000.0,2098615783.688,4912.0,0.0,0.0,20230822,20230822,145444281,2.441,0.0,0.0,2.456,2.455,2.454,2.453,2.452,0.0,0.0,0.0,0.0,0.0,2.457,2.458,2.459,2.46,2.461,0.0,0.0,0.0,0.0,0.0,3938500.0,17284000.0,11266600.0,8829300.0,1215300.0,0.0,0.0,0.0,0.0,0.0,4640800.0,1182000.0,909700.0,1215990.0,154100.0,0.0,0.0,0.0,0.0,0.0
20230822145447216,SZSE,SZSE.ETF.159845,2.456,2.451,2.46,2.41,0.0,2.685,2.197,860412266.0,2500.0,2098621923.688,6140.0,0.0,0.0,20230822,20230822,145447214,2.441,0.0,0.0,2.456,2.455,2.454,2.453,2.452,0.0,0.0,0.0,0.0,0.0,2.457,2.458,2.459,2.46,2.461,0.0,0.0,0.0,0.0,0.0,3936000.0,17222000.0,11278600.0,8829300.0,1215300.0,0.0,0.0,0.0,0.0,0.0,4640800.0,1194000.0,847700.0,1215990.0,154100.0,0.0,0.0,0.0,0.0,0.0
20230822145450232,SZSE,SZSE.ETF.159845,2.456,2.451,2.46,2.41,0.0,2.685,2.197,860412266.0,0.0,2098621923.688,0.0,0.0,0.0,20230822,20230822,145450233,2.441,0.0,0.0,2.456,2.455,2.454,2.453,2.452,0.0,0.0,0.0,0.0,0.0,2.457,2.458,2.459,2.46,2.461,0.0,0.0,0.0,0.0,0.0,3436000.0,17772000.0,11278600.0,7829300.0,1215300.0,0.0,0.0,0.0,0.0,0.0,4540800.0,1194000.0,897700.0,1215990.0,154100.0,0.0,0.0,0.0,0.0,0.0
20230822145453228,SZSE,SZSE.ETF.159845,2.456,2.451,2.46,2.41,0.0,2.685,2.197,860412266.0,0.0,2098621923.688,0.0,0.0,0.0,20230822,20230822,145453227,2.441,0.0,0.0,2.456,2.455,2.454,2.453,2.452,0.0,0.0,0.0,0.0,0.0,2.457,2.458,2.459,2.46,2.461,0.0,0.0,0.0,0.0,0.0,3436000.0,17284000.0,11266600.0,7829300.0,1215300.0,0.0,0.0,0.0,0.0,0.0,4540800.0,1182000.0,909700.0,1215990.0,154100.0,0.0,0.0,0.0,0.0,0.0
20230822145456208,SZSE,SZSE.ETF.159845,2.457,2.451,2.46,2.41,0.0,2.685,2.197,860492266.0,80000.0,2098818483.688,196560.0,0.0,0.0,20230822,20230822,145456206,2.441,0.0,0.0,2.456,2.455,2.454,2.453,2.452,0.0,0.0,0.0,0.0,0.0,2.457,2.458,2.459,2.46,2.461,0.0,0.0,0.0,0.0,0.0,3936000.0,17234000.0,11266600.0,7829300.0,1215300.0,0.0,0.0,0.0,0.0,0.0,3460800.0,2182000.0,859700.0,1215990.0,154100.0,0.0,0.0,0.0,0.0,0.0
20230822145459228,SZSE,SZSE.ETF.159845,2.457,2.451,2.46,2.41,0.0,2.685,2.197,860492266.0,0.0,2098818483.688,0.0,0.0,0.0,20230822,20230822,145459229,2.441,0.0,0.0,2.456,2.455,2.454,2.453,2.452,0.0,0.0,0.0,0.0,0.0,2.457,2.458,2.459,2.46,2.461,0.0,0.0,0.0,0.0,0.0,3936000.0,17334000.0,11266600.0,7829300.0,1215300.0,0.0,0.0,0.0,0.0,0.0,3460800.0,2182000.0,909700.0,1215990.0,154100.0,0.0,0.0,0.0,0.0,0.0
20230822145502268,SZSE,SZSE.ETF.159845,2.457,2.451,2.46,2.41,0.0,2.685,2.197,860492266.0,0.0,2098818483.688,0.0,0.0,0.0,20230822,20230822,145502267,2.441,0.0,0.0,2.456,2.455,2.454,2.453,2.452,0.0,0.0,0.0,0.0,0.0,2.457,2.458,2.459,2.46,2.461,0.0,0.0,0.0,0.0,0.0,4936000.0,16262000.0,11278600.0,7829300.0,1215300.0,0.0,0.0,0.0,0.0,0.0,4470800.0,1194000.0,897700.0,1215990.0,154100.0,0.0,0.0,0.0,0.0,0.0
20230822145505352,SZSE,SZSE.ETF.159845,2.457,2.451,2.46,2.41,0.0,2.685,2.197,860512266.0,20000.0,2098867623.688,49140.0,0.0,0.0,20230822,20230822,145505353,2.441,0.0,0.0,2.456,2.455,2.454,2.453,2.452,0.0,0.0,0.0,0.0,0.0,2.457,2.458,2.459,2.46,2.461,0.0,0.0,0.0,0.0,0.0,3936000.0,17212000.0,10278600.0,7829300.0,1164500.0,0.0,0.0,0.0,0.0,0.0,4450800.0,1194000.0,847700.0,1215990.0,109300.0,0.0,0.0,0.0,0.0,0.0
20230822145508368,SZSE,SZSE.ETF.159845,2.457,2.451,2.46,2.41,0.0,2.685,2.197,860512266.0,0.0,2098867623.688,0.0,0.0,0.0,20230822,20230822,145508370,2.441,0.0,0.0,2.456,2.455,2.454,2.453,2.452,0.0,0.0,0.0,0.0,0.0,2.457,2.458,2.459,2.46,2.461,0.0,0.0,0.0,0.0,0.0,3460000.0,15729200.0,5602900.0,3014000.0,1164500.0,0.0,0.0,0.0,0.0,0.0,4637600.0,1182000.0,719700.0,1215990.0,109300.0,0.0,0.0,0.0,0.0,0.0
20230822145511336,SZSE,SZSE.ETF.159845,2.457,2.451,2.46,2.41,0.0,2.685,2.197,861009066.0,496800.0,2100087765.288,1220141.600000143,0.0,0.0,20230822,20230822,145511336,2.441,0.0,0.0,2.456,2.455,2.454,2.453,2.452,0.0,0.0,0.0,0.0,0.0,2.457,2.458,2.459,2.46,2.461,0.0,0.0,0.0,0.0,0.0,2964000.0,13762000.0,5792900.0,3014000.0,1164500.0,0.0,0.0,0.0,0.0,0.0,4636800.0,1182000.0,897700.0,1215990.0,109300.0,0.0,0.0,0.0,0.0,0.0
20230822145514320,SZSE,SZSE.ETF.159845,2.456,2.451,2.46,2.41,0.0,2.685,2.197,861505066.0,496000.0,2101305941.288,1218176.0,0.0,0.0,20230822,20230822,145514321,2.441,0.0,0.0,2.456,2.455,2.454,2.453,2.452,0.0,0.0,0.0,0.0,0.0,2.457,2.458,2.459,2.46,2.461,0.0,0.0,0.0,0.0,0.0,2468000.0,12512000.0,5814900.0,3614000.0,1654500.0,0.0,0.0,0.0,0.0,0.0,4636800.0,1684000.0,847700.0,725990.0,109300.0,0.0,0.0,0.0,0.0,0.0
20230822145517296,SZSE,SZSE.ETF.159845,2.456,2.451,2.46,2.41,0.0,2.685,2.197,862001066.0,496000.0,2102524117.288,1218176.0,0.0,0.0,20230822,20230822,145517298,2.441,0.0,0.0,2.456,2.455,2.454,2.453,2.452,0.0,0.0,0.0,0.0,0.0,2.457,2.458,2.459,2.46,2.461,0.0,0.0,0.0,0.0,0.0,2022000.0,12517200.0,6304900.0,3614000.0,1299500.0,0.0,0.0,0.0,0.0,0.0,4636800.0,1194000.0,897700.0,1215990.0,109300.0,0.0,0.0,0.0,0.0,0.0
20230822145520264,SZSE,SZSE.ETF.159845,2.456,2.451,2.46,2.41,0.0,2.685,2.197,862497066.0,496000.0,2103742293.288,1218176.0,0.0,0.0,20230822,20230822,145520263,2.441,0.0,0.0,2.456,2.455,2.454,2.453,2.452,0.0,0.0,0.0,0.0,0.0,2.457,2.458,2.459,2.46,2.461,0.0,0.0,0.0,0.0,0.0,1529000.0,12529200.0,5612900.0,3714000.0,1789500.0,0.0,0.0,0.0,0.0,0.0,4686800.0,1672000.0,719700.0,725990.0,109300.0,0.0,0.0,0.0,0.0,0.0
20230822145523252,SZSE,SZSE.ETF.159845,2.456,2.451,2.46,2.41,0.0,2.685,2.197,862993066.0,496000.0,2104960469.288,1218176.0,0.0,0.0,20230822,20230822,145523252,2.441,0.0,0.0,2.456,2.455,2.454,2.453,2.452,0.0,0.0,0.0,0.0,0.0,2.457,2.458,2.459,2.46,2.461,0.0,0.0,0.0,0.0,0.0,1033000.0,10989200.0,5845900.0,3714000.0,1789500.0,0.0,0.0,0.0,0.0,0.0,4686800.0,1672000.0,809700.0,725990.0,109300.0,0.0,0.0,0.0,0.0,0.0
20230822145526304,SZSE,SZSE.ETF.159845,2.456,2.451,2.46,2.41,0.0,2.685,2.197,864026066.0,1033000.0,2107497517.288,2537048.0,0.0,0.0,20230822,20230822,145526305,2.441,0.0,0.0,2.455,2.454,2.453,2.452,2.451,0.0,0.0,0.0,0.0,0.0,2.457,2.458,2.459,2.46,2.461,0.0,0.0,0.0,0.0,0.0,10989200.0,4645900.0,4314000.0,2389500.0,600.0,0.0,0.0,0.0,0.0,0.0,4686800.0,1622000.0,1059700.0,525990.0,109300.0,0.0,0.0,0.0,0.0,0.0
20230822145529324,SZSE,SZSE.ETF.159845,2.456,2.451,2.46,2.41,0.0,2.685,2.197,864076066.0,50000.0,2107620317.288,122800.0,0.0,0.0,20230822,20230822,145529323,2.441,0.0,0.0,2.456,2.455,2.454,2.453,2.452,0.0,0.0,0.0,0.0,0.0,2.457,2.458,2.459,2.46,2.461,0.0,0.0,0.0,0.0,0.0,950000.0,12177200.0,5007900.0,3164000.0,1889500.0,0.0,0.0,0.0,0.0,0.0,3986800.0,1734000.0,1497700.0,475990.0,109300.0,0.0,0.0,0.0,0.0,0.0
20230822145532296,SZSE,SZSE.ETF.159845,2.456,2.451,2.46,2.41,0.0,2.685,2.197,864076066.0,0.0,2107620317.288,0.0,0.0,0.0,20230822,20230822,145532295,2.441,0.0,0.0,2.456,2.455,2.454,2.453,2.452,0.0,0.0,0.0,0.0,0.0,2.457,2.458,2.459,2.46,2.461,0.0,0.0,0.0,0.0,0.0,950000.0,10977200.0,5207900.0,4314000.0,1789500.0,0.0,0.0,0.0,0.0,0.0,4686800.0,1634000.0,797700.0,725990.0,109300.0,0.0,0.0,0.0,0.0,0.0
20230822145535252,SZSE,SZSE.ETF.159845,2.456,2.451,2.46,2.41,0.0,2.685,2.197,864572066.0,496000.0,2108838493.288,1218176.0,0.0,0.0,20230822,20230822,145535252,2.441,0.0,0.0,2.456,2.455,2.454,2.453,2.452,0.0,0.0,0.0,0.0,0.0,2.457,2.458,2.459,2.46,2.461,0.0,0.0,0.0,0.0,0.0,494700.0,10515500.0,4410800.0,4314000.0,2389500.0,0.0,0.0,0.0,0.0,0.0,5186800.0,1122000.0,669700.0,525990.0,109300.0,0.0,0.0,0.0,0.0,0.0
20230822145538268,SZSE,SZSE.ETF.159845,2.456,2.451,2.46,2.41,0.0,2.685,2.197,865066766.0,494700.0,2110053476.488,1214983.1999998093,0.0,0.0,20230822,20230822,145538267,2.441,0.0,0.0,2.455,2.454,2.453,2.452,2.451,0.0,0.0,0.0,0.0,0.0,2.456,2.457,2.458,2.459,2.46,0.0,0.0,0.0,0.0,0.0,10603500.0,5212800.0,4314000.0,1789500.0,600.0,0.0,0.0,0.0,0.0,0.0,1006000.0,5176800.0,1134000.0,847700.0,725990.0,0.0,0.0,0.0,0.0,0.0
20230822145541256,SZSE,SZSE.ETF.159845,2.456,2.451,2.46,2.41,0.0,2.685,2.197,865567766.0,501000.0,2111283436.488,1229960.0,0.0,0.0,20230822,20230822,145541254,2.441,0.0,0.0,2.455,2.454,2.453,2.452,2.451,0.0,0.0,0.0,0.0,0.0,2.456,2.457,2.458,2.459,2.46,0.0,0.0,0.0,0.0,0.0,11307500.0,4852800.0,2972800.0,1980700.0,100600.0,0.0,0.0,0.0,0.0,0.0,1501000.0,2790000.0,634000.0,1588900.0,1684790.0,0.0,0.0,0.0,0.0,0.0
20230822145544276,SZSE,SZSE.ETF.159845,2.455,2.451,2.46,2.41,0.0,2.685,2.197,866067766.0,500000.0,2112510936.488,1227500.0,0.0,0.0,20230822,20230822,145544277,2.441,0.0,0.0,2.455,2.454,2.453,2.452,2.451,0.0,0.0,0.0,0.0,0.0,2.456,2.457,2.458,2.459,2.46,0.0,0.0,0.0,0.0,0.0,9307500.0,6002800.0,2672800.0,2030700.0,150600.0,0.0,0.0,0.0,0.0,0.0,1501000.0,2790000.0,634000.0,2238900.0,1084790.0,0.0,0.0,0.0,0.0,0.0
20230822145547272,SZSE,SZSE.ETF.159845,2.456,2.451,2.46,2.41,0.0,2.685,2.197,867087766.0,1020000.0,2115016056.488,2505120.0,0.0,0.0,20230822,20230822,145547272,2.441,0.0,0.0,2.455,2.454,2.453,2.452,2.451,0.0,0.0,0.0,0.0,0.0,2.456,2.457,2.458,2.459,2.46,0.0,0.0,0.0,0.0,0.0,9307500.0,6402800.0,2672800.0,2030700.0,150600.0,0.0,0.0,0.0,0.0,0.0,1000700.0,2790000.0,1234000.0,2238900.0,284790.0,0.0,0.0,0.0,0.0,0.0
20230822145550288,SZSE,SZSE.ETF.159845,2.455,2.451,2.46,2.41,0.0,2.685,2.197,867587766.0,500000.0,2116243556.488,1227500.0,0.0,0.0,20230822,20230822,145550287,2.441,0.0,0.0,2.455,2.454,2.453,2.452,2.451,0.0,0.0,0.0,0.0,0.0,2.456,2.457,2.458,2.459,2.46,0.0,0.0,0.0,0.0,0.0,9807500.0,7106000.0,2874800.0,2030700.0,285600.0,0.0,0.0,0.0,0.0,0.0,1000700.0,2802000.0,812000.0,1998900.0,884790.0,0.0,0.0,0.0,0.0,0.0
20230822145553256,SZSE,SZSE.ETF.159845,2.455,2.451,2.46,2.41,0.0,2.685,2.197,867587766.0,0.0,2116243556.488,0.0,0.0,0.0,20230822,20230822,145553258,2.441,0.0,0.0,2.455,2.454,2.453,2.452,2.451,0.0,0.0,0.0,0.0,0.0,2.456,2.457,2.458,2.459,2.46,0.0,0.0,0.0,0.0,0.0,12507500.0,6712800.0,2962800.0,1980700.0,150600.0,0.0,0.0,0.0,0.0,0.0,55700.0,3790000.0,824000.0,1998900.0,884790.0,0.0,0.0,0.0,0.0,0.0
20230822145556252,SZSE,SZSE.ETF.159845,2.455,2.451,2.46,2.41,0.0,2.685,2.197,867587766.0,0.0,2116243556.488,0.0,0.0,0.0,20230822,20230822,145556252,2.441,0.0,0.0,2.455,2.454,2.453,2.452,2.451,0.0,0.0,0.0,0.0,0.0,2.456,2.457,2.458,2.459,2.46,0.0,0.0,0.0,0.0,0.0,11807500.0,7212800.0,2962800.0,1980700.0,150600.0,0.0,0.0,0.0,0.0,0.0,1055700.0,2790000.0,825000.0,1998900.0,884790.0,0.0,0.0,0.0,0.0,0.0
20230822145559264,SZSE,SZSE.ETF.159845,2.455,2.451,2.46,2.41,0.0,2.685,2.197,868687166.0,1099400.0,2118942682.888,2699126.4000000954,0.0,0.0,20230822,20230822,145559266,2.441,0.0,0.0,2.455,2.454,2.453,2.452,2.451,0.0,0.0,0.0,0.0,0.0,2.456,2.457,2.458,2.459,2.46,0.0,0.0,0.0,0.0,0.0,10807500.0,7106000.0,2484800.0,1980700.0,775600.0,0.0,0.0,0.0,0.0,0.0,1000000.0,3242000.0,813000.0,1458900.0,884790.0,0.0,0.0,0.0,0.0,0.0
20230822145602316,SZSE,SZSE.ETF.159845,2.455,2.451,2.46,2.41,0.0,2.685,2.197,868687166.0,0.0,2118942682.888,0.0,0.0,0.0,20230822,20230822,145602317,2.441,0.0,0.0,2.455,2.454,2.453,2.452,2.451,0.0,0.0,0.0,0.0,0.0,2.456,2.457,2.458,2.459,2.46,0.0,0.0,0.0,0.0,0.0,10615600.0,6612800.0,2232800.0,1390700.0,150600.0,0.0,0.0,0.0,0.0,0.0,1000000.0,2740000.0,95000.0,258900.0,284790.0,0.0,0.0,0.0,0.0,0.0
20230822145605356,SZSE,SZSE.ETF.159845,2.456,2.451,2.46,2.41,0.0,2.685,2.197,869687966.0,1000800.0,2121400646.888,2457964.0,0.0,0.0,20230822,20230822,145605355,2.441,0.0,0.0,2.455,2.454,2.453,2.452,2.451,0.0,0.0,0.0,0.0,0.0,2.456,2.457,2.458,2.459,2.46,0.0,0.0,0.0,0.0,0.0,10615000.0,6568000.0,2132800.0,1349500.0,150600.0,0.0,0.0,0.0,0.0,0.0,1500000.0,2239900.0,94900.0,217600.0,284690.0,0.0,0.0,0.0,0.0,0.0
20230822145608308,SZSE,SZSE.ETF.159845,2.456,2.451,2.46,2.41,0.0,2.685,2.197,871687966.0,2000000.0,2126312646.888,4912000.0,0.0,0.0,20230822,20230822,145608309,2.441,0.0,0.0,2.455,2.454,2.453,2.452,2.451,0.0,0.0,0.0,0.0,0.0,2.456,2.457,2.458,2.459,2.46,0.0,0.0,0.0,0.0,0.0,11115000.0,6162800.0,2322800.0,1349500.0,250600.0,0.0,0.0,0.0,0.0,0.0,1000000.0,2239900.0,784900.0,167600.0,284690.0,0.0,0.0,0.0,0.0,0.0
20230822145611328,SZSE,SZSE.ETF.159845,2.456,2.451,2.46,2.41,0.0,2.685,2.197,872687966.0,1000000.0,2128768646.888,2456000.0,0.0,0.0,20230822,20230822,145611326,2.441,0.0,0.0,2.456,2.455,2.454,2.453,2.452,0.0,0.0,0.0,0.0,0.0,2.457,2.458,2.459,2.46,2.461,0.0,0.0,0.0,0.0,0.0,200.0,11115000.0,6212800.0,2322800.0,1349500.0,0.0,0.0,0.0,0.0,0.0,3739900.0,284900.0,217600.0,284690.0,59200.0,0.0,0.0,0.0,0.0,0.0
20230822145614296,SZSE,SZSE.ETF.159845,2.456,2.451,2.46,2.41,0.0,2.685,2.197,872687966.0,0.0,2128768646.888,0.0,0.0,0.0,20230822,20230822,145614295,2.441,0.0,0.0,2.456,2.455,2.454,2.453,2.452,0.0,0.0,0.0,0.0,0.0,2.457,2.458,2.459,2.46,2.461,0.0,0.0,0.0,0.0,0.0,1000200.0,12115000.0,5212800.0,2522800.0,1299500.0,0.0,0.0,0.0,0.0,0.0,3739900.0,234900.0,117600.0,384690.0,109200.0,0.0,0.0,0.0,0.0,0.0
20230822145617308,SZSE,SZSE.ETF.159845,2.456,2.451,2.46,2.41,0.0,2.685,2.197,874183966.0,1496000.0,2132442822.888,3674176.0,0.0,0.0,20230822,20230822,145617309,2.441,0.0,0.0,2.456,2.455,2.454,2.453,2.452,0.0,0.0,0.0,0.0,0.0,2.457,2.458,2.459,2.46,2.461,0.0,0.0,0.0,0.0,0.0,504200.0,12130000.0,5118000.0,2522800.0,1299500.0,0.0,0.0,0.0,0.0,0.0,3739900.0,234900.0,67600.0,384690.0,109200.0,0.0,0.0,0.0,0.0,0.0
