time,exchg,code,price,open,high,low,settle_price,upper_limit,lower_limit,total_volume,volume,total_turnover,turnover,open_interest,diff_interest,trading_date,action_date,action_time,pre_close,pre_settle,pre_interest,bid_price_0,bid_price_1,bid_price_2,bid_price_3,bid_price_4,bid_price_5,bid_price_6,bid_price_7,bid_price_8,bid_price_9,ask_price_0,ask_price_1,ask_price_2,ask_price_3,ask_price_4,ask_price_5,ask_price_6,ask_price_7,ask_price_8,ask_price_9,bid_qty_0,bid_qty_1,bid_qty_2,bid_qty_3,bid_qty_4,bid_qty_5,bid_qty_6,bid_qty_7,bid_qty_8,bid_qty_9,ask_qty_0,ask_qty_1,ask_qty_2,ask_qty_3,ask_qty_4,ask_qty_5,ask_qty_6,ask_qty_7,ask_qty_8,ask_qty_9
20230822142532232,SZSE,SZSE.ETF.159859,0.46,0.468,0.47,0.451,0.0,0.514,0.42,239072200.0,10000.0,109075280.4,4600.0,0.0,0.0,20230822,20230822,142532231,0.467,0.0,0.0,0.46,0.459,0.458,0.457,0.456,0.0,0.0,0.0,0.0,0.0,0.461,0.462,0.463,0.464,0.465,0.0,0.0,0.0,0.0,0.0,868500.0,2772000.0,2125600.0,1406400.0,798100.0,0.0,0.0,0.0,0.0,0.0,3022100.0,2780400.0,1240600.0,1979500.0,895500.0,0.0,0.0,0.0,0.0,0.0
20230822142535248,SZSE,SZSE.ETF.159859,0.46,0.468,0.47,0.451,0.0,0.514,0.42,239103300.0,31100.0,109089586.4,14306.0,0.0,0.0,20230822,20230822,142535250,0.467,0.0,0.0,0.46,0.459,0.458,0.457,0.456,0.0,0.0,0.0,0.0,0.0,0.461,0.462,0.463,0.464,0.465,0.0,0.0,0.0,0.0,0.0,1837400.0,2772000.0,2145600.0,1406400.0,798100.0,0.0,0.0,0.0,0.0,0.0,3022100.0,2780400.0,1240600.0,1979500.0,895500.0,0.0,0.0,0.0,0.0,0.0
20230822142538244,SZSE,SZSE.ETF.159859,0.46,0.468,0.47,0.451,0.0,0.514,0.42,239103300.0,0.0,109089586.4,0.0,0.0,0.0,20230822,20230822,142538243,0.467,0.0,0.0,0.46,0.459,0.458,0.457,0.456,0.0,0.0,0.0,0.0,0.0,0.461,0.462,0.463,0.464,0.465,0.0,0.0,0.0,0.0,0.0,1837400.0,2746500.0,2145600.0,1406400.0,798100.0,0.0,0.0,0.0,0.0,0.0,3032400.0,2840400.0,1240600.0,1979500.0,895500.0,0.0,0.0,0.0,0.0,0.0
20230822142541216,SZSE,SZSE.ETF.159859,0.461,0.468,0.47,0.451,0.0,0.514,0.42,239163300.0,60000.0,109117196.4,27610.0,0.0,0.0,20230822,20230822,142541218,0.467,0.0,0.0,0.46,0.459,0.458,0.457,0.456,0.0,0.0,0.0,0.0,0.0,0.461,0.462,0.463,0.464,0.465,0.0,0.0,0.0,0.0,0.0,1787400.0,2746500.0,2145600.0,1406400.0,798100.0,0.0,0.0,0.0,0.0,0.0,3022400.0,2840400.0,1240600.0,1699500.0,895500.0,0.0,0.0,0.0,0.0,0.0
20230822142544232,SZSE,SZSE.ETF.159859,0.46,0.468,0.47,0.451,0.0,0.514,0.42,239227400.0,64100.0,109146702.4,29506.0,0.0,0.0,20230822,20230822,142544234,0.467,0.0,0.0,0.46,0.459,0.458,0.457,0.456,0.0,0.0,0.0,0.0,0.0,0.461,0.462,0.463,0.464,0.465,0.0,0.0,0.0,0.0,0.0,1759200.0,2747500.0,2145600.0,1406400.0,798100.0,0.0,0.0,0.0,0.0,0.0,3282400.0,2840400.0,1240600.0,1699500.0,895500.0,0.0,0.0,0.0,0.0,0.0
20230822142547256,SZSE,SZSE.ETF.159859,0.461,0.468,0.47,0.451,0.0,0.514,0.42,239259400.0,32000.0,109161434.4,14732.0,0.0,0.0,20230822,20230822,142547258,0.467,0.0,0.0,0.46,0.459,0.458,0.457,0.456,0.0,0.0,0.0,0.0,0.0,0.461,0.462,0.463,0.464,0.465,0.0,0.0,0.0,0.0,0.0,1739200.0,2759100.0,2145600.0,1406400.0,798100.0,0.0,0.0,0.0,0.0,0.0,3271800.0,2840400.0,1240600.0,1699500.0,995500.0,0.0,0.0,0.0,0.0,0.0
20230822142844236,SZSE,SZSE.ETF.159859,0.46,0.468,0.47,0.451,0.0,0.514,0.42,242113300.0,20000.0,110474687.0,9200.0,0.0,0.0,20230822,20230822,142844237,0.467,0.0,0.0,0.46,0.459,0.458,0.457,0.456,0.0,0.0,0.0,0.0,0.0,0.461,0.462,0.463,0.464,0.465,0.0,0.0,0.0,0.0,0.0,204900.0,2365300.0,2060900.0,1556400.0,865300.0,0.0,0.0,0.0,0.0,0.0,3557800.0,2688200.0,1494500.0,1714500.0,901000.0,0.0,0.0,0.0,0.0,0.0
20230822142850216,SZSE,SZSE.ETF.159859,0.46,0.468,0.47,0.451,0.0,0.514,0.42,242113800.0,500.0,110474917.0,230.0,0.0,0.0,20230822,20230822,142850218,0.467,0.0,0.0,0.46,0.459,0.458,0.457,0.456,0.0,0.0,0.0,0.0,0.0,0.461,0.462,0.463,0.464,0.465,0.0,0.0,0.0,0.0,0.0,204400.0,2365300.0,2060900.0,1556400.0,865300.0,0.0,0.0,0.0,0.0,0.0,3657800.0,2718200.0,1494500.0,1714500.0,901000.0,0.0,0.0,0.0,0.0,0.0
20230822142853224,SZSE,SZSE.ETF.159859,0.46,0.468,0.47,0.451,0.0,0.514,0.42,242113800.0,0.0,110474917.0,0.0,0.0,0.0,20230822,20230822,142853224,0.467,0.0,0.0,0.46,0.459,0.458,0.457,0.456,0.0,0.0,0.0,0.0,0.0,0.461,0.462,0.463,0.464,0.465,0.0,0.0,0.0,0.0,0.0,205400.0,2365300.0,2060900.0,1556400.0,986300.0,0.0,0.0,0.0,0.0,0.0,3377300.0,2718200.0,1494500.0,1994500.0,901000.0,0.0,0.0,0.0,0.0,0.0
20230822142856260,SZSE,SZSE.ETF.159859,0.46,0.468,0.47,0.451,0.0,0.514,0.42,242113800.0,0.0,110474917.0,0.0,0.0,0.0,20230822,20230822,142856261,0.467,0.0,0.0,0.46,0.459,0.458,0.457,0.456,0.0,0.0,0.0,0.0,0.0,0.461,0.462,0.463,0.464,0.465,0.0,0.0,0.0,0.0,0.0,210400.0,2365300.0,2060900.0,1556400.0,986300.0,0.0,0.0,0.0,0.0,0.0,3377300.0,2718200.0,1494500.0,1994500.0,901000.0,0.0,0.0,0.0,0.0,0.0
20230822142859204,SZSE,SZSE.ETF.159859,0.46,0.468,0.47,0.451,0.0,0.514,0.42,242113800.0,0.0,110474917.0,0.0,0.0,0.0,20230822,20230822,142859204,0.467,0.0,0.0,0.46,0.459,0.458,0.457,0.456,0.0,0.0,0.0,0.0,0.0,0.461,0.462,0.463,0.464,0.465,0.0,0.0,0.0,0.0,0.0,212400.0,2365300.0,2060900.0,1556400.0,986300.0,0.0,0.0,0.0,0.0,0.0,3377300.0,2718200.0,1594500.0,1994500.0,901000.0,0.0,0.0,0.0,0.0,0.0
20230822142902208,SZSE,SZSE.ETF.159859,0.46,0.468,0.47,0.451,0.0,0.514,0.42,242113800.0,0.0,110474917.0,0.0,0.0,0.0,20230822,20230822,142902208,0.467,0.0,0.0,0.46,0.459,0.458,0.457,0.456,0.0,0.0,0.0,0.0,0.0,0.461,0.462,0.463,0.464,0.465,0.0,0.0,0.0,0.0,0.0,212400.0,2339700.0,2060900.0,1556400.0,986300.0,0.0,0.0,0.0,0.0,0.0,3377300.0,2718200.0,1594500.0,1994500.0,901000.0,0.0,0.0,0.0,0.0,0.0
20230822142905240,SZSE,SZSE.ETF.159859,0.461,0.468,0.47,0.451,0.0,0.514,0.42,242116300.0,2500.0,110476069.5,1152.5,0.0,0.0,20230822,20230822,142905238,0.467,0.0,0.0,0.46,0.459,0.458,0.457,0.456,0.0,0.0,0.0,0.0,0.0,0.461,0.462,0.463,0.464,0.465,0.0,0.0,0.0,0.0,0.0,212400.0,2339600.0,2060900.0,1556400.0,986300.0,0.0,0.0,0.0,0.0,0.0,3374800.0,2718200.0,1594500.0,1994500.0,901000.0,0.0,0.0,0.0,0.0,0.0
20230822142908252,SZSE,SZSE.ETF.159859,0.461,0.468,0.47,0.451,0.0,0.514,0.42,242116300.0,0.0,110476069.5,0.0,0.0,0.0,20230822,20230822,142908251,0.467,0.0,0.0,0.46,0.459,0.458,0.457,0.456,0.0,0.0,0.0,0.0,0.0,0.461,0.462,0.463,0.464,0.465,0.0,0.0,0.0,0.0,0.0,312400.0,2339600.0,2060900.0,1556400.0,986300.0,0.0,0.0,0.0,0.0,0.0,2652600.0,2718200.0,1594500.0,1994500.0,901000.0,0.0,0.0,0.0,0.0,0.0
20230822142911268,SZSE,SZSE.ETF.159859,0.46,0.468,0.47,0.451,0.0,0.514,0.42,242116500.0,200.0,110476161.5,92.0,0.0,0.0,20230822,20230822,142911267,0.467,0.0,0.0,0.46,0.459,0.458,0.457,0.456,0.0,0.0,0.0,0.0,0.0,0.461,0.462,0.463,0.464,0.465,0.0,0.0,0.0,0.0,0.0,337800.0,2339600.0,2060900.0,1556400.0,986300.0,0.0,0.0,0.0,0.0,0.0,2696600.0,2718200.0,1594500.0,1994500.0,901000.0,0.0,0.0,0.0,0.0,0.0
20230822142914248,SZSE,SZSE.ETF.159859,0.46,0.468,0.47,0.451,0.0,0.514,0.42,242117000.0,500.0,110476391.5,230.0,0.0,0.0,20230822,20230822,142914249,0.467,0.0,0.0,0.46,0.459,0.458,0.457,0.456,0.0,0.0,0.0,0.0,0.0,0.461,0.462,0.463,0.464,0.465,0.0,0.0,0.0,0.0,0.0,353000.0,2339600.0,2060900.0,1556400.0,986300.0,0.0,0.0,0.0,0.0,0.0,2696600.0,2718200.0,1594500.0,1994500.0,901000.0,0.0,0.0,0.0,0.0,0.0
20230822142917236,SZSE,SZSE.ETF.159859,0.461,0.468,0.47,0.451,0.0,0.514,0.42,242269700.0,152700.0,110546782.2,70390.70000000298,0.0,0.0,20230822,20230822,142917236,0.467,0.0,0.0,0.46,0.459,0.458,0.457,0.456,0.0,0.0,0.0,0.0,0.0,0.461,0.462,0.463,0.464,0.465,0.0,0.0,0.0,0.0,0.0,349000.0,2589600.0,2060900.0,1306400.0,986300.0,0.0,0.0,0.0,0.0,0.0,2567900.0,2468200.0,1594500.0,1994500.0,901000.0,0.0,0.0,0.0,0.0,0.0
20230822142920244,SZSE,SZSE.ETF.159859,0.461,0.468,0.47,0.451,0.0,0.514,0.42,242269700.0,0.0,110546782.2,0.0,0.0,0.0,20230822,20230822,142920245,0.467,0.0,0.0,0.46,0.459,0.458,0.457,0.456,0.0,0.0,0.0,0.0,0.0,0.461,0.462,0.463,0.464,0.465,0.0,0.0,0.0,0.0,0.0,463500.0,2589600.0,2060900.0,1306400.0,986300.0,0.0,0.0,0.0,0.0,0.0,2567900.0,2718200.0,1844500.0,1994500.0,901000.0,0.0,0.0,0.0,0.0,0.0
20230822142923264,SZSE,SZSE.ETF.159859,0.461,0.468,0.47,0.451,0.0,0.514,0.42,242269700.0,0.0,110546782.2,0.0,0.0,0.0,20230822,20230822,142923266,0.467,0.0,0.0,0.46,0.459,0.458,0.457,0.456,0.0,0.0,0.0,0.0,0.0,0.461,0.462,0.463,0.464,0.465,0.0,0.0,0.0,0.0,0.0,547600.0,2589600.0,2060900.0,1306400.0,986300.0,0.0,0.0,0.0,0.0,0.0,2567900.0,2718200.0,1844500.0,1994500.0,901000.0,0.0,0.0,0.0,0.0,0.0
20230822142926252,SZSE,SZSE.ETF.159859,0.461,0.468,0.47,0.451,0.0,0.514,0.42,242289700.0,20000.0,110556002.2,9220.0,0.0,0.0,20230822,20230822,142926252,0.467,0.0,0.0,0.46,0.459,0.458,0.457,0.456,0.0,0.0,0.0,0.0,0.0,0.461,0.462,0.463,0.464,0.465,0.0,0.0,0.0,0.0,0.0,617100.0,2589600.0,2060900.0,1306400.0,986300.0,0.0,0.0,0.0,0.0,0.0,2559300.0,2718200.0,1844500.0,1794500.0,901000.0,0.0,0.0,0.0,0.0,0.0
20230822142929232,SZSE,SZSE.ETF.159859,0.461,0.468,0.47,0.451,0.0,0.514,0.42,242298100.0,8400.0,110559874.6,3872.3999999910593,0.0,0.0,20230822,20230822,142929234,0.467,0.0,0.0,0.46,0.459,0.458,0.457,0.456,0.0,0.0,0.0,0.0,0.0,0.461,0.462,0.463,0.464,0.465,0.0,0.0,0.0,0.0,0.0,661100.0,2589600.0,2060900.0,1306400.0,986300.0,0.0,0.0,0.0,0.0,0.0,2550900.0,2718200.0,1844500.0,1794500.0,901000.0,0.0,0.0,0.0,0.0,0.0
20230822142932236,SZSE,SZSE.ETF.159859,0.461,0.468,0.47,0.451,0.0,0.514,0.42,242298100.0,0.0,110559874.6,0.0,0.0,0.0,20230822,20230822,142932235,0.467,0.0,0.0,0.46,0.459,0.458,0.457,0.456,0.0,0.0,0.0,0.0,0.0,0.461,0.462,0.463,0.464,0.465,0.0,0.0,0.0,0.0,0.0,743700.0,2589600.0,2060900.0,1306400.0,986300.0,0.0,0.0,0.0,0.0,0.0,2550900.0,2718200.0,1844500.0,1794500.0,901000.0,0.0,0.0,0.0,0.0,0.0
20230822142938248,SZSE,SZSE.ETF.159859,0.461,0.468,0.47,0.451,0.0,0.514,0.42,242298100.0,0.0,110559874.6,0.0,0.0,0.0,20230822,20230822,142938247,0.467,0.0,0.0,0.46,0.459,0.458,0.457,0.456,0.0,0.0,0.0,0.0,0.0,0.461,0.462,0.463,0.464,0.465,0.0,0.0,0.0,0.0,0.0,744700.0,2489600.0,2060900.0,1306400.0,986300.0,0.0,0.0,0.0,0.0,0.0,2550900.0,2696700.0,1844500.0,1794500.0,901000.0,0.0,0.0,0.0,0.0,0.0
20230822142941244,SZSE,SZSE.ETF.159859,0.461,0.468,0.47,0.451,0.0,0.514,0.42,242302000.0,3900.0,110561672.5,1797.9000000059605,0.0,0.0,20230822,20230822,142941245,0.467,0.0,0.0,0.46,0.459,0.458,0.457,0.456,0.0,0.0,0.0,0.0,0.0,0.461,0.462,0.463,0.464,0.465,0.0,0.0,0.0,0.0,0.0,744700.0,2489600.0,2060900.0,1306400.0,986300.0,0.0,0.0,0.0,0.0,0.0,2547000.0,2696700.0,1874500.0,1794500.0,901000.0,0.0,0.0,0.0,0.0,0.0
20230822142944232,SZSE,SZSE.ETF.159859,0.461,0.468,0.47,0.451,0.0,0.514,0.42,242302000.0,0.0,110561672.5,0.0,0.0,0.0,20230822,20230822,142944234,0.467,0.0,0.0,0.46,0.459,0.458,0.457,0.456,0.0,0.0,0.0,0.0,0.0,0.461,0.462,0.463,0.464,0.465,0.0,0.0,0.0,0.0,0.0,744700.0,2589600.0,2060900.0,1306400.0,986300.0,0.0,0.0,0.0,0.0,0.0,2547000.0,2696700.0,1874500.0,1794500.0,901000.0,0.0,0.0,0.0,0.0,0.0
20230822142947244,SZSE,SZSE.ETF.159859,0.461,0.468,0.47,0.451,0.0,0.514,0.42,242302000.0,0.0,110561672.5,0.0,0.0,0.0,20230822,20230822,142947244,0.467,0.0,0.0,0.46,0.459,0.458,0.457,0.456,0.0,0.0,0.0,0.0,0.0,0.461,0.462,0.463,0.464,0.465,0.0,0.0,0.0,0.0,0.0,744700.0,2489600.0,2060900.0,1306400.0,986300.0,0.0,0.0,0.0,0.0,0.0,2547000.0,2696700.0,1874500.0,1794500.0,901000.0,0.0,0.0,0.0,0.0,0.0
20230822142950240,SZSE,SZSE.ETF.159859,0.461,0.468,0.47,0.451,0.0,0.514,0.42,242328500.0,26500.0,110573889.0,12216.5,0.0,0.0,20230822,20230822,142950242,0.467,0.0,0.0,0.46,0.459,0.458,0.457,0.456,0.0,0.0,0.0,0.0,0.0,0.461,0.462,0.463,0.464,0.465,0.0,0.0,0.0,0.0,0.0,759700.0,2589600.0,2060900.0,1306400.0,986300.0,0.0,0.0,0.0,0.0,0.0,2520500.0,2696700.0,1874500.0,1794500.0,901000.0,0.0,0.0,0.0,0.0,0.0
20230822142953220,SZSE,SZSE.ETF.159859,0.461,0.468,0.47,0.451,0.0,0.514,0.42,242378500.0,50000.0,110596939.0,23050.0,0.0,0.0,20230822,20230822,142953221,0.467,0.0,0.0,0.46,0.459,0.458,0.457,0.456,0.0,0.0,0.0,0.0,0.0,0.461,0.462,0.463,0.464,0.465,0.0,0.0,0.0,0.0,0.0,759700.0,2499600.0,2060900.0,1306400.0,986300.0,0.0,0.0,0.0,0.0,0.0,2470500.0,2696700.0,1874500.0,1794500.0,901000.0,0.0,0.0,0.0,0.0,0.0
20230822142956200,SZSE,SZSE.ETF.159859,0.461,0.468,0.47,0.451,0.0,0.514,0.42,242428500.0,50000.0,110619989.0,23050.0,0.0,0.0,20230822,20230822,142956201,0.467,0.0,0.0,0.46,0.459,0.458,0.457,0.456,0.0,0.0,0.0,0.0,0.0,0.461,0.462,0.463,0.464,0.465,0.0,0.0,0.0,0.0,0.0,759700.0,2599600.0,2060900.0,1306400.0,986300.0,0.0,0.0,0.0,0.0,0.0,2420500.0,2696700.0,1874500.0,1794500.0,901000.0,0.0,0.0,0.0,0.0,0.0
20230822142959220,SZSE,SZSE.ETF.159859,0.461,0.468,0.47,0.451,0.0,0.514,0.42,242428500.0,0.0,110619989.0,0.0,0.0,0.0,20230822,20230822,142959219,0.467,0.0,0.0,0.46,0.459,0.458,0.457,0.456,0.0,0.0,0.0,0.0,0.0,0.461,0.462,0.463,0.464,0.465,0.0,0.0,0.0,0.0,0.0,759700.0,2499600.0,2060900.0,1306400.0,986300.0,0.0,0.0,0.0,0.0,0.0,2420500.0,2696700.0,1874500.0,1794500.0,901000.0,0.0,0.0,0.0,0.0,0.0
20230822143002268,SZSE,SZSE.ETF.159859,0.461,0.468,0.47,0.451,0.0,0.514,0.42,242428500.0,0.0,110619989.0,0.0,0.0,0.0,20230822,20230822,143002269,0.467,0.0,0.0,0.46,0.459,0.458,0.457,0.456,0.0,0.0,0.0,0.0,0.0,0.461,0.462,0.463,0.464,0.465,0.0,0.0,0.0,0.0,0.0,759700.0,2499600.0,2060900.0,1306400.0,986300.0,0.0,0.0,0.0,0.0,0.0,2670500.0,2696700.0,1674500.0,1794500.0,896000.0,0.0,0.0,0.0,0.0,0.0
20230822143011380,SZSE,SZSE.ETF.159859,0.461,0.468,0.47,0.451,0.0,0.514,0.42,242528500.0,0.0,110666089.0,0.0,0.0,0.0,20230822,20230822,143011381,0.467,0.0,0.0,0.46,0.459,0.458,0.457,0.456,0.0,0.0,0.0,0.0,0.0,0.461,0.462,0.463,0.464,0.465,0.0,0.0,0.0,0.0,0.0,689700.0,2499600.0,2060900.0,1306400.0,986300.0,0.0,0.0,0.0,0.0,0.0,2679000.0,2696700.0,1674500.0,1838500.0,896000.0,0.0,0.0,0.0,0.0,0.0
20230822143014368,SZSE,SZSE.ETF.159859,0.461,0.468,0.47,0.451,0.0,0.514,0.42,242530100.0,1600.0,110666826.6,737.5999999940395,0.0,0.0,20230822,20230822,143014366,0.467,0.0,0.0,0.46,0.459,0.458,0.457,0.456,0.0,0.0,0.0,0.0,0.0,0.461,0.462,0.463,0.464,0.465,0.0,0.0,0.0,0.0,0.0,689700.0,2499600.0,2060900.0,1306400.0,986300.0,0.0,0.0,0.0,0.0,0.0,2677500.0,2696700.0,1694500.0,1558500.0,896000.0,0.0,0.0,0.0,0.0,0.0
20230822143017384,SZSE,SZSE.ETF.159859,0.461,0.468,0.47,0.451,0.0,0.514,0.42,242540100.0,10000.0,110671436.6,4610.0,0.0,0.0,20230822,20230822,143017382,0.467,0.0,0.0,0.46,0.459,0.458,0.457,0.456,0.0,0.0,0.0,0.0,0.0,0.461,0.462,0.463,0.464,0.465,0.0,0.0,0.0,0.0,0.0,694700.0,2499600.0,2060900.0,1306400.0,986300.0,0.0,0.0,0.0,0.0,0.0,2947500.0,2696700.0,1716000.0,1558500.0,896000.0,0.0,0.0,0.0,0.0,0.0
20230822143020376,SZSE,SZSE.ETF.159859,0.461,0.468,0.47,0.451,0.0,0.514,0.42,242590100.0,50000.0,110694486.6,23050.0,0.0,0.0,20230822,20230822,143020378,0.467,0.0,0.0,0.46,0.459,0.458,0.457,0.456,0.0,0.0,0.0,0.0,0.0,0.461,0.462,0.463,0.464,0.465,0.0,0.0,0.0,0.0,0.0,694700.0,2399600.0,2013500.0,1306400.0,986300.0,0.0,0.0,0.0,0.0,0.0,2897500.0,2696700.0,1716000.0,1558500.0,896000.0,0.0,0.0,0.0,0.0,0.0
20230822143023360,SZSE,SZSE.ETF.159859,0.461,0.468,0.47,0.451,0.0,0.514,0.42,242592100.0,2000.0,110695408.6,922.0,0.0,0.0,20230822,20230822,143023362,0.467,0.0,0.0,0.46,0.459,0.458,0.457,0.456,0.0,0.0,0.0,0.0,0.0,0.461,0.462,0.463,0.464,0.465,0.0,0.0,0.0,0.0,0.0,694700.0,2399600.0,2013500.0,1306400.0,986300.0,0.0,0.0,0.0,0.0,0.0,2895500.0,2696700.0,1716000.0,1558500.0,896000.0,0.0,0.0,0.0,0.0,0.0
20230822143044280,SZSE,SZSE.ETF.159859,0.46,0.468,0.47,0.451,0.0,0.514,0.42,242619800.0,6000.0,110708164.3,2760.0,0.0,0.0,20230822,20230822,143044279,0.467,0.0,0.0,0.46,0.459,0.458,0.457,0.456,0.0,0.0,0.0,0.0,0.0,0.461,0.462,0.463,0.464,0.465,0.0,0.0,0.0,0.0,0.0,768000.0,2298600.0,2013500.0,1306400.0,986300.0,0.0,0.0,0.0,0.0,0.0,2967800.0,2596700.0,1764000.0,1558500.0,896000.0,0.0,0.0,0.0,0.0,0.0
20230822143047292,SZSE,SZSE.ETF.159859,0.46,0.468,0.47,0.451,0.0,0.514,0.42,242619800.0,0.0,110708164.3,0.0,0.0,0.0,20230822,20230822,143047292,0.467,0.0,0.0,0.46,0.459,0.458,0.457,0.456,0.0,0.0,0.0,0.0,0.0,0.461,0.462,0.463,0.464,0.465,0.0,0.0,0.0,0.0,0.0,768000.0,2298600.0,2013500.0,1306400.0,986300.0,0.0,0.0,0.0,0.0,0.0,2967800.0,2596700.0,1664000.0,1558500.0,896000.0,0.0,0.0,0.0,0.0,0.0
20230822143050288,SZSE,SZSE.ETF.159859,0.461,0.468,0.47,0.451,0.0,0.514,0.42,242680500.0,60700.0,110736096.3,27932.0,0.0,0.0,20230822,20230822,143050288,0.467,0.0,0.0,0.46,0.459,0.458,0.457,0.456,0.0,0.0,0.0,0.0,0.0,0.461,0.462,0.463,0.464,0.465,0.0,0.0,0.0,0.0,0.0,717300.0,2298600.0,2013500.0,1306400.0,986300.0,0.0,0.0,0.0,0.0,0.0,2957800.0,2596700.0,1664000.0,1558500.0,896000.0,0.0,0.0,0.0,0.0,0.0
20230822143053292,SZSE,SZSE.ETF.159859,0.46,0.468,0.47,0.451,0.0,0.514,0.42,242730500.0,50000.0,110759096.3,23000.0,0.0,0.0,20230822,20230822,143053292,0.467,0.0,0.0,0.46,0.459,0.458,0.457,0.456,0.0,0.0,0.0,0.0,0.0,0.461,0.462,0.463,0.464,0.465,0.0,0.0,0.0,0.0,0.0,667300.0,2298600.0,2013500.0,1306400.0,986300.0,0.0,0.0,0.0,0.0,0.0,2957800.0,2596700.0,1664000.0,1558500.0,896000.0,0.0,0.0,0.0,0.0,0.0
20230822143056296,SZSE,SZSE.ETF.159859,0.46,0.468,0.47,0.451,0.0,0.514,0.42,242790500.0,60000.0,110786696.3,27600.0,0.0,0.0,20230822,20230822,143056296,0.467,0.0,0.0,0.46,0.459,0.458,0.457,0.456,0.0,0.0,0.0,0.0,0.0,0.461,0.462,0.463,0.464,0.465,0.0,0.0,0.0,0.0,0.0,607300.0,2302100.0,2013500.0,1306400.0,986300.0,0.0,0.0,0.0,0.0,0.0,2968800.0,2596700.0,1664000.0,1558500.0,896000.0,0.0,0.0,0.0,0.0,0.0
20230822143059304,SZSE,SZSE.ETF.159859,0.46,0.468,0.47,0.451,0.0,0.514,0.42,242945500.0,155000.0,110857996.3,71300.0,0.0,0.0,20230822,20230822,143059303,0.467,0.0,0.0,0.46,0.459,0.458,0.457,0.456,0.0,0.0,0.0,0.0,0.0,0.461,0.462,0.463,0.464,0.465,0.0,0.0,0.0,0.0,0.0,452300.0,2302100.0,2013500.0,1306400.0,986300.0,0.0,0.0,0.0,0.0,0.0,2968800.0,2596700.0,1664000.0,1558500.0,896000.0,0.0,0.0,0.0,0.0,0.0
20230822143102304,SZSE,SZSE.ETF.159859,0.46,0.468,0.47,0.451,0.0,0.514,0.42,242945500.0,0.0,110857996.3,0.0,0.0,0.0,20230822,20230822,143102305,0.467,0.0,0.0,0.46,0.459,0.458,0.457,0.456,0.0,0.0,0.0,0.0,0.0,0.461,0.462,0.463,0.464,0.465,0.0,0.0,0.0,0.0,0.0,452300.0,2318300.0,2013500.0,1306400.0,986300.0,0.0,0.0,0.0,0.0,0.0,2968800.0,2596700.0,1664000.0,1558500.0,896000.0,0.0,0.0,0.0,0.0,0.0
20230822143105328,SZSE,SZSE.ETF.159859,0.46,0.468,0.47,0.451,0.0,0.514,0.42,242985500.0,40000.0,110876396.3,18400.0,0.0,0.0,20230822,20230822,143105327,0.467,0.0,0.0,0.46,0.459,0.458,0.457,0.456,0.0,0.0,0.0,0.0,0.0,0.461,0.462,0.463,0.464,0.465,0.0,0.0,0.0,0.0,0.0,512300.0,2318300.0,2013500.0,1306400.0,986300.0,0.0,0.0,0.0,0.0,0.0,2978800.0,2596700.0,1664000.0,1558500.0,896000.0,0.0,0.0,0.0,0.0,0.0
20230822143108340,SZSE,SZSE.ETF.159859,0.46,0.468,0.47,0.451,0.0,0.514,0.42,242985500.0,0.0,110876396.3,0.0,0.0,0.0,20230822,20230822,143108341,0.467,0.0,0.0,0.46,0.459,0.458,0.457,0.456,0.0,0.0,0.0,0.0,0.0,0.461,0.462,0.463,0.464,0.465,0.0,0.0,0.0,0.0,0.0,512300.0,2548600.0,2013500.0,1306400.0,986300.0,0.0,0.0,0.0,0.0,0.0,2978800.0,2596700.0,1664000.0,1561200.0,896000.0,0.0,0.0,0.0,0.0,0.0
20230822143111316,SZSE,SZSE.ETF.159859,0.46,0.468,0.47,0.451,0.0,0.514,0.42,243035500.0,50000.0,110899396.3,23000.0,0.0,0.0,20230822,20230822,143111316,0.467,0.0,0.0,0.46,0.459,0.458,0.457,0.456,0.0,0.0,0.0,0.0,0.0,0.461,0.462,0.463,0.464,0.465,0.0,0.0,0.0,0.0,0.0,453300.0,2560600.0,2013500.0,1306400.0,986300.0,0.0,0.0,0.0,0.0,0.0,2978800.0,2596700.0,1664000.0,1561200.0,896000.0,0.0,0.0,0.0,0.0,0.0
20230822143114336,SZSE,SZSE.ETF.159859,0.46,0.468,0.47,0.451,0.0,0.514,0.42,243057600.0,22100.0,110909562.3,10166.0,0.0,0.0,20230822,20230822,143114337,0.467,0.0,0.0,0.46,0.459,0.458,0.457,0.456,0.0,0.0,0.0,0.0,0.0,0.461,0.462,0.463,0.464,0.465,0.0,0.0,0.0,0.0,0.0,431200.0,2560600.0,2013500.0,1306400.0,986300.0,0.0,0.0,0.0,0.0,0.0,2983800.0,2596700.0,1664000.0,1561200.0,896000.0,0.0,0.0,0.0,0.0,0.0
20230822143117308,SZSE,SZSE.ETF.159859,0.46,0.468,0.47,0.451,0.0,0.514,0.42,243132600.0,75000.0,110944062.3,34500.0,0.0,0.0,20230822,20230822,143117308,0.467,0.0,0.0,0.46,0.459,0.458,0.457,0.456,0.0,0.0,0.0,0.0,0.0,0.461,0.462,0.463,0.464,0.465,0.0,0.0,0.0,0.0,0.0,356200.0,2560600.0,2013500.0,1306400.0,986300.0,0.0,0.0,0.0,0.0,0.0,2983800.0,2596700.0,1664000.0,1561200.0,896000.0,0.0,0.0,0.0,0.0,0.0
20230822143120296,SZSE,SZSE.ETF.159859,0.46,0.468,0.47,0.451,0.0,0.514,0.42,243136600.0,4000.0,110945902.3,1840.0,0.0,0.0,20230822,20230822,143120296,0.467,0.0,0.0,0.46,0.459,0.458,0.457,0.456,0.0,0.0,0.0,0.0,0.0,0.461,0.462,0.463,0.464,0.465,0.0,0.0,0.0,0.0,0.0,352200.0,2560400.0,2013500.0,1306400.0,986300.0,0.0,0.0,0.0,0.0,0.0,2983800.0,2596700.0,1664000.0,1561200.0,896000.0,0.0,0.0,0.0,0.0,0.0
20230822143123288,SZSE,SZSE.ETF.159859,0.46,0.468,0.47,0.451,0.0,0.514,0.42,243136600.0,0.0,110945902.3,0.0,0.0,0.0,20230822,20230822,143123289,0.467,0.0,0.0,0.46,0.459,0.458,0.457,0.456,0.0,0.0,0.0,0.0,0.0,0.461,0.462,0.463,0.464,0.465,0.0,0.0,0.0,0.0,0.0,352200.0,2560400.0,2013500.0,1306400.0,986300.0,0.0,0.0,0.0,0.0,0.0,3733800.0,2596700.0,1664000.0,1561200.0,896000.0,0.0,0.0,0.0,0.0,0.0
20230822143129356,SZSE,SZSE.ETF.159859,0.46,0.468,0.47,0.451,0.0,0.514,0.42,243139400.0,2800.0,110947190.3,1288.0,0.0,0.0,20230822,20230822,143129355,0.467,0.0,0.0,0.46,0.459,0.458,0.457,0.456,0.0,0.0,0.0,0.0,0.0,0.461,0.462,0.463,0.464,0.465,0.0,0.0,0.0,0.0,0.0,349400.0,2815400.0,2013500.0,1304900.0,986300.0,0.0,0.0,0.0,0.0,0.0,3733800.0,2596700.0,1664000.0,1561200.0,866000.0,0.0,0.0,0.0,0.0,0.0
20230822143132360,SZSE,SZSE.ETF.159859,0.46,0.468,0.47,0.451,0.0,0.514,0.42,243139400.0,0.0,110947190.3,0.0,0.0,0.0,20230822,20230822,143132361,0.467,0.0,0.0,0.46,0.459,0.458,0.457,0.456,0.0,0.0,0.0,0.0,0.0,0.461,0.462,0.463,0.464,0.465,0.0,0.0,0.0,0.0,0.0,349400.0,2815400.0,2013500.0,1304900.0,986300.0,0.0,0.0,0.0,0.0,0.0,3733800.0,2596700.0,1664000.0,1561200.0,867000.0,0.0,0.0,0.0,0.0,0.0
20230822143135352,SZSE,SZSE.ETF.159859,0.46,0.468,0.47,0.451,0.0,0.514,0.42,243149400.0,10000.0,110951790.3,4600.0,0.0,0.0,20230822,20230822,143135351,0.467,0.0,0.0,0.46,0.459,0.458,0.457,0.456,0.0,0.0,0.0,0.0,0.0,0.461,0.462,0.463,0.464,0.465,0.0,0.0,0.0,0.0,0.0,339400.0,2717400.0,2013500.0,1304900.0,986300.0,0.0,0.0,0.0,0.0,0.0,3783800.0,2596700.0,1664000.0,1561200.0,867000.0,0.0,0.0,0.0,0.0,0.0
20230822143138336,SZSE,SZSE.ETF.159859,0.46,0.468,0.47,0.451,0.0,0.514,0.42,243149400.0,0.0,110951790.3,0.0,0.0,0.0,20230822,20230822,143138335,0.467,0.0,0.0,0.46,0.459,0.458,0.457,0.456,0.0,0.0,0.0,0.0,0.0,0.461,0.462,0.463,0.464,0.465,0.0,0.0,0.0,0.0,0.0,344600.0,2717400.0,2013500.0,1304900.0,986300.0,0.0,0.0,0.0,0.0,0.0,3783800.0,2596700.0,1664000.0,1561200.0,867000.0,0.0,0.0,0.0,0.0,0.0
20230822143141340,SZSE,SZSE.ETF.159859,0.46,0.468,0.47,0.451,0.0,0.514,0.42,243149400.0,0.0,110951790.3,0.0,0.0,0.0,20230822,20230822,143141339,0.467,0.0,0.0,0.46,0.459,0.458,0.457,0.456,0.0,0.0,0.0,0.0,0.0,0.461,0.462,0.463,0.464,0.465,0.0,0.0,0.0,0.0,0.0,394400.0,2767400.0,2013500.0,1304900.0,986300.0,0.0,0.0,0.0,0.0,0.0,3783800.0,2596700.0,1664000.0,1561200.0,867000.0,0.0,0.0,0.0,0.0,0.0
20230822143144348,SZSE,SZSE.ETF.159859,0.46,0.468,0.47,0.451,0.0,0.514,0.42,243149400.0,0.0,110951790.3,0.0,0.0,0.0,20230822,20230822,143144348,0.467,0.0,0.0,0.46,0.459,0.458,0.457,0.456,0.0,0.0,0.0,0.0,0.0,0.461,0.462,0.463,0.464,0.465,0.0,0.0,0.0,0.0,0.0,394400.0,2867400.0,2013500.0,1304900.0,986300.0,0.0,0.0,0.0,0.0,0.0,3783800.0,2596700.0,1664000.0,1561200.0,867000.0,0.0,0.0,0.0,0.0,0.0
20230822143147332,SZSE,SZSE.ETF.159859,0.46,0.468,0.47,0.451,0.0,0.514,0.42,243159600.0,10200.0,110956482.3,4692.0,0.0,0.0,20230822,20230822,143147333,0.467,0.0,0.0,0.46,0.459,0.458,0.457,0.456,0.0,0.0,0.0,0.0,0.0,0.461,0.462,0.463,0.464,0.465,0.0,0.0,0.0,0.0,0.0,384200.0,2867400.0,2013500.0,1304900.0,986300.0,0.0,0.0,0.0,0.0,0.0,3783800.0,2596700.0,1664000.0,1561200.0,867000.0,0.0,0.0,0.0,0.0,0.0
20230822143150328,SZSE,SZSE.ETF.159859,0.46,0.468,0.47,0.451,0.0,0.514,0.42,243159600.0,0.0,110956482.3,0.0,0.0,0.0,20230822,20230822,143150328,0.467,0.0,0.0,0.46,0.459,0.458,0.457,0.456,0.0,0.0,0.0,0.0,0.0,0.461,0.462,0.463,0.464,0.465,0.0,0.0,0.0,0.0,0.0,384200.0,2867400.0,2017500.0,1304900.0,986300.0,0.0,0.0,0.0,0.0,0.0,3783800.0,2596700.0,1664000.0,1561200.0,867000.0,0.0,0.0,0.0,0.0,0.0
20230822143153316,SZSE,SZSE.ETF.159859,0.461,0.468,0.47,0.451,0.0,0.514,0.42,243179600.0,20000.0,110965702.3,9220.0,0.0,0.0,20230822,20230822,143153315,0.467,0.0,0.0,0.46,0.459,0.458,0.457,0.456,0.0,0.0,0.0,0.0,0.0,0.461,0.462,0.463,0.464,0.465,0.0,0.0,0.0,0.0,0.0,384200.0,2867400.0,2017500.0,1304900.0,986300.0,0.0,0.0,0.0,0.0,0.0,3763800.0,2596700.0,1664000.0,1561200.0,867000.0,0.0,0.0,0.0,0.0,0.0
20230822143156444,SZSE,SZSE.ETF.159859,0.46,0.468,0.47,0.451,0.0,0.514,0.42,243298300.0,118700.0,111020314.3,54612.0,0.0,0.0,20230822,20230822,143156443,0.467,0.0,0.0,0.46,0.459,0.458,0.457,0.456,0.0,0.0,0.0,0.0,0.0,0.461,0.462,0.463,0.464,0.465,0.0,0.0,0.0,0.0,0.0,295500.0,2867400.0,2017500.0,1304900.0,986300.0,0.0,0.0,0.0,0.0,0.0,3753800.0,2596700.0,1664000.0,1561200.0,867000.0,0.0,0.0,0.0,0.0,0.0
20230822143159312,SZSE,SZSE.ETF.159859,0.46,0.468,0.47,0.451,0.0,0.514,0.42,243298300.0,0.0,111020314.3,0.0,0.0,0.0,20230822,20230822,143159313,0.467,0.0,0.0,0.46,0.459,0.458,0.457,0.456,0.0,0.0,0.0,0.0,0.0,0.461,0.462,0.463,0.464,0.465,0.0,0.0,0.0,0.0,0.0,295500.0,2767400.0,2017500.0,1304900.0,986300.0,0.0,0.0,0.0,0.0,0.0,3753800.0,2596700.0,1664000.0,1561200.0,867000.0,0.0,0.0,0.0,0.0,0.0
20230822143202304,SZSE,SZSE.ETF.159859,0.46,0.468,0.47,0.451,0.0,0.514,0.42,243309200.0,10900.0,111025328.3,5014.0,0.0,0.0,20230822,20230822,143202304,0.467,0.0,0.0,0.46,0.459,0.458,0.457,0.456,0.0,0.0,0.0,0.0,0.0,0.461,0.462,0.463,0.464,0.465,0.0,0.0,0.0,0.0,0.0,284600.0,2767400.0,2018800.0,1304900.0,986300.0,0.0,0.0,0.0,0.0,0.0,3753800.0,2596700.0,1664000.0,1561200.0,867000.0,0.0,0.0,0.0,0.0,0.0
20230822143205300,SZSE,SZSE.ETF.159859,0.46,0.468,0.47,0.451,0.0,0.514,0.42,243309200.0,0.0,111025328.3,0.0,0.0,0.0,20230822,20230822,143205300,0.467,0.0,0.0,0.46,0.459,0.458,0.457,0.456,0.0,0.0,0.0,0.0,0.0,0.461,0.462,0.463,0.464,0.465,0.0,0.0,0.0,0.0,0.0,284900.0,2767400.0,2018800.0,1204900.0,1016300.0,0.0,0.0,0.0,0.0,0.0,3753800.0,2596700.0,1664000.0,1561200.0,867000.0,0.0,0.0,0.0,0.0,0.0
20230822143211320,SZSE,SZSE.ETF.159859,0.46,0.468,0.47,0.451,0.0,0.514,0.42,243309200.0,0.0,111025328.3,0.0,0.0,0.0,20230822,20230822,143211318,0.467,0.0,0.0,0.46,0.459,0.458,0.457,0.456,0.0,0.0,0.0,0.0,0.0,0.461,0.462,0.463,0.464,0.465,0.0,0.0,0.0,0.0,0.0,284900.0,2767400.0,2018800.0,1204900.0,1016300.0,0.0,0.0,0.0,0.0,0.0,3828000.0,2596700.0,1664000.0,1561200.0,867000.0,0.0,0.0,0.0,0.0,0.0
20230822143214332,SZSE,SZSE.ETF.159859,0.461,0.468,0.47,0.451,0.0,0.514,0.42,243309700.0,500.0,111025558.8,230.5,0.0,0.0,20230822,20230822,143214332,0.467,0.0,0.0,0.46,0.459,0.458,0.457,0.456,0.0,0.0,0.0,0.0,0.0,0.461,0.462,0.463,0.464,0.465,0.0,0.0,0.0,0.0,0.0,284900.0,2767400.0,2018800.0,1204900.0,1016300.0,0.0,0.0,0.0,0.0,0.0,3827500.0,2596700.0,1664000.0,1561200.0,867000.0,0.0,0.0,0.0,0.0,0.0
20230822143217356,SZSE,SZSE.ETF.159859,0.46,0.468,0.47,0.451,0.0,0.514,0.42,243337600.0,27900.0,111038392.8,12834.0,0.0,0.0,20230822,20230822,143217357,0.467,0.0,0.0,0.46,0.459,0.458,0.457,0.456,0.0,0.0,0.0,0.0,0.0,0.461,0.462,0.463,0.464,0.465,0.0,0.0,0.0,0.0,0.0,257000.0,2767400.0,2018800.0,1204900.0,1016300.0,0.0,0.0,0.0,0.0,0.0,3827500.0,2596700.0,1664000.0,1561200.0,867000.0,0.0,0.0,0.0,0.0,0.0
20230822143220356,SZSE,SZSE.ETF.159859,0.46,0.468,0.47,0.451,0.0,0.514,0.42,243337600.0,0.0,111038392.8,0.0,0.0,0.0,20230822,20230822,143220356,0.467,0.0,0.0,0.46,0.459,0.458,0.457,0.456,0.0,0.0,0.0,0.0,0.0,0.461,0.462,0.463,0.464,0.465,0.0,0.0,0.0,0.0,0.0,270800.0,2767400.0,2018800.0,1204900.0,1016300.0,0.0,0.0,0.0,0.0,0.0,3827500.0,2596700.0,1664000.0,1561200.0,867000.0,0.0,0.0,0.0,0.0,0.0
20230822143223340,SZSE,SZSE.ETF.159859,0.46,0.468,0.47,0.451,0.0,0.514,0.42,243608400.0,270800.0,111162960.8,124568.0,0.0,0.0,20230822,20230822,143223340,0.467,0.0,0.0,0.459,0.458,0.457,0.456,0.455,0.0,0.0,0.0,0.0,0.0,0.46,0.461,0.462,0.463,0.464,0.0,0.0,0.0,0.0,0.0,2549500.0,2237200.0,1204900.0,1016300.0,1243700.0,0.0,0.0,0.0,0.0,0.0,19200.0,4044500.0,2380200.0,1664000.0,1561200.0,0.0,0.0,0.0,0.0,0.0
20230822143229340,SZSE,SZSE.ETF.159859,0.46,0.468,0.47,0.451,0.0,0.514,0.42,243608400.0,0.0,111162960.8,0.0,0.0,0.0,20230822,20230822,143229339,0.467,0.0,0.0,0.459,0.458,0.457,0.456,0.455,0.0,0.0,0.0,0.0,0.0,0.46,0.461,0.462,0.463,0.464,0.0,0.0,0.0,0.0,0.0,2549500.0,2237200.0,1204900.0,1016300.0,1243700.0,0.0,0.0,0.0,0.0,0.0,19200.0,4164000.0,2380200.0,1664000.0,1561200.0,0.0,0.0,0.0,0.0,0.0
20230822143232316,SZSE,SZSE.ETF.159859,0.46,0.468,0.47,0.451,0.0,0.514,0.42,243627600.0,19200.0,111171792.8,8832.0,0.0,0.0,20230822,20230822,143232315,0.467,0.0,0.0,0.46,0.459,0.458,0.457,0.456,0.0,0.0,0.0,0.0,0.0,0.461,0.462,0.463,0.464,0.465,0.0,0.0,0.0,0.0,0.0,43600.0,2767400.0,2018800.0,1204900.0,1016300.0,0.0,0.0,0.0,0.0,0.0,3947000.0,2596700.0,1664000.0,1561200.0,867000.0,0.0,0.0,0.0,0.0,0.0
20230822143235304,SZSE,SZSE.ETF.159859,0.461,0.468,0.47,0.451,0.0,0.514,0.42,243663800.0,36200.0,111188481.0,16688.20000000298,0.0,0.0,20230822,20230822,143235305,0.467,0.0,0.0,0.46,0.459,0.458,0.457,0.456,0.0,0.0,0.0,0.0,0.0,0.461,0.462,0.463,0.464,0.465,0.0,0.0,0.0,0.0,0.0,43600.0,2767400.0,2018800.0,1204900.0,1016300.0,0.0,0.0,0.0,0.0,0.0,3910800.0,2596700.0,1664000.0,1561200.0,867000.0,0.0,0.0,0.0,0.0,0.0
20230822143238288,SZSE,SZSE.ETF.159859,0.461,0.468,0.47,0.451,0.0,0.514,0.42,243663800.0,0.0,111188481.0,0.0,0.0,0.0,20230822,20230822,143238288,0.467,0.0,0.0,0.46,0.459,0.458,0.457,0.456,0.0,0.0,0.0,0.0,0.0,0.461,0.462,0.463,0.464,0.465,0.0,0.0,0.0,0.0,0.0,43600.0,2767400.0,2020800.0,1204900.0,1016300.0,0.0,0.0,0.0,0.0,0.0,3910800.0,2596700.0,1664000.0,1561200.0,867000.0,0.0,0.0,0.0,0.0,0.0
20230822143241236,SZSE,SZSE.ETF.159859,0.46,0.468,0.47,0.451,0.0,0.514,0.42,243668800.0,5000.0,111190781.0,2300.0,0.0,0.0,20230822,20230822,143241235,0.467,0.0,0.0,0.46,0.459,0.458,0.457,0.456,0.0,0.0,0.0,0.0,0.0,0.461,0.462,0.463,0.464,0.465,0.0,0.0,0.0,0.0,0.0,85800.0,2767400.0,2020800.0,1204900.0,1016300.0,0.0,0.0,0.0,0.0,0.0,3932500.0,2596700.0,1664000.0,1540800.0,867000.0,0.0,0.0,0.0,0.0,0.0
20230822143244272,SZSE,SZSE.ETF.159859,0.46,0.468,0.47,0.451,0.0,0.514,0.42,243688900.0,20100.0,111200027.0,9246.0,0.0,0.0,20230822,20230822,143244272,0.467,0.0,0.0,0.46,0.459,0.458,0.457,0.456,0.0,0.0,0.0,0.0,0.0,0.461,0.462,0.463,0.464,0.465,0.0,0.0,0.0,0.0,0.0,67000.0,2767400.0,2020800.0,1204900.0,1016300.0,0.0,0.0,0.0,0.0,0.0,3932500.0,2811700.0,1664000.0,1540800.0,867000.0,0.0,0.0,0.0,0.0,0.0
20230822143250320,SZSE,SZSE.ETF.159859,0.46,0.468,0.47,0.451,0.0,0.514,0.42,243695400.0,6500.0,111203017.0,2990.0,0.0,0.0,20230822,20230822,143250322,0.467,0.0,0.0,0.46,0.459,0.458,0.457,0.456,0.0,0.0,0.0,0.0,0.0,0.461,0.462,0.463,0.464,0.465,0.0,0.0,0.0,0.0,0.0,60200.0,2767400.0,2020800.0,1204900.0,1016300.0,0.0,0.0,0.0,0.0,0.0,3932500.0,2821700.0,1664000.0,1540800.0,867000.0,0.0,0.0,0.0,0.0,0.0
20230822143253312,SZSE,SZSE.ETF.159859,0.46,0.468,0.47,0.451,0.0,0.514,0.42,243695400.0,0.0,111203017.0,0.0,0.0,0.0,20230822,20230822,143253313,0.467,0.0,0.0,0.46,0.459,0.458,0.457,0.456,0.0,0.0,0.0,0.0,0.0,0.461,0.462,0.463,0.464,0.465,0.0,0.0,0.0,0.0,0.0,60200.0,2515400.0,2020800.0,1454900.0,1016300.0,0.0,0.0,0.0,0.0,0.0,4182500.0,2821700.0,1414000.0,1540800.0,867000.0,0.0,0.0,0.0,0.0,0.0
20230822143256316,SZSE,SZSE.ETF.159859,0.46,0.468,0.47,0.451,0.0,0.514,0.42,243755600.0,60200.0,111230709.0,27692.0,0.0,0.0,20230822,20230822,143256315,0.467,0.0,0.0,0.459,0.458,0.457,0.456,0.455,0.0,0.0,0.0,0.0,0.0,0.461,0.462,0.463,0.464,0.465,0.0,0.0,0.0,0.0,0.0,1797500.0,2239200.0,1204900.0,1016300.0,1243700.0,0.0,0.0,0.0,0.0,0.0,4182500.0,2621700.0,1414000.0,1040800.0,967000.0,0.0,0.0,0.0,0.0,0.0
20230822143259340,SZSE,SZSE.ETF.159859,0.46,0.468,0.47,0.451,0.0,0.514,0.42,243755600.0,0.0,111230709.0,0.0,0.0,0.0,20230822,20230822,143259340,0.467,0.0,0.0,0.459,0.458,0.457,0.456,0.455,0.0,0.0,0.0,0.0,0.0,0.46,0.461,0.462,0.463,0.464,0.0,0.0,0.0,0.0,0.0,1797500.0,1939200.0,1504900.0,1516300.0,1493700.0,0.0,0.0,0.0,0.0,0.0,808000.0,4288100.0,2405200.0,1414000.0,1040800.0,0.0,0.0,0.0,0.0,0.0
20230822143302300,SZSE,SZSE.ETF.159859,0.46,0.468,0.47,0.451,0.0,0.514,0.42,243755600.0,0.0,111230709.0,0.0,0.0,0.0,20230822,20230822,143302301,0.467,0.0,0.0,0.459,0.458,0.457,0.456,0.455,0.0,0.0,0.0,0.0,0.0,0.46,0.461,0.462,0.463,0.464,0.0,0.0,0.0,0.0,0.0,1548500.0,1942700.0,1754900.0,1516300.0,1493700.0,0.0,0.0,0.0,0.0,0.0,808000.0,4288100.0,2405200.0,1414000.0,1040800.0,0.0,0.0,0.0,0.0,0.0
20230822143308332,SZSE,SZSE.ETF.159859,0.46,0.468,0.47,0.451,0.0,0.514,0.42,243766800.0,11200.0,111235861.0,5152.0,0.0,0.0,20230822,20230822,143308331,0.467,0.0,0.0,0.459,0.458,0.457,0.456,0.455,0.0,0.0,0.0,0.0,0.0,0.46,0.461,0.462,0.463,0.464,0.0,0.0,0.0,0.0,0.0,1526600.0,1942700.0,1754900.0,1506300.0,1493700.0,0.0,0.0,0.0,0.0,0.0,796800.0,4288100.0,2405200.0,1414000.0,1040800.0,0.0,0.0,0.0,0.0,0.0
20230822143311308,SZSE,SZSE.ETF.159859,0.46,0.468,0.47,0.451,0.0,0.514,0.42,243767400.0,600.0,111236137.0,276.0,0.0,0.0,20230822,20230822,143311307,0.467,0.0,0.0,0.459,0.458,0.457,0.456,0.455,0.0,0.0,0.0,0.0,0.0,0.46,0.461,0.462,0.463,0.464,0.0,0.0,0.0,0.0,0.0,1535600.0,1942700.0,1754900.0,1506300.0,1493700.0,0.0,0.0,0.0,0.0,0.0,827600.0,4288100.0,2405200.0,1414000.0,1040800.0,0.0,0.0,0.0,0.0,0.0
20230822143314316,SZSE,SZSE.ETF.159859,0.46,0.468,0.47,0.451,0.0,0.514,0.42,243767400.0,0.0,111236137.0,0.0,0.0,0.0,20230822,20230822,143314315,0.467,0.0,0.0,0.459,0.458,0.457,0.456,0.455,0.0,0.0,0.0,0.0,0.0,0.46,0.461,0.462,0.463,0.464,0.0,0.0,0.0,0.0,0.0,1535600.0,1942700.0,1754900.0,1506300.0,1493700.0,0.0,0.0,0.0,0.0,0.0,849400.0,4288100.0,2405200.0,1414000.0,1040800.0,0.0,0.0,0.0,0.0,0.0
20230822143320280,SZSE,SZSE.ETF.159859,0.46,0.468,0.47,0.451,0.0,0.514,0.42,243877400.0,110000.0,111286737.0,50600.0,0.0,0.0,20230822,20230822,143320279,0.467,0.0,0.0,0.459,0.458,0.457,0.456,0.455,0.0,0.0,0.0,0.0,0.0,0.46,0.461,0.462,0.463,0.464,0.0,0.0,0.0,0.0,0.0,1535600.0,1941300.0,1759500.0,1506300.0,1493700.0,0.0,0.0,0.0,0.0,0.0,361200.0,4288100.0,2405200.0,1414000.0,1040800.0,0.0,0.0,0.0,0.0,0.0
20230822143323248,SZSE,SZSE.ETF.159859,0.46,0.468,0.47,0.451,0.0,0.514,0.42,243877400.0,0.0,111286737.0,0.0,0.0,0.0,20230822,20230822,143323249,0.467,0.0,0.0,0.459,0.458,0.457,0.456,0.455,0.0,0.0,0.0,0.0,0.0,0.46,0.461,0.462,0.463,0.464,0.0,0.0,0.0,0.0,0.0,1535600.0,1941300.0,1759500.0,1506300.0,1493700.0,0.0,0.0,0.0,0.0,0.0,861200.0,4288100.0,2405200.0,1414000.0,1040800.0,0.0,0.0,0.0,0.0,0.0
20230822143326280,SZSE,SZSE.ETF.159859,0.46,0.468,0.47,0.451,0.0,0.514,0.42,243877400.0,0.0,111286737.0,0.0,0.0,0.0,20230822,20230822,143326282,0.467,0.0,0.0,0.459,0.458,0.457,0.456,0.455,0.0,0.0,0.0,0.0,0.0,0.46,0.461,0.462,0.463,0.464,0.0,0.0,0.0,0.0,0.0,1535600.0,1941300.0,1759500.0,1506300.0,1493700.0,0.0,0.0,0.0,0.0,0.0,926100.0,4288100.0,2405200.0,1414000.0,1040800.0,0.0,0.0,0.0,0.0,0.0
20230822143329276,SZSE,SZSE.ETF.159859,0.46,0.468,0.47,0.451,0.0,0.514,0.42,243877400.0,0.0,111286737.0,0.0,0.0,0.0,20230822,20230822,143329277,0.467,0.0,0.0,0.459,0.458,0.457,0.456,0.455,0.0,0.0,0.0,0.0,0.0,0.46,0.461,0.462,0.463,0.464,0.0,0.0,0.0,0.0,0.0,2035600.0,1941300.0,1759500.0,1006300.0,1493700.0,0.0,0.0,0.0,0.0,0.0,426100.0,4288100.0,2405200.0,1414000.0,1540800.0,0.0,0.0,0.0,0.0,0.0
20230822143332304,SZSE,SZSE.ETF.159859,0.46,0.468,0.47,0.451,0.0,0.514,0.42,243879600.0,2200.0,111287749.0,1012.0,0.0,0.0,20230822,20230822,143332303,0.467,0.0,0.0,0.459,0.458,0.457,0.456,0.455,0.0,0.0,0.0,0.0,0.0,0.46,0.461,0.462,0.463,0.464,0.0,0.0,0.0,0.0,0.0,2035600.0,1941300.0,1459500.0,1006300.0,1493700.0,0.0,0.0,0.0,0.0,0.0,126100.0,4288100.0,2167200.0,1414000.0,1540800.0,0.0,0.0,0.0,0.0,0.0
20230822143335264,SZSE,SZSE.ETF.159859,0.46,0.468,0.47,0.451,0.0,0.514,0.42,243887600.0,8000.0,111291429.0,3680.0,0.0,0.0,20230822,20230822,143335262,0.467,0.0,0.0,0.459,0.458,0.457,0.456,0.455,0.0,0.0,0.0,0.0,0.0,0.46,0.461,0.462,0.463,0.464,0.0,0.0,0.0,0.0,0.0,1880600.0,1941300.0,1459500.0,1006300.0,1493700.0,0.0,0.0,0.0,0.0,0.0,118100.0,4288100.0,2167200.0,1414000.0,1540800.0,0.0,0.0,0.0,0.0,0.0
20230822143338264,SZSE,SZSE.ETF.159859,0.46,0.468,0.47,0.451,0.0,0.514,0.42,243887600.0,0.0,111291429.0,0.0,0.0,0.0,20230822,20230822,143338263,0.467,0.0,0.0,0.459,0.458,0.457,0.456,0.455,0.0,0.0,0.0,0.0,0.0,0.46,0.461,0.462,0.463,0.464,0.0,0.0,0.0,0.0,0.0,1380600.0,1941300.0,1759500.0,1006300.0,1493700.0,0.0,0.0,0.0,0.0,0.0,418100.0,4288100.0,2167200.0,1414000.0,1040800.0,0.0,0.0,0.0,0.0,0.0
20230822143341272,SZSE,SZSE.ETF.159859,0.46,0.468,0.47,0.451,0.0,0.514,0.42,243887600.0,0.0,111291429.0,0.0,0.0,0.0,20230822,20230822,143341272,0.467,0.0,0.0,0.459,0.458,0.457,0.456,0.455,0.0,0.0,0.0,0.0,0.0,0.46,0.461,0.462,0.463,0.464,0.0,0.0,0.0,0.0,0.0,1880600.0,1941300.0,1759500.0,1006300.0,1493700.0,0.0,0.0,0.0,0.0,0.0,418100.0,4286000.0,2167200.0,1424000.0,1540800.0,0.0,0.0,0.0,0.0,0.0
20230822143344272,SZSE,SZSE.ETF.159859,0.46,0.468,0.47,0.451,0.0,0.514,0.42,243887600.0,0.0,111291429.0,0.0,0.0,0.0,20230822,20230822,143344271,0.467,0.0,0.0,0.459,0.458,0.457,0.456,0.455,0.0,0.0,0.0,0.0,0.0,0.46,0.461,0.462,0.463,0.464,0.0,0.0,0.0,0.0,0.0,1380600.0,1963200.0,1759500.0,1006300.0,1493700.0,0.0,0.0,0.0,0.0,0.0,418100.0,4278200.0,2167200.0,1424000.0,1040800.0,0.0,0.0,0.0,0.0,0.0
20230822143347264,SZSE,SZSE.ETF.159859,0.46,0.468,0.47,0.451,0.0,0.514,0.42,243959100.0,71500.0,111324319.0,32890.0,0.0,0.0,20230822,20230822,143347266,0.467,0.0,0.0,0.459,0.458,0.457,0.456,0.455,0.0,0.0,0.0,0.0,0.0,0.46,0.461,0.462,0.463,0.464,0.0,0.0,0.0,0.0,0.0,1380600.0,1963200.0,1759500.0,1506300.0,1493700.0,0.0,0.0,0.0,0.0,0.0,864600.0,4278200.0,2167200.0,1424000.0,1040800.0,0.0,0.0,0.0,0.0,0.0
20230822143353248,SZSE,SZSE.ETF.159859,0.46,0.468,0.47,0.451,0.0,0.514,0.42,243959100.0,0.0,111324319.0,0.0,0.0,0.0,20230822,20230822,143353250,0.467,0.0,0.0,0.459,0.458,0.457,0.456,0.455,0.0,0.0,0.0,0.0,0.0,0.46,0.461,0.462,0.463,0.464,0.0,0.0,0.0,0.0,0.0,1380600.0,1963200.0,1759500.0,1511300.0,1493700.0,0.0,0.0,0.0,0.0,0.0,864600.0,4278200.0,2167200.0,1424000.0,1040800.0,0.0,0.0,0.0,0.0,0.0
20230822143356256,SZSE,SZSE.ETF.159859,0.46,0.468,0.47,0.451,0.0,0.514,0.42,243973000.0,13900.0,111330713.0,6394.0,0.0,0.0,20230822,20230822,143356257,0.467,0.0,0.0,0.459,0.458,0.457,0.456,0.455,0.0,0.0,0.0,0.0,0.0,0.46,0.461,0.462,0.463,0.464,0.0,0.0,0.0,0.0,0.0,1380600.0,1963200.0,1759500.0,1511300.0,1493700.0,0.0,0.0,0.0,0.0,0.0,997700.0,4278200.0,2167200.0,1424000.0,1040800.0,0.0,0.0,0.0,0.0,0.0
20230822143359248,SZSE,SZSE.ETF.159859,0.46,0.468,0.47,0.451,0.0,0.514,0.42,243973000.0,0.0,111330713.0,0.0,0.0,0.0,20230822,20230822,143359249,0.467,0.0,0.0,0.459,0.458,0.457,0.456,0.455,0.0,0.0,0.0,0.0,0.0,0.46,0.461,0.462,0.463,0.464,0.0,0.0,0.0,0.0,0.0,1380600.0,1963200.0,1759500.0,1511300.0,1493700.0,0.0,0.0,0.0,0.0,0.0,1017700.0,4198200.0,2167200.0,1424000.0,1040800.0,0.0,0.0,0.0,0.0,0.0
20230822143402216,SZSE,SZSE.ETF.159859,0.46,0.468,0.47,0.451,0.0,0.514,0.42,244013000.0,40000.0,111349113.0,18400.0,0.0,0.0,20230822,20230822,143402215,0.467,0.0,0.0,0.459,0.458,0.457,0.456,0.455,0.0,0.0,0.0,0.0,0.0,0.46,0.461,0.462,0.463,0.464,0.0,0.0,0.0,0.0,0.0,1380600.0,1963200.0,1462000.0,1511300.0,1493700.0,0.0,0.0,0.0,0.0,0.0,685000.0,4198200.0,2167200.0,1424000.0,1040800.0,0.0,0.0,0.0,0.0,0.0
20230822143405248,SZSE,SZSE.ETF.159859,0.46,0.468,0.47,0.451,0.0,0.514,0.42,244023000.0,10000.0,111353713.0,4600.0,0.0,0.0,20230822,20230822,143405249,0.467,0.0,0.0,0.459,0.458,0.457,0.456,0.455,0.0,0.0,0.0,0.0,0.0,0.46,0.461,0.462,0.463,0.464,0.0,0.0,0.0,0.0,0.0,1389000.0,1963200.0,1462000.0,1511300.0,1493700.0,0.0,0.0,0.0,0.0,0.0,927800.0,4198200.0,2026100.0,1424000.0,1040800.0,0.0,0.0,0.0,0.0,0.0
20230822143408228,SZSE,SZSE.ETF.159859,0.46,0.468,0.47,0.451,0.0,0.514,0.42,244023000.0,0.0,111353713.0,0.0,0.0,0.0,20230822,20230822,143408229,0.467,0.0,0.0,0.459,0.458,0.457,0.456,0.455,0.0,0.0,0.0,0.0,0.0,0.46,0.461,0.462,0.463,0.464,0.0,0.0,0.0,0.0,0.0,1389100.0,2228200.0,1762000.0,1511300.0,1493700.0,0.0,0.0,0.0,0.0,0.0,1237800.0,4198200.0,2026100.0,1424000.0,1040800.0,0.0,0.0,0.0,0.0,0.0
20230822143411248,SZSE,SZSE.ETF.159859,0.459,0.468,0.47,0.451,0.0,0.514,0.42,244024200.0,1200.0,111354263.8,550.7999999970198,0.0,0.0,20230822,20230822,143411248,0.467,0.0,0.0,0.459,0.458,0.457,0.456,0.455,0.0,0.0,0.0,0.0,0.0,0.46,0.461,0.462,0.463,0.464,0.0,0.0,0.0,0.0,0.0,1337900.0,2228200.0,1762000.0,1511300.0,1493700.0,0.0,0.0,0.0,0.0,0.0,1237800.0,4198200.0,2026100.0,1424000.0,1040800.0,0.0,0.0,0.0,0.0,0.0
20230822143414240,SZSE,SZSE.ETF.159859,0.46,0.468,0.47,0.451,0.0,0.514,0.42,244034200.0,10000.0,111358863.8,4600.0,0.0,0.0,20230822,20230822,143414239,0.467,0.0,0.0,0.459,0.458,0.457,0.456,0.455,0.0,0.0,0.0,0.0,0.0,0.46,0.461,0.462,0.463,0.464,0.0,0.0,0.0,0.0,0.0,1337900.0,2128200.0,1862000.0,1511300.0,1493700.0,0.0,0.0,0.0,0.0,0.0,1396800.0,4198200.0,2026100.0,1424000.0,1040800.0,0.0,0.0,0.0,0.0,0.0
20230822143417252,SZSE,SZSE.ETF.159859,0.459,0.468,0.47,0.451,0.0,0.514,0.42,244042900.0,8700.0,111362860.8,3997.0,0.0,0.0,20230822,20230822,143417253,0.467,0.0,0.0,0.459,0.458,0.457,0.456,0.455,0.0,0.0,0.0,0.0,0.0,0.46,0.461,0.462,0.463,0.464,0.0,0.0,0.0,0.0,0.0,1052900.0,2128200.0,1862000.0,1791300.0,1493700.0,0.0,0.0,0.0,0.0,0.0,1393100.0,4220200.0,2026100.0,1424000.0,1040800.0,0.0,0.0,0.0,0.0,0.0
20230822143420236,SZSE,SZSE.ETF.159859,0.459,0.468,0.47,0.451,0.0,0.514,0.42,244042900.0,0.0,111362860.8,0.0,0.0,0.0,20230822,20230822,143420236,0.467,0.0,0.0,0.459,0.458,0.457,0.456,0.455,0.0,0.0,0.0,0.0,0.0,0.46,0.461,0.462,0.463,0.464,0.0,0.0,0.0,0.0,0.0,1061200.0,2128200.0,1862000.0,1791300.0,1493700.0,0.0,0.0,0.0,0.0,0.0,1413100.0,4220200.0,2026100.0,1424000.0,1040800.0,0.0,0.0,0.0,0.0,0.0
20230822143423212,SZSE,SZSE.ETF.159859,0.459,0.468,0.47,0.451,0.0,0.514,0.42,244042900.0,0.0,111362860.8,0.0,0.0,0.0,20230822,20230822,143423211,0.467,0.0,0.0,0.459,0.458,0.457,0.456,0.455,0.0,0.0,0.0,0.0,0.0,0.46,0.461,0.462,0.463,0.464,0.0,0.0,0.0,0.0,0.0,1061200.0,2128200.0,1862000.0,1791300.0,1493700.0,0.0,0.0,0.0,0.0,0.0,1413100.0,4244200.0,2026100.0,1424000.0,1040800.0,0.0,0.0,0.0,0.0,0.0
20230822143426236,SZSE,SZSE.ETF.159859,0.459,0.468,0.47,0.451,0.0,0.514,0.42,244042900.0,0.0,111362860.8,0.0,0.0,0.0,20230822,20230822,143426235,0.467,0.0,0.0,0.459,0.458,0.457,0.456,0.455,0.0,0.0,0.0,0.0,0.0,0.46,0.461,0.462,0.463,0.464,0.0,0.0,0.0,0.0,0.0,1061200.0,2128200.0,1862000.0,1841300.0,1493700.0,0.0,0.0,0.0,0.0,0.0,1434800.0,4244200.0,2026100.0,1424000.0,1040800.0,0.0,0.0,0.0,0.0,0.0
20230822143432240,SZSE,SZSE.ETF.159859,0.459,0.468,0.47,0.451,0.0,0.514,0.42,244057900.0,15000.0,111369745.8,6885.0,0.0,0.0,20230822,20230822,143432238,0.467,0.0,0.0,0.459,0.458,0.457,0.456,0.455,0.0,0.0,0.0,0.0,0.0,0.46,0.461,0.462,0.463,0.464,0.0,0.0,0.0,0.0,0.0,1046200.0,2128200.0,1862000.0,1841300.0,1493700.0,0.0,0.0,0.0,0.0,0.0,1435300.0,4244200.0,2026100.0,1449000.0,1040800.0,0.0,0.0,0.0,0.0,0.0
20230822143438256,SZSE,SZSE.ETF.159859,0.459,0.468,0.47,0.451,0.0,0.514,0.42,244065200.0,7300.0,111373096.5,3350.7000000029802,0.0,0.0,20230822,20230822,143438258,0.467,0.0,0.0,0.459,0.458,0.457,0.456,0.455,0.0,0.0,0.0,0.0,0.0,0.46,0.461,0.462,0.463,0.464,0.0,0.0,0.0,0.0,0.0,1068900.0,2128200.0,1862000.0,1841300.0,1493700.0,0.0,0.0,0.0,0.0,0.0,1435300.0,4244200.0,2026100.0,1449000.0,1040800.0,0.0,0.0,0.0,0.0,0.0
20230822143444228,SZSE,SZSE.ETF.159859,0.459,0.468,0.47,0.451,0.0,0.514,0.42,244105200.0,40000.0,111391456.5,18360.0,0.0,0.0,20230822,20230822,143444229,0.467,0.0,0.0,0.459,0.458,0.457,0.456,0.455,0.0,0.0,0.0,0.0,0.0,0.46,0.461,0.462,0.463,0.464,0.0,0.0,0.0,0.0,0.0,1033900.0,2128200.0,1862000.0,1841300.0,1493700.0,0.0,0.0,0.0,0.0,0.0,1435300.0,4244200.0,2026100.0,1449000.0,1040800.0,0.0,0.0,0.0,0.0,0.0
20230822143450284,SZSE,SZSE.ETF.159859,0.459,0.468,0.47,0.451,0.0,0.514,0.42,244105200.0,0.0,111391456.5,0.0,0.0,0.0,20230822,20230822,143450283,0.467,0.0,0.0,0.459,0.458,0.457,0.456,0.455,0.0,0.0,0.0,0.0,0.0,0.46,0.461,0.462,0.463,0.464,0.0,0.0,0.0,0.0,0.0,1033900.0,2129200.0,1862000.0,1841300.0,1493700.0,0.0,0.0,0.0,0.0,0.0,1495300.0,4244200.0,2026100.0,1449000.0,1040800.0,0.0,0.0,0.0,0.0,0.0
20230822143456232,SZSE,SZSE.ETF.159859,0.459,0.468,0.47,0.451,0.0,0.514,0.42,244105200.0,0.0,111391456.5,0.0,0.0,0.0,20230822,20230822,143456232,0.467,0.0,0.0,0.459,0.458,0.457,0.456,0.455,0.0,0.0,0.0,0.0,0.0,0.46,0.461,0.462,0.463,0.464,0.0,0.0,0.0,0.0,0.0,1033900.0,2129200.0,1862000.0,1841300.0,1493700.0,0.0,0.0,0.0,0.0,0.0,1545300.0,4247200.0,2026100.0,1449000.0,1040800.0,0.0,0.0,0.0,0.0,0.0
20230822143459208,SZSE,SZSE.ETF.159859,0.46,0.468,0.47,0.451,0.0,0.514,0.42,244105400.0,200.0,111391548.5,92.0,0.0,0.0,20230822,20230822,143459210,0.467,0.0,0.0,0.459,0.458,0.457,0.456,0.455,0.0,0.0,0.0,0.0,0.0,0.46,0.461,0.462,0.463,0.464,0.0,0.0,0.0,0.0,0.0,1033900.0,2129200.0,1862000.0,1841300.0,1493700.0,0.0,0.0,0.0,0.0,0.0,1545100.0,4247200.0,2026100.0,1169000.0,1040800.0,0.0,0.0,0.0,0.0,0.0
20230822143502268,SZSE,SZSE.ETF.159859,0.459,0.468,0.47,0.451,0.0,0.514,0.42,244106400.0,1000.0,111392007.5,459.0,0.0,0.0,20230822,20230822,143502269,0.467,0.0,0.0,0.459,0.458,0.457,0.456,0.455,0.0,0.0,0.0,0.0,0.0,0.46,0.461,0.462,0.463,0.464,0.0,0.0,0.0,0.0,0.0,1033900.0,2129200.0,1862000.0,1841300.0,1493700.0,0.0,0.0,0.0,0.0,0.0,1825100.0,4247200.0,2026100.0,1169000.0,1040800.0,0.0,0.0,0.0,0.0,0.0
20230822143505300,SZSE,SZSE.ETF.159859,0.46,0.468,0.47,0.451,0.0,0.514,0.42,244146500.0,40100.0,111410413.5,18406.0,0.0,0.0,20230822,20230822,143505299,0.467,0.0,0.0,0.459,0.458,0.457,0.456,0.455,0.0,0.0,0.0,0.0,0.0,0.46,0.461,0.462,0.463,0.464,0.0,0.0,0.0,0.0,0.0,1003900.0,2129200.0,1863000.0,1841300.0,1493700.0,0.0,0.0,0.0,0.0,0.0,1825000.0,4237200.0,2026100.0,1169000.0,1040800.0,0.0,0.0,0.0,0.0,0.0
20230822143508340,SZSE,SZSE.ETF.159859,0.459,0.468,0.47,0.451,0.0,0.514,0.42,244191800.0,45300.0,111431206.2,20792.70000000298,0.0,0.0,20230822,20230822,143508339,0.467,0.0,0.0,0.459,0.458,0.457,0.456,0.455,0.0,0.0,0.0,0.0,0.0,0.46,0.461,0.462,0.463,0.464,0.0,0.0,0.0,0.0,0.0,958600.0,2129200.0,1863000.0,1841300.0,1493700.0,0.0,0.0,0.0,0.0,0.0,1854500.0,4237200.0,2026100.0,1169000.0,1040800.0,0.0,0.0,0.0,0.0,0.0
20230822143511312,SZSE,SZSE.ETF.159859,0.459,0.468,0.47,0.451,0.0,0.514,0.42,244214300.0,22500.0,111441533.7,10327.5,0.0,0.0,20230822,20230822,143511313,0.467,0.0,0.0,0.459,0.458,0.457,0.456,0.455,0.0,0.0,0.0,0.0,0.0,0.46,0.461,0.462,0.463,0.464,0.0,0.0,0.0,0.0,0.0,927700.0,2129200.0,1863000.0,1842300.0,1503700.0,0.0,0.0,0.0,0.0,0.0,1854500.0,4237200.0,2026100.0,1169000.0,1040800.0,0.0,0.0,0.0,0.0,0.0
20230822143514272,SZSE,SZSE.ETF.159859,0.46,0.468,0.47,0.451,0.0,0.514,0.42,244217300.0,3000.0,111442913.7,1380.0,0.0,0.0,20230822,20230822,143514274,0.467,0.0,0.0,0.459,0.458,0.457,0.456,0.455,0.0,0.0,0.0,0.0,0.0,0.46,0.461,0.462,0.463,0.464,0.0,0.0,0.0,0.0,0.0,932100.0,2129200.0,1863000.0,1842300.0,1503700.0,0.0,0.0,0.0,0.0,0.0,1851500.0,4237200.0,2026100.0,1169000.0,1040800.0,0.0,0.0,0.0,0.0,0.0
20230822143517356,SZSE,SZSE.ETF.159859,0.46,0.468,0.47,0.451,0.0,0.514,0.42,244217300.0,0.0,111442913.7,0.0,0.0,0.0,20230822,20230822,143517356,0.467,0.0,0.0,0.459,0.458,0.457,0.456,0.455,0.0,0.0,0.0,0.0,0.0,0.46,0.461,0.462,0.463,0.464,0.0,0.0,0.0,0.0,0.0,932100.0,2129200.0,1860500.0,1842300.0,1504700.0,0.0,0.0,0.0,0.0,0.0,1868500.0,4287200.0,2026100.0,1169000.0,1040800.0,0.0,0.0,0.0,0.0,0.0
20230822143520308,SZSE,SZSE.ETF.159859,0.459,0.468,0.47,0.451,0.0,0.514,0.42,244267300.0,50000.0,111465863.7,22950.0,0.0,0.0,20230822,20230822,143520309,0.467,0.0,0.0,0.459,0.458,0.457,0.456,0.455,0.0,0.0,0.0,0.0,0.0,0.46,0.461,0.462,0.463,0.464,0.0,0.0,0.0,0.0,0.0,882100.0,2129200.0,1860500.0,1842300.0,1504700.0,0.0,0.0,0.0,0.0,0.0,1868500.0,4276200.0,2026100.0,1169000.0,1040800.0,0.0,0.0,0.0,0.0,0.0
20230822143523264,SZSE,SZSE.ETF.159859,0.459,0.468,0.47,0.451,0.0,0.514,0.42,244267300.0,0.0,111465863.7,0.0,0.0,0.0,20230822,20230822,143523262,0.467,0.0,0.0,0.459,0.458,0.457,0.456,0.455,0.0,0.0,0.0,0.0,0.0,0.46,0.461,0.462,0.463,0.464,0.0,0.0,0.0,0.0,0.0,882100.0,2129200.0,1860500.0,1842300.0,1503700.0,0.0,0.0,0.0,0.0,0.0,1868500.0,4276200.0,2026100.0,1169000.0,1040800.0,0.0,0.0,0.0,0.0,0.0
20230822143526256,SZSE,SZSE.ETF.159859,0.459,0.468,0.47,0.451,0.0,0.514,0.42,244567300.0,300000.0,111603563.7,137700.0,0.0,0.0,20230822,20230822,143526258,0.467,0.0,0.0,0.459,0.458,0.457,0.456,0.455,0.0,0.0,0.0,0.0,0.0,0.46,0.461,0.462,0.463,0.464,0.0,0.0,0.0,0.0,0.0,510100.0,2129200.0,1860500.0,1842300.0,1503700.0,0.0,0.0,0.0,0.0,0.0,1868500.0,4026200.0,2026100.0,1169000.0,1040800.0,0.0,0.0,0.0,0.0,0.0
20230822143529272,SZSE,SZSE.ETF.159859,0.46,0.468,0.47,0.451,0.0,0.514,0.42,244569000.0,1700.0,111604345.7,782.0,0.0,0.0,20230822,20230822,143529270,0.467,0.0,0.0,0.459,0.458,0.457,0.456,0.455,0.0,0.0,0.0,0.0,0.0,0.46,0.461,0.462,0.463,0.464,0.0,0.0,0.0,0.0,0.0,510000.0,2129200.0,1860500.0,1842300.0,1503700.0,0.0,0.0,0.0,0.0,0.0,2726400.0,4005800.0,2026100.0,1169000.0,1040800.0,0.0,0.0,0.0,0.0,0.0
20230822143535256,SZSE,SZSE.ETF.159859,0.46,0.468,0.47,0.451,0.0,0.514,0.42,244569000.0,0.0,111604345.7,0.0,0.0,0.0,20230822,20230822,143535254,0.467,0.0,0.0,0.459,0.458,0.457,0.456,0.455,0.0,0.0,0.0,0.0,0.0,0.46,0.461,0.462,0.463,0.464,0.0,0.0,0.0,0.0,0.0,501000.0,2129200.0,1860500.0,1843700.0,1503700.0,0.0,0.0,0.0,0.0,0.0,2730400.0,3256200.0,2026100.0,1169000.0,1040800.0,0.0,0.0,0.0,0.0,0.0
20230822143538232,SZSE,SZSE.ETF.159859,0.46,0.468,0.47,0.451,0.0,0.514,0.42,244580000.0,11000.0,111609405.7,5060.0,0.0,0.0,20230822,20230822,143538230,0.467,0.0,0.0,0.459,0.458,0.457,0.456,0.455,0.0,0.0,0.0,0.0,0.0,0.46,0.461,0.462,0.463,0.464,0.0,0.0,0.0,0.0,0.0,501000.0,2129200.0,1860500.0,1843700.0,1503700.0,0.0,0.0,0.0,0.0,0.0,2719400.0,3256200.0,2026100.0,1169000.0,1040800.0,0.0,0.0,0.0,0.0,0.0
20230822143541228,SZSE,SZSE.ETF.159859,0.46,0.468,0.47,0.451,0.0,0.514,0.42,244580000.0,0.0,111609405.7,0.0,0.0,0.0,20230822,20230822,143541229,0.467,0.0,0.0,0.459,0.458,0.457,0.456,0.455,0.0,0.0,0.0,0.0,0.0,0.46,0.461,0.462,0.463,0.464,0.0,0.0,0.0,0.0,0.0,605700.0,2138200.0,1860500.0,1843700.0,1503700.0,0.0,0.0,0.0,0.0,0.0,2739800.0,3256200.0,2036100.0,1169000.0,1040800.0,0.0,0.0,0.0,0.0,0.0
20230822143544228,SZSE,SZSE.ETF.159859,0.459,0.468,0.47,0.451,0.0,0.514,0.42,244638100.0,58100.0,111636073.6,26667.89999999106,0.0,0.0,20230822,20230822,143544227,0.467,0.0,0.0,0.459,0.458,0.457,0.456,0.455,0.0,0.0,0.0,0.0,0.0,0.46,0.461,0.462,0.463,0.464,0.0,0.0,0.0,0.0,0.0,547600.0,2138200.0,1860500.0,1843700.0,1503700.0,0.0,0.0,0.0,0.0,0.0,2739800.0,3256200.0,2036100.0,1169000.0,1040800.0,0.0,0.0,0.0,0.0,0.0
20230822143547236,SZSE,SZSE.ETF.159859,0.46,0.468,0.47,0.451,0.0,0.514,0.42,244642400.0,4300.0,111638051.6,1978.0,0.0,0.0,20230822,20230822,143547235,0.467,0.0,0.0,0.459,0.458,0.457,0.456,0.455,0.0,0.0,0.0,0.0,0.0,0.46,0.461,0.462,0.463,0.464,0.0,0.0,0.0,0.0,0.0,548700.0,2138200.0,1860500.0,1843700.0,1503700.0,0.0,0.0,0.0,0.0,0.0,2735500.0,3256200.0,2037100.0,1169000.0,1040800.0,0.0,0.0,0.0,0.0,0.0
20230822143550216,SZSE,SZSE.ETF.159859,0.46,0.468,0.47,0.451,0.0,0.514,0.42,244642400.0,0.0,111638051.6,0.0,0.0,0.0,20230822,20230822,143550215,0.467,0.0,0.0,0.459,0.458,0.457,0.456,0.455,0.0,0.0,0.0,0.0,0.0,0.46,0.461,0.462,0.463,0.464,0.0,0.0,0.0,0.0,0.0,648700.0,2138200.0,1860500.0,1843700.0,1503700.0,0.0,0.0,0.0,0.0,0.0,2740200.0,3256200.0,2037100.0,1169000.0,1040800.0,0.0,0.0,0.0,0.0,0.0
20230822143553240,SZSE,SZSE.ETF.159859,0.46,0.468,0.47,0.451,0.0,0.514,0.42,244642400.0,0.0,111638051.6,0.0,0.0,0.0,20230822,20230822,143553241,0.467,0.0,0.0,0.459,0.458,0.457,0.456,0.455,0.0,0.0,0.0,0.0,0.0,0.46,0.461,0.462,0.463,0.464,0.0,0.0,0.0,0.0,0.0,638700.0,2138200.0,1860500.0,1843700.0,1503700.0,0.0,0.0,0.0,0.0,0.0,2740200.0,3256200.0,2037100.0,1169000.0,1040800.0,0.0,0.0,0.0,0.0,0.0
20230822143559276,SZSE,SZSE.ETF.159859,0.459,0.468,0.47,0.451,0.0,0.514,0.42,245282300.0,639900.0,111931765.7,293714.10000000894,0.0,0.0,20230822,20230822,143559277,0.467,0.0,0.0,0.458,0.457,0.456,0.455,0.454,0.0,0.0,0.0,0.0,0.0,0.459,0.46,0.461,0.462,0.463,0.0,0.0,0.0,0.0,0.0,1975000.0,2079400.0,1843700.0,1503700.0,1166300.0,0.0,0.0,0.0,0.0,0.0,1160100.0,2957700.0,2951500.0,2037100.0,1169000.0,0.0,0.0,0.0,0.0,0.0
20230822143608336,SZSE,SZSE.ETF.159859,0.459,0.468,0.47,0.451,0.0,0.514,0.42,245282300.0,0.0,111931765.7,0.0,0.0,0.0,20230822,20230822,143608338,0.467,0.0,0.0,0.458,0.457,0.456,0.455,0.454,0.0,0.0,0.0,0.0,0.0,0.459,0.46,0.461,0.462,0.463,0.0,0.0,0.0,0.0,0.0,1975000.0,2079400.0,1693700.0,1503700.0,1416300.0,0.0,0.0,0.0,0.0,0.0,1160100.0,2957700.0,2782500.0,2037100.0,1169000.0,0.0,0.0,0.0,0.0,0.0
20230822143611344,SZSE,SZSE.ETF.159859,0.459,0.468,0.47,0.451,0.0,0.514,0.42,245282300.0,0.0,111931765.7,0.0,0.0,0.0,20230822,20230822,143611344,0.467,0.0,0.0,0.458,0.457,0.456,0.455,0.454,0.0,0.0,0.0,0.0,0.0,0.459,0.46,0.461,0.462,0.463,0.0,0.0,0.0,0.0,0.0,1953100.0,1779400.0,1993700.0,1503700.0,1416300.0,0.0,0.0,0.0,0.0,0.0,1710100.0,2657700.0,2782500.0,2037100.0,1169000.0,0.0,0.0,0.0,0.0,0.0
20230822143614332,SZSE,SZSE.ETF.159859,0.458,0.468,0.47,0.451,0.0,0.514,0.42,245658100.0,375800.0,112103882.1,172116.39999999106,0.0,0.0,20230822,20230822,143614332,0.467,0.0,0.0,0.458,0.457,0.456,0.455,0.454,0.0,0.0,0.0,0.0,0.0,0.459,0.46,0.461,0.462,0.463,0.0,0.0,0.0,0.0,0.0,1410700.0,1779400.0,1993700.0,2003700.0,1416300.0,0.0,0.0,0.0,0.0,0.0,2210100.0,2657700.0,2651400.0,2037100.0,669000.0,0.0,0.0,0.0,0.0,0.0
20230822143617336,SZSE,SZSE.ETF.159859,0.458,0.468,0.47,0.451,0.0,0.514,0.42,245658100.0,0.0,112103882.1,0.0,0.0,0.0,20230822,20230822,143617338,0.467,0.0,0.0,0.458,0.457,0.456,0.455,0.454,0.0,0.0,0.0,0.0,0.0,0.459,0.46,0.461,0.462,0.463,0.0,0.0,0.0,0.0,0.0,1160700.0,1679400.0,2243700.0,2003700.0,1416300.0,0.0,0.0,0.0,0.0,0.0,2318400.0,2897900.0,2651400.0,1787100.0,669000.0,0.0,0.0,0.0,0.0,0.0
20230822143620340,SZSE,SZSE.ETF.159859,0.458,0.468,0.47,0.451,0.0,0.514,0.42,245701700.0,43600.0,112123850.9,19968.80000001192,0.0,0.0,20230822,20230822,143620340,0.467,0.0,0.0,0.458,0.457,0.456,0.455,0.454,0.0,0.0,0.0,0.0,0.0,0.459,0.46,0.461,0.462,0.463,0.0,0.0,0.0,0.0,0.0,867100.0,1779400.0,2243700.0,2003700.0,1416300.0,0.0,0.0,0.0,0.0,0.0,2318400.0,2897900.0,2651400.0,1787100.0,669000.0,0.0,0.0,0.0,0.0,0.0
20230822143638284,SZSE,SZSE.ETF.159859,0.458,0.468,0.47,0.451,0.0,0.514,0.42,245752700.0,21800.0,112147208.9,9984.40000000596,0.0,0.0,20230822,20230822,143638283,0.467,0.0,0.0,0.458,0.457,0.456,0.455,0.454,0.0,0.0,0.0,0.0,0.0,0.459,0.46,0.461,0.462,0.463,0.0,0.0,0.0,0.0,0.0,569200.0,1694400.0,2493700.0,2003700.0,1416300.0,0.0,0.0,0.0,0.0,0.0,2358400.0,2643200.0,2685600.0,1787100.0,669000.0,0.0,0.0,0.0,0.0,0.0
20230822143641256,SZSE,SZSE.ETF.159859,0.458,0.468,0.47,0.451,0.0,0.514,0.42,245752700.0,0.0,112147208.9,0.0,0.0,0.0,20230822,20230822,143641257,0.467,0.0,0.0,0.458,0.457,0.456,0.455,0.454,0.0,0.0,0.0,0.0,0.0,0.459,0.46,0.461,0.462,0.463,0.0,0.0,0.0,0.0,0.0,569200.0,1920400.0,2719700.0,2003700.0,1416300.0,0.0,0.0,0.0,0.0,0.0,2359900.0,2643200.0,2685600.0,1787100.0,669000.0,0.0,0.0,0.0,0.0,0.0
20230822143644276,SZSE,SZSE.ETF.159859,0.458,0.468,0.47,0.451,0.0,0.514,0.42,245752700.0,0.0,112147208.9,0.0,0.0,0.0,20230822,20230822,143644277,0.467,0.0,0.0,0.458,0.457,0.456,0.455,0.454,0.0,0.0,0.0,0.0,0.0,0.459,0.46,0.461,0.462,0.463,0.0,0.0,0.0,0.0,0.0,378800.0,1929400.0,2719700.0,2283700.0,1416300.0,0.0,0.0,0.0,0.0,0.0,2358400.0,2643200.0,2685600.0,1787100.0,669000.0,0.0,0.0,0.0,0.0,0.0
20230822143647308,SZSE,SZSE.ETF.159859,0.459,0.468,0.47,0.451,0.0,0.514,0.42,245943000.0,190300.0,112234555.7,87346.79999999702,0.0,0.0,20230822,20230822,143647309,0.467,0.0,0.0,0.458,0.457,0.456,0.455,0.454,0.0,0.0,0.0,0.0,0.0,0.459,0.46,0.461,0.462,0.463,0.0,0.0,0.0,0.0,0.0,377900.0,1930400.0,2719700.0,2283700.0,1416300.0,0.0,0.0,0.0,0.0,0.0,2395000.0,2643200.0,2685600.0,1787100.0,669000.0,0.0,0.0,0.0,0.0,0.0
20230822143650268,SZSE,SZSE.ETF.159859,0.458,0.468,0.47,0.451,0.0,0.514,0.42,245993000.0,50000.0,112257455.7,22900.0,0.0,0.0,20230822,20230822,143650268,0.467,0.0,0.0,0.458,0.457,0.456,0.455,0.454,0.0,0.0,0.0,0.0,0.0,0.459,0.46,0.461,0.462,0.463,0.0,0.0,0.0,0.0,0.0,337900.0,1930400.0,2719700.0,2283700.0,1416300.0,0.0,0.0,0.0,0.0,0.0,2395000.0,2869200.0,2685600.0,1787100.0,669000.0,0.0,0.0,0.0,0.0,0.0
20230822143653264,SZSE,SZSE.ETF.159859,0.458,0.468,0.47,0.451,0.0,0.514,0.42,245994600.0,1600.0,112258188.5,732.7999999970198,0.0,0.0,20230822,20230822,143653264,0.467,0.0,0.0,0.458,0.457,0.456,0.455,0.454,0.0,0.0,0.0,0.0,0.0,0.459,0.46,0.461,0.462,0.463,0.0,0.0,0.0,0.0,0.0,336300.0,1930400.0,2721700.0,2283700.0,1416300.0,0.0,0.0,0.0,0.0,0.0,2395000.0,2871200.0,2685600.0,1785100.0,669000.0,0.0,0.0,0.0,0.0,0.0
20230822143659264,SZSE,SZSE.ETF.159859,0.459,0.468,0.47,0.451,0.0,0.514,0.42,245994800.0,0.0,112258280.3,0.0,0.0,0.0,20230822,20230822,143659265,0.467,0.0,0.0,0.458,0.457,0.456,0.455,0.454,0.0,0.0,0.0,0.0,0.0,0.459,0.46,0.461,0.462,0.463,0.0,0.0,0.0,0.0,0.0,336300.0,1930400.0,2721700.0,2283700.0,1416300.0,0.0,0.0,0.0,0.0,0.0,2394800.0,2881200.0,2680500.0,1785100.0,669000.0,0.0,0.0,0.0,0.0,0.0
20230822143705304,SZSE,SZSE.ETF.159859,0.459,0.468,0.47,0.451,0.0,0.514,0.42,245994800.0,0.0,112258280.3,0.0,0.0,0.0,20230822,20230822,143705303,0.467,0.0,0.0,0.458,0.457,0.456,0.455,0.454,0.0,0.0,0.0,0.0,0.0,0.459,0.46,0.461,0.462,0.463,0.0,0.0,0.0,0.0,0.0,336800.0,1930400.0,2721700.0,2283700.0,1416300.0,0.0,0.0,0.0,0.0,0.0,2457500.0,2881200.0,2680500.0,1785100.0,669000.0,0.0,0.0,0.0,0.0,0.0
20230822143708316,SZSE,SZSE.ETF.159859,0.459,0.468,0.47,0.451,0.0,0.514,0.42,245994800.0,0.0,112258280.3,0.0,0.0,0.0,20230822,20230822,143708316,0.467,0.0,0.0,0.458,0.457,0.456,0.455,0.454,0.0,0.0,0.0,0.0,0.0,0.459,0.46,0.461,0.462,0.463,0.0,0.0,0.0,0.0,0.0,346800.0,1930400.0,2721700.0,2283700.0,1416300.0,0.0,0.0,0.0,0.0,0.0,2516500.0,2881200.0,2680500.0,1785100.0,669000.0,0.0,0.0,0.0,0.0,0.0
20230822143711296,SZSE,SZSE.ETF.159859,0.459,0.468,0.47,0.451,0.0,0.514,0.42,245994800.0,0.0,112258280.3,0.0,0.0,0.0,20230822,20230822,143711295,0.467,0.0,0.0,0.458,0.457,0.456,0.455,0.454,0.0,0.0,0.0,0.0,0.0,0.459,0.46,0.461,0.462,0.463,0.0,0.0,0.0,0.0,0.0,336800.0,1930400.0,2721700.0,2273700.0,1416300.0,0.0,0.0,0.0,0.0,0.0,2516500.0,2881200.0,2680500.0,1505100.0,669000.0,0.0,0.0,0.0,0.0,0.0
20230822143714312,SZSE,SZSE.ETF.159859,0.459,0.468,0.47,0.451,0.0,0.514,0.42,245994800.0,0.0,112258280.3,0.0,0.0,0.0,20230822,20230822,143714310,0.467,0.0,0.0,0.458,0.457,0.456,0.455,0.454,0.0,0.0,0.0,0.0,0.0,0.459,0.46,0.461,0.462,0.463,0.0,0.0,0.0,0.0,0.0,345200.0,1930400.0,2741700.0,2273700.0,1416300.0,0.0,0.0,0.0,0.0,0.0,2796500.0,2881200.0,2680500.0,1505100.0,669000.0,0.0,0.0,0.0,0.0,0.0
20230822143726208,SZSE,SZSE.ETF.159859,0.458,0.468,0.47,0.451,0.0,0.514,0.42,246001900.0,0.0,112261532.1,0.0,0.0,0.0,20230822,20230822,143726210,0.467,0.0,0.0,0.458,0.457,0.456,0.455,0.454,0.0,0.0,0.0,0.0,0.0,0.459,0.46,0.461,0.462,0.463,0.0,0.0,0.0,0.0,0.0,394600.0,1930400.0,2741700.0,2273700.0,1416300.0,0.0,0.0,0.0,0.0,0.0,2801000.0,2881200.0,2680500.0,1505100.0,669000.0,0.0,0.0,0.0,0.0,0.0
20230822143729208,SZSE,SZSE.ETF.159859,0.458,0.468,0.47,0.451,0.0,0.514,0.42,246001900.0,0.0,112261532.1,0.0,0.0,0.0,20230822,20230822,143729210,0.467,0.0,0.0,0.458,0.457,0.456,0.455,0.454,0.0,0.0,0.0,0.0,0.0,0.459,0.46,0.461,0.462,0.463,0.0,0.0,0.0,0.0,0.0,354600.0,1930400.0,2741700.0,2273700.0,1416300.0,0.0,0.0,0.0,0.0,0.0,2851000.0,2880700.0,2680500.0,1505100.0,669000.0,0.0,0.0,0.0,0.0,0.0
20230822143735248,SZSE,SZSE.ETF.159859,0.458,0.468,0.47,0.451,0.0,0.514,0.42,246001900.0,0.0,112261532.1,0.0,0.0,0.0,20230822,20230822,143735248,0.467,0.0,0.0,0.458,0.457,0.456,0.455,0.454,0.0,0.0,0.0,0.0,0.0,0.459,0.46,0.461,0.462,0.463,0.0,0.0,0.0,0.0,0.0,379600.0,1930400.0,2741700.0,2273700.0,1416300.0,0.0,0.0,0.0,0.0,0.0,2566500.0,2880700.0,2680500.0,1505100.0,669000.0,0.0,0.0,0.0,0.0,0.0
20230822143738216,SZSE,SZSE.ETF.159859,0.458,0.468,0.47,0.451,0.0,0.514,0.42,246001900.0,0.0,112261532.1,0.0,0.0,0.0,20230822,20230822,143738216,0.467,0.0,0.0,0.458,0.457,0.456,0.455,0.454,0.0,0.0,0.0,0.0,0.0,0.459,0.46,0.461,0.462,0.463,0.0,0.0,0.0,0.0,0.0,382600.0,1930400.0,2741700.0,2273700.0,1416300.0,0.0,0.0,0.0,0.0,0.0,2566500.0,2910700.0,2680500.0,1785100.0,669000.0,0.0,0.0,0.0,0.0,0.0
20230822143744200,SZSE,SZSE.ETF.159859,0.458,0.468,0.47,0.451,0.0,0.514,0.42,246006400.0,4500.0,112263593.1,2061.0,0.0,0.0,20230822,20230822,143744201,0.467,0.0,0.0,0.458,0.457,0.456,0.455,0.454,0.0,0.0,0.0,0.0,0.0,0.459,0.46,0.461,0.462,0.463,0.0,0.0,0.0,0.0,0.0,378100.0,1930400.0,2741700.0,2273700.0,1416300.0,0.0,0.0,0.0,0.0,0.0,2566500.0,2910700.0,2680500.0,1785100.0,669000.0,0.0,0.0,0.0,0.0,0.0
20230822143747240,SZSE,SZSE.ETF.159859,0.458,0.468,0.47,0.451,0.0,0.514,0.42,246006400.0,0.0,112263593.1,0.0,0.0,0.0,20230822,20230822,143747238,0.467,0.0,0.0,0.458,0.457,0.456,0.455,0.454,0.0,0.0,0.0,0.0,0.0,0.459,0.46,0.461,0.462,0.463,0.0,0.0,0.0,0.0,0.0,378100.0,1930400.0,2741700.0,2273700.0,1416300.0,0.0,0.0,0.0,0.0,0.0,2566500.0,2903700.0,2680500.0,1785100.0,669000.0,0.0,0.0,0.0,0.0,0.0
20230822143750216,SZSE,SZSE.ETF.159859,0.458,0.468,0.47,0.451,0.0,0.514,0.42,246006400.0,0.0,112263593.1,0.0,0.0,0.0,20230822,20230822,143750217,0.467,0.0,0.0,0.458,0.457,0.456,0.455,0.454,0.0,0.0,0.0,0.0,0.0,0.459,0.46,0.461,0.462,0.463,0.0,0.0,0.0,0.0,0.0,378100.0,2040400.0,2741700.0,2273700.0,1416300.0,0.0,0.0,0.0,0.0,0.0,2587900.0,2903700.0,2680500.0,1785100.0,1189900.0,0.0,0.0,0.0,0.0,0.0
20230822143753192,SZSE,SZSE.ETF.159859,0.458,0.468,0.47,0.451,0.0,0.514,0.42,246006400.0,0.0,112263593.1,0.0,0.0,0.0,20230822,20230822,143753191,0.467,0.0,0.0,0.458,0.457,0.456,0.455,0.454,0.0,0.0,0.0,0.0,0.0,0.459,0.46,0.461,0.462,0.463,0.0,0.0,0.0,0.0,0.0,386100.0,2040400.0,2741700.0,2273700.0,1416300.0,0.0,0.0,0.0,0.0,0.0,2587900.0,2919000.0,2680500.0,1785100.0,1189900.0,0.0,0.0,0.0,0.0,0.0
20230822143756216,SZSE,SZSE.ETF.159859,0.458,0.468,0.47,0.451,0.0,0.514,0.42,246006400.0,0.0,112263593.1,0.0,0.0,0.0,20230822,20230822,143756216,0.467,0.0,0.0,0.458,0.457,0.456,0.455,0.454,0.0,0.0,0.0,0.0,0.0,0.459,0.46,0.461,0.462,0.463,0.0,0.0,0.0,0.0,0.0,386200.0,2047900.0,2741700.0,2273700.0,1421300.0,0.0,0.0,0.0,0.0,0.0,2587900.0,2919000.0,2680500.0,1785100.0,1189900.0,0.0,0.0,0.0,0.0,0.0
20230822143759212,SZSE,SZSE.ETF.159859,0.458,0.468,0.47,0.451,0.0,0.514,0.42,246006400.0,0.0,112263593.1,0.0,0.0,0.0,20230822,20230822,143759212,0.467,0.0,0.0,0.458,0.457,0.456,0.455,0.454,0.0,0.0,0.0,0.0,0.0,0.459,0.46,0.461,0.462,0.463,0.0,0.0,0.0,0.0,0.0,386300.0,2047900.0,2741700.0,2273700.0,1421300.0,0.0,0.0,0.0,0.0,0.0,2587900.0,2919000.0,2680500.0,1785100.0,1189900.0,0.0,0.0,0.0,0.0,0.0
20230822143802244,SZSE,SZSE.ETF.159859,0.459,0.468,0.47,0.451,0.0,0.514,0.42,246007000.0,600.0,112263868.5,275.40000000596046,0.0,0.0,20230822,20230822,143802245,0.467,0.0,0.0,0.458,0.457,0.456,0.455,0.454,0.0,0.0,0.0,0.0,0.0,0.459,0.46,0.461,0.462,0.463,0.0,0.0,0.0,0.0,0.0,386300.0,2047900.0,2803400.0,2273700.0,1421300.0,0.0,0.0,0.0,0.0,0.0,2587300.0,2919000.0,2680500.0,1785100.0,1189900.0,0.0,0.0,0.0,0.0,0.0
20230822143805212,SZSE,SZSE.ETF.159859,0.459,0.468,0.47,0.451,0.0,0.514,0.42,246016600.0,9600.0,112268274.9,4406.4000000059605,0.0,0.0,20230822,20230822,143805211,0.467,0.0,0.0,0.458,0.457,0.456,0.455,0.454,0.0,0.0,0.0,0.0,0.0,0.459,0.46,0.461,0.462,0.463,0.0,0.0,0.0,0.0,0.0,408200.0,1947900.0,2798400.0,2273700.0,1421300.0,0.0,0.0,0.0,0.0,0.0,2578000.0,2919000.0,2680500.0,1785100.0,1189900.0,0.0,0.0,0.0,0.0,0.0
20230822143808248,SZSE,SZSE.ETF.159859,0.459,0.468,0.47,0.451,0.0,0.514,0.42,246016600.0,0.0,112268274.9,0.0,0.0,0.0,20230822,20230822,143808247,0.467,0.0,0.0,0.458,0.457,0.456,0.455,0.454,0.0,0.0,0.0,0.0,0.0,0.459,0.46,0.461,0.462,0.463,0.0,0.0,0.0,0.0,0.0,508200.0,1947900.0,2798400.0,2273700.0,1421300.0,0.0,0.0,0.0,0.0,0.0,2578000.0,2919000.0,2680500.0,1785100.0,1189900.0,0.0,0.0,0.0,0.0,0.0
20230822143811200,SZSE,SZSE.ETF.159859,0.459,0.468,0.47,0.451,0.0,0.514,0.42,246016600.0,0.0,112268274.9,0.0,0.0,0.0,20230822,20230822,143811200,0.467,0.0,0.0,0.458,0.457,0.456,0.455,0.454,0.0,0.0,0.0,0.0,0.0,0.459,0.46,0.461,0.462,0.463,0.0,0.0,0.0,0.0,0.0,508200.0,1947900.0,2798400.0,2295700.0,1421300.0,0.0,0.0,0.0,0.0,0.0,2778000.0,2919000.0,2679900.0,1785100.0,1189900.0,0.0,0.0,0.0,0.0,0.0
20230822143814200,SZSE,SZSE.ETF.159859,0.459,0.468,0.47,0.451,0.0,0.514,0.42,246016600.0,0.0,112268274.9,0.0,0.0,0.0,20230822,20230822,143814200,0.467,0.0,0.0,0.458,0.457,0.456,0.455,0.454,0.0,0.0,0.0,0.0,0.0,0.459,0.46,0.461,0.462,0.463,0.0,0.0,0.0,0.0,0.0,408200.0,1947900.0,2820400.0,2295700.0,1421300.0,0.0,0.0,0.0,0.0,0.0,2778000.0,2919300.0,2679900.0,1785100.0,1189900.0,0.0,0.0,0.0,0.0,0.0
20230822143817280,SZSE,SZSE.ETF.159859,0.459,0.468,0.47,0.451,0.0,0.514,0.42,246116600.0,100000.0,112314174.9,45900.0,0.0,0.0,20230822,20230822,143817278,0.467,0.0,0.0,0.458,0.457,0.456,0.455,0.454,0.0,0.0,0.0,0.0,0.0,0.459,0.46,0.461,0.462,0.463,0.0,0.0,0.0,0.0,0.0,408200.0,1947900.0,2820400.0,2295700.0,1421300.0,0.0,0.0,0.0,0.0,0.0,2678500.0,2919300.0,2679900.0,1785100.0,1189900.0,0.0,0.0,0.0,0.0,0.0
20230822143823172,SZSE,SZSE.ETF.159859,0.459,0.468,0.47,0.451,0.0,0.514,0.42,246116600.0,0.0,112314174.9,0.0,0.0,0.0,20230822,20230822,143823171,0.467,0.0,0.0,0.458,0.457,0.456,0.455,0.454,0.0,0.0,0.0,0.0,0.0,0.459,0.46,0.461,0.462,0.463,0.0,0.0,0.0,0.0,0.0,409200.0,1947900.0,2820400.0,2295700.0,1421300.0,0.0,0.0,0.0,0.0,0.0,2678500.0,2919300.0,2679900.0,1785100.0,1189900.0,0.0,0.0,0.0,0.0,0.0
20230822143829152,SZSE,SZSE.ETF.159859,0.459,0.468,0.47,0.451,0.0,0.514,0.42,246116600.0,0.0,112314174.9,0.0,0.0,0.0,20230822,20230822,143829153,0.467,0.0,0.0,0.458,0.457,0.456,0.455,0.454,0.0,0.0,0.0,0.0,0.0,0.459,0.46,0.461,0.462,0.463,0.0,0.0,0.0,0.0,0.0,509200.0,1947900.0,2820400.0,2295700.0,1421300.0,0.0,0.0,0.0,0.0,0.0,2678500.0,2919300.0,2679900.0,1785100.0,1189900.0,0.0,0.0,0.0,0.0,0.0
20230822143832160,SZSE,SZSE.ETF.159859,0.459,0.468,0.47,0.451,0.0,0.514,0.42,246116800.0,200.0,112314266.7,91.79999999701977,0.0,0.0,20230822,20230822,143832162,0.467,0.0,0.0,0.458,0.457,0.456,0.455,0.454,0.0,0.0,0.0,0.0,0.0,0.459,0.46,0.461,0.462,0.463,0.0,0.0,0.0,0.0,0.0,509200.0,2010200.0,2820400.0,2295700.0,1421300.0,0.0,0.0,0.0,0.0,0.0,2678300.0,2919300.0,2679900.0,1785100.0,1189900.0,0.0,0.0,0.0,0.0,0.0
20230822143835180,SZSE,SZSE.ETF.159859,0.459,0.468,0.47,0.451,0.0,0.514,0.42,246116800.0,0.0,112314266.7,0.0,0.0,0.0,20230822,20230822,143835179,0.467,0.0,0.0,0.458,0.457,0.456,0.455,0.454,0.0,0.0,0.0,0.0,0.0,0.459,0.46,0.461,0.462,0.463,0.0,0.0,0.0,0.0,0.0,529200.0,2010200.0,2820400.0,2313000.0,1421300.0,0.0,0.0,0.0,0.0,0.0,2678300.0,2919300.0,2679900.0,1785100.0,1189900.0,0.0,0.0,0.0,0.0,0.0
20230822143841168,SZSE,SZSE.ETF.159859,0.459,0.468,0.47,0.451,0.0,0.514,0.42,246116800.0,0.0,112314266.7,0.0,0.0,0.0,20230822,20230822,143841168,0.467,0.0,0.0,0.458,0.457,0.456,0.455,0.454,0.0,0.0,0.0,0.0,0.0,0.459,0.46,0.461,0.462,0.463,0.0,0.0,0.0,0.0,0.0,529200.0,2010200.0,2820400.0,2313000.0,1421300.0,0.0,0.0,0.0,0.0,0.0,2683000.0,2919300.0,2679900.0,1785100.0,1189900.0,0.0,0.0,0.0,0.0,0.0
20230822143844160,SZSE,SZSE.ETF.159859,0.459,0.468,0.47,0.451,0.0,0.514,0.42,246116800.0,0.0,112314266.7,0.0,0.0,0.0,20230822,20230822,143844160,0.467,0.0,0.0,0.458,0.457,0.456,0.455,0.454,0.0,0.0,0.0,0.0,0.0,0.459,0.46,0.461,0.462,0.463,0.0,0.0,0.0,0.0,0.0,495200.0,2010200.0,2820400.0,2313000.0,1421300.0,0.0,0.0,0.0,0.0,0.0,2683000.0,2919300.0,2679900.0,1785100.0,1189900.0,0.0,0.0,0.0,0.0,0.0
20230822143847156,SZSE,SZSE.ETF.159859,0.459,0.468,0.47,0.451,0.0,0.514,0.42,246117800.0,1000.0,112314725.7,459.0,0.0,0.0,20230822,20230822,143847155,0.467,0.0,0.0,0.458,0.457,0.456,0.455,0.454,0.0,0.0,0.0,0.0,0.0,0.459,0.46,0.461,0.462,0.463,0.0,0.0,0.0,0.0,0.0,495200.0,2010200.0,2820400.0,2313000.0,1421300.0,0.0,0.0,0.0,0.0,0.0,2688500.0,2919300.0,2679900.0,1785100.0,1189900.0,0.0,0.0,0.0,0.0,0.0
20230822143850180,SZSE,SZSE.ETF.159859,0.459,0.468,0.47,0.451,0.0,0.514,0.42,246117800.0,0.0,112314725.7,0.0,0.0,0.0,20230822,20230822,143850179,0.467,0.0,0.0,0.458,0.457,0.456,0.455,0.454,0.0,0.0,0.0,0.0,0.0,0.459,0.46,0.461,0.462,0.463,0.0,0.0,0.0,0.0,0.0,525200.0,2010200.0,2820400.0,2313000.0,1421300.0,0.0,0.0,0.0,0.0,0.0,2580200.0,2919300.0,2679900.0,1785100.0,1189900.0,0.0,0.0,0.0,0.0,0.0
20230822143853160,SZSE,SZSE.ETF.159859,0.459,0.468,0.47,0.451,0.0,0.514,0.42,246117800.0,0.0,112314725.7,0.0,0.0,0.0,20230822,20230822,143853158,0.467,0.0,0.0,0.458,0.457,0.456,0.455,0.454,0.0,0.0,0.0,0.0,0.0,0.459,0.46,0.461,0.462,0.463,0.0,0.0,0.0,0.0,0.0,735200.0,2010200.0,2820400.0,2313000.0,1421300.0,0.0,0.0,0.0,0.0,0.0,2580200.0,2919300.0,2679900.0,1785100.0,1189900.0,0.0,0.0,0.0,0.0,0.0
20230822143856168,SZSE,SZSE.ETF.159859,0.459,0.468,0.47,0.451,0.0,0.514,0.42,246123400.0,5600.0,112317296.1,2570.3999999910593,0.0,0.0,20230822,20230822,143856168,0.467,0.0,0.0,0.458,0.457,0.456,0.455,0.454,0.0,0.0,0.0,0.0,0.0,0.459,0.46,0.461,0.462,0.463,0.0,0.0,0.0,0.0,0.0,735200.0,2010200.0,2820400.0,2313000.0,1421300.0,0.0,0.0,0.0,0.0,0.0,2574600.0,2919300.0,2679900.0,1785100.0,1189900.0,0.0,0.0,0.0,0.0,0.0
20230822143859188,SZSE,SZSE.ETF.159859,0.459,0.468,0.47,0.451,0.0,0.514,0.42,246123400.0,0.0,112317296.1,0.0,0.0,0.0,20230822,20230822,143859188,0.467,0.0,0.0,0.458,0.457,0.456,0.455,0.454,0.0,0.0,0.0,0.0,0.0,0.459,0.46,0.461,0.462,0.463,0.0,0.0,0.0,0.0,0.0,735200.0,2010200.0,2820400.0,2313000.0,1421300.0,0.0,0.0,0.0,0.0,0.0,2582600.0,2919300.0,2679900.0,1785100.0,1189900.0,0.0,0.0,0.0,0.0,0.0
20230822145356248,SZSE,SZSE.ETF.159859,0.459,0.468,0.47,0.451,0.0,0.514,0.42,259681300.0,0.0,118547592.2,0.0,0.0,0.0,20230822,20230822,145356246,0.467,0.0,0.0,0.458,0.457,0.456,0.455,0.454,0.0,0.0,0.0,0.0,0.0,0.459,0.46,0.461,0.462,0.463,0.0,0.0,0.0,0.0,0.0,3175700.0,1565900.0,965300.0,1105400.0,660200.0,0.0,0.0,0.0,0.0,0.0,3430200.0,2735100.0,1899700.0,1277100.0,1174900.0,0.0,0.0,0.0,0.0,0.0
20230822145359240,SZSE,SZSE.ETF.159859,0.459,0.468,0.47,0.451,0.0,0.514,0.42,259887900.0,206600.0,118642421.6,94829.39999999106,0.0,0.0,20230822,20230822,145359239,0.467,0.0,0.0,0.458,0.457,0.456,0.455,0.454,0.0,0.0,0.0,0.0,0.0,0.459,0.46,0.461,0.462,0.463,0.0,0.0,0.0,0.0,0.0,3175700.0,1565900.0,965300.0,1105400.0,660200.0,0.0,0.0,0.0,0.0,0.0,3223600.0,2735100.0,1899700.0,1277100.0,1174900.0,0.0,0.0,0.0,0.0,0.0
20230822145402248,SZSE,SZSE.ETF.159859,0.459,0.468,0.47,0.451,0.0,0.514,0.42,259887900.0,0.0,118642421.6,0.0,0.0,0.0,20230822,20230822,145402250,0.467,0.0,0.0,0.458,0.457,0.456,0.455,0.454,0.0,0.0,0.0,0.0,0.0,0.459,0.46,0.461,0.462,0.463,0.0,0.0,0.0,0.0,0.0,3270300.0,1565900.0,965300.0,1105400.0,660200.0,0.0,0.0,0.0,0.0,0.0,3223600.0,2735100.0,1899700.0,1277100.0,1174900.0,0.0,0.0,0.0,0.0,0.0
20230822145405280,SZSE,SZSE.ETF.159859,0.459,0.468,0.47,0.451,0.0,0.514,0.42,259887900.0,0.0,118642421.6,0.0,0.0,0.0,20230822,20230822,145405278,0.467,0.0,0.0,0.458,0.457,0.456,0.455,0.454,0.0,0.0,0.0,0.0,0.0,0.459,0.46,0.461,0.462,0.463,0.0,0.0,0.0,0.0,0.0,3270300.0,1565900.0,945300.0,1105400.0,660200.0,0.0,0.0,0.0,0.0,0.0,3223600.0,2735100.0,1899700.0,1277100.0,1174900.0,0.0,0.0,0.0,0.0,0.0
20230822145408304,SZSE,SZSE.ETF.159859,0.459,0.468,0.47,0.451,0.0,0.514,0.42,259887900.0,0.0,118642421.6,0.0,0.0,0.0,20230822,20230822,145408302,0.467,0.0,0.0,0.458,0.457,0.456,0.455,0.454,0.0,0.0,0.0,0.0,0.0,0.459,0.46,0.461,0.462,0.463,0.0,0.0,0.0,0.0,0.0,3265300.0,1563900.0,945300.0,1100400.0,660200.0,0.0,0.0,0.0,0.0,0.0,3223600.0,2735100.0,1899700.0,1277100.0,1174900.0,0.0,0.0,0.0,0.0,0.0
20230822145411312,SZSE,SZSE.ETF.159859,0.459,0.468,0.47,0.451,0.0,0.514,0.42,259890300.0,2400.0,118643523.2,1101.6000000089407,0.0,0.0,20230822,20230822,145411312,0.467,0.0,0.0,0.458,0.457,0.456,0.455,0.454,0.0,0.0,0.0,0.0,0.0,0.459,0.46,0.461,0.462,0.463,0.0,0.0,0.0,0.0,0.0,3265300.0,1563900.0,945300.0,1100400.0,660200.0,0.0,0.0,0.0,0.0,0.0,3221200.0,2741600.0,1899700.0,1277100.0,1174900.0,0.0,0.0,0.0,0.0,0.0
20230822145414292,SZSE,SZSE.ETF.159859,0.459,0.468,0.47,0.451,0.0,0.514,0.42,259890300.0,0.0,118643523.2,0.0,0.0,0.0,20230822,20230822,145414291,0.467,0.0,0.0,0.458,0.457,0.456,0.455,0.454,0.0,0.0,0.0,0.0,0.0,0.459,0.46,0.461,0.462,0.463,0.0,0.0,0.0,0.0,0.0,3265300.0,1563900.0,945300.0,1100400.0,660200.0,0.0,0.0,0.0,0.0,0.0,3221200.0,2746600.0,1899700.0,1277100.0,1174900.0,0.0,0.0,0.0,0.0,0.0
20230822145417272,SZSE,SZSE.ETF.159859,0.459,0.468,0.47,0.451,0.0,0.514,0.42,259890300.0,0.0,118643523.2,0.0,0.0,0.0,20230822,20230822,145417274,0.467,0.0,0.0,0.458,0.457,0.456,0.455,0.454,0.0,0.0,0.0,0.0,0.0,0.459,0.46,0.461,0.462,0.463,0.0,0.0,0.0,0.0,0.0,3265300.0,1556100.0,945300.0,1100400.0,660200.0,0.0,0.0,0.0,0.0,0.0,3221200.0,2746600.0,1899700.0,1277100.0,1174900.0,0.0,0.0,0.0,0.0,0.0
20230822145420248,SZSE,SZSE.ETF.159859,0.459,0.468,0.47,0.451,0.0,0.514,0.42,259890300.0,0.0,118643523.2,0.0,0.0,0.0,20230822,20230822,145420249,0.467,0.0,0.0,0.458,0.457,0.456,0.455,0.454,0.0,0.0,0.0,0.0,0.0,0.459,0.46,0.461,0.462,0.463,0.0,0.0,0.0,0.0,0.0,3365300.0,1556100.0,945300.0,1100400.0,660200.0,0.0,0.0,0.0,0.0,0.0,3221200.0,2746600.0,1899700.0,1277100.0,1174900.0,0.0,0.0,0.0,0.0,0.0
20230822145423232,SZSE,SZSE.ETF.159859,0.459,0.468,0.47,0.451,0.0,0.514,0.42,259890300.0,0.0,118643523.2,0.0,0.0,0.0,20230822,20230822,145423230,0.467,0.0,0.0,0.458,0.457,0.456,0.455,0.454,0.0,0.0,0.0,0.0,0.0,0.459,0.46,0.461,0.462,0.463,0.0,0.0,0.0,0.0,0.0,3365300.0,1558100.0,950300.0,1100400.0,660200.0,0.0,0.0,0.0,0.0,0.0,3221200.0,2746600.0,1899700.0,1277100.0,1174900.0,0.0,0.0,0.0,0.0,0.0
20230822145426228,SZSE,SZSE.ETF.159859,0.459,0.468,0.47,0.451,0.0,0.514,0.42,259890300.0,0.0,118643523.2,0.0,0.0,0.0,20230822,20230822,145426227,0.467,0.0,0.0,0.458,0.457,0.456,0.455,0.454,0.0,0.0,0.0,0.0,0.0,0.459,0.46,0.461,0.462,0.463,0.0,0.0,0.0,0.0,0.0,3366300.0,1558100.0,950300.0,1100400.0,660200.0,0.0,0.0,0.0,0.0,0.0,3221200.0,2746600.0,1899700.0,1277100.0,1174900.0,0.0,0.0,0.0,0.0,0.0
20230822145429272,SZSE,SZSE.ETF.159859,0.459,0.468,0.47,0.451,0.0,0.514,0.42,259890600.0,300.0,118643660.9,137.70000000298023,0.0,0.0,20230822,20230822,145429271,0.467,0.0,0.0,0.458,0.457,0.456,0.455,0.454,0.0,0.0,0.0,0.0,0.0,0.459,0.46,0.461,0.462,0.463,0.0,0.0,0.0,0.0,0.0,3366300.0,1558100.0,950300.0,1100400.0,660200.0,0.0,0.0,0.0,0.0,0.0,3220900.0,2746600.0,1899700.0,1277100.0,1174900.0,0.0,0.0,0.0,0.0,0.0
20230822145432252,SZSE,SZSE.ETF.159859,0.459,0.468,0.47,0.451,0.0,0.514,0.42,259895600.0,5000.0,118645955.9,2295.0,0.0,0.0,20230822,20230822,145432251,0.467,0.0,0.0,0.458,0.457,0.456,0.455,0.454,0.0,0.0,0.0,0.0,0.0,0.459,0.46,0.461,0.462,0.463,0.0,0.0,0.0,0.0,0.0,3367300.0,1558100.0,950300.0,1100400.0,660200.0,0.0,0.0,0.0,0.0,0.0,3215900.0,2746600.0,1899700.0,1277100.0,1174900.0,0.0,0.0,0.0,0.0,0.0
20230822145438248,SZSE,SZSE.ETF.159859,0.459,0.468,0.47,0.451,0.0,0.514,0.42,259895600.0,0.0,118645955.9,0.0,0.0,0.0,20230822,20230822,145438247,0.467,0.0,0.0,0.458,0.457,0.456,0.455,0.454,0.0,0.0,0.0,0.0,0.0,0.459,0.46,0.461,0.462,0.463,0.0,0.0,0.0,0.0,0.0,3367300.0,1558100.0,1150300.0,1100400.0,660200.0,0.0,0.0,0.0,0.0,0.0,3215900.0,2746600.0,1899700.0,1277100.0,1174900.0,0.0,0.0,0.0,0.0,0.0
20230822145441264,SZSE,SZSE.ETF.159859,0.459,0.468,0.47,0.451,0.0,0.514,0.42,259910700.0,15100.0,118652876.7,6920.79999999702,0.0,0.0,20230822,20230822,145441262,0.467,0.0,0.0,0.458,0.457,0.456,0.455,0.454,0.0,0.0,0.0,0.0,0.0,0.459,0.46,0.461,0.462,0.463,0.0,0.0,0.0,0.0,0.0,3357200.0,1558100.0,1150300.0,1100400.0,660200.0,0.0,0.0,0.0,0.0,0.0,3210900.0,2746600.0,1899700.0,1277100.0,1174900.0,0.0,0.0,0.0,0.0,0.0
20230822145444280,SZSE,SZSE.ETF.159859,0.459,0.468,0.47,0.451,0.0,0.514,0.42,259910800.0,100.0,118652922.6,45.8999999910593,0.0,0.0,20230822,20230822,145444281,0.467,0.0,0.0,0.458,0.457,0.456,0.455,0.454,0.0,0.0,0.0,0.0,0.0,0.459,0.46,0.461,0.462,0.463,0.0,0.0,0.0,0.0,0.0,3357200.0,1558100.0,1150300.0,1108400.0,660200.0,0.0,0.0,0.0,0.0,0.0,3210800.0,2746600.0,1899700.0,1277100.0,1174900.0,0.0,0.0,0.0,0.0,0.0
20230822145450244,SZSE,SZSE.ETF.159859,0.459,0.468,0.47,0.451,0.0,0.514,0.42,259921700.0,10900.0,118657925.7,5003.100000008941,0.0,0.0,20230822,20230822,145450243,0.467,0.0,0.0,0.458,0.457,0.456,0.455,0.454,0.0,0.0,0.0,0.0,0.0,0.459,0.46,0.461,0.462,0.463,0.0,0.0,0.0,0.0,0.0,3357200.0,1558100.0,1150300.0,1108400.0,660200.0,0.0,0.0,0.0,0.0,0.0,3199900.0,2746600.0,1877700.0,1277100.0,1174900.0,0.0,0.0,0.0,0.0,0.0
20230822145453216,SZSE,SZSE.ETF.159859,0.459,0.468,0.47,0.451,0.0,0.514,0.42,259921700.0,0.0,118657925.7,0.0,0.0,0.0,20230822,20230822,145453216,0.467,0.0,0.0,0.458,0.457,0.456,0.455,0.454,0.0,0.0,0.0,0.0,0.0,0.459,0.46,0.461,0.462,0.463,0.0,0.0,0.0,0.0,0.0,3357200.0,1556600.0,1150300.0,1108400.0,660200.0,0.0,0.0,0.0,0.0,0.0,3199900.0,2746600.0,1877700.0,1277100.0,1174900.0,0.0,0.0,0.0,0.0,0.0
20230822145456228,SZSE,SZSE.ETF.159859,0.459,0.468,0.47,0.451,0.0,0.514,0.42,259943400.0,21700.0,118667886.0,9960.29999999702,0.0,0.0,20230822,20230822,145456228,0.467,0.0,0.0,0.458,0.457,0.456,0.455,0.454,0.0,0.0,0.0,0.0,0.0,0.459,0.46,0.461,0.462,0.463,0.0,0.0,0.0,0.0,0.0,3359400.0,1556600.0,1150300.0,1108400.0,660200.0,0.0,0.0,0.0,0.0,0.0,3178200.0,2746600.0,1877700.0,1277100.0,1174900.0,0.0,0.0,0.0,0.0,0.0
20230822145459240,SZSE,SZSE.ETF.159859,0.459,0.468,0.47,0.451,0.0,0.514,0.42,259966600.0,23200.0,118678534.8,10648.79999999702,0.0,0.0,20230822,20230822,145459240,0.467,0.0,0.0,0.458,0.457,0.456,0.455,0.454,0.0,0.0,0.0,0.0,0.0,0.459,0.46,0.461,0.462,0.463,0.0,0.0,0.0,0.0,0.0,3359400.0,1556600.0,1150300.0,1108400.0,660200.0,0.0,0.0,0.0,0.0,0.0,3134200.0,2746600.0,1877700.0,1277100.0,1134900.0,0.0,0.0,0.0,0.0,0.0
20230822145502256,SZSE,SZSE.ETF.159859,0.459,0.468,0.47,0.451,0.0,0.514,0.42,260191800.0,225200.0,118781880.8,103346.0,0.0,0.0,20230822,20230822,145502256,0.467,0.0,0.0,0.458,0.457,0.456,0.455,0.454,0.0,0.0,0.0,0.0,0.0,0.459,0.46,0.461,0.462,0.463,0.0,0.0,0.0,0.0,0.0,3368600.0,1556600.0,1150300.0,1108400.0,660200.0,0.0,0.0,0.0,0.0,0.0,2951800.0,2746600.0,1877700.0,1277100.0,1134900.0,0.0,0.0,0.0,0.0,0.0
20230822145505376,SZSE,SZSE.ETF.159859,0.459,0.468,0.47,0.451,0.0,0.514,0.42,260191800.0,0.0,118781880.8,0.0,0.0,0.0,20230822,20230822,145505375,0.467,0.0,0.0,0.458,0.457,0.456,0.455,0.454,0.0,0.0,0.0,0.0,0.0,0.459,0.46,0.461,0.462,0.463,0.0,0.0,0.0,0.0,0.0,3368600.0,1546600.0,1150300.0,1108400.0,660200.0,0.0,0.0,0.0,0.0,0.0,2951800.0,2746600.0,1877700.0,1277100.0,1134900.0,0.0,0.0,0.0,0.0,0.0
20230822145508380,SZSE,SZSE.ETF.159859,0.459,0.468,0.47,0.451,0.0,0.514,0.42,260191800.0,0.0,118781880.8,0.0,0.0,0.0,20230822,20230822,145508380,0.467,0.0,0.0,0.458,0.457,0.456,0.455,0.454,0.0,0.0,0.0,0.0,0.0,0.459,0.46,0.461,0.462,0.463,0.0,0.0,0.0,0.0,0.0,3168600.0,1546600.0,1150300.0,1108400.0,660200.0,0.0,0.0,0.0,0.0,0.0,2951800.0,2746600.0,1877700.0,1277100.0,1134900.0,0.0,0.0,0.0,0.0,0.0
20230822145511348,SZSE,SZSE.ETF.159859,0.459,0.468,0.47,0.451,0.0,0.514,0.42,260194300.0,2500.0,118783028.3,1147.5,0.0,0.0,20230822,20230822,145511347,0.467,0.0,0.0,0.458,0.457,0.456,0.455,0.454,0.0,0.0,0.0,0.0,0.0,0.459,0.46,0.461,0.462,0.463,0.0,0.0,0.0,0.0,0.0,3168600.0,1546600.0,1128300.0,1108400.0,660200.0,0.0,0.0,0.0,0.0,0.0,2949300.0,2746600.0,1877700.0,1277100.0,1134900.0,0.0,0.0,0.0,0.0,0.0
20230822145514332,SZSE,SZSE.ETF.159859,0.459,0.468,0.47,0.451,0.0,0.514,0.42,260194300.0,0.0,118783028.3,0.0,0.0,0.0,20230822,20230822,145514332,0.467,0.0,0.0,0.458,0.457,0.456,0.455,0.454,0.0,0.0,0.0,0.0,0.0,0.459,0.46,0.461,0.462,0.463,0.0,0.0,0.0,0.0,0.0,3112800.0,1546600.0,1128300.0,1108400.0,660200.0,0.0,0.0,0.0,0.0,0.0,2949300.0,2746600.0,1877700.0,1277100.0,1134900.0,0.0,0.0,0.0,0.0,0.0
20230822145517296,SZSE,SZSE.ETF.159859,0.459,0.468,0.47,0.451,0.0,0.514,0.42,260217400.0,23100.0,118793631.2,10602.90000000596,0.0,0.0,20230822,20230822,145517298,0.467,0.0,0.0,0.458,0.457,0.456,0.455,0.454,0.0,0.0,0.0,0.0,0.0,0.459,0.46,0.461,0.462,0.463,0.0,0.0,0.0,0.0,0.0,3112800.0,1446600.0,1128300.0,1108400.0,660200.0,0.0,0.0,0.0,0.0,0.0,2926200.0,2746600.0,1877700.0,1277100.0,1134900.0,0.0,0.0,0.0,0.0,0.0
20230822145520264,SZSE,SZSE.ETF.159859,0.459,0.468,0.47,0.451,0.0,0.514,0.42,260218000.0,600.0,118793906.6,275.3999999910593,0.0,0.0,20230822,20230822,145520263,0.467,0.0,0.0,0.458,0.457,0.456,0.455,0.454,0.0,0.0,0.0,0.0,0.0,0.459,0.46,0.461,0.462,0.463,0.0,0.0,0.0,0.0,0.0,3091100.0,1446600.0,1128300.0,1108400.0,660200.0,0.0,0.0,0.0,0.0,0.0,2925600.0,2746600.0,1877700.0,1277100.0,1134900.0,0.0,0.0,0.0,0.0,0.0
20230822145523264,SZSE,SZSE.ETF.159859,0.459,0.468,0.47,0.451,0.0,0.514,0.42,260218000.0,0.0,118793906.6,0.0,0.0,0.0,20230822,20230822,145523263,0.467,0.0,0.0,0.458,0.457,0.456,0.455,0.454,0.0,0.0,0.0,0.0,0.0,0.459,0.46,0.461,0.462,0.463,0.0,0.0,0.0,0.0,0.0,3101100.0,1446600.0,1128300.0,1108400.0,660200.0,0.0,0.0,0.0,0.0,0.0,2925600.0,986700.0,1877700.0,1277100.0,1134900.0,0.0,0.0,0.0,0.0,0.0
20230822145526304,SZSE,SZSE.ETF.159859,0.459,0.468,0.47,0.451,0.0,0.514,0.42,260219000.0,1000.0,118794365.6,459.0,0.0,0.0,20230822,20230822,145526305,0.467,0.0,0.0,0.458,0.457,0.456,0.455,0.454,0.0,0.0,0.0,0.0,0.0,0.459,0.46,0.461,0.462,0.463,0.0,0.0,0.0,0.0,0.0,3182500.0,1446600.0,1128300.0,1108400.0,660200.0,0.0,0.0,0.0,0.0,0.0,2924600.0,986700.0,1877700.0,1277100.0,1134900.0,0.0,0.0,0.0,0.0,0.0
20230822145529324,SZSE,SZSE.ETF.159859,0.459,0.468,0.47,0.451,0.0,0.514,0.42,260243700.0,24700.0,118805699.9,11334.300000011921,0.0,0.0,20230822,20230822,145529323,0.467,0.0,0.0,0.458,0.457,0.456,0.455,0.454,0.0,0.0,0.0,0.0,0.0,0.459,0.46,0.461,0.462,0.463,0.0,0.0,0.0,0.0,0.0,3069500.0,1446600.0,1128300.0,1108400.0,660200.0,0.0,0.0,0.0,0.0,0.0,2902900.0,986700.0,1877700.0,1277100.0,1134900.0,0.0,0.0,0.0,0.0,0.0
20230822145532296,SZSE,SZSE.ETF.159859,0.459,0.468,0.47,0.451,0.0,0.514,0.42,260415400.0,171700.0,118884500.2,78800.29999999702,0.0,0.0,20230822,20230822,145532295,0.467,0.0,0.0,0.458,0.457,0.456,0.455,0.454,0.0,0.0,0.0,0.0,0.0,0.459,0.46,0.461,0.462,0.463,0.0,0.0,0.0,0.0,0.0,3059500.0,1546600.0,1128300.0,1108400.0,660200.0,0.0,0.0,0.0,0.0,0.0,2741200.0,986700.0,1877700.0,1277100.0,1134900.0,0.0,0.0,0.0,0.0,0.0
20230822145535272,SZSE,SZSE.ETF.159859,0.459,0.468,0.47,0.451,0.0,0.514,0.42,260635400.0,220000.0,118985480.2,100980.0,0.0,0.0,20230822,20230822,145535274,0.467,0.0,0.0,0.458,0.457,0.456,0.455,0.454,0.0,0.0,0.0,0.0,0.0,0.459,0.46,0.461,0.462,0.463,0.0,0.0,0.0,0.0,0.0,3119800.0,1546600.0,1123300.0,1108400.0,660200.0,0.0,0.0,0.0,0.0,0.0,2629500.0,986700.0,1877700.0,1277100.0,1134900.0,0.0,0.0,0.0,0.0,0.0
20230822145541244,SZSE,SZSE.ETF.159859,0.459,0.468,0.47,0.451,0.0,0.514,0.42,260686000.0,50600.0,119008705.6,23225.39999999106,0.0,0.0,20230822,20230822,145541243,0.467,0.0,0.0,0.458,0.457,0.456,0.455,0.454,0.0,0.0,0.0,0.0,0.0,0.459,0.46,0.461,0.462,0.463,0.0,0.0,0.0,0.0,0.0,3058800.0,1546600.0,923300.0,1108400.0,660200.0,0.0,0.0,0.0,0.0,0.0,2568900.0,986700.0,1877700.0,1277100.0,1134900.0,0.0,0.0,0.0,0.0,0.0
20230822145544288,SZSE,SZSE.ETF.159859,0.459,0.468,0.47,0.451,0.0,0.514,0.42,260716000.0,30000.0,119022475.6,13770.0,0.0,0.0,20230822,20230822,145544288,0.467,0.0,0.0,0.458,0.457,0.456,0.455,0.454,0.0,0.0,0.0,0.0,0.0,0.459,0.46,0.461,0.462,0.463,0.0,0.0,0.0,0.0,0.0,3058800.0,1546600.0,923300.0,1108400.0,660200.0,0.0,0.0,0.0,0.0,0.0,2604400.0,986700.0,1877700.0,1277100.0,1134900.0,0.0,0.0,0.0,0.0,0.0
20230822145547272,SZSE,SZSE.ETF.159859,0.459,0.468,0.47,0.451,0.0,0.514,0.42,260717300.0,1300.0,119023072.3,596.7000000029802,0.0,0.0,20230822,20230822,145547272,0.467,0.0,0.0,0.458,0.457,0.456,0.455,0.454,0.0,0.0,0.0,0.0,0.0,0.459,0.46,0.461,0.462,0.463,0.0,0.0,0.0,0.0,0.0,3058800.0,1546600.0,923300.0,1108400.0,660200.0,0.0,0.0,0.0,0.0,0.0,2613100.0,986700.0,1877700.0,1277100.0,1134900.0,0.0,0.0,0.0,0.0,0.0
20230822145550288,SZSE,SZSE.ETF.159859,0.459,0.468,0.47,0.451,0.0,0.514,0.42,260815500.0,98200.0,119068146.1,45073.79999999702,0.0,0.0,20230822,20230822,145550287,0.467,0.0,0.0,0.458,0.457,0.456,0.455,0.454,0.0,0.0,0.0,0.0,0.0,0.459,0.46,0.461,0.462,0.463,0.0,0.0,0.0,0.0,0.0,3058800.0,1546600.0,923300.0,1108400.0,660200.0,0.0,0.0,0.0,0.0,0.0,2514900.0,986700.0,1877700.0,1277100.0,1134900.0,0.0,0.0,0.0,0.0,0.0
20230822145556264,SZSE,SZSE.ETF.159859,0.459,0.468,0.47,0.451,0.0,0.514,0.42,260855500.0,40000.0,119086506.1,18360.0,0.0,0.0,20230822,20230822,145556263,0.467,0.0,0.0,0.458,0.457,0.456,0.455,0.454,0.0,0.0,0.0,0.0,0.0,0.459,0.46,0.461,0.462,0.463,0.0,0.0,0.0,0.0,0.0,3058800.0,1546600.0,923300.0,1108400.0,660200.0,0.0,0.0,0.0,0.0,0.0,2474900.0,986700.0,1877700.0,1277100.0,1134900.0,0.0,0.0,0.0,0.0,0.0
20230822145559280,SZSE,SZSE.ETF.159859,0.459,0.468,0.47,0.451,0.0,0.514,0.42,260865500.0,10000.0,119091096.1,4590.0,0.0,0.0,20230822,20230822,145559279,0.467,0.0,0.0,0.458,0.457,0.456,0.455,0.454,0.0,0.0,0.0,0.0,0.0,0.459,0.46,0.461,0.462,0.463,0.0,0.0,0.0,0.0,0.0,3060800.0,1546600.0,923300.0,1108400.0,660200.0,0.0,0.0,0.0,0.0,0.0,2464900.0,986700.0,1877700.0,1277100.0,1134900.0,0.0,0.0,0.0,0.0,0.0
20230822145602328,SZSE,SZSE.ETF.159859,0.459,0.468,0.47,0.451,0.0,0.514,0.42,260871200.0,5700.0,119093712.4,2616.300000011921,0.0,0.0,20230822,20230822,145602328,0.467,0.0,0.0,0.458,0.457,0.456,0.455,0.454,0.0,0.0,0.0,0.0,0.0,0.459,0.46,0.461,0.462,0.463,0.0,0.0,0.0,0.0,0.0,3023800.0,1546600.0,923300.0,1108400.0,660200.0,0.0,0.0,0.0,0.0,0.0,2459200.0,826200.0,1877700.0,1277100.0,1134900.0,0.0,0.0,0.0,0.0,0.0
20230822145605364,SZSE,SZSE.ETF.159859,0.459,0.468,0.47,0.451,0.0,0.514,0.42,260871600.0,400.0,119093896.0,183.59999999403954,0.0,0.0,20230822,20230822,145605365,0.467,0.0,0.0,0.458,0.457,0.456,0.455,0.454,0.0,0.0,0.0,0.0,0.0,0.459,0.46,0.461,0.462,0.463,0.0,0.0,0.0,0.0,0.0,3023800.0,1546600.0,923300.0,1108400.0,660200.0,0.0,0.0,0.0,0.0,0.0,2458800.0,823300.0,1877700.0,1277100.0,1134900.0,0.0,0.0,0.0,0.0,0.0
20230822145608332,SZSE,SZSE.ETF.159859,0.459,0.468,0.47,0.451,0.0,0.514,0.42,260931500.0,59900.0,119121390.1,27494.09999999404,0.0,0.0,20230822,20230822,145608331,0.467,0.0,0.0,0.458,0.457,0.456,0.455,0.454,0.0,0.0,0.0,0.0,0.0,0.459,0.46,0.461,0.462,0.463,0.0,0.0,0.0,0.0,0.0,3023800.0,1546600.0,923300.0,1108400.0,660200.0,0.0,0.0,0.0,0.0,0.0,2569400.0,823300.0,1877700.0,1277100.0,1134900.0,0.0,0.0,0.0,0.0,0.0
20230822145611336,SZSE,SZSE.ETF.159859,0.459,0.468,0.47,0.451,0.0,0.514,0.42,260987500.0,56000.0,119147094.1,25704.0,0.0,0.0,20230822,20230822,145611337,0.467,0.0,0.0,0.458,0.457,0.456,0.455,0.454,0.0,0.0,0.0,0.0,0.0,0.459,0.46,0.461,0.462,0.463,0.0,0.0,0.0,0.0,0.0,3023800.0,1546600.0,923300.0,1108400.0,660200.0,0.0,0.0,0.0,0.0,0.0,2513400.0,823300.0,1877700.0,1277100.0,1134900.0,0.0,0.0,0.0,0.0,0.0
20230822145614284,SZSE,SZSE.ETF.159859,0.459,0.468,0.47,0.451,0.0,0.514,0.42,260990300.0,2800.0,119148379.3,1285.2000000029802,0.0,0.0,20230822,20230822,145614284,0.467,0.0,0.0,0.458,0.457,0.456,0.455,0.454,0.0,0.0,0.0,0.0,0.0,0.459,0.46,0.461,0.462,0.463,0.0,0.0,0.0,0.0,0.0,2969300.0,1546600.0,923300.0,1108400.0,660200.0,0.0,0.0,0.0,0.0,0.0,2512600.0,823300.0,1877700.0,1277100.0,1134900.0,0.0,0.0,0.0,0.0,0.0
20230822145617336,SZSE,SZSE.ETF.159859,0.459,0.468,0.47,0.451,0.0,0.514,0.42,261056300.0,66000.0,119178673.3,30294.0,0.0,0.0,20230822,20230822,145617334,0.467,0.0,0.0,0.458,0.457,0.456,0.455,0.454,0.0,0.0,0.0,0.0,0.0,0.459,0.46,0.461,0.462,0.463,0.0,0.0,0.0,0.0,0.0,2793700.0,1546600.0,923300.0,1108400.0,660200.0,0.0,0.0,0.0,0.0,0.0,2446600.0,743300.0,1877700.0,1277100.0,1134900.0,0.0,0.0,0.0,0.0,0.0
20230822145620312,SZSE,SZSE.ETF.159859,0.459,0.468,0.47,0.451,0.0,0.514,0.42,261056300.0,0.0,119178673.3,0.0,0.0,0.0,20230822,20230822,145620310,0.467,0.0,0.0,0.458,0.457,0.456,0.455,0.454,0.0,0.0,0.0,0.0,0.0,0.459,0.46,0.461,0.462,0.463,0.0,0.0,0.0,0.0,0.0,2814400.0,1546600.0,923300.0,1108400.0,660200.0,0.0,0.0,0.0,0.0,0.0,2446600.0,743300.0,1877700.0,1277100.0,1134900.0,0.0,0.0,0.0,0.0,0.0
20230822145623272,SZSE,SZSE.ETF.159859,0.459,0.468,0.47,0.451,0.0,0.514,0.42,261061900.0,5600.0,119181243.7,2570.4000000059605,0.0,0.0,20230822,20230822,145623272,0.467,0.0,0.0,0.458,0.457,0.456,0.455,0.454,0.0,0.0,0.0,0.0,0.0,0.459,0.46,0.461,0.462,0.463,0.0,0.0,0.0,0.0,0.0,2814400.0,1546600.0,923300.0,1108400.0,660200.0,0.0,0.0,0.0,0.0,0.0,2441000.0,743300.0,1877700.0,1277100.0,1134900.0,0.0,0.0,0.0,0.0,0.0
20230822145626280,SZSE,SZSE.ETF.159859,0.459,0.468,0.47,0.451,0.0,0.514,0.42,261061900.0,0.0,119181243.7,0.0,0.0,0.0,20230822,20230822,145626278,0.467,0.0,0.0,0.458,0.457,0.456,0.455,0.454,0.0,0.0,0.0,0.0,0.0,0.459,0.46,0.461,0.462,0.463,0.0,0.0,0.0,0.0,0.0,2815400.0,1546600.0,923300.0,1108400.0,660200.0,0.0,0.0,0.0,0.0,0.0,2441000.0,743300.0,1877700.0,1277100.0,1104900.0,0.0,0.0,0.0,0.0,0.0
20230822145629284,SZSE,SZSE.ETF.159859,0.459,0.468,0.47,0.451,0.0,0.514,0.42,261062100.0,200.0,119181335.5,91.79999999701977,0.0,0.0,20230822,20230822,145629284,0.467,0.0,0.0,0.458,0.457,0.456,0.455,0.454,0.0,0.0,0.0,0.0,0.0,0.459,0.46,0.461,0.462,0.463,0.0,0.0,0.0,0.0,0.0,2815400.0,1546600.0,923300.0,1108400.0,660200.0,0.0,0.0,0.0,0.0,0.0,2440800.0,743300.0,1877700.0,1247100.0,1104900.0,0.0,0.0,0.0,0.0,0.0
20230822145632296,SZSE,SZSE.ETF.159859,0.459,0.468,0.47,0.451,0.0,0.514,0.42,261062100.0,0.0,119181335.5,0.0,0.0,0.0,20230822,20230822,145632295,0.467,0.0,0.0,0.458,0.457,0.456,0.455,0.454,0.0,0.0,0.0,0.0,0.0,0.459,0.46,0.461,0.462,0.463,0.0,0.0,0.0,0.0,0.0,2774400.0,1546600.0,923300.0,1108400.0,660200.0,0.0,0.0,0.0,0.0,0.0,2440800.0,743300.0,1877700.0,1247100.0,1104900.0,0.0,0.0,0.0,0.0,0.0
20230822145635280,SZSE,SZSE.ETF.159859,0.459,0.468,0.47,0.451,0.0,0.514,0.42,261113400.0,51300.0,119204882.2,23546.70000000298,0.0,0.0,20230822,20230822,145635279,0.467,0.0,0.0,0.458,0.457,0.456,0.455,0.454,0.0,0.0,0.0,0.0,0.0,0.459,0.46,0.461,0.462,0.463,0.0,0.0,0.0,0.0,0.0,2855100.0,1539100.0,923300.0,1108400.0,660200.0,0.0,0.0,0.0,0.0,0.0,2389500.0,743300.0,1877700.0,1247100.0,1104900.0,0.0,0.0,0.0,0.0,0.0
20230822145638292,SZSE,SZSE.ETF.159859,0.458,0.468,0.47,0.451,0.0,0.514,0.42,261277300.0,163900.0,119280109.2,75227.0,0.0,0.0,20230822,20230822,145638292,0.467,0.0,0.0,0.458,0.457,0.456,0.455,0.454,0.0,0.0,0.0,0.0,0.0,0.459,0.46,0.461,0.462,0.463,0.0,0.0,0.0,0.0,0.0,2694800.0,1539100.0,923300.0,1108400.0,660200.0,0.0,0.0,0.0,0.0,0.0,2228700.0,743300.0,1877700.0,1247100.0,1104900.0,0.0,0.0,0.0,0.0,0.0
20230822145641264,SZSE,SZSE.ETF.159859,0.459,0.468,0.47,0.451,0.0,0.514,0.42,262052500.0,775200.0,119635926.0,355816.799999997,0.0,0.0,20230822,20230822,145641265,0.467,0.0,0.0,0.458,0.457,0.456,0.455,0.454,0.0,0.0,0.0,0.0,0.0,0.459,0.46,0.461,0.462,0.463,0.0,0.0,0.0,0.0,0.0,2694800.0,1539100.0,923300.0,1108400.0,660200.0,0.0,0.0,0.0,0.0,0.0,1453500.0,736800.0,1877700.0,1247100.0,1104900.0,0.0,0.0,0.0,0.0,0.0
20230822145644244,SZSE,SZSE.ETF.159859,0.459,0.468,0.47,0.451,0.0,0.514,0.42,262147100.0,94600.0,119679347.4,43421.40000000596,0.0,0.0,20230822,20230822,145644244,0.467,0.0,0.0,0.458,0.457,0.456,0.455,0.454,0.0,0.0,0.0,0.0,0.0,0.459,0.46,0.461,0.462,0.463,0.0,0.0,0.0,0.0,0.0,2672900.0,1539100.0,923300.0,1108400.0,660200.0,0.0,0.0,0.0,0.0,0.0,1365900.0,736800.0,1877700.0,1247100.0,1104900.0,0.0,0.0,0.0,0.0,0.0
20230822145647292,SZSE,SZSE.ETF.159859,0.459,0.468,0.47,0.451,0.0,0.514,0.42,262549800.0,402700.0,119864186.7,184839.29999999702,0.0,0.0,20230822,20230822,145647292,0.467,0.0,0.0,0.458,0.457,0.456,0.455,0.454,0.0,0.0,0.0,0.0,0.0,0.459,0.46,0.461,0.462,0.463,0.0,0.0,0.0,0.0,0.0,2672900.0,1539100.0,923300.0,1108400.0,660200.0,0.0,0.0,0.0,0.0,0.0,963200.0,736800.0,1877700.0,1247100.0,1104900.0,0.0,0.0,0.0,0.0,0.0
20230822145650288,SZSE,SZSE.ETF.159859,0.459,0.468,0.47,0.451,0.0,0.514,0.42,262583600.0,33800.0,119879700.9,15514.20000000298,0.0,0.0,20230822,20230822,145650290,0.467,0.0,0.0,0.458,0.457,0.456,0.455,0.454,0.0,0.0,0.0,0.0,0.0,0.459,0.46,0.461,0.462,0.463,0.0,0.0,0.0,0.0,0.0,2672900.0,1539100.0,923300.0,1108400.0,660200.0,0.0,0.0,0.0,0.0,0.0,929400.0,736800.0,1877700.0,1247100.0,1104900.0,0.0,0.0,0.0,0.0,0.0
20230822145653256,SZSE,SZSE.ETF.159859,0.459,0.468,0.47,0.451,0.0,0.514,0.42,262674900.0,91300.0,119921607.6,41906.69999998808,0.0,0.0,20230822,20230822,145653254,0.467,0.0,0.0,0.458,0.457,0.456,0.455,0.454,0.0,0.0,0.0,0.0,0.0,0.459,0.46,0.461,0.462,0.463,0.0,0.0,0.0,0.0,0.0,2422900.0,1289100.0,873300.0,1108400.0,660200.0,0.0,0.0,0.0,0.0,0.0,838100.0,2496700.0,1877700.0,1247100.0,1104900.0,0.0,0.0,0.0,0.0,0.0
20230822145656248,SZSE,SZSE.ETF.159859,0.459,0.468,0.47,0.451,0.0,0.514,0.42,262814300.0,139400.0,119985533.9,63926.30000001192,0.0,0.0,20230822,20230822,145656247,0.467,0.0,0.0,0.458,0.457,0.456,0.455,0.454,0.0,0.0,0.0,0.0,0.0,0.459,0.46,0.461,0.462,0.463,0.0,0.0,0.0,0.0,0.0,2364600.0,1289100.0,623300.0,856400.0,660200.0,0.0,0.0,0.0,0.0,0.0,763500.0,2496700.0,1877700.0,1247100.0,1104900.0,0.0,0.0,0.0,0.0,0.0
20230822145659260,SZSE,SZSE.ETF.159859,0.459,0.468,0.47,0.451,0.0,0.514,0.42,262910700.0,96400.0,120029781.5,44247.59999999404,0.0,0.0,20230822,20230822,145659261,0.467,0.0,0.0,0.458,0.457,0.456,0.455,0.454,0.0,0.0,0.0,0.0,0.0,0.459,0.46,0.461,0.462,0.463,0.0,0.0,0.0,0.0,0.0,2369600.0,1289100.0,633300.0,856400.0,660200.0,0.0,0.0,0.0,0.0,0.0,667100.0,2496700.0,1877700.0,1247100.0,1104900.0,0.0,0.0,0.0,0.0,0.0
20230822145702008,SZSE,SZSE.ETF.159859,0.459,0.468,0.47,0.451,0.0,0.514,0.42,263160800.0,250100.0,120144577.4,114795.90000000596,0.0,0.0,20230822,20230822,145702007,0.467,0.0,0.0,0.459,0.0,0.0,0.0,0.0,0.0,0.0,0.0,0.0,0.0,0.459,0.0,0.0,0.0,0.0,0.0,0.0,0.0,0.0,0.0,15000.0,0.0,0.0,0.0,0.0,0.0,0.0,0.0,0.0,0.0,15000.0,412000.0,0.0,0.0,0.0,0.0,0.0,0.0,0.0,0.0
20230822145710488,SZSE,SZSE.ETF.159859,0.459,0.468,0.47,0.451,0.0,0.514,0.42,263160800.0,0.0,120144577.4,0.0,0.0,0.0,20230822,20230822,145710486,0.467,0.0,0.0,0.459,0.0,0.0,0.0,0.0,0.0,0.0,0.0,0.0,0.0,0.459,0.0,0.0,0.0,0.0,0.0,0.0,0.0,0.0,0.0,243900.0,0.0,0.0,0.0,0.0,0.0,0.0,0.0,0.0,0.0,243900.0,183100.0,0.0,0.0,0.0,0.0,0.0,0.0,0.0,0.0
20230822145719516,SZSE,SZSE.ETF.159859,0.459,0.468,0.47,0.451,0.0,0.514,0.42,263160800.0,0.0,120144577.4,0.0,0.0,0.0,20230822,20230822,145719515,0.467,0.0,0.0,0.459,0.0,0.0,0.0,0.0,0.0,0.0,0.0,0.0,0.0,0.459,0.0,0.0,0.0,0.0,0.0,0.0,0.0,0.0,0.0,273900.0,0.0,0.0,0.0,0.0,0.0,0.0,0.0,0.0,0.0,273900.0,254100.0,0.0,0.0,0.0,0.0,0.0,0.0,0.0,0.0
20230822145728496,SZSE,SZSE.ETF.159859,0.459,0.468,0.47,0.451,0.0,0.514,0.42,263160800.0,0.0,120144577.4,0.0,0.0,0.0,20230822,20230822,145728498,0.467,0.0,0.0,0.459,0.0,0.0,0.0,0.0,0.0,0.0,0.0,0.0,0.0,0.459,0.0,0.0,0.0,0.0,0.0,0.0,0.0,0.0,0.0,351800.0,0.0,0.0,0.0,0.0,0.0,0.0,0.0,0.0,0.0,351800.0,202800.0,0.0,0.0,0.0,0.0,0.0,0.0,0.0,0.0
20230822145737496,SZSE,SZSE.ETF.159859,0.459,0.468,0.47,0.451,0.0,0.514,0.42,263160800.0,0.0,120144577.4,0.0,0.0,0.0,20230822,20230822,145737498,0.467,0.0,0.0,0.459,0.0,0.0,0.0,0.0,0.0,0.0,0.0,0.0,0.0,0.459,0.0,0.0,0.0,0.0,0.0,0.0,0.0,0.0,0.0,358000.0,0.0,0.0,0.0,0.0,0.0,0.0,0.0,0.0,0.0,358000.0,196600.0,0.0,0.0,0.0,0.0,0.0,0.0,0.0,0.0
20230822145746520,SZSE,SZSE.ETF.159859,0.459,0.468,0.47,0.451,0.0,0.514,0.42,263160800.0,0.0,120144577.4,0.0,0.0,0.0,20230822,20230822,145746520,0.467,0.0,0.0,0.459,0.0,0.0,0.0,0.0,0.0,0.0,0.0,0.0,0.0,0.459,0.0,0.0,0.0,0.0,0.0,0.0,0.0,0.0,0.0,401600.0,0.0,0.0,0.0,0.0,0.0,0.0,0.0,0.0,0.0,401600.0,154200.0,0.0,0.0,0.0,0.0,0.0,0.0,0.0,0.0
20230822145755512,SZSE,SZSE.ETF.159859,0.459,0.468,0.47,0.451,0.0,0.514,0.42,263160800.0,0.0,120144577.4,0.0,0.0,0.0,20230822,20230822,145755511,0.467,0.0,0.0,0.459,0.0,0.0,0.0,0.0,0.0,0.0,0.0,0.0,0.0,0.459,0.0,0.0,0.0,0.0,0.0,0.0,0.0,0.0,0.0,421600.0,0.0,0.0,0.0,0.0,0.0,0.0,0.0,0.0,0.0,421600.0,170200.0,0.0,0.0,0.0,0.0,0.0,0.0,0.0,0.0
20230822145804512,SZSE,SZSE.ETF.159859,0.459,0.468,0.47,0.451,0.0,0.514,0.42,263160800.0,0.0,120144577.4,0.0,0.0,0.0,20230822,20230822,145804510,0.467,0.0,0.0,0.459,0.0,0.0,0.0,0.0,0.0,0.0,0.0,0.0,0.0,0.459,0.0,0.0,0.0,0.0,0.0,0.0,0.0,0.0,0.0,591800.0,920900.0,0.0,0.0,0.0,0.0,0.0,0.0,0.0,0.0,591800.0,0.0,0.0,0.0,0.0,0.0,0.0,0.0,0.0,0.0
20230822145813520,SZSE,SZSE.ETF.159859,0.459,0.468,0.47,0.451,0.0,0.514,0.42,263160800.0,0.0,120144577.4,0.0,0.0,0.0,20230822,20230822,145813521,0.467,0.0,0.0,0.459,0.0,0.0,0.0,0.0,0.0,0.0,0.0,0.0,0.0,0.459,0.0,0.0,0.0,0.0,0.0,0.0,0.0,0.0,0.0,783900.0,744800.0,0.0,0.0,0.0,0.0,0.0,0.0,0.0,0.0,783900.0,0.0,0.0,0.0,0.0,0.0,0.0,0.0,0.0,0.0
20230822145822516,SZSE,SZSE.ETF.159859,0.459,0.468,0.47,0.451,0.0,0.514,0.42,263160800.0,0.0,120144577.4,0.0,0.0,0.0,20230822,20230822,145822516,0.467,0.0,0.0,0.459,0.0,0.0,0.0,0.0,0.0,0.0,0.0,0.0,0.0,0.459,0.0,0.0,0.0,0.0,0.0,0.0,0.0,0.0,0.0,1625100.0,0.0,0.0,0.0,0.0,0.0,0.0,0.0,0.0,0.0,1625100.0,72900.0,0.0,0.0,0.0,0.0,0.0,0.0,0.0,0.0
20230822145831512,SZSE,SZSE.ETF.159859,0.459,0.468,0.47,0.451,0.0,0.514,0.42,263160800.0,0.0,120144577.4,0.0,0.0,0.0,20230822,20230822,145831511,0.467,0.0,0.0,0.459,0.0,0.0,0.0,0.0,0.0,0.0,0.0,0.0,0.0,0.459,0.0,0.0,0.0,0.0,0.0,0.0,0.0,0.0,0.0,1635500.0,0.0,0.0,0.0,0.0,0.0,0.0,0.0,0.0,0.0,1635500.0,62500.0,0.0,0.0,0.0,0.0,0.0,0.0,0.0,0.0
20230822145840504,SZSE,SZSE.ETF.159859,0.459,0.468,0.47,0.451,0.0,0.514,0.42,263160800.0,0.0,120144577.4,0.0,0.0,0.0,20230822,20230822,145840505,0.467,0.0,0.0,0.459,0.0,0.0,0.0,0.0,0.0,0.0,0.0,0.0,0.0,0.459,0.0,0.0,0.0,0.0,0.0,0.0,0.0,0.0,0.0,1700200.0,143300.0,0.0,0.0,0.0,0.0,0.0,0.0,0.0,0.0,1700200.0,0.0,0.0,0.0,0.0,0.0,0.0,0.0,0.0,0.0
20230822145849496,SZSE,SZSE.ETF.159859,0.459,0.468,0.47,0.451,0.0,0.514,0.42,263160800.0,0.0,120144577.4,0.0,0.0,0.0,20230822,20230822,145849495,0.467,0.0,0.0,0.459,0.0,0.0,0.0,0.0,0.0,0.0,0.0,0.0,0.0,0.459,0.0,0.0,0.0,0.0,0.0,0.0,0.0,0.0,0.0,1700200.0,151800.0,0.0,0.0,0.0,0.0,0.0,0.0,0.0,0.0,1700200.0,0.0,0.0,0.0,0.0,0.0,0.0,0.0,0.0,0.0
20230822145858480,SZSE,SZSE.ETF.159859,0.459,0.468,0.47,0.451,0.0,0.514,0.42,263160800.0,0.0,120144577.4,0.0,0.0,0.0,20230822,20230822,145858480,0.467,0.0,0.0,0.459,0.0,0.0,0.0,0.0,0.0,0.0,0.0,0.0,0.0,0.459,0.0,0.0,0.0,0.0,0.0,0.0,0.0,0.0,0.0,1700200.0,162900.0,0.0,0.0,0.0,0.0,0.0,0.0,0.0,0.0,1700200.0,0.0,0.0,0.0,0.0,0.0,0.0,0.0,0.0,0.0
20230822145907476,SZSE,SZSE.ETF.159859,0.459,0.468,0.47,0.451,0.0,0.514,0.42,263160800.0,0.0,120144577.4,0.0,0.0,0.0,20230822,20230822,145907475,0.467,0.0,0.0,0.459,0.0,0.0,0.0,0.0,0.0,0.0,0.0,0.0,0.0,0.459,0.0,0.0,0.0,0.0,0.0,0.0,0.0,0.0,0.0,1701500.0,181500.0,0.0,0.0,0.0,0.0,0.0,0.0,0.0,0.0,1701500.0,0.0,0.0,0.0,0.0,0.0,0.0,0.0,0.0,0.0
20230822145916524,SZSE,SZSE.ETF.159859,0.459,0.468,0.47,0.451,0.0,0.514,0.42,263160800.0,0.0,120144577.4,0.0,0.0,0.0,20230822,20230822,145916525,0.467,0.0,0.0,0.459,0.0,0.0,0.0,0.0,0.0,0.0,0.0,0.0,0.0,0.459,0.0,0.0,0.0,0.0,0.0,0.0,0.0,0.0,0.0,1788500.0,157000.0,0.0,0.0,0.0,0.0,0.0,0.0,0.0,0.0,1788500.0,0.0,0.0,0.0,0.0,0.0,0.0,0.0,0.0,0.0
20230822145925528,SZSE,SZSE.ETF.159859,0.459,0.468,0.47,0.451,0.0,0.514,0.42,263160800.0,0.0,120144577.4,0.0,0.0,0.0,20230822,20230822,145925529,0.467,0.0,0.0,0.459,0.0,0.0,0.0,0.0,0.0,0.0,0.0,0.0,0.0,0.459,0.0,0.0,0.0,0.0,0.0,0.0,0.0,0.0,0.0,1984200.0,0.0,0.0,0.0,0.0,0.0,0.0,0.0,0.0,0.0,1984200.0,244300.0,0.0,0.0,0.0,0.0,0.0,0.0,0.0,0.0
20230822145934524,SZSE,SZSE.ETF.159859,0.459,0.468,0.47,0.451,0.0,0.514,0.42,263160800.0,0.0,120144577.4,0.0,0.0,0.0,20230822,20230822,145934525,0.467,0.0,0.0,0.459,0.0,0.0,0.0,0.0,0.0,0.0,0.0,0.0,0.0,0.459,0.0,0.0,0.0,0.0,0.0,0.0,0.0,0.0,0.0,2115400.0,0.0,0.0,0.0,0.0,0.0,0.0,0.0,0.0,0.0,2115400.0,588100.0,0.0,0.0,0.0,0.0,0.0,0.0,0.0,0.0
20230822145943508,SZSE,SZSE.ETF.159859,0.459,0.468,0.47,0.451,0.0,0.514,0.42,263160800.0,0.0,120144577.4,0.0,0.0,0.0,20230822,20230822,145943508,0.467,0.0,0.0,0.459,0.0,0.0,0.0,0.0,0.0,0.0,0.0,0.0,0.0,0.459,0.0,0.0,0.0,0.0,0.0,0.0,0.0,0.0,0.0,2154400.0,0.0,0.0,0.0,0.0,0.0,0.0,0.0,0.0,0.0,2154400.0,577100.0,0.0,0.0,0.0,0.0,0.0,0.0,0.0,0.0
20230822145952520,SZSE,SZSE.ETF.159859,0.459,0.468,0.47,0.451,0.0,0.514,0.42,263160800.0,0.0,120144577.4,0.0,0.0,0.0,20230822,20230822,145952519,0.467,0.0,0.0,0.459,0.0,0.0,0.0,0.0,0.0,0.0,0.0,0.0,0.0,0.459,0.0,0.0,0.0,0.0,0.0,0.0,0.0,0.0,0.0,2358800.0,0.0,0.0,0.0,0.0,0.0,0.0,0.0,0.0,0.0,2358800.0,393500.0,0.0,0.0,0.0,0.0,0.0,0.0,0.0,0.0
20230822150001920,SZSE,SZSE.ETF.159859,0.459,0.468,0.47,0.451,0.0,0.514,0.42,265693000.0,2532200.0,121306857.2,1162279.799999997,0.0,0.0,20230822,20230822,150001922,0.467,0.0,0.0,0.458,0.457,0.456,0.455,0.454,0.0,0.0,0.0,0.0,0.0,0.459,0.46,0.461,0.462,0.463,0.0,0.0,0.0,0.0,0.0,2444200.0,1289100.0,633300.0,857600.0,660300.0,0.0,0.0,0.0,0.0,0.0,221500.0,740700.0,1877700.0,1247100.0,1105100.0,0.0,0.0,0.0,0.0,0.0
