time,exchg,code,price,open,high,low,settle_price,upper_limit,lower_limit,total_volume,volume,total_turnover,turnover,open_interest,diff_interest,trading_date,action_date,action_time,pre_close,pre_settle,pre_interest,bid_price_0,bid_price_1,bid_price_2,bid_price_3,bid_price_4,bid_price_5,bid_price_6,bid_price_7,bid_price_8,bid_price_9,ask_price_0,ask_price_1,ask_price_2,ask_price_3,ask_price_4,ask_price_5,ask_price_6,ask_price_7,ask_price_8,ask_price_9,bid_qty_0,bid_qty_1,bid_qty_2,bid_qty_3,bid_qty_4,bid_qty_5,bid_qty_6,bid_qty_7,bid_qty_8,bid_qty_9,ask_qty_0,ask_qty_1,ask_qty_2,ask_qty_3,ask_qty_4,ask_qty_5,ask_qty_6,ask_qty_7,ask_qty_8,ask_qty_9
20230822142532224,SZSE,SZSE.ETF.159841,0.917,0.899,0.92,0.896,0.0,0.988,0.808,228945716.0,20200.0,207186384.32,18523.40000000596,0.0,0.0,20230822,20230822,142532226,0.898,0.0,0.0,0.917,0.916,0.915,0.914,0.913,0.0,0.0,0.0,0.0,0.0,0.918,0.919,0.92,0.921,0.922,0.0,0.0,0.0,0.0,0.0,576600.0,1772200.0,4138300.0,3260700.0,20000.0,0.0,0.0,0.0,0.0,0.0,1407100.0,1750400.0,1744500.0,407600.0,309200.0,0.0,0.0,0.0,0.0,0.0
20230822142535248,SZSE,SZSE.ETF.159841,0.917,0.899,0.92,0.896,0.0,0.988,0.808,228948716.0,3000.0,207189135.32,2751.0,0.0,0.0,20230822,20230822,142535249,0.898,0.0,0.0,0.917,0.916,0.915,0.914,0.913,0.0,0.0,0.0,0.0,0.0,0.918,0.919,0.92,0.921,0.922,0.0,0.0,0.0,0.0,0.0,573800.0,2445600.0,4143300.0,855500.0,20000.0,0.0,0.0,0.0,0.0,0.0,1407100.0,2015400.0,1744500.0,407600.0,309200.0,0.0,0.0,0.0,0.0,0.0
20230822142538244,SZSE,SZSE.ETF.159841,0.917,0.899,0.92,0.896,0.0,0.988,0.808,228978216.0,29500.0,207216186.82,27051.5,0.0,0.0,20230822,20230822,142538243,0.898,0.0,0.0,0.917,0.916,0.915,0.914,0.913,0.0,0.0,0.0,0.0,0.0,0.918,0.919,0.92,0.921,0.922,0.0,0.0,0.0,0.0,0.0,923800.0,4454100.0,3893300.0,255500.0,21000.0,0.0,0.0,0.0,0.0,0.0,759400.0,1507000.0,1944600.0,417600.0,309200.0,0.0,0.0,0.0,0.0,0.0
20230822142541216,SZSE,SZSE.ETF.159841,0.917,0.899,0.92,0.896,0.0,0.988,0.808,228980716.0,2500.0,207218480.82,2294.0,0.0,0.0,20230822,20230822,142541218,0.898,0.0,0.0,0.917,0.916,0.915,0.914,0.913,0.0,0.0,0.0,0.0,0.0,0.918,0.919,0.92,0.921,0.922,0.0,0.0,0.0,0.0,0.0,922800.0,4504100.0,3893300.0,255500.0,21000.0,0.0,0.0,0.0,0.0,0.0,857900.0,1915400.0,2550200.0,417600.0,309200.0,0.0,0.0,0.0,0.0,0.0
20230822142544224,SZSE,SZSE.ETF.159841,0.918,0.899,0.92,0.896,0.0,0.988,0.808,229030716.0,50000.0,207264380.82,45900.0,0.0,0.0,20230822,20230822,142544223,0.898,0.0,0.0,0.917,0.916,0.915,0.914,0.913,0.0,0.0,0.0,0.0,0.0,0.918,0.919,0.92,0.921,0.922,0.0,0.0,0.0,0.0,0.0,1424800.0,4654100.0,3643300.0,105500.0,21000.0,0.0,0.0,0.0,0.0,0.0,1057900.0,1915400.0,2550200.0,417600.0,304200.0,0.0,0.0,0.0,0.0,0.0
20230822142547224,SZSE,SZSE.ETF.159841,0.917,0.899,0.92,0.896,0.0,0.988,0.808,229086716.0,56000.0,207315732.82,51352.0,0.0,0.0,20230822,20230822,142547223,0.898,0.0,0.0,0.917,0.916,0.915,0.914,0.913,0.0,0.0,0.0,0.0,0.0,0.918,0.919,0.92,0.921,0.922,0.0,0.0,0.0,0.0,0.0,961000.0,5092400.0,3598800.0,255500.0,21000.0,0.0,0.0,0.0,0.0,0.0,807900.0,1507000.0,2550200.0,425600.0,304200.0,0.0,0.0,0.0,0.0,0.0
20230822142844236,SZSE,SZSE.ETF.159841,0.919,0.899,0.92,0.896,0.0,0.988,0.808,234417216.0,79400.0,212205442.92,72968.59999999404,0.0,0.0,20230822,20230822,142844237,0.898,0.0,0.0,0.918,0.917,0.916,0.915,0.914,0.0,0.0,0.0,0.0,0.0,0.919,0.92,0.921,0.922,0.923,0.0,0.0,0.0,0.0,0.0,1004200.0,5224600.0,4249200.0,116700.0,105500.0,0.0,0.0,0.0,0.0,0.0,178300.0,1949300.0,1646700.0,1562600.0,318000.0,0.0,0.0,0.0,0.0,0.0
20230822142847236,SZSE,SZSE.ETF.159841,0.919,0.899,0.92,0.896,0.0,0.988,0.808,234540916.0,123700.0,212319119.32,113676.40000000596,0.0,0.0,20230822,20230822,142847236,0.898,0.0,0.0,0.919,0.918,0.917,0.916,0.915,0.0,0.0,0.0,0.0,0.0,0.92,0.921,0.922,0.923,0.924,0.0,0.0,0.0,0.0,0.0,41500.0,1109300.0,5115500.0,4249200.0,116700.0,0.0,0.0,0.0,0.0,0.0,1940600.0,1755300.0,962600.0,318000.0,269700.0,0.0,0.0,0.0,0.0,0.0
20230822142850216,SZSE,SZSE.ETF.159841,0.919,0.899,0.92,0.896,0.0,0.988,0.808,234580416.0,39500.0,212355419.82,36300.5,0.0,0.0,20230822,20230822,142850218,0.898,0.0,0.0,0.919,0.918,0.917,0.916,0.915,0.0,0.0,0.0,0.0,0.0,0.92,0.921,0.922,0.923,0.924,0.0,0.0,0.0,0.0,0.0,51800.0,834500.0,5217400.0,4049200.0,116700.0,0.0,0.0,0.0,0.0,0.0,1560600.0,2470300.0,962600.0,318000.0,269700.0,0.0,0.0,0.0,0.0,0.0
20230822142853200,SZSE,SZSE.ETF.159841,0.919,0.899,0.92,0.896,0.0,0.988,0.808,234695516.0,115100.0,212461195.62,105775.80000001192,0.0,0.0,20230822,20230822,142853201,0.898,0.0,0.0,0.918,0.917,0.916,0.915,0.914,0.0,0.0,0.0,0.0,0.0,0.919,0.92,0.921,0.922,0.923,0.0,0.0,0.0,0.0,0.0,988300.0,4604300.0,4049200.0,266700.0,105500.0,0.0,0.0,0.0,0.0,0.0,420300.0,1668200.0,2626700.0,962600.0,318000.0,0.0,0.0,0.0,0.0,0.0
20230822142856260,SZSE,SZSE.ETF.159841,0.919,0.899,0.92,0.896,0.0,0.988,0.808,234695516.0,0.0,212461195.62,0.0,0.0,0.0,20230822,20230822,142856261,0.898,0.0,0.0,0.918,0.917,0.916,0.915,0.914,0.0,0.0,0.0,0.0,0.0,0.919,0.92,0.921,0.922,0.923,0.0,0.0,0.0,0.0,0.0,990500.0,4719300.0,4249200.0,256000.0,105500.0,0.0,0.0,0.0,0.0,0.0,420300.0,1892800.0,2246700.0,962600.0,318000.0,0.0,0.0,0.0,0.0,0.0
20230822142859192,SZSE,SZSE.ETF.159841,0.919,0.899,0.92,0.896,0.0,0.988,0.808,234972716.0,277200.0,212715942.42,254746.79999998212,0.0,0.0,20230822,20230822,142859193,0.898,0.0,0.0,0.918,0.917,0.916,0.915,0.914,0.0,0.0,0.0,0.0,0.0,0.919,0.92,0.921,0.922,0.923,0.0,0.0,0.0,0.0,0.0,990500.0,5133200.0,4249200.0,106000.0,105500.0,0.0,0.0,0.0,0.0,0.0,143100.0,2157800.0,2246700.0,962600.0,318000.0,0.0,0.0,0.0,0.0,0.0
20230822142902208,SZSE,SZSE.ETF.159841,0.918,0.899,0.92,0.896,0.0,0.988,0.808,234997816.0,25100.0,212738984.22,23041.80000001192,0.0,0.0,20230822,20230822,142902208,0.898,0.0,0.0,0.918,0.917,0.916,0.915,0.914,0.0,0.0,0.0,0.0,0.0,0.919,0.92,0.921,0.922,0.923,0.0,0.0,0.0,0.0,0.0,383200.0,5193200.0,4249200.0,106000.0,105500.0,0.0,0.0,0.0,0.0,0.0,10000.0,2157800.0,2258200.0,962600.0,318000.0,0.0,0.0,0.0,0.0,0.0
20230822142905240,SZSE,SZSE.ETF.159841,0.919,0.899,0.92,0.896,0.0,0.988,0.808,235030416.0,32600.0,212768943.62,29959.40000000596,0.0,0.0,20230822,20230822,142905238,0.898,0.0,0.0,0.918,0.917,0.916,0.915,0.914,0.0,0.0,0.0,0.0,0.0,0.919,0.92,0.921,0.922,0.923,0.0,0.0,0.0,0.0,0.0,401100.0,5775400.0,4249200.0,106000.0,105500.0,0.0,0.0,0.0,0.0,0.0,632000.0,2157800.0,2258200.0,962600.0,318000.0,0.0,0.0,0.0,0.0,0.0
20230822142908252,SZSE,SZSE.ETF.159841,0.919,0.899,0.92,0.896,0.0,0.988,0.808,235057516.0,27100.0,212793848.52,24904.90000000596,0.0,0.0,20230822,20230822,142908251,0.898,0.0,0.0,0.918,0.917,0.916,0.915,0.914,0.0,0.0,0.0,0.0,0.0,0.919,0.92,0.921,0.922,0.923,0.0,0.0,0.0,0.0,0.0,403200.0,5775400.0,4249200.0,106000.0,105500.0,0.0,0.0,0.0,0.0,0.0,704900.0,2074800.0,2258200.0,554200.0,318000.0,0.0,0.0,0.0,0.0,0.0
20230822142911244,SZSE,SZSE.ETF.159841,0.918,0.899,0.92,0.896,0.0,0.988,0.808,235685516.0,628000.0,213370480.52,576632.0,0.0,0.0,20230822,20230822,142911245,0.898,0.0,0.0,0.918,0.917,0.916,0.915,0.914,0.0,0.0,0.0,0.0,0.0,0.919,0.92,0.921,0.922,0.923,0.0,0.0,0.0,0.0,0.0,250000.0,5775400.0,4249200.0,106000.0,105500.0,0.0,0.0,0.0,0.0,0.0,479700.0,2184800.0,2258200.0,962600.0,318000.0,0.0,0.0,0.0,0.0,0.0
20230822142914236,SZSE,SZSE.ETF.159841,0.919,0.899,0.92,0.896,0.0,0.988,0.808,235750016.0,64500.0,213429746.02,59265.5,0.0,0.0,20230822,20230822,142914237,0.898,0.0,0.0,0.918,0.917,0.916,0.915,0.914,0.0,0.0,0.0,0.0,0.0,0.919,0.92,0.921,0.922,0.923,0.0,0.0,0.0,0.0,0.0,250000.0,5775400.0,4249200.0,106000.0,105500.0,0.0,0.0,0.0,0.0,0.0,952900.0,2184800.0,2258200.0,962600.0,318000.0,0.0,0.0,0.0,0.0,0.0
20230822142917236,SZSE,SZSE.ETF.159841,0.919,0.899,0.92,0.896,0.0,0.988,0.808,235750016.0,0.0,213429746.02,0.0,0.0,0.0,20230822,20230822,142917236,0.898,0.0,0.0,0.918,0.917,0.916,0.915,0.914,0.0,0.0,0.0,0.0,0.0,0.919,0.92,0.921,0.922,0.923,0.0,0.0,0.0,0.0,0.0,262000.0,5510400.0,4249200.0,266000.0,105500.0,0.0,0.0,0.0,0.0,0.0,685100.0,2069400.0,2250200.0,962600.0,318000.0,0.0,0.0,0.0,0.0,0.0
20230822142920224,SZSE,SZSE.ETF.159841,0.919,0.899,0.92,0.896,0.0,0.988,0.808,235750016.0,0.0,213429746.02,0.0,0.0,0.0,20230822,20230822,142920223,0.898,0.0,0.0,0.918,0.917,0.916,0.915,0.914,0.0,0.0,0.0,0.0,0.0,0.919,0.92,0.921,0.922,0.923,0.0,0.0,0.0,0.0,0.0,12000.0,5660400.0,4499200.0,116000.0,105500.0,0.0,0.0,0.0,0.0,0.0,1435100.0,2069500.0,2250200.0,962600.0,68000.0,0.0,0.0,0.0,0.0,0.0
20230822142923264,SZSE,SZSE.ETF.159841,0.919,0.899,0.92,0.896,0.0,0.988,0.808,235750016.0,0.0,213429746.02,0.0,0.0,0.0,20230822,20230822,142923266,0.898,0.0,0.0,0.918,0.917,0.916,0.915,0.914,0.0,0.0,0.0,0.0,0.0,0.919,0.92,0.921,0.922,0.923,0.0,0.0,0.0,0.0,0.0,62000.0,3778600.0,4499200.0,116000.0,105500.0,0.0,0.0,0.0,0.0,0.0,1535100.0,2492900.0,2250200.0,554200.0,68000.0,0.0,0.0,0.0,0.0,0.0
20230822142926252,SZSE,SZSE.ETF.159841,0.919,0.899,0.92,0.896,0.0,0.988,0.808,235764516.0,14500.0,213443061.52,13315.5,0.0,0.0,20230822,20230822,142926251,0.898,0.0,0.0,0.918,0.917,0.916,0.915,0.914,0.0,0.0,0.0,0.0,0.0,0.919,0.92,0.921,0.922,0.923,0.0,0.0,0.0,0.0,0.0,58000.0,3220200.0,4499200.0,1672800.0,105500.0,0.0,0.0,0.0,0.0,0.0,1531200.0,2492900.0,2250200.0,554200.0,68000.0,0.0,0.0,0.0,0.0,0.0
20230822142929232,SZSE,SZSE.ETF.159841,0.919,0.899,0.92,0.896,0.0,0.988,0.808,235875516.0,111000.0,213545070.52,102009.0,0.0,0.0,20230822,20230822,142929234,0.898,0.0,0.0,0.918,0.917,0.916,0.915,0.914,0.0,0.0,0.0,0.0,0.0,0.919,0.92,0.921,0.922,0.923,0.0,0.0,0.0,0.0,0.0,68700.0,2023000.0,5081400.0,2671200.0,105500.0,0.0,0.0,0.0,0.0,0.0,1420200.0,2977900.0,1650600.0,554200.0,68000.0,0.0,0.0,0.0,0.0,0.0
20230822142932224,SZSE,SZSE.ETF.159841,0.918,0.899,0.92,0.896,0.0,0.988,0.808,235945216.0,69700.0,213609056.12,63985.59999999404,0.0,0.0,20230822,20230822,142932223,0.898,0.0,0.0,0.917,0.916,0.915,0.914,0.913,0.0,0.0,0.0,0.0,0.0,0.918,0.919,0.92,0.921,0.922,0.0,0.0,0.0,0.0,0.0,1913900.0,5190600.0,2671200.0,105500.0,77900.0,0.0,0.0,0.0,0.0,0.0,374700.0,1728300.0,2370100.0,1450600.0,554200.0,0.0,0.0,0.0,0.0,0.0
20230822142935216,SZSE,SZSE.ETF.159841,0.918,0.899,0.92,0.896,0.0,0.988,0.808,235947616.0,2400.0,213611259.32,2203.199999988079,0.0,0.0,20230822,20230822,142935215,0.898,0.0,0.0,0.917,0.916,0.915,0.914,0.913,0.0,0.0,0.0,0.0,0.0,0.919,0.92,0.921,0.922,0.923,0.0,0.0,0.0,0.0,0.0,1188000.0,5081400.0,3471200.0,105500.0,77900.0,0.0,0.0,0.0,0.0,0.0,1619200.0,3045800.0,850600.0,554200.0,68000.0,0.0,0.0,0.0,0.0,0.0
20230822142938236,SZSE,SZSE.ETF.159841,0.919,0.899,0.92,0.896,0.0,0.988,0.808,236032616.0,85000.0,213689334.22,78074.90000000596,0.0,0.0,20230822,20230822,142938235,0.898,0.0,0.0,0.917,0.916,0.915,0.914,0.913,0.0,0.0,0.0,0.0,0.0,0.918,0.919,0.92,0.921,0.922,0.0,0.0,0.0,0.0,0.0,1078900.0,5340600.0,3062800.0,105500.0,77900.0,0.0,0.0,0.0,0.0,0.0,500000.0,1894200.0,2937100.0,850600.0,554200.0,0.0,0.0,0.0,0.0,0.0
20230822142941244,SZSE,SZSE.ETF.159841,0.918,0.899,0.92,0.896,0.0,0.988,0.808,236034916.0,2300.0,213691445.62,2111.4000000059605,0.0,0.0,20230822,20230822,142941245,0.898,0.0,0.0,0.917,0.916,0.915,0.914,0.913,0.0,0.0,0.0,0.0,0.0,0.918,0.919,0.92,0.921,0.922,0.0,0.0,0.0,0.0,0.0,848900.0,5455600.0,3471200.0,105500.0,77900.0,0.0,0.0,0.0,0.0,0.0,300.0,2009200.0,2708100.0,850600.0,554200.0,0.0,0.0,0.0,0.0,0.0
20230822142944212,SZSE,SZSE.ETF.159841,0.918,0.899,0.92,0.896,0.0,0.988,0.808,236034916.0,0.0,213691445.62,0.0,0.0,0.0,20230822,20230822,142944212,0.898,0.0,0.0,0.917,0.916,0.915,0.914,0.913,0.0,0.0,0.0,0.0,0.0,0.918,0.919,0.92,0.921,0.922,0.0,0.0,0.0,0.0,0.0,848900.0,5570600.0,3482200.0,105500.0,77900.0,0.0,0.0,0.0,0.0,0.0,511400.0,2274200.0,2708100.0,850600.0,554200.0,0.0,0.0,0.0,0.0,0.0
20230822142947216,SZSE,SZSE.ETF.159841,0.918,0.899,0.92,0.896,0.0,0.988,0.808,236034916.0,0.0,213691445.62,0.0,0.0,0.0,20230822,20230822,142947215,0.898,0.0,0.0,0.917,0.916,0.915,0.914,0.913,0.0,0.0,0.0,0.0,0.0,0.918,0.919,0.92,0.921,0.922,0.0,0.0,0.0,0.0,0.0,849700.0,5570600.0,3482200.0,105500.0,77900.0,0.0,0.0,0.0,0.0,0.0,521400.0,2274200.0,2708100.0,850600.0,554200.0,0.0,0.0,0.0,0.0,0.0
20230822142950232,SZSE,SZSE.ETF.159841,0.917,0.899,0.92,0.896,0.0,0.988,0.808,236079916.0,45000.0,213732720.62,41275.0,0.0,0.0,20230822,20230822,142950230,0.898,0.0,0.0,0.917,0.916,0.915,0.914,0.913,0.0,0.0,0.0,0.0,0.0,0.918,0.919,0.92,0.921,0.922,0.0,0.0,0.0,0.0,0.0,412300.0,5570600.0,3482200.0,105500.0,77900.0,0.0,0.0,0.0,0.0,0.0,511400.0,2274200.0,2708100.0,850600.0,554200.0,0.0,0.0,0.0,0.0,0.0
20230822142953220,SZSE,SZSE.ETF.159841,0.917,0.899,0.92,0.896,0.0,0.988,0.808,236080916.0,1000.0,213733637.62,917.0,0.0,0.0,20230822,20230822,142953221,0.898,0.0,0.0,0.917,0.916,0.915,0.914,0.913,0.0,0.0,0.0,0.0,0.0,0.918,0.919,0.92,0.921,0.922,0.0,0.0,0.0,0.0,0.0,415700.0,5570600.0,3482200.0,105500.0,77900.0,0.0,0.0,0.0,0.0,0.0,640700.0,2275200.0,2723100.0,851600.0,554200.0,0.0,0.0,0.0,0.0,0.0
20230822142956200,SZSE,SZSE.ETF.159841,0.917,0.899,0.92,0.896,0.0,0.988,0.808,236092216.0,11300.0,213743999.72,10362.09999999404,0.0,0.0,20230822,20230822,142956201,0.898,0.0,0.0,0.917,0.916,0.915,0.914,0.913,0.0,0.0,0.0,0.0,0.0,0.918,0.919,0.92,0.921,0.922,0.0,0.0,0.0,0.0,0.0,986600.0,4988400.0,3482200.0,105500.0,77900.0,0.0,0.0,0.0,0.0,0.0,640700.0,2275200.0,2701100.0,851600.0,555200.0,0.0,0.0,0.0,0.0,0.0
20230822142959220,SZSE,SZSE.ETF.159841,0.918,0.899,0.92,0.896,0.0,0.988,0.808,236197616.0,105400.0,213840656.92,96657.19999998808,0.0,0.0,20230822,20230822,142959219,0.898,0.0,0.0,0.917,0.916,0.915,0.914,0.913,0.0,0.0,0.0,0.0,0.0,0.918,0.919,0.92,0.921,0.922,0.0,0.0,0.0,0.0,0.0,918100.0,4873400.0,3482200.0,105500.0,77900.0,0.0,0.0,0.0,0.0,0.0,135300.0,2160300.0,2101100.0,1451600.0,555200.0,0.0,0.0,0.0,0.0,0.0
20230822143002268,SZSE,SZSE.ETF.159841,0.918,0.899,0.92,0.896,0.0,0.988,0.808,236197616.0,0.0,213840656.92,0.0,0.0,0.0,20230822,20230822,143002269,0.898,0.0,0.0,0.917,0.916,0.915,0.914,0.913,0.0,0.0,0.0,0.0,0.0,0.918,0.919,0.92,0.921,0.922,0.0,0.0,0.0,0.0,0.0,1518100.0,4874100.0,2877700.0,105500.0,77900.0,0.0,0.0,0.0,0.0,0.0,635300.0,2160300.0,2101100.0,1451600.0,555200.0,0.0,0.0,0.0,0.0,0.0
20230822143011380,SZSE,SZSE.ETF.159841,0.918,0.899,0.92,0.896,0.0,0.988,0.808,237600116.0,1294800.0,215128138.02,1188620.2000000179,0.0,0.0,20230822,20230822,143011381,0.898,0.0,0.0,0.917,0.916,0.915,0.914,0.913,0.0,0.0,0.0,0.0,0.0,0.918,0.919,0.92,0.921,0.922,0.0,0.0,0.0,0.0,0.0,120600.0,1933900.0,4809900.0,2662500.0,77900.0,0.0,0.0,0.0,0.0,0.0,350400.0,3215700.0,2101100.0,443200.0,305200.0,0.0,0.0,0.0,0.0,0.0
20230822143014368,SZSE,SZSE.ETF.159841,0.917,0.899,0.92,0.896,0.0,0.988,0.808,237700116.0,100000.0,215219838.02,91700.0,0.0,0.0,20230822,20230822,143014366,0.898,0.0,0.0,0.917,0.916,0.915,0.914,0.913,0.0,0.0,0.0,0.0,0.0,0.918,0.919,0.92,0.921,0.922,0.0,0.0,0.0,0.0,0.0,106500.0,1683900.0,3819300.0,3162500.0,486300.0,0.0,0.0,0.0,0.0,0.0,1526700.0,2596500.0,1463600.0,193200.0,305200.0,0.0,0.0,0.0,0.0,0.0
20230822143017384,SZSE,SZSE.ETF.159841,0.917,0.899,0.92,0.896,0.0,0.988,0.808,237706616.0,6500.0,215225798.52,5960.5,0.0,0.0,20230822,20230822,143017382,0.898,0.0,0.0,0.916,0.915,0.914,0.913,0.912,0.0,0.0,0.0,0.0,0.0,0.917,0.918,0.919,0.92,0.921,0.0,0.0,0.0,0.0,0.0,759700.0,1281800.0,2015700.0,1218500.0,343700.0,0.0,0.0,0.0,0.0,0.0,917900.0,971400.0,3001400.0,863600.0,193200.0,0.0,0.0,0.0,0.0,0.0
20230822143020376,SZSE,SZSE.ETF.159841,0.916,0.899,0.92,0.896,0.0,0.988,0.808,237706716.0,100.0,215225890.12,91.59999999403954,0.0,0.0,20230822,20230822,143020378,0.898,0.0,0.0,0.916,0.915,0.914,0.913,0.912,0.0,0.0,0.0,0.0,0.0,0.917,0.918,0.919,0.92,0.921,0.0,0.0,0.0,0.0,0.0,494600.0,1805200.0,4212500.0,810100.0,343700.0,0.0,0.0,0.0,0.0,0.0,917900.0,1086400.0,2741400.0,863600.0,193200.0,0.0,0.0,0.0,0.0,0.0
20230822143023340,SZSE,SZSE.ETF.159841,0.916,0.899,0.92,0.896,0.0,0.988,0.808,237706716.0,0.0,215225890.12,0.0,0.0,0.0,20230822,20230822,143023341,0.898,0.0,0.0,0.916,0.915,0.914,0.913,0.912,0.0,0.0,0.0,0.0,0.0,0.917,0.918,0.919,0.92,0.921,0.0,0.0,0.0,0.0,0.0,494600.0,2570200.0,4212500.0,2806900.0,343700.0,0.0,0.0,0.0,0.0,0.0,1087900.0,1361400.0,2571400.0,863600.0,192800.0,0.0,0.0,0.0,0.0,0.0
20230822143044280,SZSE,SZSE.ETF.159841,0.917,0.899,0.92,0.896,0.0,0.988,0.808,238587816.0,1000.0,216033952.12,917.0,0.0,0.0,20230822,20230822,143044279,0.898,0.0,0.0,0.916,0.915,0.914,0.913,0.912,0.0,0.0,0.0,0.0,0.0,0.917,0.918,0.919,0.92,0.921,0.0,0.0,0.0,0.0,0.0,559500.0,1696300.0,3962500.0,2224700.0,343700.0,0.0,0.0,0.0,0.0,0.0,217400.0,1458100.0,2599300.0,845600.0,442800.0,0.0,0.0,0.0,0.0,0.0
20230822143047292,SZSE,SZSE.ETF.159841,0.916,0.899,0.92,0.896,0.0,0.988,0.808,238591716.0,3900.0,216037524.52,3572.4000000059605,0.0,0.0,20230822,20230822,143047292,0.898,0.0,0.0,0.916,0.915,0.914,0.913,0.912,0.0,0.0,0.0,0.0,0.0,0.917,0.918,0.919,0.92,0.921,0.0,0.0,0.0,0.0,0.0,315600.0,1698500.0,4794700.0,2633100.0,343700.0,0.0,0.0,0.0,0.0,0.0,452800.0,2058100.0,2599300.0,845600.0,192800.0,0.0,0.0,0.0,0.0,0.0
20230822143050288,SZSE,SZSE.ETF.159841,0.916,0.899,0.92,0.896,0.0,0.988,0.808,238591716.0,0.0,216037524.52,0.0,0.0,0.0,20230822,20230822,143050288,0.898,0.0,0.0,0.916,0.915,0.914,0.913,0.912,0.0,0.0,0.0,0.0,0.0,0.917,0.918,0.919,0.92,0.921,0.0,0.0,0.0,0.0,0.0,315600.0,1698500.0,4794700.0,2633600.0,343700.0,0.0,0.0,0.0,0.0,0.0,660400.0,2688100.0,1799300.0,845600.0,192800.0,0.0,0.0,0.0,0.0,0.0
20230822143053292,SZSE,SZSE.ETF.159841,0.916,0.899,0.92,0.896,0.0,0.988,0.808,238597416.0,5700.0,216042745.72,5221.199999988079,0.0,0.0,20230822,20230822,143053292,0.898,0.0,0.0,0.916,0.915,0.914,0.913,0.912,0.0,0.0,0.0,0.0,0.0,0.917,0.918,0.919,0.92,0.921,0.0,0.0,0.0,0.0,0.0,309900.0,1698500.0,4794700.0,2633600.0,343700.0,0.0,0.0,0.0,0.0,0.0,528500.0,2688100.0,1999300.0,842600.0,192800.0,0.0,0.0,0.0,0.0,0.0
20230822143056284,SZSE,SZSE.ETF.159841,0.916,0.899,0.92,0.896,0.0,0.988,0.808,238643016.0,45600.0,216084515.32,41769.59999999404,0.0,0.0,20230822,20230822,143056284,0.898,0.0,0.0,0.916,0.915,0.914,0.913,0.912,0.0,0.0,0.0,0.0,0.0,0.917,0.918,0.919,0.92,0.921,0.0,0.0,0.0,0.0,0.0,264300.0,1087500.0,4798700.0,3233600.0,343700.0,0.0,0.0,0.0,0.0,0.0,768500.0,2680600.0,1799300.0,842600.0,192800.0,0.0,0.0,0.0,0.0,0.0
20230822143059304,SZSE,SZSE.ETF.159841,0.915,0.899,0.92,0.896,0.0,0.988,0.808,239437716.0,794700.0,216811930.12,727414.8000000119,0.0,0.0,20230822,20230822,143059303,0.898,0.0,0.0,0.915,0.914,0.913,0.912,0.911,0.0,0.0,0.0,0.0,0.0,0.917,0.918,0.919,0.92,0.921,0.0,0.0,0.0,0.0,0.0,1461500.0,4799300.0,2633600.0,343700.0,90000.0,0.0,0.0,0.0,0.0,0.0,768500.0,2565600.0,1799300.0,942600.0,192800.0,0.0,0.0,0.0,0.0,0.0
20230822143102292,SZSE,SZSE.ETF.159841,0.916,0.899,0.92,0.896,0.0,0.988,0.808,239442016.0,4300.0,216815868.92,3938.7999999821186,0.0,0.0,20230822,20230822,143102293,0.898,0.0,0.0,0.916,0.915,0.914,0.913,0.912,0.0,0.0,0.0,0.0,0.0,0.917,0.918,0.919,0.92,0.921,0.0,0.0,0.0,0.0,0.0,195700.0,1126500.0,4799300.0,3433600.0,343700.0,0.0,0.0,0.0,0.0,0.0,768500.0,2569600.0,1799300.0,942600.0,199700.0,0.0,0.0,0.0,0.0,0.0
20230822143105316,SZSE,SZSE.ETF.159841,0.917,0.899,0.92,0.896,0.0,0.988,0.808,239467316.0,25300.0,216839058.32,23189.40000000596,0.0,0.0,20230822,20230822,143105316,0.898,0.0,0.0,0.916,0.915,0.914,0.913,0.912,0.0,0.0,0.0,0.0,0.0,0.917,0.918,0.919,0.92,0.921,0.0,0.0,0.0,0.0,0.0,200600.0,831500.0,4799300.0,3233600.0,343700.0,0.0,0.0,0.0,0.0,0.0,768500.0,2721900.0,1802300.0,942600.0,199700.0,0.0,0.0,0.0,0.0,0.0
20230822143108328,SZSE,SZSE.ETF.159841,0.916,0.899,0.92,0.896,0.0,0.988,0.808,239627316.0,160000.0,216985618.32,146560.0,0.0,0.0,20230822,20230822,143108328,0.898,0.0,0.0,0.916,0.915,0.914,0.913,0.912,0.0,0.0,0.0,0.0,0.0,0.917,0.918,0.919,0.92,0.921,0.0,0.0,0.0,0.0,0.0,65300.0,796100.0,4799300.0,3233600.0,343700.0,0.0,0.0,0.0,0.0,0.0,668500.0,2721900.0,1393900.0,942600.0,199700.0,0.0,0.0,0.0,0.0,0.0
20230822143111292,SZSE,SZSE.ETF.159841,0.916,0.899,0.92,0.896,0.0,0.988,0.808,239627716.0,400.0,216985984.72,366.40000000596046,0.0,0.0,20230822,20230822,143111293,0.898,0.0,0.0,0.916,0.915,0.914,0.913,0.912,0.0,0.0,0.0,0.0,0.0,0.917,0.918,0.919,0.92,0.921,0.0,0.0,0.0,0.0,0.0,164900.0,781500.0,4217100.0,4015800.0,343700.0,0.0,0.0,0.0,0.0,0.0,1401400.0,2121900.0,1802300.0,942600.0,199700.0,0.0,0.0,0.0,0.0,0.0
20230822143114336,SZSE,SZSE.ETF.159841,0.916,0.899,0.92,0.896,0.0,0.988,0.808,239753316.0,125600.0,217101034.32,115049.59999999404,0.0,0.0,20230822,20230822,143114337,0.898,0.0,0.0,0.915,0.914,0.913,0.912,0.911,0.0,0.0,0.0,0.0,0.0,0.916,0.917,0.918,0.919,0.92,0.0,0.0,0.0,0.0,0.0,422200.0,4176600.0,4265800.0,493700.0,90000.0,0.0,0.0,0.0,0.0,0.0,144100.0,1913900.0,2012900.0,1393900.0,692600.0,0.0,0.0,0.0,0.0,0.0
20230822143117308,SZSE,SZSE.ETF.159841,0.916,0.899,0.92,0.896,0.0,0.988,0.808,239759316.0,6000.0,217106530.32,5496.0,0.0,0.0,20230822,20230822,143117308,0.898,0.0,0.0,0.915,0.914,0.913,0.912,0.911,0.0,0.0,0.0,0.0,0.0,0.916,0.917,0.918,0.919,0.92,0.0,0.0,0.0,0.0,0.0,423000.0,4182100.0,4015800.0,493700.0,90000.0,0.0,0.0,0.0,0.0,0.0,100000.0,1430000.0,1758000.0,1393900.0,942600.0,0.0,0.0,0.0,0.0,0.0
20230822143120272,SZSE,SZSE.ETF.159841,0.915,0.899,0.92,0.896,0.0,0.988,0.808,239767116.0,7800.0,217113669.32,7139.0,0.0,0.0,20230822,20230822,143120273,0.898,0.0,0.0,0.916,0.915,0.914,0.913,0.912,0.0,0.0,0.0,0.0,0.0,0.917,0.918,0.919,0.92,0.921,0.0,0.0,0.0,0.0,0.0,8600.0,406600.0,5029300.0,3433600.0,493700.0,0.0,0.0,0.0,0.0,0.0,1195000.0,2386400.0,1802300.0,942600.0,199700.0,0.0,0.0,0.0,0.0,0.0
20230822143123276,SZSE,SZSE.ETF.159841,0.916,0.899,0.92,0.896,0.0,0.988,0.808,239773716.0,6600.0,217119714.92,6045.5999999940395,0.0,0.0,20230822,20230822,143123277,0.898,0.0,0.0,0.916,0.915,0.914,0.913,0.912,0.0,0.0,0.0,0.0,0.0,0.917,0.918,0.919,0.92,0.921,0.0,0.0,0.0,0.0,0.0,22000.0,521900.0,4649300.0,3433600.0,493700.0,0.0,0.0,0.0,0.0,0.0,772500.0,2501400.0,1802300.0,972600.0,199700.0,0.0,0.0,0.0,0.0,0.0
20230822143126300,SZSE,SZSE.ETF.159841,0.916,0.899,0.92,0.896,0.0,0.988,0.808,239923816.0,150100.0,217257351.62,137636.70000001788,0.0,0.0,20230822,20230822,143126301,0.898,0.0,0.0,0.916,0.915,0.914,0.913,0.912,0.0,0.0,0.0,0.0,0.0,0.917,0.918,0.919,0.92,0.921,0.0,0.0,0.0,0.0,0.0,185700.0,1171900.0,4649300.0,3433600.0,493700.0,0.0,0.0,0.0,0.0,0.0,557100.0,2651400.0,1802300.0,972600.0,199700.0,0.0,0.0,0.0,0.0,0.0
20230822143129356,SZSE,SZSE.ETF.159841,0.916,0.899,0.92,0.896,0.0,0.988,0.808,239924316.0,500.0,217257809.62,458.0,0.0,0.0,20230822,20230822,143129355,0.898,0.0,0.0,0.916,0.915,0.914,0.913,0.912,0.0,0.0,0.0,0.0,0.0,0.917,0.918,0.919,0.92,0.921,0.0,0.0,0.0,0.0,0.0,220100.0,1754100.0,4217100.0,3233600.0,343700.0,0.0,0.0,0.0,0.0,0.0,807200.0,2051400.0,2402300.0,972600.0,199700.0,0.0,0.0,0.0,0.0,0.0
20230822143132336,SZSE,SZSE.ETF.159841,0.916,0.899,0.92,0.896,0.0,0.988,0.808,239924316.0,0.0,217257809.62,0.0,0.0,0.0,20230822,20230822,143132338,0.898,0.0,0.0,0.916,0.915,0.914,0.913,0.912,0.0,0.0,0.0,0.0,0.0,0.917,0.918,0.919,0.92,0.921,0.0,0.0,0.0,0.0,0.0,470100.0,2069100.0,3967100.0,3233600.0,343700.0,0.0,0.0,0.0,0.0,0.0,557200.0,2166400.0,2402300.0,972600.0,449700.0,0.0,0.0,0.0,0.0,0.0
20230822143135352,SZSE,SZSE.ETF.159841,0.916,0.899,0.92,0.896,0.0,0.988,0.808,239941016.0,16700.0,217273111.82,15302.199999988079,0.0,0.0,20230822,20230822,143135351,0.898,0.0,0.0,0.916,0.915,0.914,0.913,0.912,0.0,0.0,0.0,0.0,0.0,0.917,0.918,0.919,0.92,0.921,0.0,0.0,0.0,0.0,0.0,458400.0,3475900.0,3967100.0,239400.0,343700.0,0.0,0.0,0.0,0.0,0.0,552300.0,1566400.0,2402300.0,972600.0,449700.0,0.0,0.0,0.0,0.0,0.0
20230822143138324,SZSE,SZSE.ETF.159841,0.917,0.899,0.92,0.896,0.0,0.988,0.808,240011416.0,70400.0,217337598.62,64486.80000001192,0.0,0.0,20230822,20230822,143138324,0.898,0.0,0.0,0.916,0.915,0.914,0.913,0.912,0.0,0.0,0.0,0.0,0.0,0.917,0.918,0.919,0.92,0.921,0.0,0.0,0.0,0.0,0.0,388400.0,4075900.0,3967100.0,239400.0,343700.0,0.0,0.0,0.0,0.0,0.0,609800.0,1566500.0,3002300.0,912600.0,449700.0,0.0,0.0,0.0,0.0,0.0
20230822143141316,SZSE,SZSE.ETF.159841,0.916,0.899,0.92,0.896,0.0,0.988,0.808,240021416.0,10000.0,217346758.62,9160.0,0.0,0.0,20230822,20230822,143141315,0.898,0.0,0.0,0.916,0.915,0.914,0.913,0.912,0.0,0.0,0.0,0.0,0.0,0.917,0.918,0.919,0.92,0.921,0.0,0.0,0.0,0.0,0.0,378400.0,5074300.0,3967100.0,239400.0,343700.0,0.0,0.0,0.0,0.0,0.0,331300.0,1258200.0,3202300.0,912600.0,449700.0,0.0,0.0,0.0,0.0,0.0
20230822143144348,SZSE,SZSE.ETF.159841,0.916,0.899,0.92,0.896,0.0,0.988,0.808,240021416.0,0.0,217346758.62,0.0,0.0,0.0,20230822,20230822,143144348,0.898,0.0,0.0,0.916,0.915,0.914,0.913,0.912,0.0,0.0,0.0,0.0,0.0,0.917,0.918,0.919,0.92,0.921,0.0,0.0,0.0,0.0,0.0,378400.0,5063400.0,3967100.0,239400.0,343700.0,0.0,0.0,0.0,0.0,0.0,439400.0,1258200.0,3202300.0,1321000.0,449700.0,0.0,0.0,0.0,0.0,0.0
20230822143147332,SZSE,SZSE.ETF.159841,0.916,0.899,0.92,0.896,0.0,0.988,0.808,240021416.0,0.0,217346758.62,0.0,0.0,0.0,20230822,20230822,143147333,0.898,0.0,0.0,0.916,0.915,0.914,0.913,0.912,0.0,0.0,0.0,0.0,0.0,0.917,0.918,0.919,0.92,0.921,0.0,0.0,0.0,0.0,0.0,378400.0,4948400.0,3967100.0,239400.0,343700.0,0.0,0.0,0.0,0.0,0.0,441200.0,1143300.0,3202300.0,912600.0,449700.0,0.0,0.0,0.0,0.0,0.0
20230822143150328,SZSE,SZSE.ETF.159841,0.916,0.899,0.92,0.896,0.0,0.988,0.808,240025216.0,3800.0,217350239.42,3480.7999999821186,0.0,0.0,20230822,20230822,143150328,0.898,0.0,0.0,0.916,0.915,0.914,0.913,0.912,0.0,0.0,0.0,0.0,0.0,0.917,0.918,0.919,0.92,0.921,0.0,0.0,0.0,0.0,0.0,374600.0,5063400.0,3967100.0,239400.0,343700.0,0.0,0.0,0.0,0.0,0.0,441200.0,1259400.0,3202300.0,1319300.0,449700.0,0.0,0.0,0.0,0.0,0.0
20230822143153292,SZSE,SZSE.ETF.159841,0.916,0.899,0.92,0.896,0.0,0.988,0.808,240025216.0,0.0,217350239.42,0.0,0.0,0.0,20230822,20230822,143153293,0.898,0.0,0.0,0.916,0.915,0.914,0.913,0.912,0.0,0.0,0.0,0.0,0.0,0.917,0.918,0.919,0.92,0.921,0.0,0.0,0.0,0.0,0.0,374600.0,5063400.0,3967100.0,239400.0,343700.0,0.0,0.0,0.0,0.0,0.0,439400.0,1259400.0,3202300.0,1319300.0,449700.0,0.0,0.0,0.0,0.0,0.0
20230822143156444,SZSE,SZSE.ETF.159841,0.916,0.899,0.92,0.896,0.0,0.988,0.808,240052016.0,26800.0,217374788.22,24548.80000001192,0.0,0.0,20230822,20230822,143156443,0.898,0.0,0.0,0.916,0.915,0.914,0.913,0.912,0.0,0.0,0.0,0.0,0.0,0.917,0.918,0.919,0.92,0.921,0.0,0.0,0.0,0.0,0.0,347800.0,5144600.0,3967100.0,239400.0,343700.0,0.0,0.0,0.0,0.0,0.0,441000.0,1259400.0,3202300.0,1319300.0,449700.0,0.0,0.0,0.0,0.0,0.0
20230822143159312,SZSE,SZSE.ETF.159841,0.917,0.899,0.92,0.896,0.0,0.988,0.808,240056316.0,4300.0,217378731.32,3943.0999999940395,0.0,0.0,20230822,20230822,143159312,0.898,0.0,0.0,0.916,0.915,0.914,0.913,0.912,0.0,0.0,0.0,0.0,0.0,0.917,0.918,0.919,0.92,0.921,0.0,0.0,0.0,0.0,0.0,347800.0,5294600.0,3967100.0,89400.0,343700.0,0.0,0.0,0.0,0.0,0.0,436700.0,1259400.0,3202300.0,1319300.0,449700.0,0.0,0.0,0.0,0.0,0.0
20230822143202280,SZSE,SZSE.ETF.159841,0.917,0.899,0.92,0.896,0.0,0.988,0.808,240056316.0,0.0,217378731.32,0.0,0.0,0.0,20230822,20230822,143202280,0.898,0.0,0.0,0.916,0.915,0.914,0.913,0.912,0.0,0.0,0.0,0.0,0.0,0.917,0.918,0.919,0.92,0.921,0.0,0.0,0.0,0.0,0.0,930000.0,4562400.0,3967100.0,239400.0,343700.0,0.0,0.0,0.0,0.0,0.0,436700.0,1259400.0,3168300.0,1319300.0,449700.0,0.0,0.0,0.0,0.0,0.0
20230822143205288,SZSE,SZSE.ETF.159841,0.916,0.899,0.92,0.896,0.0,0.988,0.808,240066316.0,10000.0,217387891.32,9160.0,0.0,0.0,20230822,20230822,143205289,0.898,0.0,0.0,0.916,0.915,0.914,0.913,0.912,0.0,0.0,0.0,0.0,0.0,0.917,0.918,0.919,0.92,0.921,0.0,0.0,0.0,0.0,0.0,413300.0,5294600.0,3967100.0,89400.0,343700.0,0.0,0.0,0.0,0.0,0.0,436700.0,1259400.0,3168300.0,1319300.0,449700.0,0.0,0.0,0.0,0.0,0.0
20230822143208308,SZSE,SZSE.ETF.159841,0.916,0.899,0.92,0.896,0.0,0.988,0.808,240066316.0,0.0,217387891.32,0.0,0.0,0.0,20230822,20230822,143208308,0.898,0.0,0.0,0.916,0.915,0.914,0.913,0.912,0.0,0.0,0.0,0.0,0.0,0.917,0.918,0.919,0.92,0.921,0.0,0.0,0.0,0.0,0.0,166300.0,2308200.0,3967100.0,497300.0,343700.0,0.0,0.0,0.0,0.0,0.0,536700.0,1567800.0,3164300.0,910900.0,199700.0,0.0,0.0,0.0,0.0,0.0
20230822143211304,SZSE,SZSE.ETF.159841,0.916,0.899,0.92,0.896,0.0,0.988,0.808,240232616.0,166300.0,217540222.12,152330.80000001192,0.0,0.0,20230822,20230822,143211306,0.898,0.0,0.0,0.915,0.914,0.913,0.912,0.911,0.0,0.0,0.0,0.0,0.0,0.916,0.917,0.918,0.919,0.92,0.0,0.0,0.0,0.0,0.0,1676000.0,1311900.0,1718500.0,752100.0,100200.0,0.0,0.0,0.0,0.0,0.0,33700.0,1895100.0,1557800.0,1955900.0,910900.0,0.0,0.0,0.0,0.0,0.0
20230822143214332,SZSE,SZSE.ETF.159841,0.916,0.899,0.92,0.896,0.0,0.988,0.808,240379416.0,146800.0,217674657.12,134435.0,0.0,0.0,20230822,20230822,143214332,0.898,0.0,0.0,0.915,0.914,0.913,0.912,0.911,0.0,0.0,0.0,0.0,0.0,0.916,0.917,0.918,0.919,0.92,0.0,0.0,0.0,0.0,0.0,2900.0,1486400.0,2186300.0,1484300.0,100200.0,0.0,0.0,0.0,0.0,0.0,818200.0,1519200.0,1468800.0,1355900.0,660900.0,0.0,0.0,0.0,0.0,0.0
20230822143217356,SZSE,SZSE.ETF.159841,0.915,0.899,0.92,0.896,0.0,0.988,0.808,240382316.0,2900.0,217677310.62,2653.5,0.0,0.0,20230822,20230822,143217357,0.898,0.0,0.0,0.914,0.913,0.912,0.911,0.91,0.0,0.0,0.0,0.0,0.0,0.915,0.916,0.917,0.918,0.919,0.0,0.0,0.0,0.0,0.0,1151400.0,4183100.0,2898900.0,682400.0,1369100.0,0.0,0.0,0.0,0.0,0.0,85100.0,1185400.0,1784200.0,868800.0,1355900.0,0.0,0.0,0.0,0.0,0.0
20230822143220356,SZSE,SZSE.ETF.159841,0.914,0.899,0.92,0.896,0.0,0.988,0.808,240547916.0,165600.0,217828673.12,151362.5,0.0,0.0,20230822,20230822,143220356,0.898,0.0,0.0,0.914,0.913,0.912,0.911,0.91,0.0,0.0,0.0,0.0,0.0,0.915,0.916,0.917,0.918,0.919,0.0,0.0,0.0,0.0,0.0,100000.0,4257700.0,4281100.0,250200.0,1369100.0,0.0,0.0,0.0,0.0,0.0,81000.0,1409600.0,1895100.0,460400.0,1355900.0,0.0,0.0,0.0,0.0,0.0
20230822143223340,SZSE,SZSE.ETF.159841,0.914,0.899,0.92,0.896,0.0,0.988,0.808,240547916.0,0.0,217828673.12,0.0,0.0,0.0,20230822,20230822,143223340,0.898,0.0,0.0,0.914,0.913,0.912,0.911,0.91,0.0,0.0,0.0,0.0,0.0,0.915,0.916,0.917,0.918,0.919,0.0,0.0,0.0,0.0,0.0,350000.0,4522700.0,4281100.0,250200.0,1370400.0,0.0,0.0,0.0,0.0,0.0,81000.0,2123000.0,1895100.0,460400.0,1355900.0,0.0,0.0,0.0,0.0,0.0
20230822143226296,SZSE,SZSE.ETF.159841,0.915,0.899,0.92,0.896,0.0,0.988,0.808,240551016.0,3100.0,217831509.62,2836.5,0.0,0.0,20230822,20230822,143226298,0.898,0.0,0.0,0.914,0.913,0.912,0.911,0.91,0.0,0.0,0.0,0.0,0.0,0.915,0.916,0.917,0.918,0.919,0.0,0.0,0.0,0.0,0.0,350000.0,4522700.0,4281100.0,250200.0,1370400.0,0.0,0.0,0.0,0.0,0.0,77900.0,1744200.0,1895100.0,868800.0,1339600.0,0.0,0.0,0.0,0.0,0.0
20230822143229340,SZSE,SZSE.ETF.159841,0.915,0.899,0.92,0.896,0.0,0.988,0.808,240551016.0,0.0,217831509.62,0.0,0.0,0.0,20230822,20230822,143229339,0.898,0.0,0.0,0.914,0.913,0.912,0.911,0.91,0.0,0.0,0.0,0.0,0.0,0.915,0.916,0.917,0.918,0.919,0.0,0.0,0.0,0.0,0.0,350000.0,4522700.0,4281100.0,250200.0,1370400.0,0.0,0.0,0.0,0.0,0.0,85100.0,2152600.0,1895100.0,460400.0,1339600.0,0.0,0.0,0.0,0.0,0.0
20230822143232304,SZSE,SZSE.ETF.159841,0.914,0.899,0.92,0.896,0.0,0.988,0.808,240570916.0,19900.0,217849698.62,18189.0,0.0,0.0,20230822,20230822,143232302,0.898,0.0,0.0,0.914,0.913,0.912,0.911,0.91,0.0,0.0,0.0,0.0,0.0,0.915,0.916,0.917,0.918,0.919,0.0,0.0,0.0,0.0,0.0,350000.0,4522700.0,3698900.0,250200.0,1370400.0,0.0,0.0,0.0,0.0,0.0,104200.0,1584400.0,1879800.0,423100.0,1339600.0,0.0,0.0,0.0,0.0,0.0
20230822143235284,SZSE,SZSE.ETF.159841,0.915,0.899,0.92,0.896,0.0,0.988,0.808,240634316.0,63400.0,217907684.12,57985.5,0.0,0.0,20230822,20230822,143235283,0.898,0.0,0.0,0.914,0.913,0.912,0.911,0.91,0.0,0.0,0.0,0.0,0.0,0.915,0.916,0.917,0.918,0.919,0.0,0.0,0.0,0.0,0.0,370000.0,5104900.0,3698900.0,250200.0,1370400.0,0.0,0.0,0.0,0.0,0.0,102800.0,1584400.0,2405400.0,422000.0,1339600.0,0.0,0.0,0.0,0.0,0.0
20230822143238264,SZSE,SZSE.ETF.159841,0.914,0.899,0.92,0.896,0.0,0.988,0.808,240685916.0,51600.0,217954846.52,47162.40000000596,0.0,0.0,20230822,20230822,143238265,0.898,0.0,0.0,0.914,0.913,0.912,0.911,0.91,0.0,0.0,0.0,0.0,0.0,0.915,0.916,0.917,0.918,0.919,0.0,0.0,0.0,0.0,0.0,221700.0,2184700.0,4198900.0,2655400.0,1381400.0,0.0,0.0,0.0,0.0,0.0,64300.0,1469400.0,2297300.0,422000.0,1339600.0,0.0,0.0,0.0,0.0,0.0
20230822143241236,SZSE,SZSE.ETF.159841,0.914,0.899,0.92,0.896,0.0,0.988,0.808,240705916.0,20000.0,217973126.52,18280.0,0.0,0.0,20230822,20230822,143241235,0.898,0.0,0.0,0.913,0.912,0.911,0.91,0.909,0.0,0.0,0.0,0.0,0.0,0.914,0.915,0.916,0.917,0.918,0.0,0.0,0.0,0.0,0.0,1492900.0,5140800.0,2655400.0,1381400.0,5100.0,0.0,0.0,0.0,0.0,0.0,24200.0,735700.0,1928400.0,929100.0,422000.0,0.0,0.0,0.0,0.0,0.0
20230822143244272,SZSE,SZSE.ETF.159841,0.914,0.899,0.92,0.896,0.0,0.988,0.808,240705916.0,0.0,217973126.52,0.0,0.0,0.0,20230822,20230822,143244272,0.898,0.0,0.0,0.913,0.912,0.911,0.91,0.909,0.0,0.0,0.0,0.0,0.0,0.914,0.915,0.916,0.917,0.918,0.0,0.0,0.0,0.0,0.0,427900.0,4673600.0,3455400.0,1381400.0,5100.0,0.0,0.0,0.0,0.0,0.0,24200.0,874300.0,1695200.0,929100.0,422000.0,0.0,0.0,0.0,0.0,0.0
20230822143247272,SZSE,SZSE.ETF.159841,0.914,0.899,0.92,0.896,0.0,0.988,0.808,240705916.0,0.0,217973126.52,0.0,0.0,0.0,20230822,20230822,143247274,0.898,0.0,0.0,0.913,0.912,0.911,0.91,0.909,0.0,0.0,0.0,0.0,0.0,0.914,0.915,0.916,0.917,0.918,0.0,0.0,0.0,0.0,0.0,427900.0,4938600.0,4037600.0,1384400.0,5100.0,0.0,0.0,0.0,0.0,0.0,65500.0,1707500.0,1695200.0,520700.0,422000.0,0.0,0.0,0.0,0.0,0.0
20230822143250312,SZSE,SZSE.ETF.159841,0.913,0.899,0.92,0.896,0.0,0.988,0.808,240815916.0,110000.0,218073576.52,100450.0,0.0,0.0,20230822,20230822,143250311,0.898,0.0,0.0,0.912,0.911,0.91,0.909,0.908,0.0,0.0,0.0,0.0,0.0,0.914,0.915,0.916,0.917,0.918,0.0,0.0,0.0,0.0,0.0,1983400.0,3955400.0,3939600.0,5100.0,68200.0,0.0,0.0,0.0,0.0,0.0,45500.0,2115900.0,1695200.0,533200.0,172000.0,0.0,0.0,0.0,0.0,0.0
20230822143253276,SZSE,SZSE.ETF.159841,0.913,0.899,0.92,0.896,0.0,0.988,0.808,240849916.0,34000.0,218104618.52,31042.0,0.0,0.0,20230822,20230822,143253275,0.898,0.0,0.0,0.912,0.911,0.91,0.909,0.908,0.0,0.0,0.0,0.0,0.0,0.913,0.914,0.915,0.916,0.917,0.0,0.0,0.0,0.0,0.0,1408700.0,4315200.0,4720800.0,5100.0,68200.0,0.0,0.0,0.0,0.0,0.0,1000.0,750000.0,1891600.0,895200.0,388200.0,0.0,0.0,0.0,0.0,0.0
20230822143256316,SZSE,SZSE.ETF.159841,0.913,0.899,0.92,0.896,0.0,0.988,0.808,240849916.0,0.0,218104618.52,0.0,0.0,0.0,20230822,20230822,143256315,0.898,0.0,0.0,0.912,0.911,0.91,0.909,0.908,0.0,0.0,0.0,0.0,0.0,0.913,0.914,0.915,0.916,0.917,0.0,0.0,0.0,0.0,0.0,693700.0,4580200.0,5309800.0,5100.0,68200.0,0.0,0.0,0.0,0.0,0.0,1000.0,910700.0,1658400.0,895200.0,388200.0,0.0,0.0,0.0,0.0,0.0
20230822143259340,SZSE,SZSE.ETF.159841,0.913,0.899,0.92,0.896,0.0,0.988,0.808,240989616.0,139700.0,218232025.92,127407.39999997616,0.0,0.0,20230822,20230822,143259340,0.898,0.0,0.0,0.913,0.912,0.911,0.91,0.909,0.0,0.0,0.0,0.0,0.0,0.914,0.915,0.916,0.917,0.918,0.0,0.0,0.0,0.0,0.0,300.0,678600.0,4585400.0,5309800.0,5100.0,0.0,0.0,0.0,0.0,0.0,2045300.0,1767700.0,486800.0,388200.0,182000.0,0.0,0.0,0.0,0.0,0.0
20230822143302300,SZSE,SZSE.ETF.159841,0.912,0.899,0.92,0.896,0.0,0.988,0.808,240993716.0,4100.0,218235765.42,3739.5,0.0,0.0,20230822,20230822,143302301,0.898,0.0,0.0,0.912,0.911,0.91,0.909,0.908,0.0,0.0,0.0,0.0,0.0,0.913,0.914,0.915,0.916,0.917,0.0,0.0,0.0,0.0,0.0,680100.0,4176200.0,5309800.0,155100.0,68200.0,0.0,0.0,0.0,0.0,0.0,15000.0,1774800.0,1733800.0,486800.0,388200.0,0.0,0.0,0.0,0.0,0.0
20230822143305464,SZSE,SZSE.ETF.159841,0.914,0.899,0.92,0.896,0.0,0.988,0.808,241137716.0,144000.0,218367366.42,131601.0,0.0,0.0,20230822,20230822,143305463,0.898,0.0,0.0,0.912,0.911,0.91,0.909,0.908,0.0,0.0,0.0,0.0,0.0,0.913,0.914,0.915,0.916,0.917,0.0,0.0,0.0,0.0,0.0,565200.0,4284500.0,5309800.0,155100.0,68200.0,0.0,0.0,0.0,0.0,0.0,39600.0,1760800.0,1618800.0,486800.0,388200.0,0.0,0.0,0.0,0.0,0.0
20230822143308320,SZSE,SZSE.ETF.159841,0.914,0.899,0.92,0.896,0.0,0.988,0.808,241137716.0,0.0,218367366.42,0.0,0.0,0.0,20230822,20230822,143308319,0.898,0.0,0.0,0.912,0.911,0.91,0.909,0.908,0.0,0.0,0.0,0.0,0.0,0.913,0.914,0.915,0.916,0.917,0.0,0.0,0.0,0.0,0.0,565200.0,4549500.0,5309800.0,155100.0,68200.0,0.0,0.0,0.0,0.0,0.0,88200.0,2042100.0,1618800.0,486800.0,388200.0,0.0,0.0,0.0,0.0,0.0
20230822143311304,SZSE,SZSE.ETF.159841,0.912,0.899,0.92,0.896,0.0,0.988,0.808,241162516.0,24800.0,218389994.02,22627.600000023842,0.0,0.0,20230822,20230822,143311305,0.898,0.0,0.0,0.912,0.911,0.91,0.909,0.908,0.0,0.0,0.0,0.0,0.0,0.913,0.914,0.915,0.916,0.917,0.0,0.0,0.0,0.0,0.0,550400.0,4560500.0,5309800.0,155100.0,68200.0,0.0,0.0,0.0,0.0,0.0,83200.0,2042100.0,1418800.0,488800.0,388200.0,0.0,0.0,0.0,0.0,0.0
20230822143314304,SZSE,SZSE.ETF.159841,0.912,0.899,0.92,0.896,0.0,0.988,0.808,241166316.0,3800.0,218393459.62,3465.5999999940395,0.0,0.0,20230822,20230822,143314303,0.898,0.0,0.0,0.912,0.911,0.91,0.909,0.908,0.0,0.0,0.0,0.0,0.0,0.913,0.914,0.915,0.916,0.917,0.0,0.0,0.0,0.0,0.0,546600.0,5142700.0,4727600.0,155100.0,68200.0,0.0,0.0,0.0,0.0,0.0,295600.0,1473900.0,1418800.0,488800.0,388200.0,0.0,0.0,0.0,0.0,0.0
20230822143317264,SZSE,SZSE.ETF.159841,0.912,0.899,0.92,0.896,0.0,0.988,0.808,241232016.0,65700.0,218453379.02,59919.40000000596,0.0,0.0,20230822,20230822,143317262,0.898,0.0,0.0,0.912,0.911,0.91,0.909,0.908,0.0,0.0,0.0,0.0,0.0,0.913,0.914,0.915,0.916,0.917,0.0,0.0,0.0,0.0,0.0,481900.0,5157700.0,4727600.0,155100.0,68200.0,0.0,0.0,0.0,0.0,0.0,104600.0,1065500.0,2187000.0,897200.0,390200.0,0.0,0.0,0.0,0.0,0.0
20230822143320280,SZSE,SZSE.ETF.159841,0.912,0.899,0.92,0.896,0.0,0.988,0.808,241373516.0,141500.0,218582437.02,129058.0,0.0,0.0,20230822,20230822,143320279,0.898,0.0,0.0,0.912,0.911,0.91,0.909,0.908,0.0,0.0,0.0,0.0,0.0,0.913,0.914,0.915,0.916,0.917,0.0,0.0,0.0,0.0,0.0,350400.0,5307700.0,4727600.0,5100.0,68200.0,0.0,0.0,0.0,0.0,0.0,124600.0,1049200.0,2187000.0,897200.0,390200.0,0.0,0.0,0.0,0.0,0.0
20230822143323248,SZSE,SZSE.ETF.159841,0.913,0.899,0.92,0.896,0.0,0.988,0.808,241461116.0,87600.0,218662346.82,79909.79999998212,0.0,0.0,20230822,20230822,143323249,0.898,0.0,0.0,0.912,0.911,0.91,0.909,0.908,0.0,0.0,0.0,0.0,0.0,0.913,0.914,0.915,0.916,0.917,0.0,0.0,0.0,0.0,0.0,1446200.0,4725500.0,4724600.0,5100.0,68200.0,0.0,0.0,0.0,0.0,0.0,273200.0,1049200.0,1618800.0,1298200.0,390200.0,0.0,0.0,0.0,0.0,0.0
20230822143326280,SZSE,SZSE.ETF.159841,0.913,0.899,0.92,0.896,0.0,0.988,0.808,242271516.0,810400.0,219402104.32,739757.5,0.0,0.0,20230822,20230822,143326282,0.898,0.0,0.0,0.913,0.912,0.911,0.91,0.909,0.0,0.0,0.0,0.0,0.0,0.914,0.915,0.916,0.917,0.918,0.0,0.0,0.0,0.0,0.0,27300.0,3823400.0,4365700.0,2299400.0,5100.0,0.0,0.0,0.0,0.0,0.0,670300.0,1728100.0,1350600.0,395100.0,434000.0,0.0,0.0,0.0,0.0,0.0
20230822143329276,SZSE,SZSE.ETF.159841,0.912,0.899,0.92,0.896,0.0,0.988,0.808,242288516.0,17000.0,219417620.82,15516.5,0.0,0.0,20230822,20230822,143329277,0.898,0.0,0.0,0.912,0.911,0.91,0.909,0.908,0.0,0.0,0.0,0.0,0.0,0.913,0.914,0.915,0.916,0.917,0.0,0.0,0.0,0.0,0.0,1710600.0,4345500.0,4026900.0,5100.0,68200.0,0.0,0.0,0.0,0.0,0.0,100000.0,626600.0,1127300.0,1350600.0,395100.0,0.0,0.0,0.0,0.0,0.0
20230822143332304,SZSE,SZSE.ETF.159841,0.912,0.899,0.92,0.896,0.0,0.988,0.808,242288516.0,0.0,219417620.82,0.0,0.0,0.0,20230822,20230822,143332303,0.898,0.0,0.0,0.912,0.911,0.91,0.909,0.908,0.0,0.0,0.0,0.0,0.0,0.913,0.914,0.915,0.916,0.917,0.0,0.0,0.0,0.0,0.0,4400800.0,4460500.0,1821700.0,5100.0,68200.0,0.0,0.0,0.0,0.0,0.0,206100.0,741600.0,1017300.0,1950600.0,395100.0,0.0,0.0,0.0,0.0,0.0
20230822143335240,SZSE,SZSE.ETF.159841,0.912,0.899,0.92,0.896,0.0,0.988,0.808,242288516.0,0.0,219417620.82,0.0,0.0,0.0,20230822,20230822,143335242,0.898,0.0,0.0,0.912,0.911,0.91,0.909,0.908,0.0,0.0,0.0,0.0,0.0,0.913,0.914,0.915,0.916,0.917,0.0,0.0,0.0,0.0,0.0,1523800.0,4725500.0,4276900.0,5100.0,68200.0,0.0,0.0,0.0,0.0,0.0,206100.0,1006600.0,1017300.0,1950600.0,395100.0,0.0,0.0,0.0,0.0,0.0
20230822143338264,SZSE,SZSE.ETF.159841,0.912,0.899,0.92,0.896,0.0,0.988,0.808,242292616.0,4100.0,219421360.02,3739.2000000178814,0.0,0.0,20230822,20230822,143338263,0.898,0.0,0.0,0.912,0.911,0.91,0.909,0.908,0.0,0.0,0.0,0.0,0.0,0.913,0.914,0.915,0.916,0.917,0.0,0.0,0.0,0.0,0.0,3018100.0,4775500.0,1871700.0,5100.0,68200.0,0.0,0.0,0.0,0.0,0.0,206100.0,1006600.0,1017300.0,1950600.0,395100.0,0.0,0.0,0.0,0.0,0.0
20230822143341272,SZSE,SZSE.ETF.159841,0.912,0.899,0.92,0.896,0.0,0.988,0.808,242303816.0,11200.0,219431574.42,10214.399999976158,0.0,0.0,20230822,20230822,143341272,0.898,0.0,0.0,0.912,0.911,0.91,0.909,0.908,0.0,0.0,0.0,0.0,0.0,0.913,0.914,0.915,0.916,0.917,0.0,0.0,0.0,0.0,0.0,941600.0,5342400.0,4276900.0,5100.0,80600.0,0.0,0.0,0.0,0.0,0.0,314200.0,1006600.0,1477400.0,1382400.0,395100.0,0.0,0.0,0.0,0.0,0.0
20230822143344260,SZSE,SZSE.ETF.159841,0.912,0.899,0.92,0.896,0.0,0.988,0.808,242360016.0,56200.0,219482828.82,51254.40000000596,0.0,0.0,20230822,20230822,143344260,0.898,0.0,0.0,0.912,0.911,0.91,0.909,0.908,0.0,0.0,0.0,0.0,0.0,0.913,0.914,0.915,0.916,0.917,0.0,0.0,0.0,0.0,0.0,361600.0,5342400.0,4876900.0,5100.0,80600.0,0.0,0.0,0.0,0.0,0.0,314200.0,1006600.0,2077400.0,782400.0,395100.0,0.0,0.0,0.0,0.0,0.0
20230822143347264,SZSE,SZSE.ETF.159841,0.912,0.899,0.92,0.896,0.0,0.988,0.808,242360016.0,0.0,219482828.82,0.0,0.0,0.0,20230822,20230822,143347266,0.898,0.0,0.0,0.912,0.911,0.91,0.909,0.908,0.0,0.0,0.0,0.0,0.0,0.913,0.914,0.915,0.916,0.917,0.0,0.0,0.0,0.0,0.0,861600.0,5342400.0,4876900.0,35100.0,80600.0,0.0,0.0,0.0,0.0,0.0,314200.0,1006600.0,2077400.0,782400.0,395100.0,0.0,0.0,0.0,0.0,0.0
20230822143350284,SZSE,SZSE.ETF.159841,0.912,0.899,0.92,0.896,0.0,0.988,0.808,242360016.0,0.0,219482828.82,0.0,0.0,0.0,20230822,20230822,143350283,0.898,0.0,0.0,0.912,0.911,0.91,0.909,0.908,0.0,0.0,0.0,0.0,0.0,0.913,0.914,0.915,0.916,0.917,0.0,0.0,0.0,0.0,0.0,361600.0,5342400.0,4906900.0,35100.0,80600.0,0.0,0.0,0.0,0.0,0.0,208100.0,1004100.0,2077400.0,782400.0,395100.0,0.0,0.0,0.0,0.0,0.0
20230822143353224,SZSE,SZSE.ETF.159841,0.912,0.899,0.92,0.896,0.0,0.988,0.808,242420016.0,60000.0,219537548.82,54720.0,0.0,0.0,20230822,20230822,143353224,0.898,0.0,0.0,0.912,0.911,0.91,0.909,0.908,0.0,0.0,0.0,0.0,0.0,0.913,0.914,0.915,0.916,0.917,0.0,0.0,0.0,0.0,0.0,311600.0,5342400.0,4906900.0,35100.0,80600.0,0.0,0.0,0.0,0.0,0.0,208100.0,1004100.0,2077400.0,782400.0,395100.0,0.0,0.0,0.0,0.0,0.0
20230822143356256,SZSE,SZSE.ETF.159841,0.912,0.899,0.92,0.896,0.0,0.988,0.808,242441516.0,21500.0,219557156.82,19608.0,0.0,0.0,20230822,20230822,143356257,0.898,0.0,0.0,0.912,0.911,0.91,0.909,0.908,0.0,0.0,0.0,0.0,0.0,0.913,0.914,0.915,0.916,0.917,0.0,0.0,0.0,0.0,0.0,290100.0,5342400.0,4906900.0,35100.0,80600.0,0.0,0.0,0.0,0.0,0.0,208100.0,1004100.0,2077400.0,782400.0,395100.0,0.0,0.0,0.0,0.0,0.0
20230822143359228,SZSE,SZSE.ETF.159841,0.912,0.899,0.92,0.896,0.0,0.988,0.808,242513716.0,72200.0,219623003.22,65846.40000000596,0.0,0.0,20230822,20230822,143359227,0.898,0.0,0.0,0.912,0.911,0.91,0.909,0.908,0.0,0.0,0.0,0.0,0.0,0.913,0.914,0.915,0.916,0.917,0.0,0.0,0.0,0.0,0.0,280000.0,5342400.0,4906900.0,35100.0,80600.0,0.0,0.0,0.0,0.0,0.0,208100.0,1004100.0,2077400.0,782400.0,395100.0,0.0,0.0,0.0,0.0,0.0
20230822143402216,SZSE,SZSE.ETF.159841,0.912,0.899,0.92,0.896,0.0,0.988,0.808,242639216.0,125500.0,219737459.22,114456.0,0.0,0.0,20230822,20230822,143402215,0.898,0.0,0.0,0.912,0.911,0.91,0.909,0.908,0.0,0.0,0.0,0.0,0.0,0.913,0.914,0.915,0.916,0.917,0.0,0.0,0.0,0.0,0.0,566900.0,4660500.0,4906900.0,35100.0,110600.0,0.0,0.0,0.0,0.0,0.0,208100.0,1004100.0,1509200.0,782400.0,395100.0,0.0,0.0,0.0,0.0,0.0
20230822143405240,SZSE,SZSE.ETF.159841,0.912,0.899,0.92,0.896,0.0,0.988,0.808,242703916.0,64700.0,219796465.62,59006.40000000596,0.0,0.0,20230822,20230822,143405240,0.898,0.0,0.0,0.912,0.911,0.91,0.909,0.908,0.0,0.0,0.0,0.0,0.0,0.913,0.914,0.915,0.916,0.917,0.0,0.0,0.0,0.0,0.0,1252200.0,4660500.0,4307900.0,35100.0,110600.0,0.0,0.0,0.0,0.0,0.0,208100.0,1004100.0,1509200.0,1350600.0,395100.0,0.0,0.0,0.0,0.0,0.0
20230822143408228,SZSE,SZSE.ETF.159841,0.912,0.899,0.92,0.896,0.0,0.988,0.808,242703916.0,0.0,219796465.62,0.0,0.0,0.0,20230822,20230822,143408229,0.898,0.0,0.0,0.912,0.911,0.91,0.909,0.908,0.0,0.0,0.0,0.0,0.0,0.913,0.914,0.915,0.916,0.917,0.0,0.0,0.0,0.0,0.0,1862200.0,4780500.0,4307900.0,35100.0,110600.0,0.0,0.0,0.0,0.0,0.0,228100.0,1004100.0,1509200.0,1350600.0,395100.0,0.0,0.0,0.0,0.0,0.0
20230822143411248,SZSE,SZSE.ETF.159841,0.912,0.899,0.92,0.896,0.0,0.988,0.808,242732216.0,28300.0,219822275.22,25809.59999999404,0.0,0.0,20230822,20230822,143411248,0.898,0.0,0.0,0.912,0.911,0.91,0.909,0.908,0.0,0.0,0.0,0.0,0.0,0.913,0.914,0.915,0.916,0.917,0.0,0.0,0.0,0.0,0.0,1339000.0,4780500.0,4907900.0,35100.0,110600.0,0.0,0.0,0.0,0.0,0.0,233100.0,1004100.0,1509200.0,1350600.0,395100.0,0.0,0.0,0.0,0.0,0.0
20230822143414228,SZSE,SZSE.ETF.159841,0.912,0.899,0.92,0.896,0.0,0.988,0.808,242732216.0,0.0,219822275.22,0.0,0.0,0.0,20230822,20230822,143414228,0.898,0.0,0.0,0.912,0.911,0.91,0.909,0.908,0.0,0.0,0.0,0.0,0.0,0.913,0.914,0.915,0.916,0.917,0.0,0.0,0.0,0.0,0.0,1439000.0,4780500.0,4307900.0,65100.0,110600.0,0.0,0.0,0.0,0.0,0.0,243100.0,1004100.0,1509200.0,1350600.0,395100.0,0.0,0.0,0.0,0.0,0.0
20230822143417252,SZSE,SZSE.ETF.159841,0.913,0.899,0.92,0.896,0.0,0.988,0.808,242733216.0,1000.0,219823188.22,913.0,0.0,0.0,20230822,20230822,143417253,0.898,0.0,0.0,0.912,0.911,0.91,0.909,0.908,0.0,0.0,0.0,0.0,0.0,0.913,0.914,0.915,0.916,0.917,0.0,0.0,0.0,0.0,0.0,849200.0,4780500.0,4307900.0,65100.0,110600.0,0.0,0.0,0.0,0.0,0.0,243100.0,1004100.0,1509200.0,1350600.0,395100.0,0.0,0.0,0.0,0.0,0.0
20230822143420236,SZSE,SZSE.ETF.159841,0.913,0.899,0.92,0.896,0.0,0.988,0.808,242733416.0,200.0,219823370.82,182.59999999403954,0.0,0.0,20230822,20230822,143420236,0.898,0.0,0.0,0.912,0.911,0.91,0.909,0.908,0.0,0.0,0.0,0.0,0.0,0.913,0.914,0.915,0.916,0.917,0.0,0.0,0.0,0.0,0.0,376600.0,5254400.0,4307900.0,65100.0,110600.0,0.0,0.0,0.0,0.0,0.0,404500.0,1004100.0,2077400.0,782400.0,395100.0,0.0,0.0,0.0,0.0,0.0
20230822143423208,SZSE,SZSE.ETF.159841,0.912,0.899,0.92,0.896,0.0,0.988,0.808,242848116.0,114700.0,219927987.22,104616.40000000596,0.0,0.0,20230822,20230822,143423207,0.898,0.0,0.0,0.912,0.911,0.91,0.909,0.908,0.0,0.0,0.0,0.0,0.0,0.913,0.914,0.915,0.916,0.917,0.0,0.0,0.0,0.0,0.0,975400.0,5254400.0,4307900.0,65100.0,110600.0,0.0,0.0,0.0,0.0,0.0,393300.0,1004100.0,2077400.0,782400.0,395100.0,0.0,0.0,0.0,0.0,0.0
20230822143426236,SZSE,SZSE.ETF.159841,0.912,0.899,0.92,0.896,0.0,0.988,0.808,242848116.0,0.0,219927987.22,0.0,0.0,0.0,20230822,20230822,143426235,0.898,0.0,0.0,0.912,0.911,0.91,0.909,0.908,0.0,0.0,0.0,0.0,0.0,0.913,0.914,0.915,0.916,0.917,0.0,0.0,0.0,0.0,0.0,125400.0,5254400.0,4907900.0,65100.0,110600.0,0.0,0.0,0.0,0.0,0.0,393300.0,1004100.0,2077400.0,782400.0,145100.0,0.0,0.0,0.0,0.0,0.0
20230822143429212,SZSE,SZSE.ETF.159841,0.913,0.899,0.92,0.896,0.0,0.988,0.808,242873216.0,25100.0,219950903.52,22916.30000001192,0.0,0.0,20230822,20230822,143429213,0.898,0.0,0.0,0.912,0.911,0.91,0.909,0.908,0.0,0.0,0.0,0.0,0.0,0.913,0.914,0.915,0.916,0.917,0.0,0.0,0.0,0.0,0.0,125400.0,5254400.0,5157900.0,65100.0,112600.0,0.0,0.0,0.0,0.0,0.0,643200.0,1004100.0,2077400.0,782400.0,145100.0,0.0,0.0,0.0,0.0,0.0
20230822143432240,SZSE,SZSE.ETF.159841,0.912,0.899,0.92,0.896,0.0,0.988,0.808,242896916.0,23700.0,219972521.62,21618.09999999404,0.0,0.0,20230822,20230822,143432238,0.898,0.0,0.0,0.912,0.911,0.91,0.909,0.908,0.0,0.0,0.0,0.0,0.0,0.913,0.914,0.915,0.916,0.917,0.0,0.0,0.0,0.0,0.0,105400.0,5254400.0,5157900.0,65100.0,112600.0,0.0,0.0,0.0,0.0,0.0,639500.0,1004100.0,2077400.0,782400.0,145100.0,0.0,0.0,0.0,0.0,0.0
20230822143435256,SZSE,SZSE.ETF.159841,0.912,0.899,0.92,0.896,0.0,0.988,0.808,242902316.0,5400.0,219977446.42,4924.799999982119,0.0,0.0,20230822,20230822,143435257,0.898,0.0,0.0,0.912,0.911,0.91,0.909,0.908,0.0,0.0,0.0,0.0,0.0,0.913,0.914,0.915,0.916,0.917,0.0,0.0,0.0,0.0,0.0,100000.0,4989400.0,5157900.0,215100.0,112600.0,0.0,0.0,0.0,0.0,0.0,634100.0,889100.0,2077400.0,782400.0,145100.0,0.0,0.0,0.0,0.0,0.0
20230822143438244,SZSE,SZSE.ETF.159841,0.912,0.899,0.92,0.896,0.0,0.988,0.808,242903916.0,1600.0,219978905.62,1459.2000000178814,0.0,0.0,20230822,20230822,143438244,0.898,0.0,0.0,0.912,0.911,0.91,0.909,0.908,0.0,0.0,0.0,0.0,0.0,0.913,0.914,0.915,0.916,0.917,0.0,0.0,0.0,0.0,0.0,350500.0,5139400.0,4907900.0,65100.0,112600.0,0.0,0.0,0.0,0.0,0.0,405700.0,889100.0,2077400.0,782400.0,395100.0,0.0,0.0,0.0,0.0,0.0
20230822143441264,SZSE,SZSE.ETF.159841,0.912,0.899,0.92,0.896,0.0,0.988,0.808,242910416.0,6500.0,219984833.62,5928.0,0.0,0.0,20230822,20230822,143441265,0.898,0.0,0.0,0.912,0.911,0.91,0.909,0.908,0.0,0.0,0.0,0.0,0.0,0.913,0.914,0.915,0.916,0.917,0.0,0.0,0.0,0.0,0.0,100500.0,5254400.0,5007900.0,65100.0,112600.0,0.0,0.0,0.0,0.0,0.0,412200.0,1004100.0,2077400.0,782400.0,145100.0,0.0,0.0,0.0,0.0,0.0
20230822143444228,SZSE,SZSE.ETF.159841,0.912,0.899,0.92,0.896,0.0,0.988,0.808,242968416.0,58000.0,220037729.62,52896.0,0.0,0.0,20230822,20230822,143444229,0.898,0.0,0.0,0.911,0.91,0.909,0.908,0.907,0.0,0.0,0.0,0.0,0.0,0.912,0.913,0.914,0.915,0.916,0.0,0.0,0.0,0.0,0.0,5305400.0,5257900.0,65100.0,112600.0,52300.0,0.0,0.0,0.0,0.0,0.0,99500.0,570700.0,1004100.0,2077400.0,782400.0,0.0,0.0,0.0,0.0,0.0
20230822143447236,SZSE,SZSE.ETF.159841,0.912,0.899,0.92,0.896,0.0,0.988,0.808,242986616.0,18200.0,220054328.02,16598.40000000596,0.0,0.0,20230822,20230822,143447235,0.898,0.0,0.0,0.911,0.91,0.909,0.908,0.907,0.0,0.0,0.0,0.0,0.0,0.912,0.913,0.914,0.915,0.916,0.0,0.0,0.0,0.0,0.0,4634300.0,5482800.0,265100.0,112600.0,52300.0,0.0,0.0,0.0,0.0,0.0,103200.0,799300.0,514600.0,2077400.0,782400.0,0.0,0.0,0.0,0.0,0.0
20230822143450260,SZSE,SZSE.ETF.159841,0.912,0.899,0.92,0.896,0.0,0.988,0.808,242986616.0,0.0,220054328.02,0.0,0.0,0.0,20230822,20230822,143450261,0.898,0.0,0.0,0.911,0.91,0.909,0.908,0.907,0.0,0.0,0.0,0.0,0.0,0.912,0.913,0.914,0.915,0.916,0.0,0.0,0.0,0.0,0.0,4634300.0,5747800.0,265100.0,112600.0,52300.0,0.0,0.0,0.0,0.0,0.0,164700.0,1064300.0,453100.0,2077400.0,782400.0,0.0,0.0,0.0,0.0,0.0
20230822143453260,SZSE,SZSE.ETF.159841,0.911,0.899,0.92,0.896,0.0,0.988,0.808,242991616.0,5000.0,220058883.02,4555.0,0.0,0.0,20230822,20230822,143453259,0.898,0.0,0.0,0.911,0.91,0.909,0.908,0.907,0.0,0.0,0.0,0.0,0.0,0.912,0.913,0.914,0.915,0.916,0.0,0.0,0.0,0.0,0.0,4629300.0,5747800.0,265100.0,112600.0,52300.0,0.0,0.0,0.0,0.0,0.0,164700.0,1064300.0,453100.0,2077400.0,782400.0,0.0,0.0,0.0,0.0,0.0
20230822143456232,SZSE,SZSE.ETF.159841,0.912,0.899,0.92,0.896,0.0,0.988,0.808,242991816.0,200.0,220059065.42,182.39999997615814,0.0,0.0,20230822,20230822,143456231,0.898,0.0,0.0,0.911,0.91,0.909,0.908,0.907,0.0,0.0,0.0,0.0,0.0,0.912,0.913,0.914,0.915,0.916,0.0,0.0,0.0,0.0,0.0,4647100.0,5747800.0,265100.0,112600.0,52300.0,0.0,0.0,0.0,0.0,0.0,164700.0,1064300.0,453100.0,2077400.0,782400.0,0.0,0.0,0.0,0.0,0.0
20230822143459208,SZSE,SZSE.ETF.159841,0.912,0.899,0.92,0.896,0.0,0.988,0.808,242991816.0,0.0,220059065.42,0.0,0.0,0.0,20230822,20230822,143459210,0.898,0.0,0.0,0.911,0.91,0.909,0.908,0.907,0.0,0.0,0.0,0.0,0.0,0.912,0.913,0.914,0.915,0.916,0.0,0.0,0.0,0.0,0.0,4647100.0,5497800.0,265100.0,112600.0,52300.0,0.0,0.0,0.0,0.0,0.0,164700.0,814300.0,453100.0,2082400.0,782400.0,0.0,0.0,0.0,0.0,0.0
20230822143502232,SZSE,SZSE.ETF.159841,0.912,0.899,0.92,0.896,0.0,0.988,0.808,242991816.0,0.0,220059065.42,0.0,0.0,0.0,20230822,20230822,143502232,0.898,0.0,0.0,0.911,0.91,0.909,0.908,0.907,0.0,0.0,0.0,0.0,0.0,0.912,0.913,0.914,0.915,0.916,0.0,0.0,0.0,0.0,0.0,4647100.0,5747800.0,265100.0,112600.0,52300.0,0.0,0.0,0.0,0.0,0.0,174700.0,1064300.0,453100.0,2082400.0,782400.0,0.0,0.0,0.0,0.0,0.0
20230822143505300,SZSE,SZSE.ETF.159841,0.911,0.899,0.92,0.896,0.0,0.988,0.808,243082916.0,91100.0,220142057.52,82992.10000002384,0.0,0.0,20230822,20230822,143505299,0.898,0.0,0.0,0.911,0.91,0.909,0.908,0.907,0.0,0.0,0.0,0.0,0.0,0.912,0.913,0.914,0.915,0.916,0.0,0.0,0.0,0.0,0.0,4556000.0,5747800.0,265100.0,112600.0,52300.0,0.0,0.0,0.0,0.0,0.0,174700.0,1064300.0,453100.0,2082400.0,782400.0,0.0,0.0,0.0,0.0,0.0
20230822143508340,SZSE,SZSE.ETF.159841,0.912,0.899,0.92,0.896,0.0,0.988,0.808,243097416.0,14500.0,220155281.52,13224.0,0.0,0.0,20230822,20230822,143508339,0.898,0.0,0.0,0.911,0.91,0.909,0.908,0.907,0.0,0.0,0.0,0.0,0.0,0.912,0.913,0.914,0.915,0.916,0.0,0.0,0.0,0.0,0.0,4565500.0,5862800.0,265100.0,112600.0,52300.0,0.0,0.0,0.0,0.0,0.0,176000.0,1179300.0,861500.0,2082400.0,374000.0,0.0,0.0,0.0,0.0,0.0
20230822143511312,SZSE,SZSE.ETF.159841,0.912,0.899,0.92,0.896,0.0,0.988,0.808,243097416.0,0.0,220155281.52,0.0,0.0,0.0,20230822,20230822,143511313,0.898,0.0,0.0,0.911,0.91,0.909,0.908,0.907,0.0,0.0,0.0,0.0,0.0,0.912,0.913,0.914,0.915,0.916,0.0,0.0,0.0,0.0,0.0,4415500.0,5632800.0,415100.0,112600.0,52300.0,0.0,0.0,0.0,0.0,0.0,192300.0,949300.0,453100.0,2082400.0,782400.0,0.0,0.0,0.0,0.0,0.0
20230822143514272,SZSE,SZSE.ETF.159841,0.912,0.899,0.92,0.896,0.0,0.988,0.808,243108216.0,10800.0,220165131.12,9849.59999999404,0.0,0.0,20230822,20230822,143514274,0.898,0.0,0.0,0.911,0.91,0.909,0.908,0.907,0.0,0.0,0.0,0.0,0.0,0.912,0.913,0.914,0.915,0.916,0.0,0.0,0.0,0.0,0.0,4426300.0,5747800.0,415100.0,112600.0,52300.0,0.0,0.0,0.0,0.0,0.0,176000.0,1064300.0,453100.0,2082400.0,374000.0,0.0,0.0,0.0,0.0,0.0
20230822143517356,SZSE,SZSE.ETF.159841,0.912,0.899,0.92,0.896,0.0,0.988,0.808,243109316.0,1100.0,220166134.32,1003.1999999880791,0.0,0.0,20230822,20230822,143517356,0.898,0.0,0.0,0.911,0.91,0.909,0.908,0.907,0.0,0.0,0.0,0.0,0.0,0.912,0.913,0.914,0.915,0.916,0.0,0.0,0.0,0.0,0.0,4427400.0,5747800.0,415100.0,112600.0,52300.0,0.0,0.0,0.0,0.0,0.0,176000.0,1064300.0,483100.0,2082400.0,782400.0,0.0,0.0,0.0,0.0,0.0
20230822143520284,SZSE,SZSE.ETF.159841,0.911,0.899,0.92,0.896,0.0,0.988,0.808,243400116.0,290800.0,220431053.12,264918.8000000119,0.0,0.0,20230822,20230822,143520283,0.898,0.0,0.0,0.911,0.91,0.909,0.908,0.907,0.0,0.0,0.0,0.0,0.0,0.912,0.913,0.914,0.915,0.916,0.0,0.0,0.0,0.0,0.0,4286600.0,5747800.0,265100.0,112600.0,52300.0,0.0,0.0,0.0,0.0,0.0,174700.0,1064300.0,483100.0,2082400.0,782400.0,0.0,0.0,0.0,0.0,0.0
20230822143523260,SZSE,SZSE.ETF.159841,0.912,0.899,0.92,0.896,0.0,0.988,0.808,243503416.0,103300.0,220525162.72,94109.59999999404,0.0,0.0,20230822,20230822,143523261,0.898,0.0,0.0,0.911,0.91,0.909,0.908,0.907,0.0,0.0,0.0,0.0,0.0,0.912,0.913,0.914,0.915,0.916,0.0,0.0,0.0,0.0,0.0,4577000.0,5747800.0,265100.0,112600.0,53400.0,0.0,0.0,0.0,0.0,0.0,86400.0,1064300.0,483100.0,2082400.0,782400.0,0.0,0.0,0.0,0.0,0.0
20230822143526256,SZSE,SZSE.ETF.159841,0.911,0.899,0.92,0.896,0.0,0.988,0.808,243653416.0,150000.0,220661812.72,136650.0,0.0,0.0,20230822,20230822,143526258,0.898,0.0,0.0,0.911,0.91,0.909,0.908,0.907,0.0,0.0,0.0,0.0,0.0,0.912,0.913,0.914,0.915,0.916,0.0,0.0,0.0,0.0,0.0,4277000.0,5747800.0,415100.0,112600.0,53400.0,0.0,0.0,0.0,0.0,0.0,86400.0,1064300.0,483100.0,2082400.0,782400.0,0.0,0.0,0.0,0.0,0.0
20230822143529260,SZSE,SZSE.ETF.159841,0.911,0.899,0.92,0.896,0.0,0.988,0.808,243653416.0,0.0,220661812.72,0.0,0.0,0.0,20230822,20230822,143529259,0.898,0.0,0.0,0.911,0.91,0.909,0.908,0.907,0.0,0.0,0.0,0.0,0.0,0.912,0.913,0.914,0.915,0.916,0.0,0.0,0.0,0.0,0.0,4427000.0,5632800.0,415200.0,125600.0,53400.0,0.0,0.0,0.0,0.0,0.0,110200.0,949300.0,483100.0,2082400.0,782400.0,0.0,0.0,0.0,0.0,0.0
20230822143532252,SZSE,SZSE.ETF.159841,0.911,0.899,0.92,0.896,0.0,0.988,0.808,243676116.0,22700.0,220682492.42,20679.69999998808,0.0,0.0,20230822,20230822,143532253,0.898,0.0,0.0,0.911,0.91,0.909,0.908,0.907,0.0,0.0,0.0,0.0,0.0,0.912,0.913,0.914,0.915,0.916,0.0,0.0,0.0,0.0,0.0,4386700.0,5632800.0,415200.0,125600.0,53400.0,0.0,0.0,0.0,0.0,0.0,110200.0,949300.0,891500.0,2082400.0,374000.0,0.0,0.0,0.0,0.0,0.0
20230822143535240,SZSE,SZSE.ETF.159841,0.911,0.899,0.92,0.896,0.0,0.988,0.808,243680016.0,3900.0,220686045.32,3552.9000000059605,0.0,0.0,20230822,20230822,143535238,0.898,0.0,0.0,0.911,0.91,0.909,0.908,0.907,0.0,0.0,0.0,0.0,0.0,0.912,0.913,0.914,0.915,0.916,0.0,0.0,0.0,0.0,0.0,5009400.0,5747800.0,415200.0,225600.0,53400.0,0.0,0.0,0.0,0.0,0.0,108900.0,1064300.0,891500.0,2082400.0,374000.0,0.0,0.0,0.0,0.0,0.0
20230822143538232,SZSE,SZSE.ETF.159841,0.911,0.899,0.92,0.896,0.0,0.988,0.808,243681316.0,1300.0,220687229.62,1184.300000011921,0.0,0.0,20230822,20230822,143538230,0.898,0.0,0.0,0.911,0.91,0.909,0.908,0.907,0.0,0.0,0.0,0.0,0.0,0.912,0.913,0.914,0.915,0.916,0.0,0.0,0.0,0.0,0.0,5029400.0,5747800.0,415200.0,225600.0,53400.0,0.0,0.0,0.0,0.0,0.0,85100.0,1064700.0,891500.0,2082400.0,374000.0,0.0,0.0,0.0,0.0,0.0
20230822143541216,SZSE,SZSE.ETF.159841,0.912,0.899,0.92,0.896,0.0,0.988,0.808,243685316.0,4000.0,220690874.62,3645.0,0.0,0.0,20230822,20230822,143541218,0.898,0.0,0.0,0.911,0.91,0.909,0.908,0.907,0.0,0.0,0.0,0.0,0.0,0.912,0.913,0.914,0.915,0.916,0.0,0.0,0.0,0.0,0.0,3032600.0,6347800.0,415200.0,225600.0,53400.0,0.0,0.0,0.0,0.0,0.0,84100.0,1064700.0,891500.0,2082400.0,374000.0,0.0,0.0,0.0,0.0,0.0
20230822143544228,SZSE,SZSE.ETF.159841,0.912,0.899,0.92,0.896,0.0,0.988,0.808,243708816.0,23500.0,220712296.62,21422.0,0.0,0.0,20230822,20230822,143544227,0.898,0.0,0.0,0.911,0.91,0.909,0.908,0.907,0.0,0.0,0.0,0.0,0.0,0.912,0.913,0.914,0.915,0.916,0.0,0.0,0.0,0.0,0.0,5029800.0,6347800.0,415200.0,225600.0,53400.0,0.0,0.0,0.0,0.0,0.0,70600.0,1065400.0,891500.0,2082400.0,374000.0,0.0,0.0,0.0,0.0,0.0
20230822143547216,SZSE,SZSE.ETF.159841,0.911,0.899,0.92,0.896,0.0,0.988,0.808,243729516.0,20700.0,220731173.02,18876.40000000596,0.0,0.0,20230822,20230822,143547217,0.898,0.0,0.0,0.911,0.91,0.909,0.908,0.907,0.0,0.0,0.0,0.0,0.0,0.912,0.913,0.914,0.915,0.916,0.0,0.0,0.0,0.0,0.0,5027800.0,6347800.0,415200.0,225600.0,53400.0,0.0,0.0,0.0,0.0,0.0,53900.0,1065400.0,891500.0,2082400.0,374000.0,0.0,0.0,0.0,0.0,0.0
20230822143550216,SZSE,SZSE.ETF.159841,0.911,0.899,0.92,0.896,0.0,0.988,0.808,243773816.0,44300.0,220771530.32,40357.29999998212,0.0,0.0,20230822,20230822,143550215,0.898,0.0,0.0,0.911,0.91,0.909,0.908,0.907,0.0,0.0,0.0,0.0,0.0,0.912,0.913,0.914,0.915,0.916,0.0,0.0,0.0,0.0,0.0,4486500.0,6847800.0,415200.0,225600.0,53400.0,0.0,0.0,0.0,0.0,0.0,198700.0,1265400.0,891500.0,1890400.0,374000.0,0.0,0.0,0.0,0.0,0.0
20230822143553232,SZSE,SZSE.ETF.159841,0.911,0.899,0.92,0.896,0.0,0.988,0.808,243773816.0,0.0,220771530.32,0.0,0.0,0.0,20230822,20230822,143553230,0.898,0.0,0.0,0.911,0.91,0.909,0.908,0.907,0.0,0.0,0.0,0.0,0.0,0.912,0.913,0.914,0.915,0.916,0.0,0.0,0.0,0.0,0.0,4506900.0,6847800.0,419200.0,225600.0,53400.0,0.0,0.0,0.0,0.0,0.0,198700.0,1067400.0,891500.0,2090400.0,374000.0,0.0,0.0,0.0,0.0,0.0
20230822143556232,SZSE,SZSE.ETF.159841,0.912,0.899,0.92,0.896,0.0,0.988,0.808,243784616.0,10800.0,220781379.92,9849.59999999404,0.0,0.0,20230822,20230822,143556234,0.898,0.0,0.0,0.911,0.91,0.909,0.908,0.907,0.0,0.0,0.0,0.0,0.0,0.912,0.913,0.914,0.915,0.916,0.0,0.0,0.0,0.0,0.0,2102700.0,6847800.0,827800.0,225600.0,48400.0,0.0,0.0,0.0,0.0,0.0,187900.0,1276900.0,893500.0,1890400.0,374000.0,0.0,0.0,0.0,0.0,0.0
20230822143559244,SZSE,SZSE.ETF.159841,0.912,0.899,0.92,0.896,0.0,0.988,0.808,243813416.0,28800.0,220807641.82,26261.90000000596,0.0,0.0,20230822,20230822,143559244,0.898,0.0,0.0,0.911,0.91,0.909,0.908,0.907,0.0,0.0,0.0,0.0,0.0,0.912,0.913,0.914,0.915,0.916,0.0,0.0,0.0,0.0,0.0,1999000.0,6947800.0,2825500.0,212600.0,48400.0,0.0,0.0,0.0,0.0,0.0,159100.0,1276900.0,893500.0,1890400.0,374000.0,0.0,0.0,0.0,0.0,0.0
20230822143602288,SZSE,SZSE.ETF.159841,0.912,0.899,0.92,0.896,0.0,0.988,0.808,243813416.0,0.0,220807641.82,0.0,0.0,0.0,20230822,20230822,143602286,0.898,0.0,0.0,0.911,0.91,0.909,0.908,0.907,0.0,0.0,0.0,0.0,0.0,0.912,0.913,0.914,0.915,0.916,0.0,0.0,0.0,0.0,0.0,1525100.0,7421700.0,2825500.0,212600.0,48400.0,0.0,0.0,0.0,0.0,0.0,190600.0,1276900.0,1461700.0,722200.0,374000.0,0.0,0.0,0.0,0.0,0.0
20230822143605264,SZSE,SZSE.ETF.159841,0.911,0.899,0.92,0.896,0.0,0.988,0.808,243823416.0,10000.0,220816751.82,9110.0,0.0,0.0,20230822,20230822,143605265,0.898,0.0,0.0,0.911,0.91,0.909,0.908,0.907,0.0,0.0,0.0,0.0,0.0,0.912,0.913,0.914,0.915,0.916,0.0,0.0,0.0,0.0,0.0,687900.0,7312200.0,3075500.0,212600.0,48400.0,0.0,0.0,0.0,0.0,0.0,440600.0,1276900.0,2061700.0,722200.0,94400.0,0.0,0.0,0.0,0.0,0.0
20230822143608316,SZSE,SZSE.ETF.159841,0.911,0.899,0.92,0.896,0.0,0.988,0.808,243823416.0,0.0,220816751.82,0.0,0.0,0.0,20230822,20230822,143608316,0.898,0.0,0.0,0.911,0.91,0.909,0.908,0.907,0.0,0.0,0.0,0.0,0.0,0.912,0.913,0.914,0.915,0.916,0.0,0.0,0.0,0.0,0.0,87900.0,3948100.0,4749400.0,2617800.0,48400.0,0.0,0.0,0.0,0.0,0.0,797700.0,2253500.0,1493500.0,313800.0,94400.0,0.0,0.0,0.0,0.0,0.0
20230822143611312,SZSE,SZSE.ETF.159841,0.911,0.899,0.92,0.896,0.0,0.988,0.808,243823416.0,0.0,220816751.82,0.0,0.0,0.0,20230822,20230822,143611312,0.898,0.0,0.0,0.911,0.91,0.909,0.908,0.907,0.0,0.0,0.0,0.0,0.0,0.912,0.913,0.914,0.915,0.916,0.0,0.0,0.0,0.0,0.0,87500.0,3548100.0,4275500.0,3241700.0,48400.0,0.0,0.0,0.0,0.0,0.0,1565900.0,1685300.0,1293500.0,63800.0,94400.0,0.0,0.0,0.0,0.0,0.0
20230822143614320,SZSE,SZSE.ETF.159841,0.911,0.899,0.92,0.896,0.0,0.988,0.808,243910916.0,87500.0,220896464.32,79712.5,0.0,0.0,20230822,20230822,143614320,0.898,0.0,0.0,0.91,0.909,0.908,0.907,0.906,0.0,0.0,0.0,0.0,0.0,0.911,0.912,0.913,0.914,0.915,0.0,0.0,0.0,0.0,0.0,2488200.0,4389000.0,4341700.0,48400.0,91500.0,0.0,0.0,0.0,0.0,0.0,1400.0,1109600.0,2743900.0,693500.0,313800.0,0.0,0.0,0.0,0.0,0.0
20230822143617336,SZSE,SZSE.ETF.159841,0.911,0.899,0.92,0.896,0.0,0.988,0.808,243911316.0,400.0,220896828.72,364.40000000596046,0.0,0.0,20230822,20230822,143617338,0.898,0.0,0.0,0.91,0.909,0.908,0.907,0.906,0.0,0.0,0.0,0.0,0.0,0.911,0.912,0.913,0.914,0.915,0.0,0.0,0.0,0.0,0.0,1923200.0,4504100.0,4541700.0,48400.0,91500.0,0.0,0.0,0.0,0.0,0.0,29100.0,1792800.0,1795700.0,693500.0,385300.0,0.0,0.0,0.0,0.0,0.0
20230822143620316,SZSE,SZSE.ETF.159841,0.911,0.899,0.92,0.896,0.0,0.988,0.808,243911316.0,0.0,220896828.72,0.0,0.0,0.0,20230822,20230822,143620317,0.898,0.0,0.0,0.91,0.909,0.908,0.907,0.906,0.0,0.0,0.0,0.0,0.0,0.911,0.912,0.913,0.914,0.915,0.0,0.0,0.0,0.0,0.0,1673200.0,4765700.0,4541700.0,48400.0,91500.0,0.0,0.0,0.0,0.0,0.0,35900.0,2057800.0,1795700.0,693500.0,385300.0,0.0,0.0,0.0,0.0,0.0
20230822143638284,SZSE,SZSE.ETF.159841,0.911,0.899,0.92,0.896,0.0,0.988,0.808,244107016.0,20000.0,221075024.12,18220.0,0.0,0.0,20230822,20230822,143638283,0.898,0.0,0.0,0.91,0.909,0.908,0.907,0.906,0.0,0.0,0.0,0.0,0.0,0.911,0.912,0.913,0.914,0.915,0.0,0.0,0.0,0.0,0.0,1632900.0,4550700.0,5391700.0,798400.0,96800.0,0.0,0.0,0.0,0.0,0.0,243700.0,2468200.0,1555000.0,285100.0,132400.0,0.0,0.0,0.0,0.0,0.0
20230822143641256,SZSE,SZSE.ETF.159841,0.911,0.899,0.92,0.896,0.0,0.988,0.808,244129016.0,22000.0,221095066.12,20042.0,0.0,0.0,20230822,20230822,143641257,0.898,0.0,0.0,0.91,0.909,0.908,0.907,0.906,0.0,0.0,0.0,0.0,0.0,0.911,0.912,0.913,0.914,0.915,0.0,0.0,0.0,0.0,0.0,1632900.0,4665700.0,5391700.0,798400.0,96800.0,0.0,0.0,0.0,0.0,0.0,492000.0,2484500.0,1555000.0,285100.0,132400.0,0.0,0.0,0.0,0.0,0.0
20230822143644268,SZSE,SZSE.ETF.159841,0.91,0.899,0.92,0.896,0.0,0.988,0.808,244204016.0,75000.0,221163336.12,68270.0,0.0,0.0,20230822,20230822,143644267,0.898,0.0,0.0,0.91,0.909,0.908,0.907,0.906,0.0,0.0,0.0,0.0,0.0,0.911,0.912,0.913,0.914,0.915,0.0,0.0,0.0,0.0,0.0,1577900.0,4664800.0,5397700.0,798400.0,96800.0,0.0,0.0,0.0,0.0,0.0,472000.0,2484500.0,1555000.0,285100.0,132400.0,0.0,0.0,0.0,0.0,0.0
20230822143647308,SZSE,SZSE.ETF.159841,0.91,0.899,0.92,0.896,0.0,0.988,0.808,244214016.0,10000.0,221172436.12,9100.0,0.0,0.0,20230822,20230822,143647309,0.898,0.0,0.0,0.91,0.909,0.908,0.907,0.906,0.0,0.0,0.0,0.0,0.0,0.911,0.912,0.913,0.914,0.915,0.0,0.0,0.0,0.0,0.0,1567900.0,4664800.0,5397700.0,798400.0,96800.0,0.0,0.0,0.0,0.0,0.0,672000.0,2484500.0,1355000.0,285100.0,132400.0,0.0,0.0,0.0,0.0,0.0
20230822143650268,SZSE,SZSE.ETF.159841,0.91,0.899,0.92,0.896,0.0,0.988,0.808,244214016.0,0.0,221172436.12,0.0,0.0,0.0,20230822,20230822,143650268,0.898,0.0,0.0,0.91,0.909,0.908,0.907,0.906,0.0,0.0,0.0,0.0,0.0,0.911,0.912,0.913,0.914,0.915,0.0,0.0,0.0,0.0,0.0,1567900.0,4664800.0,5397700.0,798400.0,96800.0,0.0,0.0,0.0,0.0,0.0,672000.0,1916300.0,1355000.0,285100.0,130600.0,0.0,0.0,0.0,0.0,0.0
20230822143653264,SZSE,SZSE.ETF.159841,0.91,0.899,0.92,0.896,0.0,0.988,0.808,244234016.0,20000.0,221190636.12,18200.0,0.0,0.0,20230822,20230822,143653264,0.898,0.0,0.0,0.91,0.909,0.908,0.907,0.906,0.0,0.0,0.0,0.0,0.0,0.911,0.912,0.913,0.914,0.915,0.0,0.0,0.0,0.0,0.0,1547900.0,5164800.0,5397700.0,798400.0,96800.0,0.0,0.0,0.0,0.0,0.0,672000.0,1916300.0,1923200.0,285100.0,130600.0,0.0,0.0,0.0,0.0,0.0
20230822143659264,SZSE,SZSE.ETF.159841,0.911,0.899,0.92,0.896,0.0,0.988,0.808,244429516.0,28000.0,221368541.62,25480.5,0.0,0.0,20230822,20230822,143659265,0.898,0.0,0.0,0.91,0.909,0.908,0.907,0.906,0.0,0.0,0.0,0.0,0.0,0.911,0.912,0.913,0.914,0.915,0.0,0.0,0.0,0.0,0.0,1352700.0,5138700.0,4923800.0,798400.0,96800.0,0.0,0.0,0.0,0.0,0.0,505100.0,1507900.0,2123200.0,285100.0,108800.0,0.0,0.0,0.0,0.0,0.0
20230822143702300,SZSE,SZSE.ETF.159841,0.911,0.899,0.92,0.896,0.0,0.988,0.808,244459516.0,30000.0,221395871.62,27330.0,0.0,0.0,20230822,20230822,143702300,0.898,0.0,0.0,0.91,0.909,0.908,0.907,0.906,0.0,0.0,0.0,0.0,0.0,0.911,0.912,0.913,0.914,0.915,0.0,0.0,0.0,0.0,0.0,1352700.0,5638700.0,4923800.0,798400.0,96800.0,0.0,0.0,0.0,0.0,0.0,548400.0,1916300.0,2123200.0,285100.0,108800.0,0.0,0.0,0.0,0.0,0.0
20230822143705292,SZSE,SZSE.ETF.159841,0.91,0.899,0.92,0.896,0.0,0.988,0.808,244479516.0,20000.0,221414071.62,18200.0,0.0,0.0,20230822,20230822,143705292,0.898,0.0,0.0,0.91,0.909,0.908,0.907,0.906,0.0,0.0,0.0,0.0,0.0,0.911,0.912,0.913,0.914,0.915,0.0,0.0,0.0,0.0,0.0,1326900.0,5788700.0,4923800.0,648400.0,96800.0,0.0,0.0,0.0,0.0,0.0,561600.0,1507900.0,2123200.0,285100.0,108800.0,0.0,0.0,0.0,0.0,0.0
20230822143708316,SZSE,SZSE.ETF.159841,0.911,0.899,0.92,0.896,0.0,0.988,0.808,244480516.0,1000.0,221414982.62,911.0,0.0,0.0,20230822,20230822,143708316,0.898,0.0,0.0,0.91,0.909,0.908,0.907,0.906,0.0,0.0,0.0,0.0,0.0,0.911,0.912,0.913,0.914,0.915,0.0,0.0,0.0,0.0,0.0,1326900.0,5788700.0,4923800.0,648400.0,96800.0,0.0,0.0,0.0,0.0,0.0,560600.0,1916300.0,2123200.0,285100.0,108800.0,0.0,0.0,0.0,0.0,0.0
20230822143711296,SZSE,SZSE.ETF.159841,0.911,0.899,0.92,0.896,0.0,0.988,0.808,244480516.0,0.0,221414982.62,0.0,0.0,0.0,20230822,20230822,143711295,0.898,0.0,0.0,0.91,0.909,0.908,0.907,0.906,0.0,0.0,0.0,0.0,0.0,0.911,0.912,0.913,0.914,0.915,0.0,0.0,0.0,0.0,0.0,1426900.0,5538700.0,4924800.0,798400.0,96800.0,0.0,0.0,0.0,0.0,0.0,560600.0,1507900.0,2123200.0,693500.0,108800.0,0.0,0.0,0.0,0.0,0.0
20230822143714300,SZSE,SZSE.ETF.159841,0.91,0.899,0.92,0.896,0.0,0.988,0.808,244502216.0,21700.0,221434729.62,19747.0,0.0,0.0,20230822,20230822,143714299,0.898,0.0,0.0,0.91,0.909,0.908,0.907,0.906,0.0,0.0,0.0,0.0,0.0,0.911,0.912,0.913,0.914,0.915,0.0,0.0,0.0,0.0,0.0,1659700.0,5538700.0,4674800.0,798400.0,96800.0,0.0,0.0,0.0,0.0,0.0,321700.0,1507900.0,2122100.0,693500.0,358800.0,0.0,0.0,0.0,0.0,0.0
20230822143717272,SZSE,SZSE.ETF.159841,0.91,0.899,0.92,0.896,0.0,0.988,0.808,244502216.0,0.0,221434729.62,0.0,0.0,0.0,20230822,20230822,143717274,0.898,0.0,0.0,0.91,0.909,0.908,0.907,0.906,0.0,0.0,0.0,0.0,0.0,0.911,0.912,0.913,0.914,0.915,0.0,0.0,0.0,0.0,0.0,1659700.0,5688700.0,4674800.0,648400.0,96800.0,0.0,0.0,0.0,0.0,0.0,476200.0,1507900.0,2122100.0,693500.0,358800.0,0.0,0.0,0.0,0.0,0.0
20230822143726208,SZSE,SZSE.ETF.159841,0.91,0.899,0.92,0.896,0.0,0.988,0.808,244512216.0,10000.0,221443829.62,9100.0,0.0,0.0,20230822,20230822,143726209,0.898,0.0,0.0,0.91,0.909,0.908,0.907,0.906,0.0,0.0,0.0,0.0,0.0,0.911,0.912,0.913,0.914,0.915,0.0,0.0,0.0,0.0,0.0,4577200.0,5214800.0,2280700.0,649400.0,206800.0,0.0,0.0,0.0,0.0,0.0,489400.0,1507900.0,1553900.0,1261700.0,358800.0,0.0,0.0,0.0,0.0,0.0
20230822143729208,SZSE,SZSE.ETF.159841,0.911,0.899,0.92,0.896,0.0,0.988,0.808,244676716.0,164500.0,221593528.22,149698.59999999404,0.0,0.0,20230822,20230822,143729210,0.898,0.0,0.0,0.91,0.909,0.908,0.907,0.906,0.0,0.0,0.0,0.0,0.0,0.911,0.912,0.913,0.914,0.915,0.0,0.0,0.0,0.0,0.0,5516300.0,5214800.0,1180700.0,649400.0,206800.0,0.0,0.0,0.0,0.0,0.0,486200.0,1507900.0,1553900.0,1261700.0,358800.0,0.0,0.0,0.0,0.0,0.0
20230822143732256,SZSE,SZSE.ETF.159841,0.911,0.899,0.92,0.896,0.0,0.988,0.808,245195216.0,518500.0,222065849.42,472321.1999999881,0.0,0.0,20230822,20230822,143732254,0.898,0.0,0.0,0.911,0.91,0.909,0.908,0.907,0.0,0.0,0.0,0.0,0.0,0.912,0.913,0.914,0.915,0.916,0.0,0.0,0.0,0.0,0.0,113800.0,6244100.0,4989700.0,1180700.0,649400.0,0.0,0.0,0.0,0.0,0.0,1083200.0,1063500.0,2061700.0,358800.0,96200.0,0.0,0.0,0.0,0.0,0.0
20230822143735236,SZSE,SZSE.ETF.159841,0.911,0.899,0.92,0.896,0.0,0.988,0.808,245225216.0,30000.0,222093179.42,27330.0,0.0,0.0,20230822,20230822,143735236,0.898,0.0,0.0,0.911,0.91,0.909,0.908,0.907,0.0,0.0,0.0,0.0,0.0,0.912,0.913,0.914,0.915,0.916,0.0,0.0,0.0,0.0,0.0,85100.0,6359100.0,4744700.0,1180700.0,649400.0,0.0,0.0,0.0,0.0,0.0,920000.0,750100.0,2061700.0,767200.0,96200.0,0.0,0.0,0.0,0.0,0.0
20230822143738216,SZSE,SZSE.ETF.159841,0.911,0.899,0.92,0.896,0.0,0.988,0.808,245230316.0,5100.0,222097825.52,4646.100000023842,0.0,0.0,20230822,20230822,143738215,0.898,0.0,0.0,0.911,0.91,0.909,0.908,0.907,0.0,0.0,0.0,0.0,0.0,0.912,0.913,0.914,0.915,0.916,0.0,0.0,0.0,0.0,0.0,180000.0,6724100.0,4744700.0,980700.0,649400.0,0.0,0.0,0.0,0.0,0.0,920000.0,1015100.0,2061700.0,358800.0,96200.0,0.0,0.0,0.0,0.0,0.0
20230822143741208,SZSE,SZSE.ETF.159841,0.911,0.899,0.92,0.896,0.0,0.988,0.808,245230916.0,600.0,222098372.12,546.5999999940395,0.0,0.0,20230822,20230822,143741210,0.898,0.0,0.0,0.911,0.91,0.909,0.908,0.907,0.0,0.0,0.0,0.0,0.0,0.912,0.913,0.914,0.915,0.916,0.0,0.0,0.0,0.0,0.0,944400.0,6724100.0,4744700.0,980700.0,649400.0,0.0,0.0,0.0,0.0,0.0,920000.0,1015100.0,2061700.0,767200.0,96200.0,0.0,0.0,0.0,0.0,0.0
20230822143744200,SZSE,SZSE.ETF.159841,0.912,0.899,0.92,0.896,0.0,0.988,0.808,245250916.0,20000.0,222116612.12,18240.0,0.0,0.0,20230822,20230822,143744201,0.898,0.0,0.0,0.911,0.91,0.909,0.908,0.907,0.0,0.0,0.0,0.0,0.0,0.912,0.913,0.914,0.915,0.916,0.0,0.0,0.0,0.0,0.0,944400.0,6724100.0,4744700.0,986500.0,649400.0,0.0,0.0,0.0,0.0,0.0,883700.0,1015100.0,2061700.0,767200.0,96200.0,0.0,0.0,0.0,0.0,0.0
20230822143747240,SZSE,SZSE.ETF.159841,0.912,0.899,0.92,0.896,0.0,0.988,0.808,245253216.0,2300.0,222118709.72,2097.5999999940395,0.0,0.0,20230822,20230822,143747238,0.898,0.0,0.0,0.911,0.91,0.909,0.908,0.907,0.0,0.0,0.0,0.0,0.0,0.912,0.913,0.914,0.915,0.916,0.0,0.0,0.0,0.0,0.0,970200.0,6874100.0,4494700.0,837000.0,649400.0,0.0,0.0,0.0,0.0,0.0,631400.0,1015100.0,2061700.0,695700.0,96200.0,0.0,0.0,0.0,0.0,0.0
20230822143750204,SZSE,SZSE.ETF.159841,0.912,0.899,0.92,0.896,0.0,0.988,0.808,245264516.0,11300.0,222129015.32,10305.59999999404,0.0,0.0,20230822,20230822,143750204,0.898,0.0,0.0,0.911,0.91,0.909,0.908,0.907,0.0,0.0,0.0,0.0,0.0,0.912,0.913,0.914,0.915,0.916,0.0,0.0,0.0,0.0,0.0,1681300.0,6874100.0,4494700.0,837000.0,649400.0,0.0,0.0,0.0,0.0,0.0,620100.0,1015100.0,2061700.0,695700.0,346200.0,0.0,0.0,0.0,0.0,0.0
20230822143753192,SZSE,SZSE.ETF.159841,0.912,0.899,0.92,0.896,0.0,0.988,0.808,245264516.0,0.0,222129015.32,0.0,0.0,0.0,20230822,20230822,143753191,0.898,0.0,0.0,0.911,0.91,0.909,0.908,0.907,0.0,0.0,0.0,0.0,0.0,0.912,0.913,0.914,0.915,0.916,0.0,0.0,0.0,0.0,0.0,1761300.0,6872100.0,4494700.0,837000.0,649400.0,0.0,0.0,0.0,0.0,0.0,620100.0,1015100.0,2061700.0,695700.0,346200.0,0.0,0.0,0.0,0.0,0.0
20230822143756216,SZSE,SZSE.ETF.159841,0.912,0.899,0.92,0.896,0.0,0.988,0.808,245264516.0,0.0,222129015.32,0.0,0.0,0.0,20230822,20230822,143756216,0.898,0.0,0.0,0.911,0.91,0.909,0.908,0.907,0.0,0.0,0.0,0.0,0.0,0.912,0.913,0.914,0.915,0.916,0.0,0.0,0.0,0.0,0.0,1774300.0,6872100.0,4494700.0,837000.0,649400.0,0.0,0.0,0.0,0.0,0.0,650100.0,995100.0,2061700.0,695700.0,346200.0,0.0,0.0,0.0,0.0,0.0
20230822143759212,SZSE,SZSE.ETF.159841,0.912,0.899,0.92,0.896,0.0,0.988,0.808,245269516.0,5000.0,222133575.32,4560.0,0.0,0.0,20230822,20230822,143759212,0.898,0.0,0.0,0.911,0.91,0.909,0.908,0.907,0.0,0.0,0.0,0.0,0.0,0.912,0.913,0.914,0.915,0.916,0.0,0.0,0.0,0.0,0.0,1774300.0,6757100.0,4494700.0,837000.0,649400.0,0.0,0.0,0.0,0.0,0.0,645100.0,880100.0,2061700.0,695700.0,346200.0,0.0,0.0,0.0,0.0,0.0
20230822143802244,SZSE,SZSE.ETF.159841,0.912,0.899,0.92,0.896,0.0,0.988,0.808,245269516.0,0.0,222133575.32,0.0,0.0,0.0,20230822,20230822,143802245,0.898,0.0,0.0,0.911,0.91,0.909,0.908,0.907,0.0,0.0,0.0,0.0,0.0,0.912,0.913,0.914,0.915,0.916,0.0,0.0,0.0,0.0,0.0,1690300.0,6757100.0,4494700.0,837000.0,649400.0,0.0,0.0,0.0,0.0,0.0,645100.0,995100.0,1493500.0,1263900.0,346200.0,0.0,0.0,0.0,0.0,0.0
20230822143805200,SZSE,SZSE.ETF.159841,0.912,0.899,0.92,0.896,0.0,0.988,0.808,245272316.0,2800.0,222136128.92,2553.5999999940395,0.0,0.0,20230822,20230822,143805199,0.898,0.0,0.0,0.911,0.91,0.909,0.908,0.907,0.0,0.0,0.0,0.0,0.0,0.912,0.913,0.914,0.915,0.916,0.0,0.0,0.0,0.0,0.0,2164200.0,6393200.0,4494700.0,837000.0,649400.0,0.0,0.0,0.0,0.0,0.0,642300.0,995100.0,1493500.0,1263900.0,346200.0,0.0,0.0,0.0,0.0,0.0
20230822143808236,SZSE,SZSE.ETF.159841,0.912,0.899,0.92,0.896,0.0,0.988,0.808,245286316.0,14000.0,222148896.92,12768.0,0.0,0.0,20230822,20230822,143808236,0.898,0.0,0.0,0.911,0.91,0.909,0.908,0.907,0.0,0.0,0.0,0.0,0.0,0.912,0.913,0.914,0.915,0.916,0.0,0.0,0.0,0.0,0.0,2164200.0,6367700.0,4494700.0,837000.0,649400.0,0.0,0.0,0.0,0.0,0.0,628300.0,995600.0,1493500.0,1263900.0,346200.0,0.0,0.0,0.0,0.0,0.0
20230822143811200,SZSE,SZSE.ETF.159841,0.912,0.899,0.92,0.896,0.0,0.988,0.808,245286316.0,0.0,222148896.92,0.0,0.0,0.0,20230822,20230822,143811200,0.898,0.0,0.0,0.911,0.91,0.909,0.908,0.907,0.0,0.0,0.0,0.0,0.0,0.912,0.913,0.914,0.915,0.916,0.0,0.0,0.0,0.0,0.0,2165200.0,6367700.0,4494700.0,837000.0,649400.0,0.0,0.0,0.0,0.0,0.0,628300.0,995600.0,1493500.0,1263900.0,346200.0,0.0,0.0,0.0,0.0,0.0
20230822143814200,SZSE,SZSE.ETF.159841,0.912,0.899,0.92,0.896,0.0,0.988,0.808,245312116.0,25800.0,222172426.52,23529.600000023842,0.0,0.0,20230822,20230822,143814200,0.898,0.0,0.0,0.911,0.91,0.909,0.908,0.907,0.0,0.0,0.0,0.0,0.0,0.912,0.913,0.914,0.915,0.916,0.0,0.0,0.0,0.0,0.0,2165200.0,6354300.0,4494700.0,837000.0,649400.0,0.0,0.0,0.0,0.0,0.0,602600.0,995600.0,1493500.0,1263900.0,346200.0,0.0,0.0,0.0,0.0,0.0
20230822143817280,SZSE,SZSE.ETF.159841,0.912,0.899,0.92,0.896,0.0,0.988,0.808,245471016.0,158900.0,222317343.32,144916.79999998212,0.0,0.0,20230822,20230822,143817278,0.898,0.0,0.0,0.911,0.91,0.909,0.908,0.907,0.0,0.0,0.0,0.0,0.0,0.912,0.913,0.914,0.915,0.916,0.0,0.0,0.0,0.0,0.0,1368200.0,6828200.0,4744700.0,837000.0,649400.0,0.0,0.0,0.0,0.0,0.0,693900.0,995600.0,2061700.0,695700.0,96200.0,0.0,0.0,0.0,0.0,0.0
20230822143820240,SZSE,SZSE.ETF.159841,0.912,0.899,0.92,0.896,0.0,0.988,0.808,245471016.0,0.0,222317343.32,0.0,0.0,0.0,20230822,20230822,143820240,0.898,0.0,0.0,0.911,0.91,0.909,0.908,0.907,0.0,0.0,0.0,0.0,0.0,0.912,0.913,0.914,0.915,0.916,0.0,0.0,0.0,0.0,0.0,1018200.0,6828200.0,4494700.0,837000.0,649400.0,0.0,0.0,0.0,0.0,0.0,443900.0,995700.0,2061700.0,695700.0,346200.0,0.0,0.0,0.0,0.0,0.0
20230822143823172,SZSE,SZSE.ETF.159841,0.912,0.899,0.92,0.896,0.0,0.988,0.808,245491016.0,20000.0,222335583.32,18240.0,0.0,0.0,20230822,20230822,143823171,0.898,0.0,0.0,0.911,0.91,0.909,0.908,0.907,0.0,0.0,0.0,0.0,0.0,0.912,0.913,0.914,0.915,0.916,0.0,0.0,0.0,0.0,0.0,1076100.0,6828200.0,4494700.0,837000.0,649400.0,0.0,0.0,0.0,0.0,0.0,423900.0,995200.0,2061700.0,695700.0,346200.0,0.0,0.0,0.0,0.0,0.0
20230822143826172,SZSE,SZSE.ETF.159841,0.912,0.899,0.92,0.896,0.0,0.988,0.808,245491016.0,0.0,222335583.32,0.0,0.0,0.0,20230822,20230822,143826172,0.898,0.0,0.0,0.911,0.91,0.909,0.908,0.907,0.0,0.0,0.0,0.0,0.0,0.912,0.913,0.914,0.915,0.916,0.0,0.0,0.0,0.0,0.0,1550000.0,6354300.0,4494700.0,837000.0,649400.0,0.0,0.0,0.0,0.0,0.0,423900.0,995200.0,1493500.0,1263900.0,346200.0,0.0,0.0,0.0,0.0,0.0
20230822143829152,SZSE,SZSE.ETF.159841,0.912,0.899,0.92,0.896,0.0,0.988,0.808,245496016.0,5000.0,222340143.32,4560.0,0.0,0.0,20230822,20230822,143829152,0.898,0.0,0.0,0.911,0.91,0.909,0.908,0.907,0.0,0.0,0.0,0.0,0.0,0.912,0.913,0.914,0.915,0.916,0.0,0.0,0.0,0.0,0.0,2150000.0,6354300.0,3894700.0,837000.0,649400.0,0.0,0.0,0.0,0.0,0.0,442400.0,995200.0,893500.0,1863900.0,346200.0,0.0,0.0,0.0,0.0,0.0
20230822143832160,SZSE,SZSE.ETF.159841,0.912,0.899,0.92,0.896,0.0,0.988,0.808,245496016.0,0.0,222340143.32,0.0,0.0,0.0,20230822,20230822,143832162,0.898,0.0,0.0,0.911,0.91,0.909,0.908,0.907,0.0,0.0,0.0,0.0,0.0,0.912,0.913,0.914,0.915,0.916,0.0,0.0,0.0,0.0,0.0,2650000.0,6354300.0,3394700.0,837000.0,649400.0,0.0,0.0,0.0,0.0,0.0,442400.0,995200.0,893500.0,1863900.0,346200.0,0.0,0.0,0.0,0.0,0.0
20230822143835180,SZSE,SZSE.ETF.159841,0.912,0.899,0.92,0.896,0.0,0.988,0.808,245496016.0,0.0,222340143.32,0.0,0.0,0.0,20230822,20230822,143835179,0.898,0.0,0.0,0.911,0.91,0.909,0.908,0.907,0.0,0.0,0.0,0.0,0.0,0.912,0.913,0.914,0.915,0.916,0.0,0.0,0.0,0.0,0.0,4555200.0,6354300.0,989500.0,837000.0,649400.0,0.0,0.0,0.0,0.0,0.0,442400.0,999700.0,893500.0,1863900.0,346200.0,0.0,0.0,0.0,0.0,0.0
20230822143838160,SZSE,SZSE.ETF.159841,0.912,0.899,0.92,0.896,0.0,0.988,0.808,246038416.0,542400.0,222834530.52,494387.2000000179,0.0,0.0,20230822,20230822,143838159,0.898,0.0,0.0,0.912,0.911,0.91,0.909,0.908,0.0,0.0,0.0,0.0,0.0,0.913,0.914,0.915,0.916,0.917,0.0,0.0,0.0,0.0,0.0,340200.0,2096600.0,6244400.0,3394700.0,837000.0,0.0,0.0,0.0,0.0,0.0,890100.0,1003000.0,1863900.0,346200.0,105100.0,0.0,0.0,0.0,0.0,0.0
20230822143841148,SZSE,SZSE.ETF.159841,0.912,0.899,0.92,0.896,0.0,0.988,0.808,246038416.0,0.0,222834530.52,0.0,0.0,0.0,20230822,20230822,143841148,0.898,0.0,0.0,0.912,0.911,0.91,0.909,0.908,0.0,0.0,0.0,0.0,0.0,0.913,0.914,0.915,0.916,0.917,0.0,0.0,0.0,0.0,0.0,357300.0,4816800.0,5864400.0,789500.0,837000.0,0.0,0.0,0.0,0.0,0.0,510100.0,1118000.0,1263900.0,346200.0,105100.0,0.0,0.0,0.0,0.0,0.0
20230822143844160,SZSE,SZSE.ETF.159841,0.912,0.899,0.92,0.896,0.0,0.988,0.808,246038416.0,0.0,222834530.52,0.0,0.0,0.0,20230822,20230822,143844160,0.898,0.0,0.0,0.912,0.911,0.91,0.909,0.908,0.0,0.0,0.0,0.0,0.0,0.913,0.914,0.915,0.916,0.917,0.0,0.0,0.0,0.0,0.0,27100.0,3016800.0,5864400.0,2786300.0,837000.0,0.0,0.0,0.0,0.0,0.0,510100.0,1983000.0,1263900.0,346200.0,105100.0,0.0,0.0,0.0,0.0,0.0
20230822143847156,SZSE,SZSE.ETF.159841,0.912,0.899,0.92,0.896,0.0,0.988,0.808,246038416.0,0.0,222834530.52,0.0,0.0,0.0,20230822,20230822,143847155,0.898,0.0,0.0,0.912,0.911,0.91,0.909,0.908,0.0,0.0,0.0,0.0,0.0,0.913,0.914,0.915,0.916,0.917,0.0,0.0,0.0,0.0,0.0,116100.0,5422000.0,5864400.0,789500.0,837000.0,0.0,0.0,0.0,0.0,0.0,996400.0,1383000.0,1863900.0,346200.0,105100.0,0.0,0.0,0.0,0.0,0.0
20230822143850180,SZSE,SZSE.ETF.159841,0.912,0.899,0.92,0.896,0.0,0.988,0.808,246038416.0,0.0,222834530.52,0.0,0.0,0.0,20230822,20230822,143850179,0.898,0.0,0.0,0.912,0.911,0.91,0.909,0.908,0.0,0.0,0.0,0.0,0.0,0.913,0.914,0.915,0.916,0.917,0.0,0.0,0.0,0.0,0.0,116100.0,5922000.0,5864400.0,789500.0,837000.0,0.0,0.0,0.0,0.0,0.0,996400.0,974600.0,1863900.0,346200.0,105100.0,0.0,0.0,0.0,0.0,0.0
20230822143853160,SZSE,SZSE.ETF.159841,0.912,0.899,0.92,0.896,0.0,0.988,0.808,246038416.0,0.0,222834530.52,0.0,0.0,0.0,20230822,20230822,143853158,0.898,0.0,0.0,0.912,0.911,0.91,0.909,0.908,0.0,0.0,0.0,0.0,0.0,0.913,0.914,0.915,0.916,0.917,0.0,0.0,0.0,0.0,0.0,456300.0,5581800.0,5864400.0,789500.0,837000.0,0.0,0.0,0.0,0.0,0.0,996400.0,974600.0,1863900.0,346200.0,105100.0,0.0,0.0,0.0,0.0,0.0
20230822143856168,SZSE,SZSE.ETF.159841,0.912,0.899,0.92,0.896,0.0,0.988,0.808,246063416.0,25000.0,222857335.52,22805.0,0.0,0.0,20230822,20230822,143856168,0.898,0.0,0.0,0.912,0.911,0.91,0.909,0.908,0.0,0.0,0.0,0.0,0.0,0.913,0.914,0.915,0.916,0.917,0.0,0.0,0.0,0.0,0.0,1036300.0,5581800.0,5867400.0,789500.0,837000.0,0.0,0.0,0.0,0.0,0.0,791400.0,974600.0,2063900.0,754600.0,105100.0,0.0,0.0,0.0,0.0,0.0
20230822143859188,SZSE,SZSE.ETF.159841,0.912,0.899,0.92,0.896,0.0,0.988,0.808,246063416.0,0.0,222857335.52,0.0,0.0,0.0,20230822,20230822,143859187,0.898,0.0,0.0,0.912,0.911,0.91,0.909,0.908,0.0,0.0,0.0,0.0,0.0,0.913,0.914,0.915,0.916,0.917,0.0,0.0,0.0,0.0,0.0,1036300.0,5583800.0,5867400.0,789500.0,837000.0,0.0,0.0,0.0,0.0,0.0,901000.0,974600.0,2063900.0,754600.0,105100.0,0.0,0.0,0.0,0.0,0.0
20230822145356248,SZSE,SZSE.ETF.159841,0.914,0.899,0.92,0.896,0.0,0.988,0.808,257659916.0,0.0,233440362.72,0.0,0.0,0.0,20230822,20230822,145356246,0.898,0.0,0.0,0.913,0.912,0.911,0.91,0.909,0.0,0.0,0.0,0.0,0.0,0.914,0.915,0.916,0.917,0.918,0.0,0.0,0.0,0.0,0.0,209800.0,1401900.0,1354200.0,2558100.0,1330700.0,0.0,0.0,0.0,0.0,0.0,1243400.0,1021300.0,341700.0,109100.0,204700.0,0.0,0.0,0.0,0.0,0.0
20230822145359228,SZSE,SZSE.ETF.159841,0.914,0.899,0.92,0.896,0.0,0.988,0.808,257659916.0,0.0,233440362.72,0.0,0.0,0.0,20230822,20230822,145359228,0.898,0.0,0.0,0.913,0.912,0.911,0.91,0.909,0.0,0.0,0.0,0.0,0.0,0.914,0.915,0.916,0.917,0.918,0.0,0.0,0.0,0.0,0.0,210800.0,1401900.0,1359200.0,2558100.0,1330700.0,0.0,0.0,0.0,0.0,0.0,1243400.0,1021300.0,341700.0,109100.0,204700.0,0.0,0.0,0.0,0.0,0.0
20230822145402224,SZSE,SZSE.ETF.159841,0.914,0.899,0.92,0.896,0.0,0.988,0.808,257659916.0,0.0,233440362.72,0.0,0.0,0.0,20230822,20230822,145402226,0.898,0.0,0.0,0.913,0.912,0.911,0.91,0.909,0.0,0.0,0.0,0.0,0.0,0.914,0.915,0.916,0.917,0.918,0.0,0.0,0.0,0.0,0.0,213600.0,1396900.0,1359200.0,2558100.0,1330700.0,0.0,0.0,0.0,0.0,0.0,1252500.0,1021300.0,341700.0,109100.0,204700.0,0.0,0.0,0.0,0.0,0.0
20230822145405280,SZSE,SZSE.ETF.159841,0.913,0.899,0.92,0.896,0.0,0.988,0.808,257663816.0,3900.0,233443925.32,3562.5999999940395,0.0,0.0,20230822,20230822,145405278,0.898,0.0,0.0,0.913,0.912,0.911,0.91,0.909,0.0,0.0,0.0,0.0,0.0,0.914,0.915,0.916,0.917,0.918,0.0,0.0,0.0,0.0,0.0,211600.0,1396900.0,1359200.0,2358100.0,1330700.0,0.0,0.0,0.0,0.0,0.0,1230600.0,1021400.0,341700.0,109100.0,204700.0,0.0,0.0,0.0,0.0,0.0
20230822145408304,SZSE,SZSE.ETF.159841,0.914,0.899,0.92,0.896,0.0,0.988,0.808,257763816.0,100000.0,233535325.32,91400.0,0.0,0.0,20230822,20230822,145408302,0.898,0.0,0.0,0.913,0.912,0.911,0.91,0.909,0.0,0.0,0.0,0.0,0.0,0.914,0.915,0.916,0.917,0.918,0.0,0.0,0.0,0.0,0.0,216600.0,1396900.0,1359200.0,2558100.0,1330700.0,0.0,0.0,0.0,0.0,0.0,1130600.0,1021400.0,341700.0,109100.0,204700.0,0.0,0.0,0.0,0.0,0.0
20230822145411312,SZSE,SZSE.ETF.159841,0.914,0.899,0.92,0.896,0.0,0.988,0.808,257837616.0,73800.0,233602778.52,67453.20000001788,0.0,0.0,20230822,20230822,145411311,0.898,0.0,0.0,0.913,0.912,0.911,0.91,0.909,0.0,0.0,0.0,0.0,0.0,0.914,0.915,0.916,0.917,0.918,0.0,0.0,0.0,0.0,0.0,216600.0,1396900.0,1359200.0,2558100.0,1330700.0,0.0,0.0,0.0,0.0,0.0,1035000.0,1021400.0,341700.0,109100.0,204700.0,0.0,0.0,0.0,0.0,0.0
20230822145414292,SZSE,SZSE.ETF.159841,0.913,0.899,0.92,0.896,0.0,0.988,0.808,257847616.0,10000.0,233611908.52,9130.0,0.0,0.0,20230822,20230822,145414291,0.898,0.0,0.0,0.913,0.912,0.911,0.91,0.909,0.0,0.0,0.0,0.0,0.0,0.914,0.915,0.916,0.917,0.918,0.0,0.0,0.0,0.0,0.0,226600.0,1396900.0,1356200.0,2558100.0,1330700.0,0.0,0.0,0.0,0.0,0.0,1035000.0,1021400.0,341700.0,109100.0,214600.0,0.0,0.0,0.0,0.0,0.0
20230822145417272,SZSE,SZSE.ETF.159841,0.913,0.899,0.92,0.896,0.0,0.988,0.808,257847616.0,0.0,233611908.52,0.0,0.0,0.0,20230822,20230822,145417274,0.898,0.0,0.0,0.913,0.912,0.911,0.91,0.909,0.0,0.0,0.0,0.0,0.0,0.914,0.915,0.916,0.917,0.918,0.0,0.0,0.0,0.0,0.0,249200.0,1396900.0,1356200.0,2558100.0,1330700.0,0.0,0.0,0.0,0.0,0.0,1035000.0,1021400.0,358200.0,109100.0,214600.0,0.0,0.0,0.0,0.0,0.0
20230822145420248,SZSE,SZSE.ETF.159841,0.913,0.899,0.92,0.896,0.0,0.988,0.808,257847616.0,0.0,233611908.52,0.0,0.0,0.0,20230822,20230822,145420249,0.898,0.0,0.0,0.913,0.912,0.911,0.91,0.909,0.0,0.0,0.0,0.0,0.0,0.914,0.915,0.916,0.917,0.918,0.0,0.0,0.0,0.0,0.0,252200.0,1396900.0,1356200.0,2558100.0,1330700.0,0.0,0.0,0.0,0.0,0.0,1044000.0,1041400.0,358200.0,109100.0,214600.0,0.0,0.0,0.0,0.0,0.0
20230822145423232,SZSE,SZSE.ETF.159841,0.913,0.899,0.92,0.896,0.0,0.988,0.808,257847616.0,0.0,233611908.52,0.0,0.0,0.0,20230822,20230822,145423230,0.898,0.0,0.0,0.913,0.912,0.911,0.91,0.909,0.0,0.0,0.0,0.0,0.0,0.914,0.915,0.916,0.917,0.918,0.0,0.0,0.0,0.0,0.0,352200.0,1496900.0,1338500.0,2358100.0,1330700.0,0.0,0.0,0.0,0.0,0.0,1044000.0,1041400.0,381500.0,109100.0,214600.0,0.0,0.0,0.0,0.0,0.0
20230822145426228,SZSE,SZSE.ETF.159841,0.914,0.899,0.92,0.896,0.0,0.988,0.808,257871616.0,24000.0,233633840.52,21932.0,0.0,0.0,20230822,20230822,145426227,0.898,0.0,0.0,0.913,0.912,0.911,0.91,0.909,0.0,0.0,0.0,0.0,0.0,0.914,0.915,0.916,0.917,0.918,0.0,0.0,0.0,0.0,0.0,385000.0,1496900.0,1938500.0,2358100.0,730700.0,0.0,0.0,0.0,0.0,0.0,1151400.0,1041400.0,381500.0,109100.0,214600.0,0.0,0.0,0.0,0.0,0.0
20230822145429272,SZSE,SZSE.ETF.159841,0.914,0.899,0.92,0.896,0.0,0.988,0.808,258542816.0,671200.0,234247309.42,613468.8999999762,0.0,0.0,20230822,20230822,145429271,0.898,0.0,0.0,0.913,0.912,0.911,0.91,0.909,0.0,0.0,0.0,0.0,0.0,0.914,0.915,0.916,0.917,0.918,0.0,0.0,0.0,0.0,0.0,382100.0,1496900.0,1530100.0,2360100.0,730700.0,0.0,0.0,0.0,0.0,0.0,83000.0,1066400.0,381500.0,109100.0,214600.0,0.0,0.0,0.0,0.0,0.0
20230822145432252,SZSE,SZSE.ETF.159841,0.914,0.899,0.92,0.896,0.0,0.988,0.808,258544816.0,2000.0,234249137.42,1828.0,0.0,0.0,20230822,20230822,145432251,0.898,0.0,0.0,0.913,0.912,0.911,0.91,0.909,0.0,0.0,0.0,0.0,0.0,0.914,0.915,0.916,0.917,0.918,0.0,0.0,0.0,0.0,0.0,374100.0,1496900.0,1937500.0,2260100.0,730700.0,0.0,0.0,0.0,0.0,0.0,489400.0,1066400.0,381500.0,109100.0,214600.0,0.0,0.0,0.0,0.0,0.0
20230822145435256,SZSE,SZSE.ETF.159841,0.913,0.899,0.92,0.896,0.0,0.988,0.808,258613716.0,68900.0,234312063.32,62925.90000000596,0.0,0.0,20230822,20230822,145435257,0.898,0.0,0.0,0.913,0.912,0.911,0.91,0.909,0.0,0.0,0.0,0.0,0.0,0.914,0.915,0.916,0.917,0.918,0.0,0.0,0.0,0.0,0.0,325400.0,1381900.0,1937500.0,2259100.0,730700.0,0.0,0.0,0.0,0.0,0.0,413100.0,1080700.0,381500.0,109100.0,214600.0,0.0,0.0,0.0,0.0,0.0
20230822145438244,SZSE,SZSE.ETF.159841,0.914,0.899,0.92,0.896,0.0,0.988,0.808,258671216.0,57500.0,234364618.32,52555.0,0.0,0.0,20230822,20230822,145438244,0.898,0.0,0.0,0.913,0.912,0.911,0.91,0.909,0.0,0.0,0.0,0.0,0.0,0.914,0.915,0.916,0.917,0.918,0.0,0.0,0.0,0.0,0.0,320400.0,1381900.0,1529100.0,2259100.0,730700.0,0.0,0.0,0.0,0.0,0.0,100000.0,1115700.0,381500.0,109100.0,214600.0,0.0,0.0,0.0,0.0,0.0
20230822145441264,SZSE,SZSE.ETF.159841,0.914,0.899,0.92,0.896,0.0,0.988,0.808,258730316.0,59100.0,234418635.72,54017.40000000596,0.0,0.0,20230822,20230822,145441262,0.898,0.0,0.0,0.913,0.912,0.911,0.91,0.909,0.0,0.0,0.0,0.0,0.0,0.914,0.915,0.916,0.917,0.918,0.0,0.0,0.0,0.0,0.0,320400.0,1496900.0,1937500.0,2259100.0,730700.0,0.0,0.0,0.0,0.0,0.0,449300.0,1230700.0,381500.0,109100.0,214600.0,0.0,0.0,0.0,0.0,0.0
20230822145444280,SZSE,SZSE.ETF.159841,0.914,0.899,0.92,0.896,0.0,0.988,0.808,258822616.0,92300.0,234502997.92,84362.19999998808,0.0,0.0,20230822,20230822,145444281,0.898,0.0,0.0,0.914,0.913,0.912,0.911,0.91,0.0,0.0,0.0,0.0,0.0,0.915,0.916,0.917,0.918,0.919,0.0,0.0,0.0,0.0,0.0,31600.0,858400.0,1387200.0,1529100.0,2259100.0,0.0,0.0,0.0,0.0,0.0,1121400.0,899100.0,109100.0,214600.0,518800.0,0.0,0.0,0.0,0.0,0.0
20230822145447240,SZSE,SZSE.ETF.159841,0.914,0.899,0.92,0.896,0.0,0.988,0.808,258827616.0,5000.0,234507567.92,4570.0,0.0,0.0,20230822,20230822,145447238,0.898,0.0,0.0,0.914,0.913,0.912,0.911,0.91,0.0,0.0,0.0,0.0,0.0,0.915,0.916,0.917,0.918,0.919,0.0,0.0,0.0,0.0,0.0,39400.0,973400.0,1007200.0,1529100.0,2259100.0,0.0,0.0,0.0,0.0,0.0,752300.0,1014100.0,109100.0,214600.0,518800.0,0.0,0.0,0.0,0.0,0.0
20230822145450232,SZSE,SZSE.ETF.159841,0.915,0.899,0.92,0.896,0.0,0.988,0.808,258833616.0,6000.0,234513057.92,5490.0,0.0,0.0,20230822,20230822,145450233,0.898,0.0,0.0,0.914,0.913,0.912,0.911,0.91,0.0,0.0,0.0,0.0,0.0,0.915,0.916,0.917,0.918,0.919,0.0,0.0,0.0,0.0,0.0,39400.0,1238400.0,1007200.0,1529100.0,2259100.0,0.0,0.0,0.0,0.0,0.0,746300.0,1279100.0,109100.0,214600.0,518800.0,0.0,0.0,0.0,0.0,0.0
20230822145453216,SZSE,SZSE.ETF.159841,0.915,0.899,0.92,0.896,0.0,0.988,0.808,258833616.0,0.0,234513057.92,0.0,0.0,0.0,20230822,20230822,145453216,0.898,0.0,0.0,0.914,0.913,0.912,0.911,0.91,0.0,0.0,0.0,0.0,0.0,0.915,0.916,0.917,0.918,0.919,0.0,0.0,0.0,0.0,0.0,94800.0,1243400.0,1007200.0,1529100.0,2259100.0,0.0,0.0,0.0,0.0,0.0,746500.0,1279100.0,109100.0,214600.0,518800.0,0.0,0.0,0.0,0.0,0.0
20230822145456228,SZSE,SZSE.ETF.159841,0.915,0.899,0.92,0.896,0.0,0.988,0.808,258838516.0,4900.0,234517541.42,4483.5,0.0,0.0,20230822,20230822,145456228,0.898,0.0,0.0,0.914,0.913,0.912,0.911,0.91,0.0,0.0,0.0,0.0,0.0,0.915,0.916,0.917,0.918,0.919,0.0,0.0,0.0,0.0,0.0,117800.0,1243400.0,1007200.0,1326400.0,2259100.0,0.0,0.0,0.0,0.0,0.0,741600.0,1279100.0,109100.0,214600.0,518800.0,0.0,0.0,0.0,0.0,0.0
20230822145459228,SZSE,SZSE.ETF.159841,0.915,0.899,0.92,0.896,0.0,0.988,0.808,258867116.0,28600.0,234543710.42,26169.0,0.0,0.0,20230822,20230822,145459229,0.898,0.0,0.0,0.914,0.913,0.912,0.911,0.91,0.0,0.0,0.0,0.0,0.0,0.915,0.916,0.917,0.918,0.919,0.0,0.0,0.0,0.0,0.0,117800.0,1243400.0,1007200.0,1326400.0,2259100.0,0.0,0.0,0.0,0.0,0.0,713000.0,1279100.0,109100.0,214600.0,518800.0,0.0,0.0,0.0,0.0,0.0
20230822145502256,SZSE,SZSE.ETF.159841,0.915,0.899,0.92,0.896,0.0,0.988,0.808,258870116.0,3000.0,234546455.42,2745.0,0.0,0.0,20230822,20230822,145502256,0.898,0.0,0.0,0.914,0.913,0.912,0.911,0.91,0.0,0.0,0.0,0.0,0.0,0.915,0.916,0.917,0.918,0.919,0.0,0.0,0.0,0.0,0.0,142300.0,1243400.0,1007200.0,1317400.0,2259100.0,0.0,0.0,0.0,0.0,0.0,1310000.0,1285100.0,109100.0,214600.0,518800.0,0.0,0.0,0.0,0.0,0.0
20230822145505344,SZSE,SZSE.ETF.159841,0.915,0.899,0.92,0.896,0.0,0.988,0.808,258873316.0,3200.0,234549383.42,2928.0,0.0,0.0,20230822,20230822,145505342,0.898,0.0,0.0,0.914,0.913,0.912,0.911,0.91,0.0,0.0,0.0,0.0,0.0,0.915,0.916,0.917,0.918,0.919,0.0,0.0,0.0,0.0,0.0,142300.0,1286400.0,1003900.0,1317400.0,2259100.0,0.0,0.0,0.0,0.0,0.0,1306800.0,1285100.0,122600.0,214600.0,518800.0,0.0,0.0,0.0,0.0,0.0
20230822145508380,SZSE,SZSE.ETF.159841,0.915,0.899,0.92,0.896,0.0,0.988,0.808,258877316.0,4000.0,234553043.42,3660.0,0.0,0.0,20230822,20230822,145508380,0.898,0.0,0.0,0.914,0.913,0.912,0.911,0.91,0.0,0.0,0.0,0.0,0.0,0.915,0.916,0.917,0.918,0.919,0.0,0.0,0.0,0.0,0.0,136300.0,1071400.0,1003900.0,1317400.0,2259100.0,0.0,0.0,0.0,0.0,0.0,1314200.0,1170100.0,122600.0,214600.0,518800.0,0.0,0.0,0.0,0.0,0.0
20230822145511348,SZSE,SZSE.ETF.159841,0.915,0.899,0.92,0.896,0.0,0.988,0.808,258877316.0,0.0,234553043.42,0.0,0.0,0.0,20230822,20230822,145511347,0.898,0.0,0.0,0.914,0.913,0.912,0.911,0.91,0.0,0.0,0.0,0.0,0.0,0.915,0.916,0.917,0.918,0.919,0.0,0.0,0.0,0.0,0.0,136300.0,1071400.0,1003900.0,1317400.0,2239100.0,0.0,0.0,0.0,0.0,0.0,1314200.0,1170100.0,122600.0,214600.0,518800.0,0.0,0.0,0.0,0.0,0.0
20230822145514320,SZSE,SZSE.ETF.159841,0.915,0.899,0.92,0.896,0.0,0.988,0.808,258888316.0,11000.0,234563108.42,10065.0,0.0,0.0,20230822,20230822,145514321,0.898,0.0,0.0,0.914,0.913,0.912,0.911,0.91,0.0,0.0,0.0,0.0,0.0,0.915,0.916,0.917,0.918,0.919,0.0,0.0,0.0,0.0,0.0,136300.0,1186400.0,1003900.0,1317400.0,2239100.0,0.0,0.0,0.0,0.0,0.0,1303200.0,1285100.0,122600.0,214600.0,518800.0,0.0,0.0,0.0,0.0,0.0
20230822145517284,SZSE,SZSE.ETF.159841,0.914,0.899,0.92,0.896,0.0,0.988,0.808,259044616.0,156300.0,234705966.62,142858.20000001788,0.0,0.0,20230822,20230822,145517283,0.898,0.0,0.0,0.913,0.912,0.911,0.91,0.909,0.0,0.0,0.0,0.0,0.0,0.914,0.915,0.916,0.917,0.918,0.0,0.0,0.0,0.0,0.0,1076800.0,1113600.0,1317400.0,2239100.0,730700.0,0.0,0.0,0.0,0.0,0.0,254900.0,1417500.0,1175900.0,122600.0,214600.0,0.0,0.0,0.0,0.0,0.0
20230822145520252,SZSE,SZSE.ETF.159841,0.914,0.899,0.92,0.896,0.0,0.988,0.808,259044616.0,0.0,234705966.62,0.0,0.0,0.0,20230822,20230822,145520252,0.898,0.0,0.0,0.913,0.912,0.911,0.91,0.909,0.0,0.0,0.0,0.0,0.0,0.914,0.915,0.916,0.917,0.918,0.0,0.0,0.0,0.0,0.0,696800.0,1228600.0,1317400.0,2239100.0,730700.0,0.0,0.0,0.0,0.0,0.0,264900.0,1532500.0,800900.0,122600.0,214600.0,0.0,0.0,0.0,0.0,0.0
20230822145523264,SZSE,SZSE.ETF.159841,0.914,0.899,0.92,0.896,0.0,0.988,0.808,259127016.0,82400.0,234781280.22,75313.59999999404,0.0,0.0,20230822,20230822,145523263,0.898,0.0,0.0,0.913,0.912,0.911,0.91,0.909,0.0,0.0,0.0,0.0,0.0,0.914,0.915,0.916,0.917,0.918,0.0,0.0,0.0,0.0,0.0,288400.0,1178600.0,1317400.0,2239100.0,730700.0,0.0,0.0,0.0,0.0,0.0,182500.0,1797500.0,392500.0,122600.0,214600.0,0.0,0.0,0.0,0.0,0.0
20230822145526304,SZSE,SZSE.ETF.159841,0.913,0.899,0.92,0.896,0.0,0.988,0.808,259202616.0,75600.0,234850348.62,69068.40000000596,0.0,0.0,20230822,20230822,145526305,0.898,0.0,0.0,0.913,0.912,0.911,0.91,0.909,0.0,0.0,0.0,0.0,0.0,0.914,0.915,0.916,0.917,0.918,0.0,0.0,0.0,0.0,0.0,258400.0,1178600.0,1125800.0,2439100.0,1330700.0,0.0,0.0,0.0,0.0,0.0,545700.0,1797500.0,392500.0,122600.0,214600.0,0.0,0.0,0.0,0.0,0.0
20230822145529324,SZSE,SZSE.ETF.159841,0.914,0.899,0.92,0.896,0.0,0.988,0.808,259205616.0,3000.0,234853090.62,2742.0,0.0,0.0,20230822,20230822,145529323,0.898,0.0,0.0,0.913,0.912,0.911,0.91,0.909,0.0,0.0,0.0,0.0,0.0,0.914,0.915,0.916,0.917,0.918,0.0,0.0,0.0,0.0,0.0,254400.0,1293600.0,1125800.0,2389900.0,1330700.0,0.0,0.0,0.0,0.0,0.0,542700.0,1806000.0,392500.0,122600.0,214600.0,0.0,0.0,0.0,0.0,0.0
20230822145535252,SZSE,SZSE.ETF.159841,0.914,0.899,0.92,0.896,0.0,0.988,0.808,259205616.0,0.0,234853090.62,0.0,0.0,0.0,20230822,20230822,145535252,0.898,0.0,0.0,0.913,0.912,0.911,0.91,0.909,0.0,0.0,0.0,0.0,0.0,0.914,0.915,0.916,0.917,0.918,0.0,0.0,0.0,0.0,0.0,662800.0,1293600.0,717400.0,2386800.0,730700.0,0.0,0.0,0.0,0.0,0.0,134300.0,1899300.0,830900.0,122600.0,229600.0,0.0,0.0,0.0,0.0,0.0
20230822145538268,SZSE,SZSE.ETF.159841,0.914,0.899,0.92,0.896,0.0,0.988,0.808,259213016.0,7400.0,234859854.22,6763.5999999940395,0.0,0.0,20230822,20230822,145538267,0.898,0.0,0.0,0.913,0.912,0.911,0.91,0.909,0.0,0.0,0.0,0.0,0.0,0.914,0.915,0.916,0.917,0.918,0.0,0.0,0.0,0.0,0.0,274400.0,1293600.0,1725800.0,2386800.0,730700.0,0.0,0.0,0.0,0.0,0.0,542800.0,1899300.0,422500.0,122600.0,229600.0,0.0,0.0,0.0,0.0,0.0
20230822145541240,SZSE,SZSE.ETF.159841,0.914,0.899,0.92,0.896,0.0,0.988,0.808,259216016.0,3000.0,234862596.22,2742.0,0.0,0.0,20230822,20230822,145541242,0.898,0.0,0.0,0.913,0.912,0.911,0.91,0.909,0.0,0.0,0.0,0.0,0.0,0.914,0.915,0.916,0.917,0.918,0.0,0.0,0.0,0.0,0.0,682800.0,1378600.0,717400.0,2186800.0,1330700.0,0.0,0.0,0.0,0.0,0.0,131400.0,1784300.0,830900.0,122600.0,229600.0,0.0,0.0,0.0,0.0,0.0
20230822145544268,SZSE,SZSE.ETF.159841,0.914,0.899,0.92,0.896,0.0,0.988,0.808,259246016.0,30000.0,234890016.22,27420.0,0.0,0.0,20230822,20230822,145544267,0.898,0.0,0.0,0.913,0.912,0.911,0.91,0.909,0.0,0.0,0.0,0.0,0.0,0.914,0.915,0.916,0.917,0.918,0.0,0.0,0.0,0.0,0.0,274400.0,1293600.0,1125800.0,2386800.0,1330700.0,0.0,0.0,0.0,0.0,0.0,509800.0,1899300.0,422500.0,109100.0,229600.0,0.0,0.0,0.0,0.0,0.0
20230822145547272,SZSE,SZSE.ETF.159841,0.914,0.899,0.92,0.896,0.0,0.988,0.808,259401116.0,155100.0,235031654.52,141638.30000001192,0.0,0.0,20230822,20230822,145547272,0.898,0.0,0.0,0.913,0.912,0.911,0.91,0.909,0.0,0.0,0.0,0.0,0.0,0.914,0.915,0.916,0.917,0.918,0.0,0.0,0.0,0.0,0.0,219000.0,885200.0,717400.0,2386800.0,1330700.0,0.0,0.0,0.0,0.0,0.0,127100.0,1503800.0,422500.0,109100.0,229600.0,0.0,0.0,0.0,0.0,0.0
20230822145550276,SZSE,SZSE.ETF.159841,0.914,0.899,0.92,0.896,0.0,0.988,0.808,259401116.0,0.0,235031654.52,0.0,0.0,0.0,20230822,20230822,145550276,0.898,0.0,0.0,0.913,0.912,0.911,0.91,0.909,0.0,0.0,0.0,0.0,0.0,0.914,0.915,0.916,0.917,0.918,0.0,0.0,0.0,0.0,0.0,219000.0,835200.0,717400.0,2336800.0,1330700.0,0.0,0.0,0.0,0.0,0.0,127100.0,1503800.0,382500.0,108900.0,229300.0,0.0,0.0,0.0,0.0,0.0
20230822145553272,SZSE,SZSE.ETF.159841,0.914,0.899,0.92,0.896,0.0,0.988,0.808,259405216.0,4100.0,235035401.92,3747.399999976158,0.0,0.0,20230822,20230822,145553272,0.898,0.0,0.0,0.913,0.912,0.911,0.91,0.909,0.0,0.0,0.0,0.0,0.0,0.914,0.915,0.916,0.917,0.918,0.0,0.0,0.0,0.0,0.0,229000.0,720200.0,1317400.0,2336800.0,730700.0,0.0,0.0,0.0,0.0,0.0,150000.0,1402300.0,382500.0,108900.0,229300.0,0.0,0.0,0.0,0.0,0.0
20230822145556264,SZSE,SZSE.ETF.159841,0.914,0.899,0.92,0.896,0.0,0.988,0.808,259405216.0,0.0,235035401.92,0.0,0.0,0.0,20230822,20230822,145556263,0.898,0.0,0.0,0.913,0.912,0.911,0.91,0.909,0.0,0.0,0.0,0.0,0.0,0.914,0.915,0.916,0.917,0.918,0.0,0.0,0.0,0.0,0.0,329000.0,730200.0,717400.0,2336800.0,1330700.0,0.0,0.0,0.0,0.0,0.0,280600.0,814800.0,382500.0,108900.0,229300.0,0.0,0.0,0.0,0.0,0.0
20230822145559280,SZSE,SZSE.ETF.159841,0.914,0.899,0.92,0.896,0.0,0.988,0.808,259405216.0,0.0,235035401.92,0.0,0.0,0.0,20230822,20230822,145559279,0.898,0.0,0.0,0.913,0.912,0.911,0.91,0.909,0.0,0.0,0.0,0.0,0.0,0.914,0.915,0.916,0.917,0.918,0.0,0.0,0.0,0.0,0.0,329000.0,845200.0,717400.0,2336800.0,1330700.0,0.0,0.0,0.0,0.0,0.0,880600.0,929800.0,382500.0,108900.0,229300.0,0.0,0.0,0.0,0.0,0.0
20230822145602304,SZSE,SZSE.ETF.159841,0.913,0.899,0.92,0.896,0.0,0.988,0.808,259415716.0,10500.0,235044997.72,9595.800000011921,0.0,0.0,20230822,20230822,145602306,0.898,0.0,0.0,0.913,0.912,0.911,0.91,0.909,0.0,0.0,0.0,0.0,0.0,0.914,0.915,0.916,0.917,0.918,0.0,0.0,0.0,0.0,0.0,329000.0,1045200.0,1317400.0,2136800.0,730700.0,0.0,0.0,0.0,0.0,0.0,872500.0,929800.0,382500.0,108900.0,229300.0,0.0,0.0,0.0,0.0,0.0
20230822145605344,SZSE,SZSE.ETF.159841,0.914,0.899,0.92,0.896,0.0,0.988,0.808,259432916.0,17200.0,235060718.52,15720.800000011921,0.0,0.0,20230822,20230822,145605344,0.898,0.0,0.0,0.913,0.912,0.911,0.91,0.909,0.0,0.0,0.0,0.0,0.0,0.914,0.915,0.916,0.917,0.918,0.0,0.0,0.0,0.0,0.0,329000.0,1045200.0,1317400.0,2136800.0,730700.0,0.0,0.0,0.0,0.0,0.0,855300.0,929800.0,442500.0,108900.0,229300.0,0.0,0.0,0.0,0.0,0.0
20230822145608332,SZSE,SZSE.ETF.159841,0.913,0.899,0.92,0.896,0.0,0.988,0.808,259446916.0,14000.0,235073510.52,12792.0,0.0,0.0,20230822,20230822,145608331,0.898,0.0,0.0,0.913,0.912,0.911,0.91,0.909,0.0,0.0,0.0,0.0,0.0,0.914,0.915,0.916,0.917,0.918,0.0,0.0,0.0,0.0,0.0,329000.0,1045200.0,717400.0,2136800.0,730700.0,0.0,0.0,0.0,0.0,0.0,849300.0,929800.0,442500.0,108900.0,229300.0,0.0,0.0,0.0,0.0,0.0
20230822145611316,SZSE,SZSE.ETF.159841,0.913,0.899,0.92,0.896,0.0,0.988,0.808,259446916.0,0.0,235073510.52,0.0,0.0,0.0,20230822,20230822,145611315,0.898,0.0,0.0,0.913,0.912,0.911,0.91,0.909,0.0,0.0,0.0,0.0,0.0,0.914,0.915,0.916,0.917,0.918,0.0,0.0,0.0,0.0,0.0,311700.0,845200.0,1317400.0,2336800.0,730400.0,0.0,0.0,0.0,0.0,0.0,849300.0,932800.0,442500.0,108900.0,229300.0,0.0,0.0,0.0,0.0,0.0
20230822145614284,SZSE,SZSE.ETF.159841,0.913,0.899,0.92,0.896,0.0,0.988,0.808,259461916.0,15000.0,235087215.52,13705.0,0.0,0.0,20230822,20230822,145614284,0.898,0.0,0.0,0.913,0.912,0.911,0.91,0.909,0.0,0.0,0.0,0.0,0.0,0.914,0.915,0.916,0.917,0.918,0.0,0.0,0.0,0.0,0.0,311700.0,935700.0,717400.0,2336800.0,730400.0,0.0,0.0,0.0,0.0,0.0,884300.0,932800.0,442500.0,109900.0,229300.0,0.0,0.0,0.0,0.0,0.0
20230822145617332,SZSE,SZSE.ETF.159841,0.914,0.899,0.92,0.896,0.0,0.988,0.808,259462916.0,1000.0,235088129.52,914.0,0.0,0.0,20230822,20230822,145617333,0.898,0.0,0.0,0.913,0.912,0.911,0.91,0.909,0.0,0.0,0.0,0.0,0.0,0.914,0.915,0.916,0.917,0.918,0.0,0.0,0.0,0.0,0.0,316600.0,935700.0,1317400.0,2336800.0,730400.0,0.0,0.0,0.0,0.0,0.0,883300.0,932800.0,442500.0,109900.0,229300.0,0.0,0.0,0.0,0.0,0.0
20230822145620284,SZSE,SZSE.ETF.159841,0.914,0.899,0.92,0.896,0.0,0.988,0.808,259462916.0,0.0,235088129.52,0.0,0.0,0.0,20230822,20230822,145620285,0.898,0.0,0.0,0.913,0.912,0.911,0.91,0.909,0.0,0.0,0.0,0.0,0.0,0.914,0.915,0.916,0.917,0.918,0.0,0.0,0.0,0.0,0.0,316600.0,935700.0,717400.0,2336800.0,1330400.0,0.0,0.0,0.0,0.0,0.0,883300.0,932800.0,442500.0,109900.0,229300.0,0.0,0.0,0.0,0.0,0.0
20230822145623272,SZSE,SZSE.ETF.159841,0.914,0.899,0.92,0.896,0.0,0.988,0.808,259482916.0,20000.0,235106409.52,18280.0,0.0,0.0,20230822,20230822,145623272,0.898,0.0,0.0,0.913,0.912,0.911,0.91,0.909,0.0,0.0,0.0,0.0,0.0,0.914,0.915,0.916,0.917,0.918,0.0,0.0,0.0,0.0,0.0,316600.0,935700.0,717400.0,2336800.0,1330400.0,0.0,0.0,0.0,0.0,0.0,863300.0,932800.0,442500.0,109900.0,229300.0,0.0,0.0,0.0,0.0,0.0
20230822145626280,SZSE,SZSE.ETF.159841,0.914,0.899,0.92,0.896,0.0,0.988,0.808,259546616.0,63700.0,235164631.32,58221.79999998212,0.0,0.0,20230822,20230822,145626278,0.898,0.0,0.0,0.913,0.912,0.911,0.91,0.909,0.0,0.0,0.0,0.0,0.0,0.914,0.915,0.916,0.917,0.918,0.0,0.0,0.0,0.0,0.0,316600.0,820700.0,717400.0,2336800.0,1330400.0,0.0,0.0,0.0,0.0,0.0,799600.0,817800.0,442500.0,109900.0,229300.0,0.0,0.0,0.0,0.0,0.0
