time,exchg,code,price,open,high,low,settle_price,upper_limit,lower_limit,total_volume,volume,total_turnover,turnover,open_interest,diff_interest,trading_date,action_date,action_time,pre_close,pre_settle,pre_interest,bid_price_0,bid_price_1,bid_price_2,bid_price_3,bid_price_4,bid_price_5,bid_price_6,bid_price_7,bid_price_8,bid_price_9,ask_price_0,ask_price_1,ask_price_2,ask_price_3,ask_price_4,ask_price_5,ask_price_6,ask_price_7,ask_price_8,ask_price_9,bid_qty_0,bid_qty_1,bid_qty_2,bid_qty_3,bid_qty_4,bid_qty_5,bid_qty_6,bid_qty_7,bid_qty_8,bid_qty_9,ask_qty_0,ask_qty_1,ask_qty_2,ask_qty_3,ask_qty_4,ask_qty_5,ask_qty_6,ask_qty_7,ask_qty_8,ask_qty_9
20230822142532256,SZSE,SZSE.ETF.159995,0.949,0.942,0.951,0.924,0.0,1.032,0.844,474615925.0,47100.0,444660346.834,44717.89999997616,0.0,0.0,20230822,20230822,142532254,0.938,0.0,0.0,0.949,0.948,0.947,0.946,0.945,0.0,0.0,0.0,0.0,0.0,0.95,0.951,0.952,0.953,0.954,0.0,0.0,0.0,0.0,0.0,6371300.0,7857700.0,5424600.0,319500.0,328700.0,0.0,0.0,0.0,0.0,0.0,2023300.0,4015800.0,1693900.0,2600100.0,1373700.0,0.0,0.0,0.0,0.0,0.0
20230822142535284,SZSE,SZSE.ETF.159995,0.949,0.942,0.951,0.924,0.0,1.032,0.844,476617725.0,2001800.0,446561055.034,1900708.199999988,0.0,0.0,20230822,20230822,142535283,0.938,0.0,0.0,0.949,0.948,0.947,0.946,0.945,0.0,0.0,0.0,0.0,0.0,0.95,0.951,0.952,0.953,0.954,0.0,0.0,0.0,0.0,0.0,6356000.0,7977900.0,4424600.0,329500.0,328700.0,0.0,0.0,0.0,0.0,0.0,820600.0,4010800.0,2693900.0,2600100.0,1413700.0,0.0,0.0,0.0,0.0,0.0
20230822142538288,SZSE,SZSE.ETF.159995,0.949,0.942,0.951,0.924,0.0,1.032,0.844,476674125.0,56400.0,446614580.734,53525.700000047684,0.0,0.0,20230822,20230822,142538287,0.938,0.0,0.0,0.949,0.948,0.947,0.946,0.945,0.0,0.0,0.0,0.0,0.0,0.95,0.951,0.952,0.953,0.954,0.0,0.0,0.0,0.0,0.0,6301700.0,7857900.0,4424600.0,329500.0,328700.0,0.0,0.0,0.0,0.0,0.0,939800.0,4031100.0,2691900.0,2600100.0,1413700.0,0.0,0.0,0.0,0.0,0.0
20230822142541236,SZSE,SZSE.ETF.159995,0.949,0.942,0.951,0.924,0.0,1.032,0.844,476795125.0,121000.0,446729509.734,114929.0,0.0,0.0,20230822,20230822,142541237,0.938,0.0,0.0,0.949,0.948,0.947,0.946,0.945,0.0,0.0,0.0,0.0,0.0,0.95,0.951,0.952,0.953,0.954,0.0,0.0,0.0,0.0,0.0,10280700.0,7977900.0,424600.0,329500.0,328700.0,0.0,0.0,0.0,0.0,0.0,944600.0,4151100.0,2691900.0,2600100.0,1413700.0,0.0,0.0,0.0,0.0,0.0
20230822142544260,SZSE,SZSE.ETF.159995,0.949,0.942,0.951,0.924,0.0,1.032,0.844,476795125.0,0.0,446729509.734,0.0,0.0,0.0,20230822,20230822,142544260,0.938,0.0,0.0,0.949,0.948,0.947,0.946,0.945,0.0,0.0,0.0,0.0,0.0,0.95,0.951,0.952,0.953,0.954,0.0,0.0,0.0,0.0,0.0,11280700.0,7851900.0,424600.0,329500.0,333700.0,0.0,0.0,0.0,0.0,0.0,1390000.0,4022300.0,2699900.0,2600100.0,1413700.0,0.0,0.0,0.0,0.0,0.0
20230822142547264,SZSE,SZSE.ETF.159995,0.949,0.942,0.951,0.924,0.0,1.032,0.844,476808125.0,13000.0,446741848.734,12339.0,0.0,0.0,20230822,20230822,142547265,0.938,0.0,0.0,0.949,0.948,0.947,0.946,0.945,0.0,0.0,0.0,0.0,0.0,0.95,0.951,0.952,0.953,0.954,0.0,0.0,0.0,0.0,0.0,11420700.0,7971900.0,424600.0,179500.0,333700.0,0.0,0.0,0.0,0.0,0.0,1469100.0,4003300.0,2839900.0,2601100.0,1413700.0,0.0,0.0,0.0,0.0,0.0
20230822142844264,SZSE,SZSE.ETF.159995,0.95,0.942,0.951,0.924,0.0,1.032,0.844,490013825.0,118800.0,459285228.734,112966.20000004768,0.0,0.0,20230822,20230822,142844264,0.938,0.0,0.0,0.95,0.949,0.948,0.947,0.946,0.0,0.0,0.0,0.0,0.0,0.951,0.952,0.953,0.954,0.955,0.0,0.0,0.0,0.0,0.0,9346700.0,9977300.0,5621200.0,294100.0,279800.0,0.0,0.0,0.0,0.0,0.0,2136300.0,3417100.0,2365000.0,2804600.0,2622400.0,0.0,0.0,0.0,0.0,0.0
20230822142847268,SZSE,SZSE.ETF.159995,0.951,0.942,0.951,0.924,0.0,1.032,0.844,492164325.0,2150500.0,461330349.234,2045120.5,0.0,0.0,20230822,20230822,142847269,0.938,0.0,0.0,0.951,0.95,0.949,0.948,0.947,0.0,0.0,0.0,0.0,0.0,0.952,0.953,0.954,0.955,0.956,0.0,0.0,0.0,0.0,0.0,3984900.0,13599000.0,7363900.0,1621200.0,144100.0,0.0,0.0,0.0,0.0,0.0,3194000.0,2560000.0,2804600.0,2622700.0,975300.0,0.0,0.0,0.0,0.0,0.0
20230822142850248,SZSE,SZSE.ETF.159995,0.951,0.942,0.951,0.924,0.0,1.032,0.844,492164325.0,0.0,461330349.234,0.0,0.0,0.0,20230822,20230822,142850247,0.938,0.0,0.0,0.951,0.95,0.949,0.948,0.947,0.0,0.0,0.0,0.0,0.0,0.952,0.953,0.954,0.955,0.956,0.0,0.0,0.0,0.0,0.0,2286100.0,8225400.0,7017900.0,1617400.0,144100.0,0.0,0.0,0.0,0.0,0.0,2847500.0,2786400.0,2804600.0,2622700.0,996600.0,0.0,0.0,0.0,0.0,0.0
20230822142853240,SZSE,SZSE.ETF.159995,0.951,0.942,0.951,0.924,0.0,1.032,0.844,492165325.0,1000.0,461331300.234,951.0,0.0,0.0,20230822,20230822,142853238,0.938,0.0,0.0,0.951,0.95,0.949,0.948,0.947,0.0,0.0,0.0,0.0,0.0,0.952,0.953,0.954,0.955,0.956,0.0,0.0,0.0,0.0,0.0,2305100.0,5075400.0,6991600.0,1617400.0,144100.0,0.0,0.0,0.0,0.0,0.0,2849500.0,2646400.0,2804600.0,2627700.0,996600.0,0.0,0.0,0.0,0.0,0.0
20230822142856296,SZSE,SZSE.ETF.159995,0.952,0.942,0.952,0.924,0.0,1.032,0.844,493203125.0,1037800.0,462319278.834,987978.5999999642,0.0,0.0,20230822,20230822,142856296,0.938,0.0,0.0,0.951,0.95,0.949,0.948,0.947,0.0,0.0,0.0,0.0,0.0,0.952,0.953,0.954,0.955,0.956,0.0,0.0,0.0,0.0,0.0,2301900.0,8195400.0,6991600.0,1617400.0,145000.0,0.0,0.0,0.0,0.0,0.0,1831200.0,2766400.0,2804600.0,2627700.0,996600.0,0.0,0.0,0.0,0.0,0.0
20230822142859240,SZSE,SZSE.ETF.159995,0.951,0.942,0.952,0.924,0.0,1.032,0.844,494317725.0,1114600.0,463380285.534,1061006.699999988,0.0,0.0,20230822,20230822,142859238,0.938,0.0,0.0,0.951,0.95,0.949,0.948,0.947,0.0,0.0,0.0,0.0,0.0,0.952,0.953,0.954,0.955,0.956,0.0,0.0,0.0,0.0,0.0,3290200.0,8225400.0,5976500.0,1617400.0,145000.0,0.0,0.0,0.0,0.0,0.0,544600.0,2793200.0,3804600.0,2628700.0,1006600.0,0.0,0.0,0.0,0.0,0.0
20230822142902252,SZSE,SZSE.ETF.159995,0.952,0.942,0.952,0.924,0.0,1.032,0.844,494986625.0,668900.0,464017076.034,636790.5,0.0,0.0,20230822,20230822,142902252,0.938,0.0,0.0,0.952,0.951,0.95,0.949,0.948,0.0,0.0,0.0,0.0,0.0,0.953,0.954,0.955,0.956,0.957,0.0,0.0,0.0,0.0,0.0,448700.0,3505100.0,8238100.0,5736500.0,1617400.0,0.0,0.0,0.0,0.0,0.0,2690200.0,4049500.0,2628700.0,1059600.0,661200.0,0.0,0.0,0.0,0.0,0.0
20230822142905260,SZSE,SZSE.ETF.159995,0.952,0.942,0.952,0.924,0.0,1.032,0.844,495023225.0,36600.0,464051919.234,34843.200000047684,0.0,0.0,20230822,20230822,142905260,0.938,0.0,0.0,0.952,0.951,0.95,0.949,0.948,0.0,0.0,0.0,0.0,0.0,0.953,0.954,0.955,0.956,0.957,0.0,0.0,0.0,0.0,0.0,2762600.0,3843400.0,7885200.0,5856500.0,1617400.0,0.0,0.0,0.0,0.0,0.0,2323900.0,4414800.0,2628700.0,1059600.0,661200.0,0.0,0.0,0.0,0.0,0.0
20230822142908284,SZSE,SZSE.ETF.159995,0.952,0.942,0.953,0.924,0.0,1.032,0.844,495229825.0,206600.0,464248632.434,196713.19999998808,0.0,0.0,20230822,20230822,142908285,0.938,0.0,0.0,0.952,0.951,0.95,0.949,0.948,0.0,0.0,0.0,0.0,0.0,0.953,0.954,0.955,0.956,0.957,0.0,0.0,0.0,0.0,0.0,2806000.0,3943900.0,8007200.0,5736500.0,1617400.0,0.0,0.0,0.0,0.0,0.0,2183300.0,4654800.0,2628800.0,1081600.0,661200.0,0.0,0.0,0.0,0.0,0.0
20230822142911304,SZSE,SZSE.ETF.159995,0.953,0.942,0.953,0.924,0.0,1.032,0.844,495374925.0,145100.0,464386892.634,138260.19999998808,0.0,0.0,20230822,20230822,142911304,0.938,0.0,0.0,0.952,0.951,0.95,0.949,0.948,0.0,0.0,0.0,0.0,0.0,0.953,0.954,0.955,0.956,0.957,0.0,0.0,0.0,0.0,0.0,2194700.0,3463900.0,8127200.0,5616500.0,1617400.0,0.0,0.0,0.0,0.0,0.0,2053400.0,4698300.0,2750800.0,1081600.0,661200.0,0.0,0.0,0.0,0.0,0.0
20230822142914272,SZSE,SZSE.ETF.159995,0.952,0.942,0.953,0.924,0.0,1.032,0.844,496484125.0,1109200.0,465443851.034,1056958.3999999762,0.0,0.0,20230822,20230822,142914271,0.938,0.0,0.0,0.952,0.951,0.95,0.949,0.948,0.0,0.0,0.0,0.0,0.0,0.953,0.954,0.955,0.956,0.957,0.0,0.0,0.0,0.0,0.0,2199400.0,2830300.0,7274000.0,5516500.0,1618900.0,0.0,0.0,0.0,0.0,0.0,1253200.0,4538300.0,2752800.0,1081700.0,663200.0,0.0,0.0,0.0,0.0,0.0
20230822142917260,SZSE,SZSE.ETF.159995,0.953,0.942,0.953,0.924,0.0,1.032,0.844,497094525.0,610400.0,466025542.734,581691.7000000477,0.0,0.0,20230822,20230822,142917260,0.938,0.0,0.0,0.952,0.951,0.95,0.949,0.948,0.0,0.0,0.0,0.0,0.0,0.953,0.954,0.955,0.956,0.957,0.0,0.0,0.0,0.0,0.0,2992100.0,2950300.0,8302400.0,5511500.0,1618900.0,0.0,0.0,0.0,0.0,0.0,655900.0,4518400.0,2753300.0,1081700.0,663200.0,0.0,0.0,0.0,0.0,0.0
20230822142920268,SZSE,SZSE.ETF.159995,0.953,0.942,0.953,0.924,0.0,1.032,0.844,497567425.0,472900.0,466476157.534,450614.7999999523,0.0,0.0,20230822,20230822,142920267,0.938,0.0,0.0,0.953,0.952,0.951,0.95,0.949,0.0,0.0,0.0,0.0,0.0,0.954,0.955,0.956,0.957,0.958,0.0,0.0,0.0,0.0,0.0,323200.0,3038300.0,2723100.0,8302600.0,5511500.0,0.0,0.0,0.0,0.0,0.0,4321500.0,3988000.0,1081700.0,663300.0,1146600.0,0.0,0.0,0.0,0.0,0.0
20230822142923280,SZSE,SZSE.ETF.159995,0.953,0.942,0.953,0.924,0.0,1.032,0.844,498643925.0,1076500.0,467501922.834,1025765.3000000119,0.0,0.0,20230822,20230822,142923280,0.938,0.0,0.0,0.952,0.951,0.95,0.949,0.948,0.0,0.0,0.0,0.0,0.0,0.953,0.954,0.955,0.956,0.957,0.0,0.0,0.0,0.0,0.0,4447100.0,2584200.0,7182600.0,5516500.0,1044600.0,0.0,0.0,0.0,0.0,0.0,196800.0,3996500.0,3989300.0,1201700.0,783300.0,0.0,0.0,0.0,0.0,0.0
20230822142926296,SZSE,SZSE.ETF.159995,0.953,0.942,0.953,0.924,0.0,1.032,0.844,498698025.0,54100.0,467553433.634,51510.80000001192,0.0,0.0,20230822,20230822,142926296,0.938,0.0,0.0,0.952,0.951,0.95,0.949,0.948,0.0,0.0,0.0,0.0,0.0,0.953,0.954,0.955,0.956,0.957,0.0,0.0,0.0,0.0,0.0,2923700.0,1819500.0,7182600.0,5587500.0,1044600.0,0.0,0.0,0.0,0.0,0.0,347200.0,4082800.0,3885200.0,1202200.0,657300.0,0.0,0.0,0.0,0.0,0.0
20230822142929268,SZSE,SZSE.ETF.159995,0.953,0.942,0.953,0.924,0.0,1.032,0.844,499188725.0,490700.0,468021067.634,467634.0,0.0,0.0,20230822,20230822,142929267,0.938,0.0,0.0,0.952,0.951,0.95,0.949,0.948,0.0,0.0,0.0,0.0,0.0,0.953,0.954,0.955,0.956,0.957,0.0,0.0,0.0,0.0,0.0,2790600.0,1819500.0,7182600.0,5582500.0,1094600.0,0.0,0.0,0.0,0.0,0.0,114400.0,4122100.0,3888200.0,1191700.0,657300.0,0.0,0.0,0.0,0.0,0.0
20230822142932264,SZSE,SZSE.ETF.159995,0.953,0.942,0.953,0.924,0.0,1.032,0.844,499450825.0,262100.0,468270799.734,249732.10000002384,0.0,0.0,20230822,20230822,142932262,0.938,0.0,0.0,0.952,0.951,0.95,0.949,0.948,0.0,0.0,0.0,0.0,0.0,0.953,0.954,0.955,0.956,0.957,0.0,0.0,0.0,0.0,0.0,2651400.0,1945500.0,6683600.0,5582500.0,1111900.0,0.0,0.0,0.0,0.0,0.0,86600.0,4242100.0,3888200.0,1210400.0,657400.0,0.0,0.0,0.0,0.0,0.0
20230822142935264,SZSE,SZSE.ETF.159995,0.953,0.942,0.953,0.924,0.0,1.032,0.844,499536125.0,85300.0,468352090.634,81290.89999997616,0.0,0.0,20230822,20230822,142935264,0.938,0.0,0.0,0.952,0.951,0.95,0.949,0.948,0.0,0.0,0.0,0.0,0.0,0.953,0.954,0.955,0.956,0.957,0.0,0.0,0.0,0.0,0.0,2681400.0,1728000.0,6683600.0,5582600.0,1111900.0,0.0,0.0,0.0,0.0,0.0,159300.0,4124600.0,3838500.0,1210400.0,657400.0,0.0,0.0,0.0,0.0,0.0
20230822142938272,SZSE,SZSE.ETF.159995,0.953,0.942,0.953,0.924,0.0,1.032,0.844,499814225.0,278100.0,468617119.934,265029.3000000119,0.0,0.0,20230822,20230822,142938273,0.938,0.0,0.0,0.953,0.952,0.951,0.95,0.949,0.0,0.0,0.0,0.0,0.0,0.954,0.955,0.956,0.957,0.958,0.0,0.0,0.0,0.0,0.0,18400.0,2671500.0,1742800.0,6684300.0,5582600.0,0.0,0.0,0.0,0.0,0.0,4159700.0,3943300.0,1210400.0,676700.0,1148600.0,0.0,0.0,0.0,0.0,0.0
20230822142941280,SZSE,SZSE.ETF.159995,0.953,0.942,0.953,0.924,0.0,1.032,0.844,499849425.0,35200.0,468650664.934,33545.0,0.0,0.0,20230822,20230822,142941280,0.938,0.0,0.0,0.953,0.952,0.951,0.95,0.949,0.0,0.0,0.0,0.0,0.0,0.954,0.955,0.956,0.957,0.958,0.0,0.0,0.0,0.0,0.0,67000.0,3010900.0,1391500.0,6534300.0,5432600.0,0.0,0.0,0.0,0.0,0.0,3835700.0,4049300.0,1323500.0,797200.0,1148600.0,0.0,0.0,0.0,0.0,0.0
20230822142944256,SZSE,SZSE.ETF.159995,0.953,0.942,0.954,0.924,0.0,1.032,0.844,500016125.0,166700.0,468809535.034,158870.09999996424,0.0,0.0,20230822,20230822,142944257,0.938,0.0,0.0,0.953,0.952,0.951,0.95,0.949,0.0,0.0,0.0,0.0,0.0,0.954,0.955,0.956,0.957,0.958,0.0,0.0,0.0,0.0,0.0,489700.0,2940900.0,1394500.0,6539300.0,5432600.0,0.0,0.0,0.0,0.0,0.0,6189500.0,4049300.0,1323500.0,797300.0,1148600.0,0.0,0.0,0.0,0.0,0.0
20230822142947264,SZSE,SZSE.ETF.159995,0.953,0.942,0.954,0.924,0.0,1.032,0.844,500750825.0,734700.0,469509690.834,700155.8000000119,0.0,0.0,20230822,20230822,142947265,0.938,0.0,0.0,0.952,0.951,0.95,0.949,0.948,0.0,0.0,0.0,0.0,0.0,0.953,0.954,0.955,0.956,0.957,0.0,0.0,0.0,0.0,0.0,2843500.0,1519700.0,6539300.0,5432600.0,964600.0,0.0,0.0,0.0,0.0,0.0,749300.0,6345200.0,4142100.0,1373500.0,797300.0,0.0,0.0,0.0,0.0,0.0
20230822142950276,SZSE,SZSE.ETF.159995,0.953,0.942,0.954,0.924,0.0,1.032,0.844,501783025.0,1032200.0,470493624.734,983933.9000000358,0.0,0.0,20230822,20230822,142950275,0.938,0.0,0.0,0.953,0.952,0.951,0.95,0.949,0.0,0.0,0.0,0.0,0.0,0.954,0.955,0.956,0.957,0.958,0.0,0.0,0.0,0.0,0.0,25000.0,2600300.0,1740800.0,6439300.0,5432600.0,0.0,0.0,0.0,0.0,0.0,6234200.0,4142600.0,1361500.0,713300.0,1148600.0,0.0,0.0,0.0,0.0,0.0
20230822142953256,SZSE,SZSE.ETF.159995,0.953,0.942,0.954,0.924,0.0,1.032,0.844,501895725.0,112700.0,470601038.634,107413.89999997616,0.0,0.0,20230822,20230822,142953255,0.938,0.0,0.0,0.953,0.952,0.951,0.95,0.949,0.0,0.0,0.0,0.0,0.0,0.954,0.955,0.956,0.957,0.958,0.0,0.0,0.0,0.0,0.0,243300.0,2643400.0,1514500.0,6439300.0,5429300.0,0.0,0.0,0.0,0.0,0.0,6000100.0,4249900.0,1371500.0,853300.0,1149100.0,0.0,0.0,0.0,0.0,0.0
20230822142956248,SZSE,SZSE.ETF.159995,0.952,0.942,0.954,0.924,0.0,1.032,0.844,502223725.0,328000.0,470913565.334,312526.6999999881,0.0,0.0,20230822,20230822,142956246,0.938,0.0,0.0,0.952,0.951,0.95,0.949,0.948,0.0,0.0,0.0,0.0,0.0,0.953,0.954,0.955,0.956,0.957,0.0,0.0,0.0,0.0,0.0,2481000.0,1620000.0,6439300.0,5429300.0,954600.0,0.0,0.0,0.0,0.0,0.0,115600.0,6155000.0,4124600.0,1373500.0,856600.0,0.0,0.0,0.0,0.0,0.0
20230822142959264,SZSE,SZSE.ETF.159995,0.953,0.942,0.954,0.924,0.0,1.032,0.844,502350825.0,127100.0,471034701.634,121136.30000001192,0.0,0.0,20230822,20230822,142959263,0.938,0.0,0.0,0.952,0.951,0.95,0.949,0.948,0.0,0.0,0.0,0.0,0.0,0.953,0.954,0.955,0.956,0.957,0.0,0.0,0.0,0.0,0.0,2254900.0,2026300.0,6442100.0,5135000.0,954600.0,0.0,0.0,0.0,0.0,0.0,70500.0,6413500.0,4079500.0,1373500.0,911600.0,0.0,0.0,0.0,0.0,0.0
20230822143002304,SZSE,SZSE.ETF.159995,0.952,0.942,0.954,0.924,0.0,1.032,0.844,502371625.0,20800.0,471054523.734,19822.100000023842,0.0,0.0,20230822,20230822,143002303,0.938,0.0,0.0,0.952,0.951,0.95,0.949,0.948,0.0,0.0,0.0,0.0,0.0,0.953,0.954,0.955,0.956,0.957,0.0,0.0,0.0,0.0,0.0,2255600.0,2026300.0,6444000.0,5135000.0,954600.0,0.0,0.0,0.0,0.0,0.0,202700.0,6413500.0,3863100.0,1373500.0,963600.0,0.0,0.0,0.0,0.0,0.0
20230822143011424,SZSE,SZSE.ETF.159995,0.952,0.942,0.954,0.924,0.0,1.032,0.844,502557525.0,91100.0,471231664.334,86816.69999998808,0.0,0.0,20230822,20230822,143011426,0.938,0.0,0.0,0.952,0.951,0.95,0.949,0.948,0.0,0.0,0.0,0.0,0.0,0.953,0.954,0.955,0.956,0.957,0.0,0.0,0.0,0.0,0.0,1213500.0,2085500.0,6148700.0,6655000.0,953600.0,0.0,0.0,0.0,0.0,0.0,2870600.0,5340900.0,2818700.0,1353500.0,968100.0,0.0,0.0,0.0,0.0,0.0
20230822143014400,SZSE,SZSE.ETF.159995,0.953,0.942,0.954,0.924,0.0,1.032,0.844,503061225.0,503700.0,471711688.734,480024.40000003576,0.0,0.0,20230822,20230822,143014401,0.938,0.0,0.0,0.952,0.951,0.95,0.949,0.948,0.0,0.0,0.0,0.0,0.0,0.953,0.954,0.955,0.956,0.957,0.0,0.0,0.0,0.0,0.0,1206800.0,1965500.0,2177000.0,2655100.0,953600.0,0.0,0.0,0.0,0.0,0.0,4755400.0,5221000.0,3044100.0,1353500.0,968100.0,0.0,0.0,0.0,0.0,0.0
20230822143017416,SZSE,SZSE.ETF.159995,0.952,0.942,0.954,0.924,0.0,1.032,0.844,504269625.0,1208400.0,472862085.934,1150397.199999988,0.0,0.0,20230822,20230822,143017418,0.938,0.0,0.0,0.951,0.95,0.949,0.948,0.947,0.0,0.0,0.0,0.0,0.0,0.952,0.953,0.954,0.955,0.956,0.0,0.0,0.0,0.0,0.0,1980300.0,2162300.0,1776100.0,1952600.0,291300.0,0.0,0.0,0.0,0.0,0.0,107000.0,4034800.0,4053300.0,3043100.0,1359500.0,0.0,0.0,0.0,0.0,0.0
20230822143020412,SZSE,SZSE.ETF.159995,0.952,0.942,0.954,0.924,0.0,1.032,0.844,504300925.0,31300.0,472891883.534,29797.599999964237,0.0,0.0,20230822,20230822,143020412,0.938,0.0,0.0,0.951,0.95,0.949,0.948,0.947,0.0,0.0,0.0,0.0,0.0,0.952,0.953,0.954,0.955,0.956,0.0,0.0,0.0,0.0,0.0,1636000.0,2388700.0,375600.0,3252600.0,291300.0,0.0,0.0,0.0,0.0,0.0,1978600.0,4421800.0,4026700.0,3048200.0,1239500.0,0.0,0.0,0.0,0.0,0.0
20230822143023384,SZSE,SZSE.ETF.159995,0.952,0.942,0.954,0.924,0.0,1.032,0.844,504395025.0,94100.0,472981466.734,89583.20000004768,0.0,0.0,20230822,20230822,143023386,0.938,0.0,0.0,0.951,0.95,0.949,0.948,0.947,0.0,0.0,0.0,0.0,0.0,0.952,0.953,0.954,0.955,0.956,0.0,0.0,0.0,0.0,0.0,1516000.0,2388700.0,1362600.0,3252600.0,291300.0,0.0,0.0,0.0,0.0,0.0,1971700.0,4521600.0,4036700.0,3062800.0,1239500.0,0.0,0.0,0.0,0.0,0.0
20230822143044316,SZSE,SZSE.ETF.159995,0.951,0.942,0.954,0.924,0.0,1.032,0.844,506518825.0,255800.0,475001232.134,243264.60000002384,0.0,0.0,20230822,20230822,143044315,0.938,0.0,0.0,0.95,0.949,0.948,0.947,0.946,0.0,0.0,0.0,0.0,0.0,0.951,0.952,0.953,0.954,0.955,0.0,0.0,0.0,0.0,0.0,1930200.0,4409800.0,1862600.0,291300.0,361800.0,0.0,0.0,0.0,0.0,0.0,447300.0,3729190.0,4363900.0,3437600.0,2904200.0,0.0,0.0,0.0,0.0,0.0
20230822143047328,SZSE,SZSE.ETF.159995,0.951,0.942,0.954,0.924,0.0,1.032,0.844,506518825.0,0.0,475001232.134,0.0,0.0,0.0,20230822,20230822,143047329,0.938,0.0,0.0,0.95,0.949,0.948,0.947,0.946,0.0,0.0,0.0,0.0,0.0,0.951,0.952,0.953,0.954,0.955,0.0,0.0,0.0,0.0,0.0,1980200.0,3332700.0,1862600.0,291300.0,361800.0,0.0,0.0,0.0,0.0,0.0,705300.0,3689190.0,4366000.0,2062600.0,2908700.0,0.0,0.0,0.0,0.0,0.0
20230822143050332,SZSE,SZSE.ETF.159995,0.95,0.942,0.954,0.924,0.0,1.032,0.844,506523825.0,5000.0,475005982.134,4750.0,0.0,0.0,20230822,20230822,143050332,0.938,0.0,0.0,0.95,0.949,0.948,0.947,0.946,0.0,0.0,0.0,0.0,0.0,0.951,0.952,0.953,0.954,0.955,0.0,0.0,0.0,0.0,0.0,1985200.0,3452700.0,1863600.0,291300.0,371800.0,0.0,0.0,0.0,0.0,0.0,727800.0,3809190.0,4372000.0,2079900.0,2908700.0,0.0,0.0,0.0,0.0,0.0
20230822143053336,SZSE,SZSE.ETF.159995,0.951,0.942,0.954,0.924,0.0,1.032,0.844,506652825.0,129000.0,475128561.134,122579.0,0.0,0.0,20230822,20230822,143053336,0.938,0.0,0.0,0.95,0.949,0.948,0.947,0.946,0.0,0.0,0.0,0.0,0.0,0.951,0.952,0.953,0.954,0.955,0.0,0.0,0.0,0.0,0.0,1921200.0,4290800.0,1863600.0,291300.0,371800.0,0.0,0.0,0.0,0.0,0.0,1296600.0,3651490.0,4390900.0,2061400.0,2908700.0,0.0,0.0,0.0,0.0,0.0
20230822143056320,SZSE,SZSE.ETF.159995,0.95,0.942,0.954,0.924,0.0,1.032,0.844,506662825.0,10000.0,475138063.334,9502.199999988079,0.0,0.0,20230822,20230822,143056319,0.938,0.0,0.0,0.95,0.949,0.948,0.947,0.946,0.0,0.0,0.0,0.0,0.0,0.951,0.952,0.953,0.954,0.955,0.0,0.0,0.0,0.0,0.0,2813700.0,4290800.0,1863600.0,331500.0,371800.0,0.0,0.0,0.0,0.0,0.0,1361100.0,3651490.0,4378900.0,2134800.0,2907700.0,0.0,0.0,0.0,0.0,0.0
20230822143059352,SZSE,SZSE.ETF.159995,0.95,0.942,0.954,0.924,0.0,1.032,0.844,506969225.0,306400.0,475429445.734,291382.40000003576,0.0,0.0,20230822,20230822,143059351,0.938,0.0,0.0,0.95,0.949,0.948,0.947,0.946,0.0,0.0,0.0,0.0,0.0,0.951,0.952,0.953,0.954,0.955,0.0,0.0,0.0,0.0,0.0,2812100.0,4290800.0,1863600.0,331500.0,371800.0,0.0,0.0,0.0,0.0,0.0,1113800.0,3451490.0,4381900.0,2139800.0,2917300.0,0.0,0.0,0.0,0.0,0.0
20230822143102328,SZSE,SZSE.ETF.159995,0.95,0.942,0.954,0.924,0.0,1.032,0.844,507001025.0,31800.0,475459666.134,30220.399999976158,0.0,0.0,20230822,20230822,143102330,0.938,0.0,0.0,0.95,0.949,0.948,0.947,0.946,0.0,0.0,0.0,0.0,0.0,0.951,0.952,0.953,0.954,0.955,0.0,0.0,0.0,0.0,0.0,2790700.0,4290800.0,1903800.0,331500.0,371800.0,0.0,0.0,0.0,0.0,0.0,1119900.0,3461990.0,4381900.0,2192100.0,2917300.0,0.0,0.0,0.0,0.0,0.0
20230822143105352,SZSE,SZSE.ETF.159995,0.95,0.942,0.954,0.924,0.0,1.032,0.844,507023925.0,22900.0,475481432.034,21765.899999976158,0.0,0.0,20230822,20230822,143105352,0.938,0.0,0.0,0.95,0.949,0.948,0.947,0.946,0.0,0.0,0.0,0.0,0.0,0.951,0.952,0.953,0.954,0.955,0.0,0.0,0.0,0.0,0.0,2811800.0,4410800.0,1903800.0,341500.0,371800.0,0.0,0.0,0.0,0.0,0.0,619800.0,3586990.0,5785900.0,2192100.0,2917300.0,0.0,0.0,0.0,0.0,0.0
20230822143108376,SZSE,SZSE.ETF.159995,0.95,0.942,0.954,0.924,0.0,1.032,0.844,507102025.0,78100.0,475555627.034,74195.0,0.0,0.0,20230822,20230822,143108374,0.938,0.0,0.0,0.95,0.949,0.948,0.947,0.946,0.0,0.0,0.0,0.0,0.0,0.951,0.952,0.953,0.954,0.955,0.0,0.0,0.0,0.0,0.0,2743700.0,4290800.0,1903800.0,341600.0,371800.0,0.0,0.0,0.0,0.0,0.0,619900.0,3467990.0,5786000.0,2199200.0,2917300.0,0.0,0.0,0.0,0.0,0.0
20230822143111328,SZSE,SZSE.ETF.159995,0.95,0.942,0.954,0.924,0.0,1.032,0.844,507355125.0,253100.0,475796314.534,240687.5,0.0,0.0,20230822,20230822,143111328,0.938,0.0,0.0,0.95,0.949,0.948,0.947,0.946,0.0,0.0,0.0,0.0,0.0,0.951,0.952,0.953,0.954,0.955,0.0,0.0,0.0,0.0,0.0,2734100.0,4410800.0,1903800.0,381800.0,371800.0,0.0,0.0,0.0,0.0,0.0,360700.0,3687990.0,5811000.0,2199200.0,2917300.0,0.0,0.0,0.0,0.0,0.0
20230822143114372,SZSE,SZSE.ETF.159995,0.95,0.942,0.954,0.924,0.0,1.032,0.844,507386825.0,31700.0,475826449.934,30135.400000035763,0.0,0.0,20230822,20230822,143114371,0.938,0.0,0.0,0.95,0.949,0.948,0.947,0.946,0.0,0.0,0.0,0.0,0.0,0.951,0.952,0.953,0.954,0.955,0.0,0.0,0.0,0.0,0.0,2722800.0,4290800.0,1944100.0,381800.0,371800.0,0.0,0.0,0.0,0.0,0.0,332800.0,2614190.0,5813300.0,2199200.0,2917300.0,0.0,0.0,0.0,0.0,0.0
20230822143117328,SZSE,SZSE.ETF.159995,0.95,0.942,0.954,0.924,0.0,1.032,0.844,507485225.0,98400.0,475920007.434,93557.5,0.0,0.0,20230822,20230822,143117330,0.938,0.0,0.0,0.95,0.949,0.948,0.947,0.946,0.0,0.0,0.0,0.0,0.0,0.951,0.952,0.953,0.954,0.955,0.0,0.0,0.0,0.0,0.0,2718900.0,4410800.0,1926800.0,381800.0,371800.0,0.0,0.0,0.0,0.0,0.0,876000.0,2744190.0,5817800.0,2197600.0,2917300.0,0.0,0.0,0.0,0.0,0.0
20230822143120320,SZSE,SZSE.ETF.159995,0.95,0.942,0.954,0.924,0.0,1.032,0.844,507501125.0,15900.0,475935113.234,15105.800000011921,0.0,0.0,20230822,20230822,143120318,0.938,0.0,0.0,0.95,0.949,0.948,0.947,0.946,0.0,0.0,0.0,0.0,0.0,0.951,0.952,0.953,0.954,0.955,0.0,0.0,0.0,0.0,0.0,2736800.0,4290800.0,1926800.0,663600.0,371800.0,0.0,0.0,0.0,0.0,0.0,857900.0,2624190.0,5817800.0,2154600.0,2927300.0,0.0,0.0,0.0,0.0,0.0
20230822143123312,SZSE,SZSE.ETF.159995,0.951,0.942,0.954,0.924,0.0,1.032,0.844,507515425.0,14300.0,475948709.234,13596.0,0.0,0.0,20230822,20230822,143123311,0.938,0.0,0.0,0.95,0.949,0.948,0.947,0.946,0.0,0.0,0.0,0.0,0.0,0.951,0.952,0.953,0.954,0.955,0.0,0.0,0.0,0.0,0.0,2766900.0,4410800.0,1926800.0,684200.0,371800.0,0.0,0.0,0.0,0.0,0.0,1366900.0,2744190.0,5870900.0,2154600.0,2927300.0,0.0,0.0,0.0,0.0,0.0
20230822143126336,SZSE,SZSE.ETF.159995,0.95,0.942,0.954,0.924,0.0,1.032,0.844,507684525.0,169100.0,476109454.234,160745.0,0.0,0.0,20230822,20230822,143126338,0.938,0.0,0.0,0.95,0.949,0.948,0.947,0.946,0.0,0.0,0.0,0.0,0.0,0.951,0.952,0.953,0.954,0.955,0.0,0.0,0.0,0.0,0.0,2708800.0,4290800.0,1926800.0,684200.0,371800.0,0.0,0.0,0.0,0.0,0.0,1448000.0,2626190.0,5865900.0,2154600.0,2929800.0,0.0,0.0,0.0,0.0,0.0
20230822143129408,SZSE,SZSE.ETF.159995,0.951,0.942,0.954,0.924,0.0,1.032,0.844,507759525.0,75000.0,476180727.234,71273.0,0.0,0.0,20230822,20230822,143129407,0.938,0.0,0.0,0.95,0.949,0.948,0.947,0.946,0.0,0.0,0.0,0.0,0.0,0.951,0.952,0.953,0.954,0.955,0.0,0.0,0.0,0.0,0.0,2696800.0,4420800.0,1931800.0,684200.0,371800.0,0.0,0.0,0.0,0.0,0.0,1441100.0,2758190.0,5865900.0,2164600.0,2926800.0,0.0,0.0,0.0,0.0,0.0
20230822143132400,SZSE,SZSE.ETF.159995,0.951,0.942,0.954,0.924,0.0,1.032,0.844,507798525.0,39000.0,476217777.534,37050.299999952316,0.0,0.0,20230822,20230822,143132398,0.938,0.0,0.0,0.95,0.949,0.948,0.947,0.946,0.0,0.0,0.0,0.0,0.0,0.951,0.952,0.953,0.954,0.955,0.0,0.0,0.0,0.0,0.0,2658100.0,4312800.0,1936800.0,684200.0,371800.0,0.0,0.0,0.0,0.0,0.0,845200.0,2680190.0,5910900.0,2166100.0,2931800.0,0.0,0.0,0.0,0.0,0.0
20230822143135396,SZSE,SZSE.ETF.159995,0.952,0.942,0.954,0.924,0.0,1.032,0.844,509155425.0,1356900.0,477508679.434,1290901.9000000358,0.0,0.0,20230822,20230822,143135395,0.938,0.0,0.0,0.951,0.95,0.949,0.948,0.947,0.0,0.0,0.0,0.0,0.0,0.952,0.953,0.954,0.955,0.956,0.0,0.0,0.0,0.0,0.0,1219400.0,4153400.0,2927400.0,1936800.0,686200.0,0.0,0.0,0.0,0.0,0.0,2195090.0,4615900.0,3571100.0,2933800.0,1319300.0,0.0,0.0,0.0,0.0,0.0
20230822143138368,SZSE,SZSE.ETF.159995,0.951,0.942,0.954,0.924,0.0,1.032,0.844,509216425.0,61000.0,477566690.434,58011.0,0.0,0.0,20230822,20230822,143138368,0.938,0.0,0.0,0.951,0.95,0.949,0.948,0.947,0.0,0.0,0.0,0.0,0.0,0.952,0.953,0.954,0.955,0.956,0.0,0.0,0.0,0.0,0.0,1278800.0,4553800.0,2360900.0,1936800.0,686200.0,0.0,0.0,0.0,0.0,0.0,1836590.0,4722300.0,3346100.0,3053800.0,1319300.0,0.0,0.0,0.0,0.0,0.0
20230822143141364,SZSE,SZSE.ETF.159995,0.951,0.942,0.954,0.924,0.0,1.032,0.844,510719425.0,1503000.0,478997543.434,1430853.0,0.0,0.0,20230822,20230822,143141364,0.938,0.0,0.0,0.951,0.95,0.949,0.948,0.947,0.0,0.0,0.0,0.0,0.0,0.952,0.953,0.954,0.955,0.956,0.0,0.0,0.0,0.0,0.0,2577800.0,4559200.0,1360900.0,1936800.0,686200.0,0.0,0.0,0.0,0.0,0.0,336590.0,4739300.0,4346100.0,3063800.0,1319300.0,0.0,0.0,0.0,0.0,0.0
20230822143144380,SZSE,SZSE.ETF.159995,0.952,0.942,0.954,0.924,0.0,1.032,0.844,510754325.0,34900.0,479030733.634,33190.19999998808,0.0,0.0,20230822,20230822,143144381,0.938,0.0,0.0,0.951,0.95,0.949,0.948,0.947,0.0,0.0,0.0,0.0,0.0,0.952,0.953,0.954,0.955,0.956,0.0,0.0,0.0,0.0,0.0,2547700.0,5502900.0,1360900.0,937800.0,686200.0,0.0,0.0,0.0,0.0,0.0,350290.0,4859300.0,4446100.0,3099800.0,1330100.0,0.0,0.0,0.0,0.0,0.0
20230822143147368,SZSE,SZSE.ETF.159995,0.952,0.942,0.954,0.924,0.0,1.032,0.844,510766025.0,11700.0,479041871.734,11138.100000023842,0.0,0.0,20230822,20230822,143147370,0.938,0.0,0.0,0.951,0.95,0.949,0.948,0.947,0.0,0.0,0.0,0.0,0.0,0.952,0.953,0.954,0.955,0.956,0.0,0.0,0.0,0.0,0.0,2547400.0,5589400.0,1360900.0,937800.0,686200.0,0.0,0.0,0.0,0.0,0.0,846890.0,4739300.0,4449100.0,2949800.0,1340100.0,0.0,0.0,0.0,0.0,0.0
20230822143150360,SZSE,SZSE.ETF.159995,0.951,0.942,0.954,0.924,0.0,1.032,0.844,510768225.0,2200.0,479043965.234,2093.5,0.0,0.0,20230822,20230822,143150360,0.938,0.0,0.0,0.951,0.95,0.949,0.948,0.947,0.0,0.0,0.0,0.0,0.0,0.952,0.953,0.954,0.955,0.956,0.0,0.0,0.0,0.0,0.0,2446500.0,5712800.0,1360900.0,937800.0,706200.0,0.0,0.0,0.0,0.0,0.0,879790.0,4839300.0,4449100.0,2949800.0,1341100.0,0.0,0.0,0.0,0.0,0.0
20230822143153352,SZSE,SZSE.ETF.159995,0.952,0.942,0.954,0.924,0.0,1.032,0.844,510785725.0,17500.0,479060620.234,16655.0,0.0,0.0,20230822,20230822,143153350,0.938,0.0,0.0,0.951,0.95,0.949,0.948,0.947,0.0,0.0,0.0,0.0,0.0,0.952,0.953,0.954,0.955,0.956,0.0,0.0,0.0,0.0,0.0,2491500.0,5602800.0,1360900.0,937800.0,706200.0,0.0,0.0,0.0,0.0,0.0,1414490.0,4699300.0,4449100.0,2950800.0,1353700.0,0.0,0.0,0.0,0.0,0.0
20230822143156444,SZSE,SZSE.ETF.159995,0.952,0.942,0.954,0.924,0.0,1.032,0.844,510796025.0,10300.0,479070425.834,9805.599999964237,0.0,0.0,20230822,20230822,143156443,0.938,0.0,0.0,0.951,0.95,0.949,0.948,0.947,0.0,0.0,0.0,0.0,0.0,0.952,0.953,0.954,0.955,0.956,0.0,0.0,0.0,0.0,0.0,2691400.0,5694800.0,1360900.0,937800.0,706200.0,0.0,0.0,0.0,0.0,0.0,1447190.0,4818200.0,4444100.0,2958300.0,1353700.0,0.0,0.0,0.0,0.0,0.0
20230822143159348,SZSE,SZSE.ETF.159995,0.952,0.942,0.954,0.924,0.0,1.032,0.844,510818025.0,22000.0,479091369.834,20944.0,0.0,0.0,20230822,20230822,143159347,0.938,0.0,0.0,0.951,0.95,0.949,0.948,0.947,0.0,0.0,0.0,0.0,0.0,0.952,0.953,0.954,0.955,0.956,0.0,0.0,0.0,0.0,0.0,2750500.0,8565800.0,5360900.0,937800.0,706200.0,0.0,0.0,0.0,0.0,0.0,1429090.0,4698200.0,4444100.0,2948300.0,1353700.0,0.0,0.0,0.0,0.0,0.0
20230822143202328,SZSE,SZSE.ETF.159995,0.952,0.942,0.954,0.924,0.0,1.032,0.844,510818025.0,0.0,479091369.834,0.0,0.0,0.0,20230822,20230822,143202329,0.938,0.0,0.0,0.951,0.95,0.949,0.948,0.947,0.0,0.0,0.0,0.0,0.0,0.952,0.953,0.954,0.955,0.956,0.0,0.0,0.0,0.0,0.0,2675500.0,8565800.0,5360900.0,987800.0,706200.0,0.0,0.0,0.0,0.0,0.0,1480090.0,4698200.0,4444300.0,3948300.0,1353700.0,0.0,0.0,0.0,0.0,0.0
20230822143205336,SZSE,SZSE.ETF.159995,0.952,0.942,0.954,0.924,0.0,1.032,0.844,510847925.0,29900.0,479119820.834,28451.0,0.0,0.0,20230822,20230822,143205334,0.938,0.0,0.0,0.951,0.95,0.949,0.948,0.947,0.0,0.0,0.0,0.0,0.0,0.952,0.953,0.954,0.955,0.956,0.0,0.0,0.0,0.0,0.0,2216500.0,8675800.0,5360900.0,987800.0,706200.0,0.0,0.0,0.0,0.0,0.0,980490.0,3698200.0,4444300.0,4923300.0,1353700.0,0.0,0.0,0.0,0.0,0.0
20230822143208344,SZSE,SZSE.ETF.159995,0.952,0.942,0.954,0.924,0.0,1.032,0.844,510978525.0,130600.0,479244152.034,124331.19999998808,0.0,0.0,20230822,20230822,143208343,0.938,0.0,0.0,0.951,0.95,0.949,0.948,0.947,0.0,0.0,0.0,0.0,0.0,0.952,0.953,0.954,0.955,0.956,0.0,0.0,0.0,0.0,0.0,2466700.0,8675800.0,5360900.0,991800.0,706200.0,0.0,0.0,0.0,0.0,0.0,958490.0,3698200.0,4444300.0,4924300.0,1353700.0,0.0,0.0,0.0,0.0,0.0
20230822143211352,SZSE,SZSE.ETF.159995,0.951,0.942,0.954,0.924,0.0,1.032,0.844,511014125.0,35600.0,479278018.034,33866.0,0.0,0.0,20230822,20230822,143211350,0.938,0.0,0.0,0.951,0.95,0.949,0.948,0.947,0.0,0.0,0.0,0.0,0.0,0.952,0.953,0.954,0.955,0.956,0.0,0.0,0.0,0.0,0.0,2504500.0,8795800.0,5240900.0,991800.0,706200.0,0.0,0.0,0.0,0.0,0.0,962990.0,4682200.0,4444300.0,3924300.0,1353700.0,0.0,0.0,0.0,0.0,0.0
20230822143214376,SZSE,SZSE.ETF.159995,0.952,0.942,0.954,0.924,0.0,1.032,0.844,511124625.0,110500.0,479383214.034,105196.0,0.0,0.0,20230822,20230822,143214375,0.938,0.0,0.0,0.951,0.95,0.949,0.948,0.947,0.0,0.0,0.0,0.0,0.0,0.952,0.953,0.954,0.955,0.956,0.0,0.0,0.0,0.0,0.0,2504500.0,8675800.0,5350900.0,991800.0,706200.0,0.0,0.0,0.0,0.0,0.0,915790.0,4692200.0,4444300.0,3924300.0,1353700.0,0.0,0.0,0.0,0.0,0.0
20230822143217392,SZSE,SZSE.ETF.159995,0.951,0.942,0.954,0.924,0.0,1.032,0.844,511125625.0,1000.0,479384165.034,951.0,0.0,0.0,20230822,20230822,143217393,0.938,0.0,0.0,0.951,0.95,0.949,0.948,0.947,0.0,0.0,0.0,0.0,0.0,0.952,0.953,0.954,0.955,0.956,0.0,0.0,0.0,0.0,0.0,2383500.0,4792400.0,5470900.0,4991800.0,706200.0,0.0,0.0,0.0,0.0,0.0,985790.0,4767300.0,4444300.0,3924300.0,1353700.0,0.0,0.0,0.0,0.0,0.0
20230822143220412,SZSE,SZSE.ETF.159995,0.952,0.942,0.954,0.924,0.0,1.032,0.844,511155225.0,29600.0,479412344.234,28179.200000047684,0.0,0.0,20230822,20230822,143220413,0.938,0.0,0.0,0.951,0.95,0.949,0.948,0.947,0.0,0.0,0.0,0.0,0.0,0.952,0.953,0.954,0.955,0.956,0.0,0.0,0.0,0.0,0.0,2383500.0,4684400.0,5470900.0,4991800.0,706200.0,0.0,0.0,0.0,0.0,0.0,984290.0,4652600.0,4449300.0,4924300.0,1353700.0,0.0,0.0,0.0,0.0,0.0
20230822143223364,SZSE,SZSE.ETF.159995,0.952,0.942,0.954,0.924,0.0,1.032,0.844,511155225.0,0.0,479412344.234,0.0,0.0,0.0,20230822,20230822,143223363,0.938,0.0,0.0,0.951,0.95,0.949,0.948,0.947,0.0,0.0,0.0,0.0,0.0,0.952,0.953,0.954,0.955,0.956,0.0,0.0,0.0,0.0,0.0,2503300.0,3404400.0,5912800.0,5990800.0,706200.0,0.0,0.0,0.0,0.0,0.0,1982690.0,6223700.0,3049300.0,4924300.0,1353700.0,0.0,0.0,0.0,0.0,0.0
20230822143226344,SZSE,SZSE.ETF.159995,0.951,0.942,0.954,0.924,0.0,1.032,0.844,511332325.0,177100.0,479580785.434,168441.19999998808,0.0,0.0,20230822,20230822,143226343,0.938,0.0,0.0,0.951,0.95,0.949,0.948,0.947,0.0,0.0,0.0,0.0,0.0,0.952,0.953,0.954,0.955,0.956,0.0,0.0,0.0,0.0,0.0,2345300.0,3285400.0,6911800.0,5990800.0,706200.0,0.0,0.0,0.0,0.0,0.0,3057090.0,6113700.0,3052300.0,4925300.0,1353700.0,0.0,0.0,0.0,0.0,0.0
20230822143229376,SZSE,SZSE.ETF.159995,0.952,0.942,0.954,0.924,0.0,1.032,0.844,511364525.0,32200.0,479611418.134,30632.69999998808,0.0,0.0,20230822,20230822,143229374,0.938,0.0,0.0,0.951,0.95,0.949,0.948,0.947,0.0,0.0,0.0,0.0,0.0,0.952,0.953,0.954,0.955,0.956,0.0,0.0,0.0,0.0,0.0,2327000.0,3305400.0,6911800.0,5990800.0,706200.0,0.0,0.0,0.0,0.0,0.0,3172990.0,6257900.0,3052300.0,4925300.0,1403700.0,0.0,0.0,0.0,0.0,0.0
20230822143232336,SZSE,SZSE.ETF.159995,0.952,0.942,0.954,0.924,0.0,1.032,0.844,511374525.0,10000.0,479620938.134,9520.0,0.0,0.0,20230822,20230822,143232338,0.938,0.0,0.0,0.951,0.95,0.949,0.948,0.947,0.0,0.0,0.0,0.0,0.0,0.952,0.953,0.954,0.955,0.956,0.0,0.0,0.0,0.0,0.0,2343500.0,2985400.0,7011800.0,5990800.0,706200.0,0.0,0.0,0.0,0.0,0.0,3216890.0,6237900.0,3052800.0,4928800.0,1403700.0,0.0,0.0,0.0,0.0,0.0
20230822143235332,SZSE,SZSE.ETF.159995,0.951,0.942,0.954,0.924,0.0,1.032,0.844,511384525.0,10000.0,479630448.134,9510.0,0.0,0.0,20230822,20230822,143235331,0.938,0.0,0.0,0.951,0.95,0.949,0.948,0.947,0.0,0.0,0.0,0.0,0.0,0.952,0.953,0.954,0.955,0.956,0.0,0.0,0.0,0.0,0.0,2335800.0,3105400.0,7011800.0,5990800.0,706200.0,0.0,0.0,0.0,0.0,0.0,3754490.0,6368000.0,3282800.0,4929900.0,1403700.0,0.0,0.0,0.0,0.0,0.0
20230822143238312,SZSE,SZSE.ETF.159995,0.952,0.942,0.954,0.924,0.0,1.032,0.844,511490525.0,106000.0,479731354.234,100906.10000002384,0.0,0.0,20230822,20230822,143238312,0.938,0.0,0.0,0.951,0.95,0.949,0.948,0.947,0.0,0.0,0.0,0.0,0.0,0.952,0.953,0.954,0.955,0.956,0.0,0.0,0.0,0.0,0.0,2334900.0,2985400.0,7011800.0,5990800.0,704200.0,0.0,0.0,0.0,0.0,0.0,3662390.0,6249000.0,3282800.0,4929900.0,1413700.0,0.0,0.0,0.0,0.0,0.0
20230822143241284,SZSE,SZSE.ETF.159995,0.951,0.942,0.954,0.924,0.0,1.032,0.844,511510525.0,20000.0,479750384.234,19030.0,0.0,0.0,20230822,20230822,143241283,0.938,0.0,0.0,0.951,0.95,0.949,0.948,0.947,0.0,0.0,0.0,0.0,0.0,0.952,0.953,0.954,0.955,0.956,0.0,0.0,0.0,0.0,0.0,2304900.0,3591400.0,7011800.0,5990800.0,704200.0,0.0,0.0,0.0,0.0,0.0,3709890.0,6413000.0,3282800.0,4929900.0,1413700.0,0.0,0.0,0.0,0.0,0.0
20230822143244316,SZSE,SZSE.ETF.159995,0.951,0.942,0.954,0.924,0.0,1.032,0.844,511530525.0,20000.0,479769404.234,19020.0,0.0,0.0,20230822,20230822,143244317,0.938,0.0,0.0,0.951,0.95,0.949,0.948,0.947,0.0,0.0,0.0,0.0,0.0,0.952,0.953,0.954,0.955,0.956,0.0,0.0,0.0,0.0,0.0,2261900.0,3471400.0,6012800.0,5990800.0,704200.0,0.0,0.0,0.0,0.0,0.0,3766990.0,6292800.0,3282800.0,4928900.0,1413700.0,0.0,0.0,0.0,0.0,0.0
20230822143247300,SZSE,SZSE.ETF.159995,0.951,0.942,0.954,0.924,0.0,1.032,0.844,513337825.0,1807300.0,481488211.734,1718807.5,0.0,0.0,20230822,20230822,143247301,0.938,0.0,0.0,0.95,0.949,0.948,0.947,0.946,0.0,0.0,0.0,0.0,0.0,0.951,0.952,0.953,0.954,0.955,0.0,0.0,0.0,0.0,0.0,3468100.0,8117200.0,5990800.0,704200.0,371800.0,0.0,0.0,0.0,0.0,0.0,59600.0,3869390.0,6305800.0,2297800.0,4928900.0,0.0,0.0,0.0,0.0,0.0
20230822143250360,SZSE,SZSE.ETF.159995,0.951,0.942,0.954,0.924,0.0,1.032,0.844,513389825.0,52000.0,481537663.734,49452.0,0.0,0.0,20230822,20230822,143250358,0.938,0.0,0.0,0.95,0.949,0.948,0.947,0.946,0.0,0.0,0.0,0.0,0.0,0.951,0.952,0.953,0.954,0.955,0.0,0.0,0.0,0.0,0.0,3171900.0,7429500.0,5990800.0,704200.0,371800.0,0.0,0.0,0.0,0.0,0.0,2316700.0,5055790.0,6077400.0,2251300.0,4808900.0,0.0,0.0,0.0,0.0,0.0
20230822143253336,SZSE,SZSE.ETF.159995,0.95,0.942,0.954,0.924,0.0,1.032,0.844,513495825.0,106000.0,481638446.034,100782.29999995232,0.0,0.0,20230822,20230822,143253338,0.938,0.0,0.0,0.95,0.949,0.948,0.947,0.946,0.0,0.0,0.0,0.0,0.0,0.951,0.952,0.953,0.954,0.955,0.0,0.0,0.0,0.0,0.0,3159200.0,7429500.0,5990800.0,704200.0,371800.0,0.0,0.0,0.0,0.0,0.0,2411400.0,5112790.0,6077400.0,2251300.0,4808900.0,0.0,0.0,0.0,0.0,0.0
20230822143256360,SZSE,SZSE.ETF.159995,0.95,0.942,0.954,0.924,0.0,1.032,0.844,513498725.0,2900.0,481641203.834,2757.800000011921,0.0,0.0,20230822,20230822,143256360,0.938,0.0,0.0,0.95,0.949,0.948,0.947,0.946,0.0,0.0,0.0,0.0,0.0,0.951,0.952,0.953,0.954,0.955,0.0,0.0,0.0,0.0,0.0,2659100.0,7549500.0,5990800.0,704200.0,371800.0,0.0,0.0,0.0,0.0,0.0,1140800.0,5263090.0,6077400.0,2251300.0,4808900.0,0.0,0.0,0.0,0.0,0.0
20230822143259456,SZSE,SZSE.ETF.159995,0.951,0.942,0.954,0.924,0.0,1.032,0.844,513519325.0,20600.0,481660784.434,19580.600000023842,0.0,0.0,20230822,20230822,143259458,0.938,0.0,0.0,0.95,0.949,0.948,0.947,0.946,0.0,0.0,0.0,0.0,0.0,0.951,0.952,0.953,0.954,0.955,0.0,0.0,0.0,0.0,0.0,2615100.0,8428500.0,5990800.0,704200.0,371800.0,0.0,0.0,0.0,0.0,0.0,1187300.0,5387390.0,6077400.0,2253800.0,4808900.0,0.0,0.0,0.0,0.0,0.0
20230822143302348,SZSE,SZSE.ETF.159995,0.95,0.942,0.954,0.924,0.0,1.032,0.844,513536125.0,16800.0,481676757.634,15973.199999988079,0.0,0.0,20230822,20230822,143302349,0.938,0.0,0.0,0.95,0.949,0.948,0.947,0.946,0.0,0.0,0.0,0.0,0.0,0.951,0.952,0.953,0.954,0.955,0.0,0.0,0.0,0.0,0.0,2592600.0,8548500.0,5990800.0,704200.0,371800.0,0.0,0.0,0.0,0.0,0.0,1855300.0,5569090.0,4685700.0,2255800.0,4808900.0,0.0,0.0,0.0,0.0,0.0
20230822143305464,SZSE,SZSE.ETF.159995,0.951,0.942,0.954,0.924,0.0,1.032,0.844,513546125.0,10000.0,481686267.634,9510.0,0.0,0.0,20230822,20230822,143305463,0.938,0.0,0.0,0.95,0.949,0.948,0.947,0.946,0.0,0.0,0.0,0.0,0.0,0.951,0.952,0.953,0.954,0.955,0.0,0.0,0.0,0.0,0.0,3818600.0,8428500.0,5990800.0,704200.0,371800.0,0.0,0.0,0.0,0.0,0.0,2073300.0,5452290.0,4685700.0,2256100.0,4831900.0,0.0,0.0,0.0,0.0,0.0
20230822143308368,SZSE,SZSE.ETF.159995,0.95,0.942,0.954,0.924,0.0,1.032,0.844,513559725.0,13600.0,481699188.834,12921.199999988079,0.0,0.0,20230822,20230822,143308369,0.938,0.0,0.0,0.95,0.949,0.948,0.947,0.946,0.0,0.0,0.0,0.0,0.0,0.951,0.952,0.953,0.954,0.955,0.0,0.0,0.0,0.0,0.0,3806200.0,8548500.0,5990800.0,704200.0,371800.0,0.0,0.0,0.0,0.0,0.0,2144100.0,5621690.0,4686600.0,2266600.0,4830900.0,0.0,0.0,0.0,0.0,0.0
20230822143311352,SZSE,SZSE.ETF.159995,0.95,0.942,0.954,0.924,0.0,1.032,0.844,513592325.0,32600.0,481730184.434,30995.600000023842,0.0,0.0,20230822,20230822,143311354,0.938,0.0,0.0,0.95,0.949,0.948,0.947,0.946,0.0,0.0,0.0,0.0,0.0,0.951,0.952,0.953,0.954,0.955,0.0,0.0,0.0,0.0,0.0,3778200.0,8308500.0,6121800.0,704200.0,371800.0,0.0,0.0,0.0,0.0,0.0,2122500.0,5611990.0,4611600.0,2266600.0,4830900.0,0.0,0.0,0.0,0.0,0.0
20230822143314344,SZSE,SZSE.ETF.159995,0.951,0.942,0.954,0.924,0.0,1.032,0.844,513701725.0,109400.0,481834123.834,103939.39999997616,0.0,0.0,20230822,20230822,143314342,0.938,0.0,0.0,0.95,0.949,0.948,0.947,0.946,0.0,0.0,0.0,0.0,0.0,0.951,0.952,0.953,0.954,0.955,0.0,0.0,0.0,0.0,0.0,3683200.0,8548500.0,5981800.0,704200.0,371800.0,0.0,0.0,0.0,0.0,0.0,2125100.0,5610990.0,4727600.0,2266600.0,4830900.0,0.0,0.0,0.0,0.0,0.0
20230822143317312,SZSE,SZSE.ETF.159995,0.95,0.942,0.954,0.924,0.0,1.032,0.844,513707925.0,6200.0,481840014.834,5891.0,0.0,0.0,20230822,20230822,143317310,0.938,0.0,0.0,0.95,0.949,0.948,0.947,0.946,0.0,0.0,0.0,0.0,0.0,0.951,0.952,0.953,0.954,0.955,0.0,0.0,0.0,0.0,0.0,3677000.0,8428500.0,5981800.0,704200.0,371800.0,0.0,0.0,0.0,0.0,0.0,2187600.0,5499690.0,4727600.0,2266600.0,4832600.0,0.0,0.0,0.0,0.0,0.0
20230822143320316,SZSE,SZSE.ETF.159995,0.95,0.942,0.954,0.924,0.0,1.032,0.844,513800025.0,92100.0,481927574.934,87560.10000002384,0.0,0.0,20230822,20230822,143320315,0.938,0.0,0.0,0.95,0.949,0.948,0.947,0.946,0.0,0.0,0.0,0.0,0.0,0.951,0.952,0.953,0.954,0.955,0.0,0.0,0.0,0.0,0.0,3648000.0,8548500.0,5981800.0,704200.0,371800.0,0.0,0.0,0.0,0.0,0.0,2144900.0,5599690.0,4677600.0,2266600.0,4784800.0,0.0,0.0,0.0,0.0,0.0
20230822143323272,SZSE,SZSE.ETF.159995,0.951,0.942,0.954,0.924,0.0,1.032,0.844,513885025.0,85000.0,482008359.934,80785.0,0.0,0.0,20230822,20230822,143323273,0.938,0.0,0.0,0.95,0.949,0.948,0.947,0.946,0.0,0.0,0.0,0.0,0.0,0.951,0.952,0.953,0.954,0.955,0.0,0.0,0.0,0.0,0.0,3601200.0,8441100.0,5981800.0,704200.0,371800.0,0.0,0.0,0.0,0.0,0.0,2199900.0,5534690.0,4677600.0,2217200.0,4784800.0,0.0,0.0,0.0,0.0,0.0
20230822143326316,SZSE,SZSE.ETF.159995,0.951,0.942,0.954,0.924,0.0,1.032,0.844,514190425.0,305400.0,482298790.334,290430.39999997616,0.0,0.0,20230822,20230822,143326315,0.938,0.0,0.0,0.95,0.949,0.948,0.947,0.946,0.0,0.0,0.0,0.0,0.0,0.951,0.952,0.953,0.954,0.955,0.0,0.0,0.0,0.0,0.0,3995100.0,8441100.0,5981800.0,704200.0,381800.0,0.0,0.0,0.0,0.0,0.0,1966100.0,5582490.0,4650900.0,2222200.0,4784800.0,0.0,0.0,0.0,0.0,0.0
20230822143329312,SZSE,SZSE.ETF.159995,0.95,0.942,0.954,0.924,0.0,1.032,0.844,514227925.0,37500.0,482334415.334,35625.0,0.0,0.0,20230822,20230822,143329310,0.938,0.0,0.0,0.95,0.949,0.948,0.947,0.946,0.0,0.0,0.0,0.0,0.0,0.951,0.952,0.953,0.954,0.955,0.0,0.0,0.0,0.0,0.0,3967600.0,8561100.0,5981800.0,704200.0,381800.0,0.0,0.0,0.0,0.0,0.0,1966100.0,5652490.0,4645500.0,2267200.0,4770300.0,0.0,0.0,0.0,0.0,0.0
20230822143332304,SZSE,SZSE.ETF.159995,0.95,0.942,0.954,0.924,0.0,1.032,0.844,514278525.0,50600.0,482382485.334,48070.0,0.0,0.0,20230822,20230822,143332303,0.938,0.0,0.0,0.95,0.949,0.948,0.947,0.946,0.0,0.0,0.0,0.0,0.0,0.951,0.952,0.953,0.954,0.955,0.0,0.0,0.0,0.0,0.0,3917000.0,8450400.0,5971800.0,724200.0,381800.0,0.0,0.0,0.0,0.0,0.0,1966100.0,5532490.0,4697500.0,2267200.0,4770300.0,0.0,0.0,0.0,0.0,0.0
20230822143335296,SZSE,SZSE.ETF.159995,0.951,0.942,0.954,0.924,0.0,1.032,0.844,514288625.0,10100.0,482392090.334,9605.0,0.0,0.0,20230822,20230822,143335297,0.938,0.0,0.0,0.95,0.949,0.948,0.947,0.946,0.0,0.0,0.0,0.0,0.0,0.951,0.952,0.953,0.954,0.955,0.0,0.0,0.0,0.0,0.0,4880700.0,9071900.0,5971800.0,724200.0,381800.0,0.0,0.0,0.0,0.0,0.0,1979400.0,5649190.0,4697500.0,2267200.0,4770300.0,0.0,0.0,0.0,0.0,0.0
20230822143338296,SZSE,SZSE.ETF.159995,0.95,0.942,0.954,0.924,0.0,1.032,0.844,514339025.0,50400.0,482440015.334,47925.0,0.0,0.0,20230822,20230822,143338296,0.938,0.0,0.0,0.95,0.949,0.948,0.947,0.946,0.0,0.0,0.0,0.0,0.0,0.951,0.952,0.953,0.954,0.955,0.0,0.0,0.0,0.0,0.0,4874300.0,7932900.0,5971800.0,724200.0,381800.0,0.0,0.0,0.0,0.0,0.0,2088100.0,5518590.0,4697500.0,2267200.0,4770300.0,0.0,0.0,0.0,0.0,0.0
20230822143341308,SZSE,SZSE.ETF.159995,0.951,0.942,0.954,0.924,0.0,1.032,0.844,514356025.0,17000.0,482456175.334,16160.0,0.0,0.0,20230822,20230822,143341307,0.938,0.0,0.0,0.95,0.949,0.948,0.947,0.946,0.0,0.0,0.0,0.0,0.0,0.951,0.952,0.953,0.954,0.955,0.0,0.0,0.0,0.0,0.0,3641300.0,8052900.0,5971800.0,724200.0,381800.0,0.0,0.0,0.0,0.0,0.0,2028100.0,5635590.0,4697500.0,2297800.0,4775700.0,0.0,0.0,0.0,0.0,0.0
20230822143344308,SZSE,SZSE.ETF.159995,0.95,0.942,0.954,0.924,0.0,1.032,0.844,514368025.0,12000.0,482467575.334,11400.0,0.0,0.0,20230822,20230822,143344307,0.938,0.0,0.0,0.95,0.949,0.948,0.947,0.946,0.0,0.0,0.0,0.0,0.0,0.951,0.952,0.953,0.954,0.955,0.0,0.0,0.0,0.0,0.0,3678300.0,7812900.0,6091800.0,724200.0,381800.0,0.0,0.0,0.0,0.0,0.0,1854600.0,4598190.0,4697500.0,2177800.0,4750700.0,0.0,0.0,0.0,0.0,0.0
20230822143347304,SZSE,SZSE.ETF.159995,0.95,0.942,0.954,0.924,0.0,1.032,0.844,514378025.0,10000.0,482477075.334,9500.0,0.0,0.0,20230822,20230822,143347304,0.938,0.0,0.0,0.95,0.949,0.948,0.947,0.946,0.0,0.0,0.0,0.0,0.0,0.951,0.952,0.953,0.954,0.955,0.0,0.0,0.0,0.0,0.0,3708100.0,7812900.0,6211800.0,724200.0,381800.0,0.0,0.0,0.0,0.0,0.0,1859100.0,4838190.0,4708500.0,2197800.0,4750700.0,0.0,0.0,0.0,0.0,0.0
20230822143350316,SZSE,SZSE.ETF.159995,0.95,0.942,0.954,0.924,0.0,1.032,0.844,514378025.0,0.0,482477075.334,0.0,0.0,0.0,20230822,20230822,143350316,0.938,0.0,0.0,0.95,0.949,0.948,0.947,0.946,0.0,0.0,0.0,0.0,0.0,0.951,0.952,0.953,0.954,0.955,0.0,0.0,0.0,0.0,0.0,3708100.0,7691900.0,6211800.0,724200.0,381800.0,0.0,0.0,0.0,0.0,0.0,1992400.0,4672990.0,4708500.0,2145500.0,4750700.0,0.0,0.0,0.0,0.0,0.0
20230822143353272,SZSE,SZSE.ETF.159995,0.95,0.942,0.954,0.924,0.0,1.032,0.844,514383625.0,5600.0,482482395.634,5320.300000011921,0.0,0.0,20230822,20230822,143353272,0.938,0.0,0.0,0.95,0.949,0.948,0.947,0.946,0.0,0.0,0.0,0.0,0.0,0.951,0.952,0.953,0.954,0.955,0.0,0.0,0.0,0.0,0.0,3703800.0,7811900.0,6091800.0,724200.0,381800.0,0.0,0.0,0.0,0.0,0.0,2063100.0,4624990.0,4710900.0,2145500.0,4760700.0,0.0,0.0,0.0,0.0,0.0
20230822143356280,SZSE,SZSE.ETF.159995,0.951,0.942,0.954,0.924,0.0,1.032,0.844,514442425.0,58800.0,482538260.634,55865.0,0.0,0.0,20230822,20230822,143356282,0.938,0.0,0.0,0.95,0.949,0.948,0.947,0.946,0.0,0.0,0.0,0.0,0.0,0.951,0.952,0.953,0.954,0.955,0.0,0.0,0.0,0.0,0.0,3655000.0,7811900.0,6091800.0,724200.0,381800.0,0.0,0.0,0.0,0.0,0.0,2058100.0,4504990.0,4830900.0,2145500.0,4760700.0,0.0,0.0,0.0,0.0,0.0
20230822143359272,SZSE,SZSE.ETF.159995,0.95,0.942,0.954,0.924,0.0,1.032,0.844,514557425.0,115000.0,482647510.634,109250.0,0.0,0.0,20230822,20230822,143359272,0.938,0.0,0.0,0.95,0.949,0.948,0.947,0.946,0.0,0.0,0.0,0.0,0.0,0.951,0.952,0.953,0.954,0.955,0.0,0.0,0.0,0.0,0.0,3420000.0,7911900.0,6211800.0,724200.0,382500.0,0.0,0.0,0.0,0.0,0.0,2114900.0,6144990.0,3310900.0,2145500.0,4760700.0,0.0,0.0,0.0,0.0,0.0
20230822143402248,SZSE,SZSE.ETF.159995,0.95,0.942,0.954,0.924,0.0,1.032,0.844,514558825.0,1400.0,482648840.634,1330.0,0.0,0.0,20230822,20230822,143402248,0.938,0.0,0.0,0.95,0.949,0.948,0.947,0.946,0.0,0.0,0.0,0.0,0.0,0.951,0.952,0.953,0.954,0.955,0.0,0.0,0.0,0.0,0.0,3418600.0,7849900.0,6331800.0,724200.0,382500.0,0.0,0.0,0.0,0.0,0.0,2903700.0,5924990.0,3312000.0,2145500.0,4760700.0,0.0,0.0,0.0,0.0,0.0
20230822143405272,SZSE,SZSE.ETF.159995,0.95,0.942,0.954,0.924,0.0,1.032,0.844,514564925.0,6100.0,482654638.234,5797.600000023842,0.0,0.0,20230822,20230822,143405272,0.938,0.0,0.0,0.95,0.949,0.948,0.947,0.946,0.0,0.0,0.0,0.0,0.0,0.951,0.952,0.953,0.954,0.955,0.0,0.0,0.0,0.0,0.0,3536300.0,7969900.0,6211800.0,724200.0,382500.0,0.0,0.0,0.0,0.0,0.0,2909900.0,4644990.0,4737000.0,2145500.0,4758700.0,0.0,0.0,0.0,0.0,0.0
20230822143408284,SZSE,SZSE.ETF.159995,0.95,0.942,0.954,0.924,0.0,1.032,0.844,514764925.0,200000.0,482844638.234,190000.0,0.0,0.0,20230822,20230822,143408283,0.938,0.0,0.0,0.95,0.949,0.948,0.947,0.946,0.0,0.0,0.0,0.0,0.0,0.951,0.952,0.953,0.954,0.955,0.0,0.0,0.0,0.0,0.0,3336300.0,7849900.0,6216800.0,724200.0,382500.0,0.0,0.0,0.0,0.0,0.0,2954700.0,4530790.0,4737000.0,2145500.0,4758700.0,0.0,0.0,0.0,0.0,0.0
20230822143411280,SZSE,SZSE.ETF.159995,0.95,0.942,0.954,0.924,0.0,1.032,0.844,514800225.0,35300.0,482878202.634,33564.39999997616,0.0,0.0,20230822,20230822,143411282,0.938,0.0,0.0,0.95,0.949,0.948,0.947,0.946,0.0,0.0,0.0,0.0,0.0,0.951,0.952,0.953,0.954,0.955,0.0,0.0,0.0,0.0,0.0,3410400.0,7979900.0,6336800.0,724200.0,382500.0,0.0,0.0,0.0,0.0,0.0,2925300.0,4650790.0,4737000.0,2145500.0,4777900.0,0.0,0.0,0.0,0.0,0.0
20230822143414272,SZSE,SZSE.ETF.159995,0.95,0.942,0.954,0.924,0.0,1.032,0.844,514951425.0,151200.0,483021842.634,143640.0,0.0,0.0,20230822,20230822,143414273,0.938,0.0,0.0,0.95,0.949,0.948,0.947,0.946,0.0,0.0,0.0,0.0,0.0,0.951,0.952,0.953,0.954,0.955,0.0,0.0,0.0,0.0,0.0,2740700.0,7859900.0,7336800.0,729200.0,382500.0,0.0,0.0,0.0,0.0,0.0,2937000.0,4533790.0,4737000.0,2145500.0,4767900.0,0.0,0.0,0.0,0.0,0.0
20230822143417292,SZSE,SZSE.ETF.159995,0.95,0.942,0.954,0.924,0.0,1.032,0.844,514951525.0,100.0,483021937.634,95.0,0.0,0.0,20230822,20230822,143417293,0.938,0.0,0.0,0.95,0.949,0.948,0.947,0.946,0.0,0.0,0.0,0.0,0.0,0.951,0.952,0.953,0.954,0.955,0.0,0.0,0.0,0.0,0.0,2755800.0,3979900.0,7336800.0,4729200.0,382500.0,0.0,0.0,0.0,0.0,0.0,2988200.0,6073790.0,3337000.0,2145500.0,4767900.0,0.0,0.0,0.0,0.0,0.0
20230822143420260,SZSE,SZSE.ETF.159995,0.95,0.942,0.954,0.924,0.0,1.032,0.844,514985825.0,34300.0,483054522.634,32585.0,0.0,0.0,20230822,20230822,143420260,0.938,0.0,0.0,0.95,0.949,0.948,0.947,0.946,0.0,0.0,0.0,0.0,0.0,0.951,0.952,0.953,0.954,0.955,0.0,0.0,0.0,0.0,0.0,2822500.0,3859900.0,7336800.0,4729200.0,387500.0,0.0,0.0,0.0,0.0,0.0,4035700.0,5949790.0,2347000.0,2145500.0,4757900.0,0.0,0.0,0.0,0.0,0.0
20230822143423248,SZSE,SZSE.ETF.159995,0.95,0.942,0.954,0.924,0.0,1.032,0.844,515042125.0,56300.0,483108007.634,53485.0,0.0,0.0,20230822,20230822,143423250,0.938,0.0,0.0,0.95,0.949,0.948,0.947,0.946,0.0,0.0,0.0,0.0,0.0,0.951,0.952,0.953,0.954,0.955,0.0,0.0,0.0,0.0,0.0,2766200.0,3979900.0,7336800.0,4729200.0,398500.0,0.0,0.0,0.0,0.0,0.0,4035200.0,6069790.0,2346800.0,2251300.0,4767900.0,0.0,0.0,0.0,0.0,0.0
20230822143426268,SZSE,SZSE.ETF.159995,0.95,0.942,0.954,0.924,0.0,1.032,0.844,515193425.0,151300.0,483251853.034,143845.39999997616,0.0,0.0,20230822,20230822,143426268,0.938,0.0,0.0,0.95,0.949,0.948,0.947,0.946,0.0,0.0,0.0,0.0,0.0,0.951,0.952,0.953,0.954,0.955,0.0,0.0,0.0,0.0,0.0,2725600.0,3860900.0,7340000.0,4729200.0,398500.0,0.0,0.0,0.0,0.0,0.0,3939800.0,7449790.0,2246800.0,2251300.0,4767900.0,0.0,0.0,0.0,0.0,0.0
20230822143429248,SZSE,SZSE.ETF.159995,0.95,0.942,0.954,0.924,0.0,1.032,0.844,515256025.0,62600.0,483311323.034,59470.0,0.0,0.0,20230822,20230822,143429250,0.938,0.0,0.0,0.95,0.949,0.948,0.947,0.946,0.0,0.0,0.0,0.0,0.0,0.951,0.952,0.953,0.954,0.955,0.0,0.0,0.0,0.0,0.0,2691900.0,2460900.0,8750000.0,4729200.0,399500.0,0.0,0.0,0.0,0.0,0.0,2951400.0,7459790.0,3246800.0,2251300.0,4818900.0,0.0,0.0,0.0,0.0,0.0
20230822143432288,SZSE,SZSE.ETF.159995,0.95,0.942,0.954,0.924,0.0,1.032,0.844,515319625.0,63600.0,483371743.034,60420.0,0.0,0.0,20230822,20230822,143432288,0.938,0.0,0.0,0.95,0.949,0.948,0.947,0.946,0.0,0.0,0.0,0.0,0.0,0.951,0.952,0.953,0.954,0.955,0.0,0.0,0.0,0.0,0.0,2638800.0,3860900.0,6351000.0,1728200.0,399500.0,0.0,0.0,0.0,0.0,0.0,2992500.0,7459790.0,3246800.0,2262300.0,4818900.0,0.0,0.0,0.0,0.0,0.0
20230822143435284,SZSE,SZSE.ETF.159995,0.95,0.942,0.954,0.924,0.0,1.032,0.844,515597125.0,277500.0,483635388.034,263645.0,0.0,0.0,20230822,20230822,143435283,0.938,0.0,0.0,0.95,0.949,0.948,0.947,0.946,0.0,0.0,0.0,0.0,0.0,0.951,0.952,0.953,0.954,0.955,0.0,0.0,0.0,0.0,0.0,2381300.0,3860900.0,7350000.0,5728200.0,399500.0,0.0,0.0,0.0,0.0,0.0,4070500.0,7404690.0,2246800.0,2272300.0,4821300.0,0.0,0.0,0.0,0.0,0.0
20230822143438292,SZSE,SZSE.ETF.159995,0.951,0.942,0.954,0.924,0.0,1.032,0.844,515700125.0,103000.0,483733239.934,97851.90000003576,0.0,0.0,20230822,20230822,143438293,0.938,0.0,0.0,0.95,0.949,0.948,0.947,0.946,0.0,0.0,0.0,0.0,0.0,0.951,0.952,0.953,0.954,0.955,0.0,0.0,0.0,0.0,0.0,2279900.0,3968300.0,7350000.0,5729200.0,399500.0,0.0,0.0,0.0,0.0,0.0,4124500.0,7524890.0,2246800.0,2281000.0,4831300.0,0.0,0.0,0.0,0.0,0.0
20230822143441304,SZSE,SZSE.ETF.159995,0.95,0.942,0.954,0.924,0.0,1.032,0.844,515710125.0,10000.0,483742739.934,9500.0,0.0,0.0,20230822,20230822,143441303,0.938,0.0,0.0,0.95,0.949,0.948,0.947,0.946,0.0,0.0,0.0,0.0,0.0,0.951,0.952,0.953,0.954,0.955,0.0,0.0,0.0,0.0,0.0,2269900.0,3898300.0,7350000.0,5729200.0,399500.0,0.0,0.0,0.0,0.0,0.0,4124500.0,7350890.0,2146800.0,2282400.0,4831300.0,0.0,0.0,0.0,0.0,0.0
20230822143444256,SZSE,SZSE.ETF.159995,0.95,0.942,0.954,0.924,0.0,1.032,0.844,515780625.0,70500.0,483809714.934,66975.0,0.0,0.0,20230822,20230822,143444255,0.938,0.0,0.0,0.95,0.949,0.948,0.947,0.946,0.0,0.0,0.0,0.0,0.0,0.951,0.952,0.953,0.954,0.955,0.0,0.0,0.0,0.0,0.0,2199000.0,2618300.0,8750000.0,5729200.0,399500.0,0.0,0.0,0.0,0.0,0.0,4155100.0,7570890.0,2145700.0,2282500.0,4831600.0,0.0,0.0,0.0,0.0,0.0
20230822143447280,SZSE,SZSE.ETF.159995,0.95,0.942,0.954,0.924,0.0,1.032,0.844,515825025.0,44400.0,483851927.134,42212.19999998808,0.0,0.0,20230822,20230822,143447280,0.938,0.0,0.0,0.95,0.949,0.948,0.947,0.946,0.0,0.0,0.0,0.0,0.0,0.951,0.952,0.953,0.954,0.955,0.0,0.0,0.0,0.0,0.0,2399900.0,2498300.0,7751000.0,5729200.0,399500.0,0.0,0.0,0.0,0.0,0.0,4133600.0,7450890.0,2145700.0,2282500.0,4831600.0,0.0,0.0,0.0,0.0,0.0
20230822143450304,SZSE,SZSE.ETF.159995,0.95,0.942,0.954,0.924,0.0,1.032,0.844,515948125.0,123100.0,483968887.134,116960.0,0.0,0.0,20230822,20230822,143450305,0.938,0.0,0.0,0.95,0.949,0.948,0.947,0.946,0.0,0.0,0.0,0.0,0.0,0.951,0.952,0.953,0.954,0.955,0.0,0.0,0.0,0.0,0.0,1438000.0,2618300.0,7751000.0,5729200.0,399500.0,0.0,0.0,0.0,0.0,0.0,4118600.0,7575990.0,2146700.0,2282500.0,4823500.0,0.0,0.0,0.0,0.0,0.0
20230822143453292,SZSE,SZSE.ETF.159995,0.95,0.942,0.954,0.924,0.0,1.032,0.844,517386125.0,1438000.0,485334987.134,1366100.0,0.0,0.0,20230822,20230822,143453292,0.938,0.0,0.0,0.949,0.948,0.947,0.946,0.945,0.0,0.0,0.0,0.0,0.0,0.95,0.951,0.952,0.953,0.954,0.0,0.0,0.0,0.0,0.0,2394900.0,7856500.0,5729200.0,419500.0,667100.0,0.0,0.0,0.0,0.0,0.0,181600.0,4256800.0,7348890.0,2146700.0,2282500.0,0.0,0.0,0.0,0.0,0.0
20230822143456268,SZSE,SZSE.ETF.159995,0.95,0.942,0.954,0.924,0.0,1.032,0.844,517447925.0,61800.0,485393697.134,58710.0,0.0,0.0,20230822,20230822,143456269,0.938,0.0,0.0,0.949,0.948,0.947,0.946,0.945,0.0,0.0,0.0,0.0,0.0,0.95,0.951,0.952,0.953,0.954,0.0,0.0,0.0,0.0,0.0,2769000.0,8083100.0,5729200.0,419500.0,668100.0,0.0,0.0,0.0,0.0,0.0,1304000.0,4572600.0,5817990.0,2146700.0,2162500.0,0.0,0.0,0.0,0.0,0.0
20230822143459256,SZSE,SZSE.ETF.159995,0.95,0.942,0.954,0.924,0.0,1.032,0.844,517457025.0,9100.0,485402342.134,8645.0,0.0,0.0,20230822,20230822,143459258,0.938,0.0,0.0,0.949,0.948,0.947,0.946,0.945,0.0,0.0,0.0,0.0,0.0,0.95,0.951,0.952,0.953,0.954,0.0,0.0,0.0,0.0,0.0,2669000.0,8183100.0,5729200.0,419500.0,668100.0,0.0,0.0,0.0,0.0,0.0,1320700.0,4571600.0,5834590.0,2398500.0,2162500.0,0.0,0.0,0.0,0.0,0.0
20230822143502296,SZSE,SZSE.ETF.159995,0.95,0.942,0.954,0.924,0.0,1.032,0.844,517469025.0,12000.0,485413742.134,11400.0,0.0,0.0,20230822,20230822,143502297,0.938,0.0,0.0,0.949,0.948,0.947,0.946,0.945,0.0,0.0,0.0,0.0,0.0,0.95,0.951,0.952,0.953,0.954,0.0,0.0,0.0,0.0,0.0,2669000.0,8303100.0,5729200.0,419500.0,858000.0,0.0,0.0,0.0,0.0,0.0,1771300.0,4682700.0,5851190.0,2398500.0,2162500.0,0.0,0.0,0.0,0.0,0.0
20230822143505320,SZSE,SZSE.ETF.159995,0.95,0.942,0.954,0.924,0.0,1.032,0.844,517629025.0,160000.0,485565742.134,152000.0,0.0,0.0,20230822,20230822,143505322,0.938,0.0,0.0,0.949,0.948,0.947,0.946,0.945,0.0,0.0,0.0,0.0,0.0,0.95,0.951,0.952,0.953,0.954,0.0,0.0,0.0,0.0,0.0,2769100.0,6663100.0,7249200.0,419500.0,858000.0,0.0,0.0,0.0,0.0,0.0,1645200.0,6102700.0,4331190.0,2398500.0,2164500.0,0.0,0.0,0.0,0.0,0.0
20230822143508360,SZSE,SZSE.ETF.159995,0.949,0.942,0.954,0.924,0.0,1.032,0.844,517680225.0,51200.0,485614380.934,48638.80000001192,0.0,0.0,20230822,20230822,143508362,0.938,0.0,0.0,0.949,0.948,0.947,0.946,0.945,0.0,0.0,0.0,0.0,0.0,0.95,0.951,0.952,0.953,0.954,0.0,0.0,0.0,0.0,0.0,2767900.0,6783100.0,7249200.0,439500.0,858000.0,0.0,0.0,0.0,0.0,0.0,1610700.0,6209400.0,4396190.0,2398500.0,2164500.0,0.0,0.0,0.0,0.0,0.0
20230822143511360,SZSE,SZSE.ETF.159995,0.95,0.942,0.954,0.924,0.0,1.032,0.844,517721925.0,41700.0,485653957.434,39576.5,0.0,0.0,20230822,20230822,143511360,0.938,0.0,0.0,0.949,0.948,0.947,0.946,0.945,0.0,0.0,0.0,0.0,0.0,0.95,0.951,0.952,0.953,0.954,0.0,0.0,0.0,0.0,0.0,2229400.0,2663100.0,8249200.0,4449500.0,858000.0,0.0,0.0,0.0,0.0,0.0,2624900.0,5949500.0,3586190.0,2278500.0,2164500.0,0.0,0.0,0.0,0.0,0.0
20230822143514308,SZSE,SZSE.ETF.159995,0.95,0.942,0.954,0.924,0.0,1.032,0.844,517733725.0,11800.0,485665156.634,11199.199999988079,0.0,0.0,20230822,20230822,143514307,0.938,0.0,0.0,0.949,0.948,0.947,0.946,0.945,0.0,0.0,0.0,0.0,0.0,0.95,0.951,0.952,0.953,0.954,0.0,0.0,0.0,0.0,0.0,2218600.0,2663600.0,8369200.0,4449500.0,858000.0,0.0,0.0,0.0,0.0,0.0,2694200.0,6189500.0,3466190.0,1983200.0,2164500.0,0.0,0.0,0.0,0.0,0.0
20230822143517380,SZSE,SZSE.ETF.159995,0.95,0.942,0.954,0.924,0.0,1.032,0.844,517733825.0,100.0,485665251.634,95.0,0.0,0.0,20230822,20230822,143517379,0.938,0.0,0.0,0.949,0.948,0.947,0.946,0.945,0.0,0.0,0.0,0.0,0.0,0.95,0.951,0.952,0.953,0.954,0.0,0.0,0.0,0.0,0.0,2219600.0,2543600.0,8369200.0,4449500.0,858000.0,0.0,0.0,0.0,0.0,0.0,2705100.0,6169500.0,3366190.0,1983200.0,2166500.0,0.0,0.0,0.0,0.0,0.0
20230822143520332,SZSE,SZSE.ETF.159995,0.95,0.942,0.954,0.924,0.0,1.032,0.844,517797925.0,64100.0,485726141.534,60889.89999997616,0.0,0.0,20230822,20230822,143520332,0.938,0.0,0.0,0.949,0.948,0.947,0.946,0.945,0.0,0.0,0.0,0.0,0.0,0.95,0.951,0.952,0.953,0.954,0.0,0.0,0.0,0.0,0.0,2214500.0,2713600.0,8369200.0,4449500.0,858000.0,0.0,0.0,0.0,0.0,0.0,2746100.0,6310500.0,3365190.0,1983200.0,2166500.0,0.0,0.0,0.0,0.0,0.0
20230822143523288,SZSE,SZSE.ETF.159995,0.949,0.942,0.954,0.924,0.0,1.032,0.844,517802925.0,5000.0,485730886.534,4745.0,0.0,0.0,20230822,20230822,143523287,0.938,0.0,0.0,0.949,0.948,0.947,0.946,0.945,0.0,0.0,0.0,0.0,0.0,0.95,0.951,0.952,0.953,0.954,0.0,0.0,0.0,0.0,0.0,2212300.0,2593600.0,8369700.0,4449500.0,858000.0,0.0,0.0,0.0,0.0,0.0,2747800.0,6190500.0,3345190.0,1983200.0,2167000.0,0.0,0.0,0.0,0.0,0.0
20230822143526292,SZSE,SZSE.ETF.159995,0.949,0.942,0.954,0.924,0.0,1.032,0.844,517825125.0,22200.0,485751966.234,21079.700000047684,0.0,0.0,20230822,20230822,143526291,0.938,0.0,0.0,0.949,0.948,0.947,0.946,0.945,0.0,0.0,0.0,0.0,0.0,0.95,0.951,0.952,0.953,0.954,0.0,0.0,0.0,0.0,0.0,2261000.0,2588600.0,8369700.0,4449500.0,858000.0,0.0,0.0,0.0,0.0,0.0,2427900.0,6190500.0,3350190.0,1983200.0,2167000.0,0.0,0.0,0.0,0.0,0.0
20230822143529304,SZSE,SZSE.ETF.159995,0.949,0.942,0.954,0.924,0.0,1.032,0.844,517840025.0,14900.0,485766106.334,14140.099999964237,0.0,0.0,20230822,20230822,143529302,0.938,0.0,0.0,0.949,0.948,0.947,0.946,0.945,0.0,0.0,0.0,0.0,0.0,0.95,0.951,0.952,0.953,0.954,0.0,0.0,0.0,0.0,0.0,2196600.0,2708600.0,8369700.0,4449500.0,858000.0,0.0,0.0,0.0,0.0,0.0,2563900.0,6269500.0,3350690.0,1983200.0,2167000.0,0.0,0.0,0.0,0.0,0.0
20230822143532304,SZSE,SZSE.ETF.159995,0.949,0.942,0.954,0.924,0.0,1.032,0.844,517861325.0,21300.0,485786321.334,20215.0,0.0,0.0,20230822,20230822,143532304,0.938,0.0,0.0,0.949,0.948,0.947,0.946,0.945,0.0,0.0,0.0,0.0,0.0,0.95,0.951,0.952,0.953,0.954,0.0,0.0,0.0,0.0,0.0,2176600.0,2588600.0,8369700.0,4449500.0,858000.0,0.0,0.0,0.0,0.0,0.0,2603300.0,6152500.0,3353190.0,1958200.0,2167000.0,0.0,0.0,0.0,0.0,0.0
20230822143535276,SZSE,SZSE.ETF.159995,0.949,0.942,0.954,0.924,0.0,1.032,0.844,517893325.0,32000.0,485816689.334,30368.0,0.0,0.0,20230822,20230822,143535275,0.938,0.0,0.0,0.949,0.948,0.947,0.946,0.945,0.0,0.0,0.0,0.0,0.0,0.95,0.951,0.952,0.953,0.954,0.0,0.0,0.0,0.0,0.0,2030100.0,2744600.0,8369700.0,4449500.0,858000.0,0.0,0.0,0.0,0.0,0.0,2649200.0,6282500.0,3353190.0,1958200.0,2167000.0,0.0,0.0,0.0,0.0,0.0
20230822143538260,SZSE,SZSE.ETF.159995,0.949,0.942,0.954,0.924,0.0,1.032,0.844,518247125.0,353800.0,486152446.534,335757.1999999881,0.0,0.0,20230822,20230822,143538261,0.938,0.0,0.0,0.949,0.948,0.947,0.946,0.945,0.0,0.0,0.0,0.0,0.0,0.95,0.951,0.952,0.953,0.954,0.0,0.0,0.0,0.0,0.0,1677300.0,2631600.0,8489700.0,4449500.0,858000.0,0.0,0.0,0.0,0.0,0.0,2663800.0,6168500.0,3353190.0,1958200.0,2177000.0,0.0,0.0,0.0,0.0,0.0
20230822143541252,SZSE,SZSE.ETF.159995,0.949,0.942,0.954,0.924,0.0,1.032,0.844,518339225.0,92100.0,486239849.434,87402.90000003576,0.0,0.0,20230822,20230822,143541253,0.938,0.0,0.0,0.949,0.948,0.947,0.946,0.945,0.0,0.0,0.0,0.0,0.0,0.95,0.951,0.952,0.953,0.954,0.0,0.0,0.0,0.0,0.0,1585200.0,2791100.0,7089700.0,4449500.0,858000.0,0.0,0.0,0.0,0.0,0.0,2765500.0,5915500.0,3354190.0,1958200.0,2170200.0,0.0,0.0,0.0,0.0,0.0
20230822143544260,SZSE,SZSE.ETF.159995,0.949,0.942,0.954,0.924,0.0,1.032,0.844,518444625.0,105400.0,486339877.234,100027.80000001192,0.0,0.0,20230822,20230822,143544261,0.938,0.0,0.0,0.949,0.948,0.947,0.946,0.945,0.0,0.0,0.0,0.0,0.0,0.95,0.951,0.952,0.953,0.954,0.0,0.0,0.0,0.0,0.0,1584000.0,2666100.0,8489700.0,4449500.0,858000.0,0.0,0.0,0.0,0.0,0.0,2765300.0,5721400.0,3354190.0,1958200.0,2170200.0,0.0,0.0,0.0,0.0,0.0
20230822143547268,SZSE,SZSE.ETF.159995,0.949,0.942,0.954,0.924,0.0,1.032,0.844,518506425.0,61800.0,486398525.434,58648.19999998808,0.0,0.0,20230822,20230822,143547269,0.938,0.0,0.0,0.949,0.948,0.947,0.946,0.945,0.0,0.0,0.0,0.0,0.0,0.95,0.951,0.952,0.953,0.954,0.0,0.0,0.0,0.0,0.0,1522200.0,2786100.0,8489700.0,4449500.0,858000.0,0.0,0.0,0.0,0.0,0.0,3041400.0,5847200.0,3358190.0,1958200.0,2170200.0,0.0,0.0,0.0,0.0,0.0
20230822143550260,SZSE,SZSE.ETF.159995,0.95,0.942,0.954,0.924,0.0,1.032,0.844,518979325.0,472900.0,486847326.534,448801.09999996424,0.0,0.0,20230822,20230822,143550260,0.938,0.0,0.0,0.949,0.948,0.947,0.946,0.945,0.0,0.0,0.0,0.0,0.0,0.95,0.951,0.952,0.953,0.954,0.0,0.0,0.0,0.0,0.0,213000.0,2709400.0,8489700.0,4449500.0,858000.0,0.0,0.0,0.0,0.0,0.0,3065000.0,5746900.0,3360190.0,1958200.0,2200200.0,0.0,0.0,0.0,0.0,0.0
20230822143553264,SZSE,SZSE.ETF.159995,0.949,0.942,0.954,0.924,0.0,1.032,0.844,519209325.0,230000.0,487065646.534,218320.0,0.0,0.0,20230822,20230822,143553266,0.938,0.0,0.0,0.948,0.947,0.946,0.945,0.944,0.0,0.0,0.0,0.0,0.0,0.949,0.95,0.951,0.952,0.953,0.0,0.0,0.0,0.0,0.0,3477200.0,8595300.0,4449500.0,858000.0,408400.0,0.0,0.0,0.0,0.0,0.0,1637700.0,3093100.0,5761700.0,3359190.0,1958200.0,0.0,0.0,0.0,0.0,0.0
20230822143556268,SZSE,SZSE.ETF.159995,0.949,0.942,0.954,0.924,0.0,1.032,0.844,519214125.0,4800.0,487070201.734,4555.200000047684,0.0,0.0,20230822,20230822,143556269,0.938,0.0,0.0,0.948,0.947,0.946,0.945,0.944,0.0,0.0,0.0,0.0,0.0,0.949,0.95,0.951,0.952,0.953,0.0,0.0,0.0,0.0,0.0,3535900.0,8822000.0,4449500.0,858000.0,408400.0,0.0,0.0,0.0,0.0,0.0,1333200.0,3329800.0,5235100.0,3329190.0,1838200.0,0.0,0.0,0.0,0.0,0.0
20230822143559288,SZSE,SZSE.ETF.159995,0.949,0.942,0.954,0.924,0.0,1.032,0.844,519214125.0,0.0,487070201.734,0.0,0.0,0.0,20230822,20230822,143559289,0.938,0.0,0.0,0.948,0.947,0.946,0.945,0.944,0.0,0.0,0.0,0.0,0.0,0.949,0.95,0.951,0.952,0.953,0.0,0.0,0.0,0.0,0.0,3540900.0,8834000.0,5449100.0,860000.0,408400.0,0.0,0.0,0.0,0.0,0.0,1358800.0,3280600.0,5235100.0,3329190.0,1937300.0,0.0,0.0,0.0,0.0,0.0
20230822143602332,SZSE,SZSE.ETF.159995,0.949,0.942,0.954,0.924,0.0,1.032,0.844,519269325.0,55200.0,487122586.534,52384.799999952316,0.0,0.0,20230822,20230822,143602333,0.938,0.0,0.0,0.948,0.947,0.946,0.945,0.944,0.0,0.0,0.0,0.0,0.0,0.949,0.95,0.951,0.952,0.953,0.0,0.0,0.0,0.0,0.0,4982100.0,7554000.0,5449100.0,890000.0,442400.0,0.0,0.0,0.0,0.0,0.0,390600.0,3385600.0,3835100.0,4729190.0,1929900.0,0.0,0.0,0.0,0.0,0.0
20230822143605312,SZSE,SZSE.ETF.159995,0.948,0.942,0.954,0.924,0.0,1.032,0.844,519275925.0,6600.0,487128844.134,6257.600000023842,0.0,0.0,20230822,20230822,143605311,0.938,0.0,0.0,0.948,0.947,0.946,0.945,0.944,0.0,0.0,0.0,0.0,0.0,0.949,0.95,0.951,0.952,0.953,0.0,0.0,0.0,0.0,0.0,4976300.0,6435000.0,5449600.0,890100.0,440900.0,0.0,0.0,0.0,0.0,0.0,112600.0,3265600.0,3835100.0,4679190.0,1944900.0,0.0,0.0,0.0,0.0,0.0
20230822143608368,SZSE,SZSE.ETF.159995,0.949,0.942,0.954,0.924,0.0,1.032,0.844,519305525.0,29600.0,487156911.234,28067.100000023842,0.0,0.0,20230822,20230822,143608370,0.938,0.0,0.0,0.948,0.947,0.946,0.945,0.944,0.0,0.0,0.0,0.0,0.0,0.949,0.95,0.951,0.952,0.953,0.0,0.0,0.0,0.0,0.0,5043600.0,6556000.0,5449600.0,890100.0,440900.0,0.0,0.0,0.0,0.0,0.0,110300.0,3386600.0,5236100.0,3280190.0,1964900.0,0.0,0.0,0.0,0.0,0.0
20230822143611368,SZSE,SZSE.ETF.159995,0.948,0.942,0.954,0.924,0.0,1.032,0.844,519318425.0,12900.0,487169140.434,12229.199999988079,0.0,0.0,20230822,20230822,143611369,0.938,0.0,0.0,0.948,0.947,0.946,0.945,0.944,0.0,0.0,0.0,0.0,0.0,0.949,0.95,0.951,0.952,0.953,0.0,0.0,0.0,0.0,0.0,5030700.0,7435000.0,5449600.0,890100.0,440900.0,0.0,0.0,0.0,0.0,0.0,257500.0,3287600.0,5236100.0,3280190.0,2064900.0,0.0,0.0,0.0,0.0,0.0
20230822143614364,SZSE,SZSE.ETF.159995,0.948,0.942,0.954,0.924,0.0,1.032,0.844,519495325.0,176900.0,487337006.234,167865.80000001192,0.0,0.0,20230822,20230822,143614364,0.938,0.0,0.0,0.948,0.947,0.946,0.945,0.944,0.0,0.0,0.0,0.0,0.0,0.949,0.95,0.951,0.952,0.953,0.0,0.0,0.0,0.0,0.0,3651300.0,7956200.0,5449600.0,898100.0,440900.0,0.0,0.0,0.0,0.0,0.0,164200.0,3427600.0,5236100.0,3280190.0,2164400.0,0.0,0.0,0.0,0.0,0.0
20230822143617380,SZSE,SZSE.ETF.159995,0.948,0.942,0.954,0.924,0.0,1.032,0.844,519504525.0,9200.0,487345729.034,8722.799999952316,0.0,0.0,20230822,20230822,143617380,0.938,0.0,0.0,0.948,0.947,0.946,0.945,0.944,0.0,0.0,0.0,0.0,0.0,0.949,0.95,0.951,0.952,0.953,0.0,0.0,0.0,0.0,0.0,3640100.0,7836200.0,5449600.0,906700.0,440900.0,0.0,0.0,0.0,0.0,0.0,183000.0,3255200.0,5236100.0,3284190.0,2164400.0,0.0,0.0,0.0,0.0,0.0
20230822143620360,SZSE,SZSE.ETF.159995,0.948,0.942,0.954,0.924,0.0,1.032,0.844,519509925.0,5400.0,487350853.234,5124.200000047684,0.0,0.0,20230822,20230822,143620362,0.938,0.0,0.0,0.948,0.947,0.946,0.945,0.944,0.0,0.0,0.0,0.0,0.0,0.949,0.95,0.951,0.952,0.953,0.0,0.0,0.0,0.0,0.0,3629700.0,7956200.0,5449600.0,906700.0,440900.0,0.0,0.0,0.0,0.0,0.0,197100.0,3375200.0,5230300.0,3259190.0,2169400.0,0.0,0.0,0.0,0.0,0.0
20230822143638320,SZSE,SZSE.ETF.159995,0.948,0.942,0.954,0.924,0.0,1.032,0.844,519860725.0,91700.0,487683473.734,86931.60000002384,0.0,0.0,20230822,20230822,143638320,0.938,0.0,0.0,0.948,0.947,0.946,0.945,0.944,0.0,0.0,0.0,0.0,0.0,0.949,0.95,0.951,0.952,0.953,0.0,0.0,0.0,0.0,0.0,1552000.0,2276200.0,7211200.0,5925700.0,450900.0,0.0,0.0,0.0,0.0,0.0,2573600.0,4893800.0,2745800.0,3419790.0,2185900.0,0.0,0.0,0.0,0.0,0.0
20230822143641304,SZSE,SZSE.ETF.159995,0.948,0.942,0.954,0.924,0.0,1.032,0.844,519867625.0,6900.0,487690015.034,6541.299999952316,0.0,0.0,20230822,20230822,143641303,0.938,0.0,0.0,0.948,0.947,0.946,0.945,0.944,0.0,0.0,0.0,0.0,0.0,0.949,0.95,0.951,0.952,0.953,0.0,0.0,0.0,0.0,0.0,1294400.0,2396200.0,7210700.0,5925700.0,450900.0,0.0,0.0,0.0,0.0,0.0,2692400.0,5018800.0,2754800.0,3419790.0,2185900.0,0.0,0.0,0.0,0.0,0.0
20230822143644312,SZSE,SZSE.ETF.159995,0.948,0.942,0.954,0.924,0.0,1.032,0.844,520077425.0,209800.0,487888905.634,198890.60000002384,0.0,0.0,20230822,20230822,143644313,0.938,0.0,0.0,0.948,0.947,0.946,0.945,0.944,0.0,0.0,0.0,0.0,0.0,0.949,0.95,0.951,0.952,0.953,0.0,0.0,0.0,0.0,0.0,1091300.0,2281300.0,7210700.0,5946000.0,450900.0,0.0,0.0,0.0,0.0,0.0,2054800.0,4998800.0,2654800.0,3419790.0,2183300.0,0.0,0.0,0.0,0.0,0.0
20230822143647360,SZSE,SZSE.ETF.159995,0.948,0.942,0.954,0.924,0.0,1.032,0.844,520788825.0,711400.0,488563317.834,674412.1999999881,0.0,0.0,20230822,20230822,143647358,0.938,0.0,0.0,0.947,0.946,0.945,0.944,0.943,0.0,0.0,0.0,0.0,0.0,0.948,0.949,0.95,0.951,0.952,0.0,0.0,0.0,0.0,0.0,2335700.0,7326500.0,5946000.0,450900.0,736700.0,0.0,0.0,0.0,0.0,0.0,166300.0,2158500.0,5012500.0,2654800.0,3447390.0,0.0,0.0,0.0,0.0,0.0
20230822143650296,SZSE,SZSE.ETF.159995,0.948,0.942,0.954,0.924,0.0,1.032,0.844,520803825.0,15000.0,488577537.834,14220.0,0.0,0.0,20230822,20230822,143650295,0.938,0.0,0.0,0.947,0.946,0.945,0.944,0.943,0.0,0.0,0.0,0.0,0.0,0.948,0.949,0.95,0.951,0.952,0.0,0.0,0.0,0.0,0.0,1991000.0,8552300.0,5946000.0,451400.0,736700.0,0.0,0.0,0.0,0.0,0.0,43000.0,2147400.0,4317400.0,2654400.0,3327390.0,0.0,0.0,0.0,0.0,0.0
20230822143653312,SZSE,SZSE.ETF.159995,0.948,0.942,0.954,0.924,0.0,1.032,0.844,520814325.0,10500.0,488587491.834,9954.0,0.0,0.0,20230822,20230822,143653313,0.938,0.0,0.0,0.947,0.946,0.945,0.944,0.943,0.0,0.0,0.0,0.0,0.0,0.948,0.949,0.95,0.951,0.952,0.0,0.0,0.0,0.0,0.0,1991100.0,8552300.0,5946300.0,451400.0,736700.0,0.0,0.0,0.0,0.0,0.0,257400.0,2147400.0,4314400.0,2654400.0,3339390.0,0.0,0.0,0.0,0.0,0.0
20230822143659300,SZSE,SZSE.ETF.159995,0.947,0.942,0.954,0.924,0.0,1.032,0.844,520865325.0,50100.0,488635789.734,47444.700000047684,0.0,0.0,20230822,20230822,143659301,0.938,0.0,0.0,0.947,0.946,0.945,0.944,0.943,0.0,0.0,0.0,0.0,0.0,0.948,0.949,0.95,0.951,0.952,0.0,0.0,0.0,0.0,0.0,2436600.0,7552300.0,5937800.0,451400.0,736700.0,0.0,0.0,0.0,0.0,0.0,391400.0,2081400.0,4390100.0,2654400.0,3337690.0,0.0,0.0,0.0,0.0,0.0
20230822143702348,SZSE,SZSE.ETF.159995,0.947,0.942,0.954,0.924,0.0,1.032,0.844,520914925.0,49600.0,488682761.034,46971.299999952316,0.0,0.0,20230822,20230822,143702348,0.938,0.0,0.0,0.947,0.946,0.945,0.944,0.943,0.0,0.0,0.0,0.0,0.0,0.948,0.949,0.95,0.951,0.952,0.0,0.0,0.0,0.0,0.0,2392200.0,8673100.0,5937800.0,451400.0,736700.0,0.0,0.0,0.0,0.0,0.0,485900.0,2286400.0,4390100.0,2654400.0,3337690.0,0.0,0.0,0.0,0.0,0.0
20230822143705336,SZSE,SZSE.ETF.159995,0.947,0.942,0.954,0.924,0.0,1.032,0.844,520918925.0,4000.0,488686549.034,3788.0,0.0,0.0,20230822,20230822,143705336,0.938,0.0,0.0,0.947,0.946,0.945,0.944,0.943,0.0,0.0,0.0,0.0,0.0,0.948,0.949,0.95,0.951,0.952,0.0,0.0,0.0,0.0,0.0,2399700.0,8553100.0,5937800.0,451400.0,736700.0,0.0,0.0,0.0,0.0,0.0,530600.0,2153100.0,4390100.0,2499000.0,3337690.0,0.0,0.0,0.0,0.0,0.0
20230822143708352,SZSE,SZSE.ETF.159995,0.947,0.942,0.954,0.924,0.0,1.032,0.844,520976925.0,58000.0,488741483.034,54934.0,0.0,0.0,20230822,20230822,143708351,0.938,0.0,0.0,0.947,0.946,0.945,0.944,0.943,0.0,0.0,0.0,0.0,0.0,0.948,0.949,0.95,0.951,0.952,0.0,0.0,0.0,0.0,0.0,2361500.0,8673100.0,5937800.0,451400.0,736800.0,0.0,0.0,0.0,0.0,0.0,645400.0,2273100.0,4382600.0,2729000.0,3338590.0,0.0,0.0,0.0,0.0,0.0
20230822143711340,SZSE,SZSE.ETF.159995,0.947,0.942,0.954,0.924,0.0,1.032,0.844,520996925.0,20000.0,488760423.034,18940.0,0.0,0.0,20230822,20230822,143711339,0.938,0.0,0.0,0.947,0.946,0.945,0.944,0.943,0.0,0.0,0.0,0.0,0.0,0.948,0.949,0.95,0.951,0.952,0.0,0.0,0.0,0.0,0.0,2441500.0,8554100.0,5937800.0,451400.0,736800.0,0.0,0.0,0.0,0.0,0.0,568100.0,2003100.0,4399300.0,2729000.0,3338590.0,0.0,0.0,0.0,0.0,0.0
20230822143714336,SZSE,SZSE.ETF.159995,0.947,0.942,0.954,0.924,0.0,1.032,0.844,521263125.0,266200.0,489012514.434,252091.40000003576,0.0,0.0,20230822,20230822,143714334,0.938,0.0,0.0,0.947,0.946,0.945,0.944,0.943,0.0,0.0,0.0,0.0,0.0,0.948,0.949,0.95,0.951,0.952,0.0,0.0,0.0,0.0,0.0,2446100.0,8654100.0,5938300.0,451500.0,736800.0,0.0,0.0,0.0,0.0,0.0,589700.0,2157200.0,4399400.0,2729000.0,3313490.0,0.0,0.0,0.0,0.0,0.0
20230822143717312,SZSE,SZSE.ETF.159995,0.947,0.942,0.954,0.924,0.0,1.032,0.844,521271125.0,8000.0,489020095.434,7581.0,0.0,0.0,20230822,20230822,143717311,0.938,0.0,0.0,0.947,0.946,0.945,0.944,0.943,0.0,0.0,0.0,0.0,0.0,0.948,0.949,0.95,0.951,0.952,0.0,0.0,0.0,0.0,0.0,2458100.0,8534100.0,5938300.0,451500.0,736800.0,0.0,0.0,0.0,0.0,0.0,608800.0,2037200.0,4399700.0,2729000.0,3313490.0,0.0,0.0,0.0,0.0,0.0
20230822143726288,SZSE,SZSE.ETF.159995,0.947,0.942,0.954,0.924,0.0,1.032,0.844,521405725.0,72300.0,489147646.234,68540.30000001192,0.0,0.0,20230822,20230822,143726289,0.938,0.0,0.0,0.947,0.946,0.945,0.944,0.943,0.0,0.0,0.0,0.0,0.0,0.948,0.949,0.95,0.951,0.952,0.0,0.0,0.0,0.0,0.0,3808600.0,7183900.0,5938300.0,451500.0,745300.0,0.0,0.0,0.0,0.0,0.0,595700.0,1063800.0,2918700.0,4883100.0,3363790.0,0.0,0.0,0.0,0.0,0.0
20230822143729256,SZSE,SZSE.ETF.159995,0.948,0.942,0.954,0.924,0.0,1.032,0.844,521979325.0,573600.0,489691414.034,543767.7999999523,0.0,0.0,20230822,20230822,143729255,0.938,0.0,0.0,0.948,0.947,0.946,0.945,0.944,0.0,0.0,0.0,0.0,0.0,0.949,0.95,0.951,0.952,0.953,0.0,0.0,0.0,0.0,0.0,5200.0,3911200.0,6198100.0,5938300.0,358500.0,0.0,0.0,0.0,0.0,0.0,1078400.0,3013700.0,3885100.0,3363790.0,2233400.0,0.0,0.0,0.0,0.0,0.0
20230822143732288,SZSE,SZSE.ETF.159995,0.948,0.942,0.954,0.924,0.0,1.032,0.844,522033325.0,54000.0,489742606.034,51192.0,0.0,0.0,20230822,20230822,143732288,0.938,0.0,0.0,0.948,0.947,0.946,0.945,0.944,0.0,0.0,0.0,0.0,0.0,0.949,0.95,0.951,0.952,0.953,0.0,0.0,0.0,0.0,0.0,1348900.0,4258800.0,6851300.0,5959600.0,358500.0,0.0,0.0,0.0,0.0,0.0,1732800.0,3120400.0,3885900.0,3487790.0,2233400.0,0.0,0.0,0.0,0.0,0.0
20230822143735280,SZSE,SZSE.ETF.159995,0.948,0.942,0.954,0.924,0.0,1.032,0.844,522480225.0,446900.0,490166267.234,423661.2000000477,0.0,0.0,20230822,20230822,143735279,0.938,0.0,0.0,0.948,0.947,0.946,0.945,0.944,0.0,0.0,0.0,0.0,0.0,0.949,0.95,0.951,0.952,0.953,0.0,0.0,0.0,0.0,0.0,1281300.0,4269100.0,6841300.0,5961600.0,358500.0,0.0,0.0,0.0,0.0,0.0,1732800.0,3120400.0,3885900.0,3497790.0,2233400.0,0.0,0.0,0.0,0.0,0.0
20230822143738264,SZSE,SZSE.ETF.159995,0.948,0.942,0.954,0.924,0.0,1.032,0.844,522526225.0,46000.0,490209875.234,43608.0,0.0,0.0,20230822,20230822,143738263,0.938,0.0,0.0,0.948,0.947,0.946,0.945,0.944,0.0,0.0,0.0,0.0,0.0,0.949,0.95,0.951,0.952,0.953,0.0,0.0,0.0,0.0,0.0,1545300.0,4417400.0,6840800.0,5966600.0,358500.0,0.0,0.0,0.0,0.0,0.0,1742800.0,3240400.0,2486400.0,3497790.0,2233400.0,0.0,0.0,0.0,0.0,0.0
20230822143741240,SZSE,SZSE.ETF.159995,0.949,0.942,0.954,0.924,0.0,1.032,0.844,522527225.0,1000.0,490210824.234,949.0,0.0,0.0,20230822,20230822,143741242,0.938,0.0,0.0,0.948,0.947,0.946,0.945,0.944,0.0,0.0,0.0,0.0,0.0,0.949,0.95,0.951,0.952,0.953,0.0,0.0,0.0,0.0,0.0,1556300.0,4297600.0,6840800.0,5966600.0,363500.0,0.0,0.0,0.0,0.0,0.0,1743800.0,4521400.0,2499400.0,3487790.0,2238400.0,0.0,0.0,0.0,0.0,0.0
20230822143744228,SZSE,SZSE.ETF.159995,0.949,0.942,0.954,0.924,0.0,1.032,0.844,522551025.0,23800.0,490233401.634,22577.399999976158,0.0,0.0,20230822,20230822,143744229,0.938,0.0,0.0,0.948,0.947,0.946,0.945,0.944,0.0,0.0,0.0,0.0,0.0,0.949,0.95,0.951,0.952,0.953,0.0,0.0,0.0,0.0,0.0,1597500.0,8437700.0,6847800.0,1966600.0,373500.0,0.0,0.0,0.0,0.0,0.0,1698800.0,4641400.0,2499400.0,3487790.0,2246500.0,0.0,0.0,0.0,0.0,0.0
20230822143747284,SZSE,SZSE.ETF.159995,0.949,0.942,0.954,0.924,0.0,1.032,0.844,522565425.0,14400.0,490247067.234,13665.600000023842,0.0,0.0,20230822,20230822,143747283,0.938,0.0,0.0,0.948,0.947,0.946,0.945,0.944,0.0,0.0,0.0,0.0,0.0,0.949,0.95,0.951,0.952,0.953,0.0,0.0,0.0,0.0,0.0,1621600.0,8317700.0,6847800.0,1966600.0,373500.0,0.0,0.0,0.0,0.0,0.0,1684400.0,3131400.0,2489400.0,3487790.0,2246500.0,0.0,0.0,0.0,0.0,0.0
20230822143750240,SZSE,SZSE.ETF.159995,0.949,0.942,0.954,0.924,0.0,1.032,0.844,522577325.0,11900.0,490258360.334,11293.099999964237,0.0,0.0,20230822,20230822,143750238,0.938,0.0,0.0,0.948,0.947,0.946,0.945,0.944,0.0,0.0,0.0,0.0,0.0,0.949,0.95,0.951,0.952,0.953,0.0,0.0,0.0,0.0,0.0,1621600.0,4437700.0,6847800.0,5966600.0,374200.0,0.0,0.0,0.0,0.0,0.0,1692300.0,3031400.0,3889400.0,3487790.0,2250500.0,0.0,0.0,0.0,0.0,0.0
20230822143753224,SZSE,SZSE.ETF.159995,0.949,0.942,0.954,0.924,0.0,1.032,0.844,522580325.0,3000.0,490261207.334,2847.0,0.0,0.0,20230822,20230822,143753225,0.938,0.0,0.0,0.948,0.947,0.946,0.945,0.944,0.0,0.0,0.0,0.0,0.0,0.949,0.95,0.951,0.952,0.953,0.0,0.0,0.0,0.0,0.0,1676600.0,8327700.0,6846400.0,1966600.0,374200.0,0.0,0.0,0.0,0.0,0.0,1599300.0,2922200.0,3989400.0,3487790.0,2250500.0,0.0,0.0,0.0,0.0,0.0
20230822143756248,SZSE,SZSE.ETF.159995,0.948,0.942,0.954,0.924,0.0,1.032,0.844,522600425.0,20100.0,490280262.234,19054.900000035763,0.0,0.0,20230822,20230822,143756250,0.938,0.0,0.0,0.948,0.947,0.946,0.945,0.944,0.0,0.0,0.0,0.0,0.0,0.949,0.95,0.951,0.952,0.953,0.0,0.0,0.0,0.0,0.0,1656600.0,8467700.0,6847400.0,1966600.0,374200.0,0.0,0.0,0.0,0.0,0.0,1599200.0,3092400.0,3989400.0,3487790.0,2250500.0,0.0,0.0,0.0,0.0,0.0
20230822143759248,SZSE,SZSE.ETF.159995,0.948,0.942,0.954,0.924,0.0,1.032,0.844,522600425.0,0.0,490280262.234,0.0,0.0,0.0,20230822,20230822,143759248,0.938,0.0,0.0,0.948,0.947,0.946,0.945,0.944,0.0,0.0,0.0,0.0,0.0,0.949,0.95,0.951,0.952,0.953,0.0,0.0,0.0,0.0,0.0,1663000.0,8308100.0,6727400.0,1973600.0,374200.0,0.0,0.0,0.0,0.0,0.0,1610200.0,2971400.0,3989400.0,3487790.0,2250500.0,0.0,0.0,0.0,0.0,0.0
20230822143802272,SZSE,SZSE.ETF.159995,0.949,0.942,0.954,0.924,0.0,1.032,0.844,522615425.0,15000.0,490294497.234,14235.0,0.0,0.0,20230822,20230822,143802273,0.938,0.0,0.0,0.948,0.947,0.946,0.945,0.944,0.0,0.0,0.0,0.0,0.0,0.949,0.95,0.951,0.952,0.953,0.0,0.0,0.0,0.0,0.0,1783000.0,9434700.0,6607400.0,977800.0,374400.0,0.0,0.0,0.0,0.0,0.0,1095200.0,2836400.0,4321600.0,3487790.0,2350500.0,0.0,0.0,0.0,0.0,0.0
20230822143805236,SZSE,SZSE.ETF.159995,0.949,0.942,0.954,0.924,0.0,1.032,0.844,523119425.0,504000.0,490772793.234,478296.0,0.0,0.0,20230822,20230822,143805236,0.938,0.0,0.0,0.948,0.947,0.946,0.945,0.944,0.0,0.0,0.0,0.0,0.0,0.949,0.95,0.951,0.952,0.953,0.0,0.0,0.0,0.0,0.0,1873600.0,9434700.0,6607400.0,993400.0,374400.0,0.0,0.0,0.0,0.0,0.0,601200.0,2836400.0,4321600.0,3487790.0,2350500.0,0.0,0.0,0.0,0.0,0.0
20230822143808272,SZSE,SZSE.ETF.159995,0.949,0.942,0.954,0.924,0.0,1.032,0.844,523453125.0,333700.0,491089474.534,316681.2999999523,0.0,0.0,20230822,20230822,143808273,0.938,0.0,0.0,0.948,0.947,0.946,0.945,0.944,0.0,0.0,0.0,0.0,0.0,0.949,0.95,0.951,0.952,0.953,0.0,0.0,0.0,0.0,0.0,1930600.0,8433700.0,6609400.0,993400.0,374400.0,0.0,0.0,0.0,0.0,0.0,1267500.0,2838400.0,3321600.0,3517890.0,2350500.0,0.0,0.0,0.0,0.0,0.0
20230822143811244,SZSE,SZSE.ETF.159995,0.949,0.942,0.954,0.924,0.0,1.032,0.844,523453125.0,0.0,491089474.534,0.0,0.0,0.0,20230822,20230822,143811245,0.938,0.0,0.0,0.948,0.947,0.946,0.945,0.944,0.0,0.0,0.0,0.0,0.0,0.949,0.95,0.951,0.952,0.953,0.0,0.0,0.0,0.0,0.0,2690600.0,8623700.0,5609400.0,993400.0,375900.0,0.0,0.0,0.0,0.0,0.0,267500.0,2955600.0,4321600.0,3517890.0,2350500.0,0.0,0.0,0.0,0.0,0.0
20230822143814224,SZSE,SZSE.ETF.159995,0.949,0.942,0.954,0.924,0.0,1.032,0.844,523466625.0,13500.0,491102283.034,12808.5,0.0,0.0,20230822,20230822,143814222,0.938,0.0,0.0,0.948,0.947,0.946,0.945,0.944,0.0,0.0,0.0,0.0,0.0,0.949,0.95,0.951,0.952,0.953,0.0,0.0,0.0,0.0,0.0,1687600.0,8503700.0,6609400.0,993400.0,375900.0,0.0,0.0,0.0,0.0,0.0,279900.0,2835600.0,4322600.0,3517890.0,2352500.0,0.0,0.0,0.0,0.0,0.0
20230822143817316,SZSE,SZSE.ETF.159995,0.949,0.942,0.954,0.924,0.0,1.032,0.844,523467825.0,1200.0,491103421.734,1138.7000000476837,0.0,0.0,20230822,20230822,143817315,0.938,0.0,0.0,0.948,0.947,0.946,0.945,0.944,0.0,0.0,0.0,0.0,0.0,0.949,0.95,0.951,0.952,0.953,0.0,0.0,0.0,0.0,0.0,1707100.0,8628700.0,6609400.0,993400.0,375900.0,0.0,0.0,0.0,0.0,0.0,278800.0,2937300.0,4323600.0,3527890.0,2352500.0,0.0,0.0,0.0,0.0,0.0
20230822143820284,SZSE,SZSE.ETF.159995,0.949,0.942,0.954,0.924,0.0,1.032,0.844,523470325.0,2500.0,491105794.234,2372.5,0.0,0.0,20230822,20230822,143820285,0.938,0.0,0.0,0.948,0.947,0.946,0.945,0.944,0.0,0.0,0.0,0.0,0.0,0.949,0.95,0.951,0.952,0.953,0.0,0.0,0.0,0.0,0.0,1707100.0,8508700.0,6609400.0,993400.0,375900.0,0.0,0.0,0.0,0.0,0.0,285300.0,2651300.0,4323600.0,3527890.0,2352500.0,0.0,0.0,0.0,0.0,0.0
20230822143823216,SZSE,SZSE.ETF.159995,0.949,0.942,0.954,0.924,0.0,1.032,0.844,523470325.0,0.0,491105794.234,0.0,0.0,0.0,20230822,20230822,143823218,0.938,0.0,0.0,0.948,0.947,0.946,0.945,0.944,0.0,0.0,0.0,0.0,0.0,0.949,0.95,0.951,0.952,0.953,0.0,0.0,0.0,0.0,0.0,2813700.0,8528700.0,5609400.0,993400.0,375900.0,0.0,0.0,0.0,0.0,0.0,360200.0,2871600.0,4320600.0,3527890.0,2374500.0,0.0,0.0,0.0,0.0,0.0
20230822143826208,SZSE,SZSE.ETF.159995,0.949,0.942,0.954,0.924,0.0,1.032,0.844,523470325.0,0.0,491105794.234,0.0,0.0,0.0,20230822,20230822,143826208,0.938,0.0,0.0,0.948,0.947,0.946,0.945,0.944,0.0,0.0,0.0,0.0,0.0,0.949,0.95,0.951,0.952,0.953,0.0,0.0,0.0,0.0,0.0,2813700.0,9367700.0,5609400.0,993400.0,375900.0,0.0,0.0,0.0,0.0,0.0,424600.0,2750400.0,4320600.0,3527890.0,1519200.0,0.0,0.0,0.0,0.0,0.0
20230822143829196,SZSE,SZSE.ETF.159995,0.949,0.942,0.954,0.924,0.0,1.032,0.844,523481525.0,11200.0,491116422.034,10627.799999952316,0.0,0.0,20230822,20230822,143829197,0.938,0.0,0.0,0.948,0.947,0.946,0.945,0.944,0.0,0.0,0.0,0.0,0.0,0.949,0.95,0.951,0.952,0.953,0.0,0.0,0.0,0.0,0.0,2856700.0,9487700.0,5609500.0,993400.0,375900.0,0.0,0.0,0.0,0.0,0.0,414400.0,2870400.0,4320600.0,3487990.0,1519200.0,0.0,0.0,0.0,0.0,0.0
20230822143832196,SZSE,SZSE.ETF.159995,0.949,0.942,0.954,0.924,0.0,1.032,0.844,523564425.0,82900.0,491195094.034,78672.0,0.0,0.0,20230822,20230822,143832197,0.938,0.0,0.0,0.948,0.947,0.946,0.945,0.944,0.0,0.0,0.0,0.0,0.0,0.949,0.95,0.951,0.952,0.953,0.0,0.0,0.0,0.0,0.0,2862100.0,9367700.0,5609500.0,993400.0,375900.0,0.0,0.0,0.0,0.0,0.0,331600.0,2800700.0,4308300.0,3387990.0,1519200.0,0.0,0.0,0.0,0.0,0.0
20230822143835232,SZSE,SZSE.ETF.159995,0.949,0.942,0.954,0.924,0.0,1.032,0.844,523573825.0,9400.0,491204011.634,8917.600000023842,0.0,0.0,20230822,20230822,143835230,0.938,0.0,0.0,0.948,0.947,0.946,0.945,0.944,0.0,0.0,0.0,0.0,0.0,0.949,0.95,0.951,0.952,0.953,0.0,0.0,0.0,0.0,0.0,2853500.0,9607700.0,5489500.0,993400.0,375900.0,0.0,0.0,0.0,0.0,0.0,335200.0,2920700.0,4188300.0,3507990.0,1519200.0,0.0,0.0,0.0,0.0,0.0
20230822143838196,SZSE,SZSE.ETF.159995,0.948,0.942,0.954,0.924,0.0,1.032,0.844,523595425.0,21600.0,491224506.034,20494.399999976158,0.0,0.0,20230822,20230822,143838196,0.938,0.0,0.0,0.948,0.947,0.946,0.945,0.944,0.0,0.0,0.0,0.0,0.0,0.949,0.95,0.951,0.952,0.953,0.0,0.0,0.0,0.0,0.0,4249700.0,8087700.0,5489500.0,993400.0,375900.0,0.0,0.0,0.0,0.0,0.0,380600.0,2820700.0,4188300.0,3507990.0,1519200.0,0.0,0.0,0.0,0.0,0.0
20230822143841192,SZSE,SZSE.ETF.159995,0.949,0.942,0.954,0.924,0.0,1.032,0.844,524002725.0,407300.0,491611033.734,386527.7000000477,0.0,0.0,20230822,20230822,143841194,0.938,0.0,0.0,0.949,0.948,0.947,0.946,0.945,0.0,0.0,0.0,0.0,0.0,0.95,0.951,0.952,0.953,0.954,0.0,0.0,0.0,0.0,0.0,1676200.0,2955200.0,9522100.0,5489800.0,993400.0,0.0,0.0,0.0,0.0,0.0,2835400.0,4293500.0,3276990.0,1519200.0,2874300.0,0.0,0.0,0.0,0.0,0.0
20230822143844184,SZSE,SZSE.ETF.159995,0.949,0.942,0.954,0.924,0.0,1.032,0.844,524007625.0,4900.0,491615683.834,4650.099999964237,0.0,0.0,20230822,20230822,143844183,0.938,0.0,0.0,0.949,0.948,0.947,0.946,0.945,0.0,0.0,0.0,0.0,0.0,0.95,0.951,0.952,0.953,0.954,0.0,0.0,0.0,0.0,0.0,1999100.0,3142000.0,9175400.0,5489800.0,993400.0,0.0,0.0,0.0,0.0,0.0,2487700.0,4400100.0,3276990.0,1649800.0,2874300.0,0.0,0.0,0.0,0.0,0.0
20230822143847192,SZSE,SZSE.ETF.159995,0.949,0.942,0.954,0.924,0.0,1.032,0.844,524018025.0,10400.0,491625553.434,9869.600000023842,0.0,0.0,20230822,20230822,143847190,0.938,0.0,0.0,0.949,0.948,0.947,0.946,0.945,0.0,0.0,0.0,0.0,0.0,0.95,0.951,0.952,0.953,0.954,0.0,0.0,0.0,0.0,0.0,2000200.0,3142000.0,9225400.0,5489800.0,993400.0,0.0,0.0,0.0,0.0,0.0,2501700.0,4400100.0,3276990.0,1649800.0,2884300.0,0.0,0.0,0.0,0.0,0.0
20230822143850224,SZSE,SZSE.ETF.159995,0.949,0.942,0.954,0.924,0.0,1.032,0.844,524018025.0,0.0,491625553.434,0.0,0.0,0.0,20230822,20230822,143850224,0.938,0.0,0.0,0.949,0.948,0.947,0.946,0.945,0.0,0.0,0.0,0.0,0.0,0.95,0.951,0.952,0.953,0.954,0.0,0.0,0.0,0.0,0.0,2000600.0,3262000.0,9225400.0,5489800.0,993400.0,0.0,0.0,0.0,0.0,0.0,2501700.0,4520100.0,3276990.0,1649800.0,2884300.0,0.0,0.0,0.0,0.0,0.0
20230822143853204,SZSE,SZSE.ETF.159995,0.949,0.942,0.954,0.924,0.0,1.032,0.844,524051725.0,33700.0,491657534.734,31981.30000001192,0.0,0.0,20230822,20230822,143853205,0.938,0.0,0.0,0.949,0.948,0.947,0.946,0.945,0.0,0.0,0.0,0.0,0.0,0.95,0.951,0.952,0.953,0.954,0.0,0.0,0.0,0.0,0.0,2006900.0,3182000.0,9225400.0,5489800.0,993400.0,0.0,0.0,0.0,0.0,0.0,2481700.0,4400100.0,3286990.0,1649900.0,2884300.0,0.0,0.0,0.0,0.0,0.0
20230822143856216,SZSE,SZSE.ETF.159995,0.949,0.942,0.954,0.924,0.0,1.032,0.844,524064025.0,12300.0,491669207.434,11672.699999988079,0.0,0.0,20230822,20230822,143856216,0.938,0.0,0.0,0.949,0.948,0.947,0.946,0.945,0.0,0.0,0.0,0.0,0.0,0.95,0.951,0.952,0.953,0.954,0.0,0.0,0.0,0.0,0.0,1995600.0,3302000.0,9223400.0,5489800.0,993400.0,0.0,0.0,0.0,0.0,0.0,3481700.0,4520100.0,3286990.0,1649900.0,2884300.0,0.0,0.0,0.0,0.0,0.0
20230822143859224,SZSE,SZSE.ETF.159995,0.949,0.942,0.954,0.924,0.0,1.032,0.844,524066025.0,2000.0,491671105.434,1898.0,0.0,0.0,20230822,20230822,143859225,0.938,0.0,0.0,0.949,0.948,0.947,0.946,0.945,0.0,0.0,0.0,0.0,0.0,0.95,0.951,0.952,0.953,0.954,0.0,0.0,0.0,0.0,0.0,2013900.0,4582000.0,7823400.0,5489800.0,993400.0,0.0,0.0,0.0,0.0,0.0,3481700.0,4400100.0,3286990.0,1657900.0,2884300.0,0.0,0.0,0.0,0.0,0.0
20230822145356272,SZSE,SZSE.ETF.159995,0.95,0.942,0.954,0.924,0.0,1.032,0.844,559209925.0,5600.0,525033773.934,5319.900000035763,0.0,0.0,20230822,20230822,145356271,0.938,0.0,0.0,0.949,0.948,0.947,0.946,0.945,0.0,0.0,0.0,0.0,0.0,0.95,0.951,0.952,0.953,0.954,0.0,0.0,0.0,0.0,0.0,5734000.0,5251100.0,3611900.0,1858900.0,648900.0,0.0,0.0,0.0,0.0,0.0,2149900.0,4597400.0,3423790.0,1516100.0,2567200.0,0.0,0.0,0.0,0.0,0.0
20230822145359264,SZSE,SZSE.ETF.159995,0.95,0.942,0.954,0.924,0.0,1.032,0.844,559213625.0,3700.0,525037286.234,3512.300000011921,0.0,0.0,20230822,20230822,145359266,0.938,0.0,0.0,0.949,0.948,0.947,0.946,0.945,0.0,0.0,0.0,0.0,0.0,0.95,0.951,0.952,0.953,0.954,0.0,0.0,0.0,0.0,0.0,5033700.0,5258600.0,4491900.0,1858900.0,648900.0,0.0,0.0,0.0,0.0,0.0,2123900.0,4477400.0,3303790.0,1636100.0,2567200.0,0.0,0.0,0.0,0.0,0.0
20230822145402272,SZSE,SZSE.ETF.159995,0.95,0.942,0.954,0.924,0.0,1.032,0.844,559394325.0,180700.0,525208905.734,171619.5,0.0,0.0,20230822,20230822,145402274,0.938,0.0,0.0,0.949,0.948,0.947,0.946,0.945,0.0,0.0,0.0,0.0,0.0,0.95,0.951,0.952,0.953,0.954,0.0,0.0,0.0,0.0,0.0,5988200.0,5378600.0,2091900.0,1858900.0,648900.0,0.0,0.0,0.0,0.0,0.0,2013700.0,4720700.0,3303790.0,1516100.0,2567200.0,0.0,0.0,0.0,0.0,0.0
20230822145405312,SZSE,SZSE.ETF.159995,0.95,0.942,0.954,0.924,0.0,1.032,0.844,559427625.0,33300.0,525240538.034,31632.299999952316,0.0,0.0,20230822,20230822,145405311,0.938,0.0,0.0,0.949,0.948,0.947,0.946,0.945,0.0,0.0,0.0,0.0,0.0,0.95,0.951,0.952,0.953,0.954,0.0,0.0,0.0,0.0,0.0,4989500.0,5502400.0,3091900.0,1858900.0,648900.0,0.0,0.0,0.0,0.0,0.0,3132700.0,4630700.0,2303790.0,1516100.0,2567200.0,0.0,0.0,0.0,0.0,0.0
20230822145408336,SZSE,SZSE.ETF.159995,0.95,0.942,0.954,0.924,0.0,1.032,0.844,559428825.0,1200.0,525241678.034,1140.0,0.0,0.0,20230822,20230822,145408337,0.938,0.0,0.0,0.949,0.948,0.947,0.946,0.945,0.0,0.0,0.0,0.0,0.0,0.95,0.951,0.952,0.953,0.954,0.0,0.0,0.0,0.0,0.0,4990900.0,5660000.0,3211900.0,1858900.0,648900.0,0.0,0.0,0.0,0.0,0.0,3251500.0,4750700.0,2183790.0,1396100.0,2567200.0,0.0,0.0,0.0,0.0,0.0
20230822145411336,SZSE,SZSE.ETF.159995,0.95,0.942,0.954,0.924,0.0,1.032,0.844,559464325.0,35500.0,525275400.334,33722.30000001192,0.0,0.0,20230822,20230822,145411337,0.938,0.0,0.0,0.949,0.948,0.947,0.946,0.945,0.0,0.0,0.0,0.0,0.0,0.95,0.951,0.952,0.953,0.954,0.0,0.0,0.0,0.0,0.0,4995200.0,5540000.0,3331900.0,1838900.0,648900.0,0.0,0.0,0.0,0.0,0.0,3239300.0,4820700.0,2183790.0,1396100.0,2567200.0,0.0,0.0,0.0,0.0,0.0
20230822145414316,SZSE,SZSE.ETF.159995,0.949,0.942,0.954,0.924,0.0,1.032,0.844,559469325.0,5000.0,525280145.334,4745.0,0.0,0.0,20230822,20230822,145414315,0.938,0.0,0.0,0.949,0.948,0.947,0.946,0.945,0.0,0.0,0.0,0.0,0.0,0.95,0.951,0.952,0.953,0.954,0.0,0.0,0.0,0.0,0.0,4920200.0,5530000.0,3211900.0,1838900.0,648900.0,0.0,0.0,0.0,0.0,0.0,2119300.0,4700700.0,3303790.0,1396100.0,2567200.0,0.0,0.0,0.0,0.0,0.0
20230822145417300,SZSE,SZSE.ETF.159995,0.95,0.942,0.954,0.924,0.0,1.032,0.844,559556625.0,87300.0,525363070.434,82925.10000002384,0.0,0.0,20230822,20230822,145417299,0.938,0.0,0.0,0.949,0.948,0.947,0.946,0.945,0.0,0.0,0.0,0.0,0.0,0.95,0.951,0.952,0.953,0.954,0.0,0.0,0.0,0.0,0.0,4914800.0,5770000.0,3211900.0,1838900.0,648900.0,0.0,0.0,0.0,0.0,0.0,3166900.0,4825700.0,2303790.0,1396100.0,2567200.0,0.0,0.0,0.0,0.0,0.0
20230822145420288,SZSE,SZSE.ETF.159995,0.95,0.942,0.954,0.924,0.0,1.032,0.844,559759725.0,203100.0,525556015.434,192945.0,0.0,0.0,20230822,20230822,145420286,0.938,0.0,0.0,0.949,0.948,0.947,0.946,0.945,0.0,0.0,0.0,0.0,0.0,0.95,0.951,0.952,0.953,0.954,0.0,0.0,0.0,0.0,0.0,4916200.0,5530000.0,3331900.0,1838900.0,648900.0,0.0,0.0,0.0,0.0,0.0,1983700.0,4831000.0,3183790.0,1396100.0,2567200.0,0.0,0.0,0.0,0.0,0.0
20230822145423264,SZSE,SZSE.ETF.159995,0.95,0.942,0.954,0.924,0.0,1.032,0.844,559780925.0,21200.0,525576150.734,20135.30000001192,0.0,0.0,20230822,20230822,145423263,0.938,0.0,0.0,0.949,0.948,0.947,0.946,0.945,0.0,0.0,0.0,0.0,0.0,0.95,0.951,0.952,0.953,0.954,0.0,0.0,0.0,0.0,0.0,5911500.0,5759500.0,3211900.0,1838900.0,648900.0,0.0,0.0,0.0,0.0,0.0,3087200.0,4831200.0,2303790.0,1395000.0,2567200.0,0.0,0.0,0.0,0.0,0.0
20230822145426252,SZSE,SZSE.ETF.159995,0.949,0.942,0.954,0.924,0.0,1.032,0.844,559831125.0,50200.0,525623830.534,47679.799999952316,0.0,0.0,20230822,20230822,145426251,0.938,0.0,0.0,0.949,0.948,0.947,0.946,0.945,0.0,0.0,0.0,0.0,0.0,0.95,0.951,0.952,0.953,0.954,0.0,0.0,0.0,0.0,0.0,5923600.0,5573000.0,3331900.0,1838900.0,648900.0,0.0,0.0,0.0,0.0,0.0,1996500.0,4831200.0,3303790.0,1395000.0,2567200.0,0.0,0.0,0.0,0.0,0.0
20230822145429304,SZSE,SZSE.ETF.159995,0.949,0.942,0.954,0.924,0.0,1.032,0.844,559835825.0,4700.0,525628290.834,4460.300000011921,0.0,0.0,20230822,20230822,145429303,0.938,0.0,0.0,0.949,0.948,0.947,0.946,0.945,0.0,0.0,0.0,0.0,0.0,0.95,0.951,0.952,0.953,0.954,0.0,0.0,0.0,0.0,0.0,6918900.0,5813000.0,2211900.0,1838900.0,651900.0,0.0,0.0,0.0,0.0,0.0,2008500.0,4831200.0,3406490.0,1395000.0,2567200.0,0.0,0.0,0.0,0.0,0.0
20230822145432272,SZSE,SZSE.ETF.159995,0.95,0.942,0.954,0.924,0.0,1.032,0.844,559935825.0,100000.0,525723290.834,95000.0,0.0,0.0,20230822,20230822,145432274,0.938,0.0,0.0,0.949,0.948,0.947,0.946,0.945,0.0,0.0,0.0,0.0,0.0,0.95,0.951,0.952,0.953,0.954,0.0,0.0,0.0,0.0,0.0,6921400.0,5812000.0,2091900.0,1836900.0,651900.0,0.0,0.0,0.0,0.0,0.0,1918500.0,4754200.0,3286490.0,1515000.0,2567200.0,0.0,0.0,0.0,0.0,0.0
20230822145435296,SZSE,SZSE.ETF.159995,0.949,0.942,0.954,0.924,0.0,1.032,0.844,559971425.0,35600.0,525757105.134,33814.30000001192,0.0,0.0,20230822,20230822,145435294,0.938,0.0,0.0,0.949,0.948,0.947,0.946,0.945,0.0,0.0,0.0,0.0,0.0,0.95,0.951,0.952,0.953,0.954,0.0,0.0,0.0,0.0,0.0,6887300.0,5930900.0,2083900.0,1836900.0,651900.0,0.0,0.0,0.0,0.0,0.0,1888600.0,4874200.0,3286490.0,1515000.0,2567200.0,0.0,0.0,0.0,0.0,0.0
20230822145438272,SZSE,SZSE.ETF.159995,0.95,0.942,0.954,0.924,0.0,1.032,0.844,560306525.0,335100.0,526075419.534,318314.39999997616,0.0,0.0,20230822,20230822,145438272,0.938,0.0,0.0,0.949,0.948,0.947,0.946,0.945,0.0,0.0,0.0,0.0,0.0,0.95,0.951,0.952,0.953,0.954,0.0,0.0,0.0,0.0,0.0,6808700.0,5766900.0,2083900.0,1836900.0,651900.0,0.0,0.0,0.0,0.0,0.0,1463400.0,4756200.0,3277390.0,1515000.0,2567200.0,0.0,0.0,0.0,0.0,0.0
20230822145441288,SZSE,SZSE.ETF.159995,0.95,0.942,0.954,0.924,0.0,1.032,0.844,561426425.0,1119900.0,527139312.634,1063893.1000000238,0.0,0.0,20230822,20230822,145441287,0.938,0.0,0.0,0.949,0.948,0.947,0.946,0.945,0.0,0.0,0.0,0.0,0.0,0.95,0.951,0.952,0.953,0.954,0.0,0.0,0.0,0.0,0.0,6798800.0,5886900.0,2083900.0,1836900.0,651900.0,0.0,0.0,0.0,0.0,0.0,398200.0,4876200.0,2777390.0,1515000.0,2567200.0,0.0,0.0,0.0,0.0,0.0
20230822145444316,SZSE,SZSE.ETF.159995,0.949,0.942,0.954,0.924,0.0,1.032,0.844,561525925.0,99500.0,527233790.334,94477.69999998808,0.0,0.0,20230822,20230822,145444315,0.938,0.0,0.0,0.949,0.948,0.947,0.946,0.945,0.0,0.0,0.0,0.0,0.0,0.95,0.951,0.952,0.953,0.954,0.0,0.0,0.0,0.0,0.0,6772600.0,5752000.0,2083800.0,1836400.0,651900.0,0.0,0.0,0.0,0.0,0.0,401000.0,4765800.0,2777390.0,1515000.0,2567200.0,0.0,0.0,0.0,0.0,0.0
20230822145447264,SZSE,SZSE.ETF.159995,0.949,0.942,0.954,0.924,0.0,1.032,0.844,561761725.0,235800.0,527457797.634,224007.30000001192,0.0,0.0,20230822,20230822,145447263,0.938,0.0,0.0,0.949,0.948,0.947,0.946,0.945,0.0,0.0,0.0,0.0,0.0,0.95,0.951,0.952,0.953,0.954,0.0,0.0,0.0,0.0,0.0,6520500.0,5872000.0,2083800.0,1836400.0,651900.0,0.0,0.0,0.0,0.0,0.0,251900.0,4885800.0,2777390.0,1515000.0,2567200.0,0.0,0.0,0.0,0.0,0.0
20230822145450268,SZSE,SZSE.ETF.159995,0.95,0.942,0.954,0.924,0.0,1.032,0.844,562021525.0,259800.0,527704600.734,246803.10000002384,0.0,0.0,20230822,20230822,145450268,0.938,0.0,0.0,0.95,0.949,0.948,0.947,0.946,0.0,0.0,0.0,0.0,0.0,0.951,0.952,0.953,0.954,0.955,0.0,0.0,0.0,0.0,0.0,160100.0,6620000.0,5631600.0,2088800.0,1836400.0,0.0,0.0,0.0,0.0,0.0,4660600.0,2912490.0,1515000.0,2567200.0,2930200.0,0.0,0.0,0.0,0.0,0.0
20230822145453264,SZSE,SZSE.ETF.159995,0.95,0.942,0.954,0.924,0.0,1.032,0.844,562024225.0,2700.0,527707165.734,2565.0,0.0,0.0,20230822,20230822,145453263,0.938,0.0,0.0,0.95,0.949,0.948,0.947,0.946,0.0,0.0,0.0,0.0,0.0,0.951,0.952,0.953,0.954,0.955,0.0,0.0,0.0,0.0,0.0,707400.0,6966500.0,5293000.0,1968800.0,1836400.0,0.0,0.0,0.0,0.0,0.0,4184300.0,3023990.0,1515000.0,2562200.0,2930200.0,0.0,0.0,0.0,0.0,0.0
20230822145456256,SZSE,SZSE.ETF.159995,0.949,0.942,0.954,0.924,0.0,1.032,0.844,562805625.0,781400.0,528449484.034,742318.2999999523,0.0,0.0,20230822,20230822,145456254,0.938,0.0,0.0,0.949,0.948,0.947,0.946,0.945,0.0,0.0,0.0,0.0,0.0,0.95,0.951,0.952,0.953,0.954,0.0,0.0,0.0,0.0,0.0,6851400.0,3998500.0,1968800.0,1836400.0,649900.0,0.0,0.0,0.0,0.0,0.0,89200.0,4309500.0,2918890.0,1515000.0,2562200.0,0.0,0.0,0.0,0.0,0.0
20230822145459272,SZSE,SZSE.ETF.159995,0.95,0.942,0.954,0.924,0.0,1.032,0.844,562862325.0,56700.0,528503346.334,53862.30000001192,0.0,0.0,20230822,20230822,145459272,0.938,0.0,0.0,0.949,0.948,0.947,0.946,0.945,0.0,0.0,0.0,0.0,0.0,0.95,0.951,0.952,0.953,0.954,0.0,0.0,0.0,0.0,0.0,6502200.0,4225100.0,2088800.0,1836400.0,649900.0,0.0,0.0,0.0,0.0,0.0,97300.0,4546900.0,2702390.0,1515000.0,2562200.0,0.0,0.0,0.0,0.0,0.0
20230822145502288,SZSE,SZSE.ETF.159995,0.95,0.942,0.954,0.924,0.0,1.032,0.844,562871825.0,9500.0,528512371.334,9025.0,0.0,0.0,20230822,20230822,145502289,0.938,0.0,0.0,0.949,0.948,0.947,0.946,0.945,0.0,0.0,0.0,0.0,0.0,0.95,0.951,0.952,0.953,0.954,0.0,0.0,0.0,0.0,0.0,6502900.0,4205100.0,2088800.0,1836400.0,649900.0,0.0,0.0,0.0,0.0,0.0,137800.0,4547600.0,2702390.0,1515000.0,2562200.0,0.0,0.0,0.0,0.0,0.0
20230822145505392,SZSE,SZSE.ETF.159995,0.949,0.942,0.954,0.924,0.0,1.032,0.844,563013725.0,141900.0,528647175.134,134803.80000001192,0.0,0.0,20230822,20230822,145505390,0.938,0.0,0.0,0.949,0.948,0.947,0.946,0.945,0.0,0.0,0.0,0.0,0.0,0.951,0.952,0.953,0.954,0.955,0.0,0.0,0.0,0.0,0.0,6568200.0,5725100.0,2088800.0,1831100.0,649900.0,0.0,0.0,0.0,0.0,0.0,4563400.0,2806390.0,1514900.0,2562200.0,2920100.0,0.0,0.0,0.0,0.0,0.0
20230822145508400,SZSE,SZSE.ETF.159995,0.95,0.942,0.954,0.924,0.0,1.032,0.844,563480525.0,466800.0,529090183.534,443008.39999997616,0.0,0.0,20230822,20230822,145508402,0.938,0.0,0.0,0.949,0.948,0.947,0.946,0.945,0.0,0.0,0.0,0.0,0.0,0.95,0.951,0.952,0.953,0.954,0.0,0.0,0.0,0.0,0.0,6347100.0,5378500.0,2088800.0,1831100.0,650000.0,0.0,0.0,0.0,0.0,0.0,14300.0,4348100.0,2927790.0,1514900.0,2562200.0,0.0,0.0,0.0,0.0,0.0
20230822145511372,SZSE,SZSE.ETF.159995,0.949,0.942,0.954,0.924,0.0,1.032,0.844,563492025.0,11500.0,529101097.134,10913.600000023842,0.0,0.0,20230822,20230822,145511371,0.938,0.0,0.0,0.949,0.948,0.947,0.946,0.945,0.0,0.0,0.0,0.0,0.0,0.95,0.951,0.952,0.953,0.954,0.0,0.0,0.0,0.0,0.0,6109200.0,5610100.0,2088800.0,1821100.0,650000.0,0.0,0.0,0.0,0.0,0.0,194500.0,4574700.0,2701290.0,1514900.0,2562200.0,0.0,0.0,0.0,0.0,0.0
20230822145514364,SZSE,SZSE.ETF.159995,0.95,0.942,0.954,0.924,0.0,1.032,0.844,563503025.0,11000.0,529111547.134,10450.0,0.0,0.0,20230822,20230822,145514365,0.938,0.0,0.0,0.949,0.948,0.947,0.946,0.945,0.0,0.0,0.0,0.0,0.0,0.95,0.951,0.952,0.953,0.954,0.0,0.0,0.0,0.0,0.0,6114800.0,5610100.0,2088800.0,1820800.0,600000.0,0.0,0.0,0.0,0.0,0.0,183500.0,4599700.0,2701290.0,1514900.0,2562200.0,0.0,0.0,0.0,0.0,0.0
20230822145517324,SZSE,SZSE.ETF.159995,0.95,0.942,0.954,0.924,0.0,1.032,0.844,563515325.0,12300.0,529123228.934,11681.800000011921,0.0,0.0,20230822,20230822,145517325,0.938,0.0,0.0,0.949,0.948,0.947,0.946,0.945,0.0,0.0,0.0,0.0,0.0,0.95,0.951,0.952,0.953,0.954,0.0,0.0,0.0,0.0,0.0,6139600.0,5730100.0,2088800.0,1820800.0,600000.0,0.0,0.0,0.0,0.0,0.0,209300.0,4724700.0,2701290.0,1509900.0,2562200.0,0.0,0.0,0.0,0.0,0.0
20230822145520288,SZSE,SZSE.ETF.159995,0.95,0.942,0.954,0.924,0.0,1.032,0.844,563535225.0,19900.0,529142133.934,18905.0,0.0,0.0,20230822,20230822,145520289,0.938,0.0,0.0,0.949,0.948,0.947,0.946,0.945,0.0,0.0,0.0,0.0,0.0,0.95,0.951,0.952,0.953,0.954,0.0,0.0,0.0,0.0,0.0,6194800.0,4210200.0,2088700.0,1770800.0,599500.0,0.0,0.0,0.0,0.0,0.0,389400.0,4624700.0,2701290.0,1509900.0,2562200.0,0.0,0.0,0.0,0.0,0.0
20230822145523304,SZSE,SZSE.ETF.159995,0.949,0.942,0.954,0.924,0.0,1.032,0.844,563542325.0,7100.0,529148876.234,6742.300000011921,0.0,0.0,20230822,20230822,145523306,0.938,0.0,0.0,0.949,0.948,0.947,0.946,0.945,0.0,0.0,0.0,0.0,0.0,0.95,0.951,0.952,0.953,0.954,0.0,0.0,0.0,0.0,0.0,6212100.0,4333300.0,2088700.0,1770800.0,599500.0,0.0,0.0,0.0,0.0,0.0,484900.0,4739700.0,2681290.0,1509900.0,2558100.0,0.0,0.0,0.0,0.0,0.0
20230822145526336,SZSE,SZSE.ETF.159995,0.95,0.942,0.954,0.924,0.0,1.032,0.844,563632625.0,90300.0,529234661.234,85785.0,0.0,0.0,20230822,20230822,145526338,0.938,0.0,0.0,0.949,0.948,0.947,0.946,0.945,0.0,0.0,0.0,0.0,0.0,0.95,0.951,0.952,0.953,0.954,0.0,0.0,0.0,0.0,0.0,6232100.0,4213300.0,2088700.0,1770800.0,434800.0,0.0,0.0,0.0,0.0,0.0,699400.0,4619700.0,2670590.0,1509900.0,2558100.0,0.0,0.0,0.0,0.0,0.0
20230822145529356,SZSE,SZSE.ETF.159995,0.949,0.942,0.954,0.924,0.0,1.032,0.844,563970625.0,338000.0,529555755.334,321094.09999996424,0.0,0.0,20230822,20230822,145529355,0.938,0.0,0.0,0.949,0.948,0.947,0.946,0.945,0.0,0.0,0.0,0.0,0.0,0.95,0.951,0.952,0.953,0.954,0.0,0.0,0.0,0.0,0.0,6227300.0,4333300.0,2088700.0,1770800.0,434800.0,0.0,0.0,0.0,0.0,0.0,377300.0,4428000.0,2670590.0,1509900.0,2558100.0,0.0,0.0,0.0,0.0,0.0
20230822145532316,SZSE,SZSE.ETF.159995,0.95,0.942,0.954,0.924,0.0,1.032,0.844,564073825.0,103200.0,529653785.234,98029.90000003576,0.0,0.0,20230822,20230822,145532317,0.938,0.0,0.0,0.949,0.948,0.947,0.946,0.945,0.0,0.0,0.0,0.0,0.0,0.95,0.951,0.952,0.953,0.954,0.0,0.0,0.0,0.0,0.0,6223400.0,4213300.0,2088700.0,1768800.0,434800.0,0.0,0.0,0.0,0.0,0.0,294200.0,4066200.0,2670590.0,1509900.0,2558100.0,0.0,0.0,0.0,0.0,0.0
20230822145535288,SZSE,SZSE.ETF.159995,0.95,0.942,0.954,0.924,0.0,1.032,0.844,564258525.0,184700.0,529829247.434,175462.19999998808,0.0,0.0,20230822,20230822,145535288,0.938,0.0,0.0,0.949,0.948,0.947,0.946,0.945,0.0,0.0,0.0,0.0,0.0,0.95,0.951,0.952,0.953,0.954,0.0,0.0,0.0,0.0,0.0,6251900.0,4206800.0,2138000.0,1768800.0,434800.0,0.0,0.0,0.0,0.0,0.0,135900.0,4091700.0,2670590.0,1509900.0,2558100.0,0.0,0.0,0.0,0.0,0.0
20230822145538300,SZSE,SZSE.ETF.159995,0.95,0.942,0.954,0.924,0.0,1.032,0.844,564261525.0,3000.0,529832097.434,2850.0,0.0,0.0,20230822,20230822,145538301,0.938,0.0,0.0,0.949,0.948,0.947,0.946,0.945,0.0,0.0,0.0,0.0,0.0,0.95,0.951,0.952,0.953,0.954,0.0,0.0,0.0,0.0,0.0,4785100.0,4206800.0,2138000.0,1768800.0,434800.0,0.0,0.0,0.0,0.0,0.0,134200.0,4092200.0,2670590.0,1509900.0,2558100.0,0.0,0.0,0.0,0.0,0.0
20230822145541280,SZSE,SZSE.ETF.159995,0.95,0.942,0.954,0.924,0.0,1.032,0.844,564388325.0,126800.0,529952554.634,120457.19999998808,0.0,0.0,20230822,20230822,145541278,0.938,0.0,0.0,0.949,0.948,0.947,0.946,0.945,0.0,0.0,0.0,0.0,0.0,0.95,0.951,0.952,0.953,0.954,0.0,0.0,0.0,0.0,0.0,4782600.0,4206800.0,2138000.0,1768800.0,434800.0,0.0,0.0,0.0,0.0,0.0,10600.0,4592200.0,2670590.0,1509900.0,2558100.0,0.0,0.0,0.0,0.0,0.0
20230822145544312,SZSE,SZSE.ETF.159995,0.95,0.942,0.954,0.924,0.0,1.032,0.844,564409925.0,21600.0,529973067.734,20513.100000023842,0.0,0.0,20230822,20230822,145544311,0.938,0.0,0.0,0.95,0.949,0.948,0.947,0.946,0.0,0.0,0.0,0.0,0.0,0.951,0.952,0.953,0.954,0.955,0.0,0.0,0.0,0.0,0.0,26300.0,4881100.0,4226300.0,2138000.0,1768800.0,0.0,0.0,0.0,0.0,0.0,4615500.0,2755690.0,1509900.0,2558100.0,2919100.0,0.0,0.0,0.0,0.0,0.0
20230822145547308,SZSE,SZSE.ETF.159995,0.95,0.942,0.954,0.924,0.0,1.032,0.844,564699525.0,289600.0,530248059.434,274991.6999999881,0.0,0.0,20230822,20230822,145547308,0.938,0.0,0.0,0.95,0.949,0.948,0.947,0.946,0.0,0.0,0.0,0.0,0.0,0.951,0.952,0.953,0.954,0.955,0.0,0.0,0.0,0.0,0.0,30700.0,3378400.0,2845900.0,2017500.0,1741800.0,0.0,0.0,0.0,0.0,0.0,3268900.0,1982190.0,1509900.0,2558100.0,2919100.0,0.0,0.0,0.0,0.0,0.0
20230822145550312,SZSE,SZSE.ETF.159995,0.95,0.942,0.954,0.924,0.0,1.032,0.844,564709625.0,10100.0,530257654.434,9595.0,0.0,0.0,20230822,20230822,145550310,0.938,0.0,0.0,0.95,0.949,0.948,0.947,0.946,0.0,0.0,0.0,0.0,0.0,0.951,0.952,0.953,0.954,0.955,0.0,0.0,0.0,0.0,0.0,55200.0,3377500.0,1528200.0,2017500.0,1741800.0,0.0,0.0,0.0,0.0,0.0,3268900.0,1982190.0,1509900.0,2558100.0,2919100.0,0.0,0.0,0.0,0.0,0.0
20230822145553296,SZSE,SZSE.ETF.159995,0.95,0.942,0.954,0.924,0.0,1.032,0.844,564732425.0,22800.0,530279314.434,21660.0,0.0,0.0,20230822,20230822,145553294,0.938,0.0,0.0,0.95,0.949,0.948,0.947,0.946,0.0,0.0,0.0,0.0,0.0,0.951,0.952,0.953,0.954,0.955,0.0,0.0,0.0,0.0,0.0,48600.0,3238200.0,1474700.0,2017500.0,1741800.0,0.0,0.0,0.0,0.0,0.0,3375100.0,1862190.0,1509900.0,2556100.0,2919100.0,0.0,0.0,0.0,0.0,0.0
20230822145556288,SZSE,SZSE.ETF.159995,0.951,0.942,0.954,0.924,0.0,1.032,0.844,565732425.0,1000000.0,531230314.434,951000.0,0.0,0.0,20230822,20230822,145556287,0.938,0.0,0.0,0.95,0.949,0.948,0.947,0.946,0.0,0.0,0.0,0.0,0.0,0.951,0.952,0.953,0.954,0.955,0.0,0.0,0.0,0.0,0.0,96600.0,3238200.0,1424700.0,2017500.0,1741800.0,0.0,0.0,0.0,0.0,0.0,2375100.0,1862190.0,1509400.0,2556100.0,2919100.0,0.0,0.0,0.0,0.0,0.0
20230822145559300,SZSE,SZSE.ETF.159995,0.95,0.942,0.954,0.924,0.0,1.032,0.844,565775225.0,42800.0,531270974.434,40660.0,0.0,0.0,20230822,20230822,145559299,0.938,0.0,0.0,0.95,0.949,0.948,0.947,0.946,0.0,0.0,0.0,0.0,0.0,0.951,0.952,0.953,0.954,0.955,0.0,0.0,0.0,0.0,0.0,91600.0,3178200.0,1556300.0,2017500.0,742800.0,0.0,0.0,0.0,0.0,0.0,2375100.0,1862190.0,1506200.0,2556100.0,2919100.0,0.0,0.0,0.0,0.0,0.0
20230822145602356,SZSE,SZSE.ETF.159995,0.951,0.942,0.954,0.924,0.0,1.032,0.844,566265625.0,490400.0,531737324.634,466350.1999999881,0.0,0.0,20230822,20230822,145602356,0.938,0.0,0.0,0.95,0.949,0.948,0.947,0.946,0.0,0.0,0.0,0.0,0.0,0.951,0.952,0.953,0.954,0.955,0.0,0.0,0.0,0.0,0.0,455800.0,3178200.0,1555800.0,2017500.0,742800.0,0.0,0.0,0.0,0.0,0.0,1904900.0,1862190.0,1506200.0,2556100.0,2919100.0,0.0,0.0,0.0,0.0,0.0
20230822145605392,SZSE,SZSE.ETF.159995,0.95,0.942,0.954,0.924,0.0,1.032,0.844,566287725.0,22100.0,531758337.134,21012.5,0.0,0.0,20230822,20230822,145605390,0.938,0.0,0.0,0.95,0.949,0.948,0.947,0.946,0.0,0.0,0.0,0.0,0.0,0.951,0.952,0.953,0.954,0.955,0.0,0.0,0.0,0.0,0.0,466200.0,3071700.0,1559800.0,1967500.0,742800.0,0.0,0.0,0.0,0.0,0.0,1887400.0,1755690.0,1491200.0,2556100.0,2919100.0,0.0,0.0,0.0,0.0,0.0
