time,exchg,code,price,open,high,low,settle_price,upper_limit,lower_limit,total_volume,volume,total_turnover,turnover,open_interest,diff_interest,trading_date,action_date,action_time,pre_close,pre_settle,pre_interest,bid_price_0,bid_price_1,bid_price_2,bid_price_3,bid_price_4,bid_price_5,bid_price_6,bid_price_7,bid_price_8,bid_price_9,ask_price_0,ask_price_1,ask_price_2,ask_price_3,ask_price_4,ask_price_5,ask_price_6,ask_price_7,ask_price_8,ask_price_9,bid_qty_0,bid_qty_1,bid_qty_2,bid_qty_3,bid_qty_4,bid_qty_5,bid_qty_6,bid_qty_7,bid_qty_8,bid_qty_9,ask_qty_0,ask_qty_1,ask_qty_2,ask_qty_3,ask_qty_4,ask_qty_5,ask_qty_6,ask_qty_7,ask_qty_8,ask_qty_9
20231027092905000,SSE,SSE.ETF.510050,2.463,2.463,2.463,2.463,0.0,2.717,2.223,9524174.0,0.0,9524174.0,0.0,0.0,0.0,20231027,20231027,92905000,2.47,0.0,0.0,2.463,2.462,2.461,2.46,2.459,2.458,2.457,2.456,2.455,2.454,2.464,2.465,2.466,2.467,2.468,2.469,2.47,2.471,2.472,2.473,798400.0,378600.0,465000.0,494500.0,419000.0,362700.0,504200.0,1333200.0,161600.0,22000.0,287900.0,848000.0,209300.0,78500.0,92100.0,674200.0,302700.0,3100.0,161900.0,262000.0
20231027092908000,SSE,SSE.ETF.510050,2.463,2.463,2.463,2.463,0.0,2.717,2.223,9524174.0,0.0,9524174.0,0.0,0.0,0.0,20231027,20231027,92908000,2.47,0.0,0.0,2.463,2.462,2.461,2.46,2.459,2.458,2.457,2.456,2.455,2.454,2.464,2.465,2.466,2.467,2.468,2.469,2.47,2.471,2.472,2.473,798400.0,378600.0,465000.0,494500.0,419000.0,362700.0,504200.0,1333200.0,161600.0,22000.0,287900.0,848000.0,209300.0,78500.0,92100.0,674200.0,302700.0,3100.0,161900.0,262000.0
20231027092911000,SSE,SSE.ETF.510050,2.463,2.463,2.463,2.463,0.0,2.717,2.223,9524174.0,0.0,9524174.0,0.0,0.0,0.0,20231027,20231027,92911000,2.47,0.0,0.0,2.463,2.462,2.461,2.46,2.459,2.458,2.457,2.456,2.455,2.454,2.464,2.465,2.466,2.467,2.468,2.469,2.47,2.471,2.472,2.473,798400.0,378600.0,465000.0,494500.0,419000.0,362700.0,504200.0,1333200.0,161600.0,22000.0,287900.0,848000.0,209300.0,78500.0,92100.0,674200.0,302700.0,3100.0,161900.0,262000.0
20231027092914000,SSE,SSE.ETF.510050,2.463,2.463,2.463,2.463,0.0,2.717,2.223,9524174.0,0.0,9524174.0,0.0,0.0,0.0,20231027,20231027,92914000,2.47,0.0,0.0,2.463,2.462,2.461,2.46,2.459,2.458,2.457,2.456,2.455,2.454,2.464,2.465,2.466,2.467,2.468,2.469,2.47,2.471,2.472,2.473,798400.0,378600.0,465000.0,494500.0,419000.0,362700.0,504200.0,1333200.0,161600.0,22000.0,287900.0,848000.0,209300.0,78500.0,92100.0,674200.0,302700.0,3100.0,161900.0,262000.0
20231027092917000,SSE,SSE.ETF.510050,2.463,2.463,2.463,2.463,0.0,2.717,2.223,9524174.0,0.0,9524174.0,0.0,0.0,0.0,20231027,20231027,92917000,2.47,0.0,0.0,2.463,2.462,2.461,2.46,2.459,2.458,2.457,2.456,2.455,2.454,2.464,2.465,2.466,2.467,2.468,2.469,2.47,2.471,2.472,2.473,798400.0,378600.0,465000.0,494500.0,419000.0,362700.0,504200.0,1333200.0,161600.0,22000.0,287900.0,848000.0,209300.0,78500.0,92100.0,674200.0,302700.0,3100.0,161900.0,262000.0
20231027092920000,SSE,SSE.ETF.510050,2.463,2.463,2.463,2.463,0.0,2.717,2.223,9524174.0,0.0,9524174.0,0.0,0.0,0.0,20231027,20231027,92920000,2.47,0.0,0.0,2.463,2.462,2.461,2.46,2.459,2.458,2.457,2.456,2.455,2.454,2.464,2.465,2.466,2.467,2.468,2.469,2.47,2.471,2.472,2.473,798400.0,378600.0,465000.0,494500.0,419000.0,362700.0,504200.0,1333200.0,161600.0,22000.0,287900.0,848000.0,209300.0,78500.0,92100.0,674200.0,302700.0,3100.0,161900.0,262000.0
20231027092923000,SSE,SSE.ETF.510050,2.463,2.463,2.463,2.463,0.0,2.717,2.223,9524174.0,0.0,9524174.0,0.0,0.0,0.0,20231027,20231027,92923000,2.47,0.0,0.0,2.463,2.462,2.461,2.46,2.459,2.458,2.457,2.456,2.455,2.454,2.464,2.465,2.466,2.467,2.468,2.469,2.47,2.471,2.472,2.473,798400.0,378600.0,465000.0,494500.0,419000.0,362700.0,504200.0,1333200.0,161600.0,22000.0,287900.0,848000.0,209300.0,78500.0,92100.0,674200.0,302700.0,3100.0,161900.0,262000.0
20231027092926000,SSE,SSE.ETF.510050,2.463,2.463,2.463,2.463,0.0,2.717,2.223,9524174.0,0.0,9524174.0,0.0,0.0,0.0,20231027,20231027,92926000,2.47,0.0,0.0,2.463,2.462,2.461,2.46,2.459,2.458,2.457,2.456,2.455,2.454,2.464,2.465,2.466,2.467,2.468,2.469,2.47,2.471,2.472,2.473,798400.0,378600.0,465000.0,494500.0,419000.0,362700.0,504200.0,1333200.0,161600.0,22000.0,287900.0,848000.0,209300.0,78500.0,92100.0,674200.0,302700.0,3100.0,161900.0,262000.0
20231027092929000,SSE,SSE.ETF.510050,2.463,2.463,2.463,2.463,0.0,2.717,2.223,9524174.0,0.0,9524174.0,0.0,0.0,0.0,20231027,20231027,92929000,2.47,0.0,0.0,2.463,2.462,2.461,2.46,2.459,2.458,2.457,2.456,2.455,2.454,2.464,2.465,2.466,2.467,2.468,2.469,2.47,2.471,2.472,2.473,798400.0,378600.0,465000.0,494500.0,419000.0,362700.0,504200.0,1333200.0,161600.0,22000.0,287900.0,848000.0,209300.0,78500.0,92100.0,674200.0,302700.0,3100.0,161900.0,262000.0
20231027092932000,SSE,SSE.ETF.510050,2.463,2.463,2.463,2.463,0.0,2.717,2.223,9524174.0,0.0,9524174.0,0.0,0.0,0.0,20231027,20231027,92932000,2.47,0.0,0.0,2.463,2.462,2.461,2.46,2.459,2.458,2.457,2.456,2.455,2.454,2.464,2.465,2.466,2.467,2.468,2.469,2.47,2.471,2.472,2.473,798400.0,378600.0,465000.0,494500.0,419000.0,362700.0,504200.0,1333200.0,161600.0,22000.0,287900.0,848000.0,209300.0,78500.0,92100.0,674200.0,302700.0,3100.0,161900.0,262000.0
20231027092935000,SSE,SSE.ETF.510050,2.463,2.463,2.463,2.463,0.0,2.717,2.223,9524174.0,0.0,9524174.0,0.0,0.0,0.0,20231027,20231027,92935000,2.47,0.0,0.0,2.463,2.462,2.461,2.46,2.459,2.458,2.457,2.456,2.455,2.454,2.464,2.465,2.466,2.467,2.468,2.469,2.47,2.471,2.472,2.473,798400.0,378600.0,465000.0,494500.0,419000.0,362700.0,504200.0,1333200.0,161600.0,22000.0,287900.0,848000.0,209300.0,78500.0,92100.0,674200.0,302700.0,3100.0,161900.0,262000.0
20231027092938000,SSE,SSE.ETF.510050,2.463,2.463,2.463,2.463,0.0,2.717,2.223,9524174.0,0.0,9524174.0,0.0,0.0,0.0,20231027,20231027,92938000,2.47,0.0,0.0,2.463,2.462,2.461,2.46,2.459,2.458,2.457,2.456,2.455,2.454,2.464,2.465,2.466,2.467,2.468,2.469,2.47,2.471,2.472,2.473,798400.0,378600.0,465000.0,494500.0,419000.0,362700.0,504200.0,1333200.0,161600.0,22000.0,287900.0,848000.0,209300.0,78500.0,92100.0,674200.0,302700.0,3100.0,161900.0,262000.0
20231027092941000,SSE,SSE.ETF.510050,2.463,2.463,2.463,2.463,0.0,2.717,2.223,9524174.0,0.0,9524174.0,0.0,0.0,0.0,20231027,20231027,92941000,2.47,0.0,0.0,2.463,2.462,2.461,2.46,2.459,2.458,2.457,2.456,2.455,2.454,2.464,2.465,2.466,2.467,2.468,2.469,2.47,2.471,2.472,2.473,798400.0,378600.0,465000.0,494500.0,419000.0,362700.0,504200.0,1333200.0,161600.0,22000.0,287900.0,848000.0,209300.0,78500.0,92100.0,674200.0,302700.0,3100.0,161900.0,262000.0
20231027092944000,SSE,SSE.ETF.510050,2.463,2.463,2.463,2.463,0.0,2.717,2.223,9524174.0,0.0,9524174.0,0.0,0.0,0.0,20231027,20231027,92944000,2.47,0.0,0.0,2.463,2.462,2.461,2.46,2.459,2.458,2.457,2.456,2.455,2.454,2.464,2.465,2.466,2.467,2.468,2.469,2.47,2.471,2.472,2.473,798400.0,378600.0,465000.0,494500.0,419000.0,362700.0,504200.0,1333200.0,161600.0,22000.0,287900.0,848000.0,209300.0,78500.0,92100.0,674200.0,302700.0,3100.0,161900.0,262000.0
20231027092947000,SSE,SSE.ETF.510050,2.463,2.463,2.463,2.463,0.0,2.717,2.223,9524174.0,0.0,9524174.0,0.0,0.0,0.0,20231027,20231027,92947000,2.47,0.0,0.0,2.463,2.462,2.461,2.46,2.459,2.458,2.457,2.456,2.455,2.454,2.464,2.465,2.466,2.467,2.468,2.469,2.47,2.471,2.472,2.473,798400.0,378600.0,465000.0,494500.0,419000.0,362700.0,504200.0,1333200.0,161600.0,22000.0,287900.0,848000.0,209300.0,78500.0,92100.0,674200.0,302700.0,3100.0,161900.0,262000.0
20231027092950000,SSE,SSE.ETF.510050,2.463,2.463,2.463,2.463,0.0,2.717,2.223,9524174.0,0.0,9524174.0,0.0,0.0,0.0,20231027,20231027,92950000,2.47,0.0,0.0,2.463,2.462,2.461,2.46,2.459,2.458,2.457,2.456,2.455,2.454,2.464,2.465,2.466,2.467,2.468,2.469,2.47,2.471,2.472,2.473,798400.0,378600.0,465000.0,494500.0,419000.0,362700.0,504200.0,1333200.0,161600.0,22000.0,287900.0,848000.0,209300.0,78500.0,92100.0,674200.0,302700.0,3100.0,161900.0,262000.0
20231027092953000,SSE,SSE.ETF.510050,2.463,2.463,2.463,2.463,0.0,2.717,2.223,9524174.0,0.0,9524174.0,0.0,0.0,0.0,20231027,20231027,92953000,2.47,0.0,0.0,2.463,2.462,2.461,2.46,2.459,2.458,2.457,2.456,2.455,2.454,2.464,2.465,2.466,2.467,2.468,2.469,2.47,2.471,2.472,2.473,798400.0,378600.0,465000.0,494500.0,419000.0,362700.0,504200.0,1333200.0,161600.0,22000.0,287900.0,848000.0,209300.0,78500.0,92100.0,674200.0,302700.0,3100.0,161900.0,262000.0
20231027092956000,SSE,SSE.ETF.510050,2.463,2.463,2.463,2.463,0.0,2.717,2.223,9524174.0,0.0,9524174.0,0.0,0.0,0.0,20231027,20231027,92956000,2.47,0.0,0.0,2.463,2.462,2.461,2.46,2.459,2.458,2.457,2.456,2.455,2.454,2.464,2.465,2.466,2.467,2.468,2.469,2.47,2.471,2.472,2.473,798400.0,378600.0,465000.0,494500.0,419000.0,362700.0,504200.0,1333200.0,161600.0,22000.0,287900.0,848000.0,209300.0,78500.0,92100.0,674200.0,302700.0,3100.0,161900.0,262000.0
20231027092959000,SSE,SSE.ETF.510050,2.463,2.463,2.463,2.463,0.0,2.717,2.223,9524174.0,0.0,9524174.0,0.0,0.0,0.0,20231027,20231027,92959000,2.47,0.0,0.0,2.463,2.462,2.461,2.46,2.459,2.458,2.457,2.456,2.455,2.454,2.464,2.465,2.466,2.467,2.468,2.469,2.47,2.471,2.472,2.473,798400.0,378600.0,465000.0,494500.0,419000.0,362700.0,504200.0,1333200.0,161600.0,22000.0,287900.0,848000.0,209300.0,78500.0,92100.0,674200.0,302700.0,3100.0,161900.0,262000.0
20231027093002000,SSE,SSE.ETF.510050,2.463,2.463,2.464,2.462,0.0,2.717,2.223,12664401.0,3140227.0,12664401.0,3140227.0,0.0,0.0,20231027,20231027,93002000,2.47,0.0,0.0,2.462,2.461,2.46,2.459,2.458,2.457,2.456,2.455,2.454,2.453,2.463,2.464,2.465,2.466,2.467,2.468,2.469,2.47,2.471,2.472,211700.0,705500.0,542800.0,429000.0,410300.0,524200.0,1348700.0,213900.0,25000.0,489300.0,189800.0,269300.0,1035600.0,210100.0,188300.0,97100.0,775200.0,327500.0,406000.0,361800.0
20231027093005000,SSE,SSE.ETF.510050,2.461,2.463,2.464,2.461,0.0,2.717,2.223,13900600.0,1236199.0,13900600.0,1236199.0,0.0,0.0,20231027,20231027,93005000,2.47,0.0,0.0,2.461,2.46,2.459,2.458,2.457,2.456,2.455,2.454,2.453,2.452,2.462,2.463,2.464,2.465,2.466,2.467,2.468,2.469,2.47,2.471,610500.0,1755200.0,923200.0,538700.0,579700.0,1357400.0,277400.0,25400.0,513900.0,410700.0,88900.0,2156300.0,2112200.0,1945600.0,1134100.0,188300.0,93400.0,988400.0,546100.0,427300.0
20231027093008000,SSE,SSE.ETF.510050,2.462,2.463,2.464,2.461,0.0,2.717,2.223,15242768.0,1342168.0,15242768.0,1342168.0,0.0,0.0,20231027,20231027,93008000,2.47,0.0,0.0,2.462,2.461,2.46,2.459,2.458,2.457,2.456,2.455,2.454,2.453,2.463,2.464,2.465,2.466,2.467,2.468,2.469,2.47,2.471,2.472,148600.0,692600.0,1804200.0,672700.0,586000.0,616000.0,1378800.0,327500.0,35400.0,523100.0,1421500.0,2320600.0,2095600.0,1261900.0,188300.0,605700.0,1021200.0,538100.0,440900.0,170300.0
20231027093011000,SSE,SSE.ETF.510050,2.462,2.463,2.464,2.461,0.0,2.717,2.223,16998009.0,1755241.0,16998009.0,1755241.0,0.0,0.0,20231027,20231027,93011000,2.47,0.0,0.0,2.462,2.461,2.46,2.459,2.458,2.457,2.456,2.455,2.454,2.453,2.463,2.464,2.465,2.466,2.467,2.468,2.469,2.47,2.471,2.472,518100.0,1412700.0,2222600.0,690800.0,957400.0,996100.0,1378800.0,330600.0,35400.0,565300.0,986700.0,1760900.0,2496100.0,1747900.0,392300.0,820200.0,1034200.0,541600.0,437600.0,164200.0
20231027093014000,SSE,SSE.ETF.510050,2.463,2.463,2.464,2.461,0.0,2.717,2.223,18622831.0,1624822.0,18622831.0,1624822.0,0.0,0.0,20231027,20231027,93014000,2.47,0.0,0.0,2.462,2.461,2.46,2.459,2.458,2.457,2.456,2.455,2.454,2.453,2.463,2.464,2.465,2.466,2.467,2.468,2.469,2.47,2.471,2.472,439400.0,2025800.0,2560100.0,701400.0,833800.0,862200.0,1382800.0,332100.0,45400.0,585300.0,425200.0,1914400.0,2916200.0,2433100.0,394600.0,1120200.0,1053200.0,541600.0,441200.0,165200.0
20231027093017000,SSE,SSE.ETF.510050,2.462,2.463,2.464,2.461,0.0,2.717,2.223,20837961.0,2215130.0,20837961.0,2215130.0,0.0,0.0,20231027,20231027,93017000,2.47,0.0,0.0,2.462,2.461,2.46,2.459,2.458,2.457,2.456,2.455,2.454,2.453,2.463,2.464,2.465,2.466,2.467,2.468,2.469,2.47,2.471,2.472,635100.0,784800.0,2965500.0,853900.0,984200.0,882700.0,1390500.0,371200.0,49400.0,592300.0,237400.0,1859600.0,1446200.0,546200.0,544600.0,820200.0,1054400.0,540600.0,444000.0,165200.0
20231027093020000,SSE,SSE.ETF.510050,2.462,2.463,2.464,2.461,0.0,2.717,2.223,26664712.0,5826751.0,26664712.0,5826751.0,0.0,0.0,20231027,20231027,93020000,2.47,0.0,0.0,2.462,2.461,2.46,2.459,2.458,2.457,2.456,2.455,2.454,2.453,2.463,2.464,2.465,2.466,2.467,2.468,2.469,2.47,2.471,2.472,150800.0,2511500.0,1611500.0,1166900.0,1207200.0,887700.0,1396500.0,359700.0,52400.0,592300.0,375900.0,1860400.0,3365500.0,1966200.0,2345600.0,980200.0,1053400.0,540600.0,444000.0,165200.0
20231027093023000,SSE,SSE.ETF.510050,2.462,2.463,2.464,2.461,0.0,2.717,2.223,26743252.0,78540.0,26743252.0,78540.0,0.0,0.0,20231027,20231027,93023000,2.47,0.0,0.0,2.462,2.461,2.46,2.459,2.458,2.457,2.456,2.455,2.454,2.453,2.463,2.464,2.465,2.466,2.467,2.468,2.469,2.47,2.471,2.472,770500.0,2660100.0,3115500.0,1457600.0,1290500.0,1178400.0,1396500.0,359700.0,52400.0,592300.0,447300.0,1713700.0,3362800.0,2176900.0,544600.0,550200.0,1080400.0,744000.0,444000.0,165200.0
20231027093420000,SSE,SSE.ETF.510050,2.462,2.463,2.464,2.457,0.0,2.717,2.223,90900343.0,62744948.0,90900343.0,62744948.0,0.0,0.0,20231027,20231027,93420000,2.47,0.0,0.0,2.461,2.46,2.459,2.458,2.457,2.456,2.455,2.454,2.453,2.452,2.462,2.463,2.464,2.465,2.466,2.467,2.468,2.469,2.47,2.471,1321000.0,3539600.0,3971900.0,2744800.0,1403400.0,2439300.0,978600.0,418200.0,905200.0,529200.0,1004200.0,5332000.0,3161000.0,1568900.0,995500.0,468700.0,485300.0,928000.0,518100.0,247700.0
20231027093423000,SSE,SSE.ETF.510050,2.462,2.463,2.464,2.457,0.0,2.717,2.223,90953028.0,52685.0,90953028.0,52685.0,0.0,0.0,20231027,20231027,93423000,2.47,0.0,0.0,2.461,2.46,2.459,2.458,2.457,2.456,2.455,2.454,2.453,2.452,2.462,2.463,2.464,2.465,2.466,2.467,2.468,2.469,2.47,2.471,1320500.0,4000800.0,3971900.0,2290800.0,1474900.0,2137800.0,985100.0,418200.0,905200.0,529200.0,381200.0,3482000.0,3370300.0,1487700.0,1076700.0,478700.0,485300.0,928000.0,518100.0,247700.0
20231027093426000,SSE,SSE.ETF.510050,2.462,2.463,2.464,2.457,0.0,2.717,2.223,91371559.0,418531.0,91371559.0,418531.0,0.0,0.0,20231027,20231027,93426000,2.47,0.0,0.0,2.461,2.46,2.459,2.458,2.457,2.456,2.455,2.454,2.453,2.452,2.462,2.463,2.464,2.465,2.466,2.467,2.468,2.469,2.47,2.471,414700.0,1893800.0,5061900.0,4059700.0,1478400.0,2357800.0,985100.0,418200.0,905200.0,529200.0,2075200.0,4727700.0,3060300.0,1197000.0,886700.0,668700.0,485300.0,928000.0,518100.0,247700.0
20231027093429000,SSE,SSE.ETF.510050,2.462,2.463,2.464,2.457,0.0,2.717,2.223,91396179.0,24620.0,91396179.0,24620.0,0.0,0.0,20231027,20231027,93429000,2.47,0.0,0.0,2.461,2.46,2.459,2.458,2.457,2.456,2.455,2.454,2.453,2.452,2.462,2.463,2.464,2.465,2.466,2.467,2.468,2.469,2.47,2.471,1774400.0,4600800.0,3560400.0,2058900.0,1398200.0,2219300.0,985100.0,418200.0,905200.0,529200.0,201200.0,3487000.0,4270300.0,3218900.0,805500.0,709300.0,485300.0,928000.0,518100.0,247700.0
20231027093432000,SSE,SSE.ETF.510050,2.463,2.463,2.464,2.457,0.0,2.717,2.223,92176246.0,780067.0,92176246.0,780067.0,0.0,0.0,20231027,20231027,93432000,2.47,0.0,0.0,2.461,2.46,2.459,2.458,2.457,2.456,2.455,2.454,2.453,2.452,2.462,2.463,2.464,2.465,2.466,2.467,2.468,2.469,2.47,2.471,1790700.0,5044900.0,3560400.0,2103900.0,1484700.0,2137800.0,970600.0,418200.0,898900.0,529200.0,544800.0,3376400.0,4180400.0,1717700.0,886700.0,668700.0,485300.0,928500.0,518100.0,247700.0
20231027093435000,SSE,SSE.ETF.510050,2.462,2.463,2.464,2.457,0.0,2.717,2.223,93073243.0,896997.0,93073243.0,896997.0,0.0,0.0,20231027,20231027,93435000,2.47,0.0,0.0,2.461,2.46,2.459,2.458,2.457,2.456,2.455,2.454,2.453,2.452,2.462,2.463,2.464,2.465,2.466,2.467,2.468,2.469,2.47,2.471,1633300.0,5347000.0,3260400.0,2103900.0,1489700.0,2137800.0,970600.0,418200.0,898900.0,529200.0,338700.0,3377000.0,4180400.0,3217700.0,666600.0,685500.0,485300.0,928500.0,738100.0,247700.0
20231027093438000,SSE,SSE.ETF.510050,2.462,2.463,2.464,2.457,0.0,2.717,2.223,93123467.0,50224.0,93123467.0,50224.0,0.0,0.0,20231027,20231027,93438000,2.47,0.0,0.0,2.461,2.46,2.459,2.458,2.457,2.456,2.455,2.454,2.453,2.452,2.462,2.463,2.464,2.465,2.466,2.467,2.468,2.469,2.47,2.471,1633300.0,5087800.0,3560500.0,2183900.0,1409700.0,2137800.0,973600.0,418200.0,899400.0,529200.0,822300.0,4502800.0,4139200.0,1717700.0,886600.0,646100.0,485300.0,928500.0,518100.0,247700.0
20231027093441000,SSE,SSE.ETF.510050,2.461,2.463,2.464,2.457,0.0,2.717,2.223,93198036.0,74569.0,93198036.0,74569.0,0.0,0.0,20231027,20231027,93441000,2.47,0.0,0.0,2.461,2.46,2.459,2.458,2.457,2.456,2.455,2.454,2.453,2.452,2.462,2.463,2.464,2.465,2.466,2.467,2.468,2.469,2.47,2.471,1452200.0,4119200.0,3560500.0,2493900.0,1409700.0,2357800.0,978600.0,418200.0,899400.0,529200.0,1433000.0,4551800.0,3917200.0,1488500.0,886600.0,605500.0,565300.0,928500.0,518100.0,247700.0
20231027093444000,SSE,SSE.ETF.510050,2.462,2.463,2.464,2.457,0.0,2.717,2.223,93572464.0,374428.0,93572464.0,374428.0,0.0,0.0,20231027,20231027,93444000,2.47,0.0,0.0,2.461,2.46,2.459,2.458,2.457,2.456,2.455,2.454,2.453,2.452,2.462,2.463,2.464,2.465,2.466,2.467,2.468,2.469,2.47,2.471,1519400.0,5049300.0,3648500.0,2312700.0,1410000.0,2137800.0,978600.0,418200.0,899800.0,529200.0,1108200.0,4501800.0,4325900.0,1728500.0,886600.0,605500.0,565300.0,928500.0,518100.0,247700.0
20231027093447000,SSE,SSE.ETF.510050,2.462,2.463,2.464,2.457,0.0,2.717,2.223,93895398.0,322934.0,93895398.0,322934.0,0.0,0.0,20231027,20231027,93447000,2.47,0.0,0.0,2.461,2.46,2.459,2.458,2.457,2.456,2.455,2.454,2.453,2.452,2.462,2.463,2.464,2.465,2.466,2.467,2.468,2.469,2.47,2.471,1027000.0,4134300.0,3560500.0,2684700.0,1341500.0,2152300.0,978600.0,418200.0,899800.0,529200.0,1517300.0,5458200.0,3027900.0,1490500.0,886600.0,605500.0,571300.0,928500.0,518100.0,247700.0
20231027093450000,SSE,SSE.ETF.510050,2.461,2.463,2.464,2.457,0.0,2.717,2.223,93902781.0,7383.0,93902781.0,7383.0,0.0,0.0,20231027,20231027,93450000,2.47,0.0,0.0,2.461,2.46,2.459,2.458,2.457,2.456,2.455,2.454,2.453,2.452,2.462,2.463,2.464,2.465,2.466,2.467,2.468,2.469,2.47,2.471,1184000.0,4575100.0,3658500.0,2623700.0,1341500.0,2372300.0,978600.0,423200.0,899800.0,529200.0,1067300.0,4514300.0,4015900.0,1727700.0,886600.0,605500.0,491300.0,928500.0,518100.0,247700.0
20231027093453000,SSE,SSE.ETF.510050,2.462,2.463,2.464,2.457,0.0,2.717,2.223,93956441.0,53660.0,93956441.0,53660.0,0.0,0.0,20231027,20231027,93453000,2.47,0.0,0.0,2.461,2.46,2.459,2.458,2.457,2.456,2.455,2.454,2.453,2.452,2.462,2.463,2.464,2.465,2.466,2.467,2.468,2.469,2.47,2.471,1025000.0,4793600.0,3559700.0,2773700.0,1341500.0,2152300.0,978600.0,415800.0,899800.0,529200.0,1227600.0,4514300.0,4015900.0,1577700.0,883600.0,685500.0,498200.0,928500.0,518100.0,247700.0
20231027093456000,SSE,SSE.ETF.510050,2.461,2.463,2.464,2.457,0.0,2.717,2.223,93956687.0,246.0,93956687.0,246.0,0.0,0.0,20231027,20231027,93456000,2.47,0.0,0.0,2.461,2.46,2.459,2.458,2.457,2.456,2.455,2.454,2.453,2.452,2.462,2.463,2.464,2.465,2.466,2.467,2.468,2.469,2.47,2.471,1105700.0,4426700.0,3600500.0,2643700.0,1421500.0,2152300.0,976400.0,415800.0,899800.0,529200.0,1107800.0,4555000.0,3942300.0,1577700.0,986600.0,585500.0,498200.0,928500.0,518100.0,247700.0
20231027093459000,SSE,SSE.ETF.510050,2.462,2.463,2.464,2.457,0.0,2.717,2.223,94064508.0,107821.0,94064508.0,107821.0,0.0,0.0,20231027,20231027,93459000,2.47,0.0,0.0,2.461,2.46,2.459,2.458,2.457,2.456,2.455,2.454,2.453,2.452,2.462,2.463,2.464,2.465,2.466,2.467,2.468,2.469,2.47,2.471,177200.0,1960500.0,4810500.0,4383700.0,1421500.0,2372300.0,976400.0,415800.0,899800.0,529200.0,2129400.0,4940700.0,3083000.0,1287000.0,1076600.0,495500.0,498200.0,928500.0,518100.0,247700.0
20231027093502000,SSE,SSE.ETF.510050,2.461,2.463,2.464,2.457,0.0,2.717,2.223,94546625.0,482117.0,94546625.0,482117.0,0.0,0.0,20231027,20231027,93502000,2.47,0.0,0.0,2.46,2.459,2.458,2.457,2.456,2.455,2.454,2.453,2.452,2.451,2.461,2.462,2.463,2.464,2.465,2.466,2.467,2.468,2.469,2.47,1919700.0,4427500.0,4167200.0,1340000.0,2453800.0,1267100.0,415800.0,899800.0,529200.0,3479200.0,1000.0,2727900.0,4805400.0,2594300.0,1280200.0,895400.0,595500.0,498200.0,928500.0,521000.0
20231027093505000,SSE,SSE.ETF.510050,2.461,2.463,2.464,2.457,0.0,2.717,2.223,95156707.0,610082.0,95156707.0,610082.0,0.0,0.0,20231027,20231027,93505000,2.47,0.0,0.0,2.46,2.459,2.458,2.457,2.456,2.455,2.454,2.453,2.452,2.451,2.461,2.462,2.463,2.464,2.465,2.466,2.467,2.468,2.469,2.47,1778600.0,5026400.0,4165300.0,1353700.0,2625700.0,1267100.0,415800.0,899800.0,529200.0,3489200.0,412800.0,2337900.0,4972800.0,2302300.0,1452100.0,723500.0,495500.0,498200.0,928500.0,521000.0
20231027093508000,SSE,SSE.ETF.510050,2.461,2.463,2.464,2.457,0.0,2.717,2.223,95329469.0,172762.0,95329469.0,172762.0,0.0,0.0,20231027,20231027,93508000,2.47,0.0,0.0,2.461,2.46,2.459,2.458,2.457,2.456,2.455,2.454,2.453,2.452,2.462,2.463,2.464,2.465,2.466,2.467,2.468,2.469,2.47,2.471,569300.0,3587700.0,5160000.0,3766000.0,1363700.0,2401800.0,976400.0,445800.0,899800.0,529200.0,1626600.0,3701400.0,3102300.0,1825800.0,704200.0,685500.0,488200.0,928500.0,741000.0,247700.0
20231027093511000,SSE,SSE.ETF.510050,2.461,2.463,2.464,2.457,0.0,2.717,2.223,95329469.0,0.0,95329469.0,0.0,0.0,0.0,20231027,20231027,93511000,2.47,0.0,0.0,2.461,2.46,2.459,2.458,2.457,2.456,2.455,2.454,2.453,2.452,2.462,2.463,2.464,2.465,2.466,2.467,2.468,2.469,2.47,2.471,1957500.0,4897700.0,4650700.0,1854000.0,1439200.0,1858700.0,958900.0,445800.0,899800.0,529200.0,812600.0,2713400.0,4595000.0,3142700.0,666600.0,685500.0,488200.0,918500.0,741000.0,247700.0
20231027093514000,SSE,SSE.ETF.510050,2.462,2.463,2.464,2.457,0.0,2.717,2.223,95333899.0,4430.0,95333899.0,4430.0,0.0,0.0,20231027,20231027,93514000,2.47,0.0,0.0,2.461,2.46,2.459,2.458,2.457,2.456,2.455,2.454,2.453,2.452,2.462,2.463,2.464,2.465,2.466,2.467,2.468,2.469,2.47,2.471,2177600.0,5617300.0,4541500.0,1943300.0,1435200.0,1858700.0,958900.0,445800.0,899800.0,529200.0,812500.0,2563400.0,4312300.0,3535700.0,957300.0,605500.0,488200.0,918500.0,745500.0,247700.0
20231027093517000,SSE,SSE.ETF.510050,2.462,2.463,2.464,2.457,0.0,2.717,2.223,97474559.0,2140660.0,97474559.0,2140660.0,0.0,0.0,20231027,20231027,93517000,2.47,0.0,0.0,2.462,2.461,2.46,2.459,2.458,2.457,2.456,2.455,2.454,2.453,2.463,2.464,2.465,2.466,2.467,2.468,2.469,2.47,2.471,2.472,178400.0,4605800.0,3917000.0,4173100.0,1635500.0,1064500.0,1862700.0,958900.0,445800.0,899800.0,1150400.0,2958300.0,3867700.0,987300.0,546100.0,568200.0,918500.0,745500.0,247700.0,140600.0
20231027093520000,SSE,SSE.ETF.510050,2.462,2.463,2.464,2.457,0.0,2.717,2.223,97733069.0,258510.0,97733069.0,258510.0,0.0,0.0,20231027,20231027,93520000,2.47,0.0,0.0,2.462,2.461,2.46,2.459,2.458,2.457,2.456,2.455,2.454,2.453,2.463,2.464,2.465,2.466,2.467,2.468,2.469,2.47,2.471,2.472,240000.0,3478800.0,4116300.0,3063100.0,2113200.0,1183300.0,1861100.0,908900.0,445800.0,899800.0,1183000.0,3058300.0,5145800.0,2440800.0,690300.0,658200.0,918500.0,755500.0,247700.0,140600.0
20231027093523000,SSE,SSE.ETF.510050,2.463,2.463,2.464,2.457,0.0,2.717,2.223,97753019.0,19950.0,97753019.0,19950.0,0.0,0.0,20231027,20231027,93523000,2.47,0.0,0.0,2.462,2.461,2.46,2.459,2.458,2.457,2.456,2.455,2.454,2.453,2.463,2.464,2.465,2.466,2.467,2.468,2.469,2.47,2.471,2.472,25800.0,3008800.0,4115900.0,1922000.0,2114600.0,1101800.0,1861100.0,908900.0,445800.0,899800.0,2468900.0,4855900.0,3935800.0,709600.0,671400.0,758200.0,922500.0,755500.0,247700.0,140600.0
20231027093526000,SSE,SSE.ETF.510050,2.462,2.463,2.464,2.457,0.0,2.717,2.223,97880551.0,127532.0,97880551.0,127532.0,0.0,0.0,20231027,20231027,93526000,2.47,0.0,0.0,2.461,2.46,2.459,2.458,2.457,2.456,2.455,2.454,2.453,2.452,2.462,2.463,2.464,2.465,2.466,2.467,2.468,2.469,2.47,2.471,1478800.0,5536200.0,3261300.0,2032300.0,1183300.0,2151800.0,908900.0,445800.0,899800.0,554600.0,55000.0,4324200.0,3806600.0,3935900.0,500100.0,690300.0,658200.0,917700.0,755500.0,247700.0
20231027093529000,SSE,SSE.ETF.510050,2.462,2.463,2.464,2.457,0.0,2.717,2.223,98109521.0,228970.0,98109521.0,228970.0,0.0,0.0,20231027,20231027,93529000,2.47,0.0,0.0,2.461,2.46,2.459,2.458,2.457,2.456,2.455,2.454,2.453,2.452,2.462,2.463,2.464,2.465,2.466,2.467,2.468,2.469,2.47,2.471,1307900.0,4933700.0,3621800.0,1950500.0,1435200.0,2151800.0,910900.0,445800.0,899800.0,554600.0,857400.0,4420200.0,4056600.0,1933800.0,892000.0,608500.0,568200.0,917700.0,535500.0,247700.0
20231027093532000,SSE,SSE.ETF.510050,2.461,2.463,2.464,2.457,0.0,2.717,2.223,98996508.0,886987.0,98996508.0,886987.0,0.0,0.0,20231027,20231027,93532000,2.47,0.0,0.0,2.46,2.459,2.458,2.457,2.456,2.455,2.454,2.453,2.452,2.451,2.461,2.462,2.463,2.464,2.465,2.466,2.467,2.468,2.469,2.47,2338600.0,4866800.0,3829800.0,1435100.0,2371800.0,1201600.0,445800.0,899800.0,556600.0,2485400.0,1000.0,3454100.0,6070800.0,2486600.0,1555100.0,892000.0,608500.0,488200.0,937700.0,547600.0
20231027093535000,SSE,SSE.ETF.510050,2.461,2.463,2.464,2.457,0.0,2.717,2.223,99019641.0,23133.0,99019641.0,23133.0,0.0,0.0,20231027,20231027,93535000,2.47,0.0,0.0,2.46,2.459,2.458,2.457,2.456,2.455,2.454,2.453,2.452,2.451,2.461,2.462,2.463,2.464,2.465,2.466,2.467,2.468,2.469,2.47,2210800.0,4836800.0,4257800.0,1271700.0,2625200.0,1201600.0,445800.0,899800.0,556600.0,2485400.0,626600.0,3564100.0,5408900.0,2265900.0,1808200.0,738900.0,588500.0,497800.0,937700.0,547600.0
20231027093538000,SSE,SSE.ETF.510050,2.461,2.463,2.464,2.457,0.0,2.717,2.223,99347446.0,327805.0,99347446.0,327805.0,0.0,0.0,20231027,20231027,93538000,2.47,0.0,0.0,2.46,2.459,2.458,2.457,2.456,2.455,2.454,2.453,2.452,2.451,2.461,2.462,2.463,2.464,2.465,2.466,2.467,2.468,2.469,2.47,2279900.0,4746800.0,4347800.0,1271700.0,2625200.0,1201600.0,445800.0,899800.0,556600.0,2487400.0,514400.0,4476500.0,5377900.0,861900.0,1808200.0,828900.0,498500.0,497800.0,937700.0,547600.0
20231027093541000,SSE,SSE.ETF.510050,2.461,2.463,2.464,2.457,0.0,2.717,2.223,99433079.0,85633.0,99433079.0,85633.0,0.0,0.0,20231027,20231027,93541000,2.47,0.0,0.0,2.46,2.459,2.458,2.457,2.456,2.455,2.454,2.453,2.452,2.451,2.461,2.462,2.463,2.464,2.465,2.466,2.467,2.468,2.469,2.47,1149900.0,2705500.0,5249800.0,3151700.0,2742000.0,1201600.0,445800.0,899800.0,556600.0,2487400.0,1251200.0,5227000.0,3899900.0,711900.0,1767500.0,828900.0,418500.0,497800.0,937700.0,547600.0
20231027093747000,SSE,SSE.ETF.510050,2.465,2.463,2.465,2.457,0.0,2.717,2.223,127472050.0,28038971.0,127472050.0,28038971.0,0.0,0.0,20231027,20231027,93747000,2.47,0.0,0.0,2.463,2.462,2.461,2.46,2.459,2.458,2.457,2.456,2.455,2.454,2.464,2.465,2.466,2.467,2.468,2.469,2.47,2.471,2.472,2.473,2599300.0,5032400.0,3465000.0,1076300.0,1800300.0,1214300.0,1122600.0,1864500.0,1916600.0,281500.0,1000.0,3386300.0,4804200.0,2848600.0,848900.0,1600500.0,856100.0,288100.0,361700.0,825900.0
20231027093750000,SSE,SSE.ETF.510050,2.464,2.463,2.465,2.457,0.0,2.717,2.223,127477471.0,5421.0,127477471.0,5421.0,0.0,0.0,20231027,20231027,93750000,2.47,0.0,0.0,2.463,2.462,2.461,2.46,2.459,2.458,2.457,2.456,2.455,2.454,2.464,2.465,2.466,2.467,2.468,2.469,2.47,2.471,2.472,2.473,2000600.0,4300200.0,3399300.0,1171500.0,1972100.0,1766900.0,1122600.0,1864500.0,1916600.0,281500.0,679900.0,3440600.0,5434200.0,2460600.0,1335700.0,1413700.0,776100.0,288100.0,141700.0,825900.0
20231027093753000,SSE,SSE.ETF.510050,2.464,2.463,2.465,2.457,0.0,2.717,2.223,127590322.0,112851.0,127590322.0,112851.0,0.0,0.0,20231027,20231027,93753000,2.47,0.0,0.0,2.463,2.462,2.461,2.46,2.459,2.458,2.457,2.456,2.455,2.454,2.464,2.465,2.466,2.467,2.468,2.469,2.47,2.471,2.472,2.473,1837600.0,4980900.0,3353900.0,1421500.0,1972100.0,1506100.0,1122600.0,1864500.0,1916600.0,281500.0,380200.0,3479900.0,5448900.0,2310600.0,1288300.0,1413700.0,776100.0,290100.0,141700.0,825900.0
20231027093756000,SSE,SSE.ETF.510050,2.463,2.463,2.465,2.457,0.0,2.717,2.223,127715943.0,125621.0,127715943.0,125621.0,0.0,0.0,20231027,20231027,93756000,2.47,0.0,0.0,2.463,2.462,2.461,2.46,2.459,2.458,2.457,2.456,2.455,2.454,2.464,2.465,2.466,2.467,2.468,2.469,2.47,2.471,2.472,2.473,1794900.0,3972300.0,3922900.0,1509500.0,1982100.0,1516100.0,1122600.0,1864500.0,1916600.0,281500.0,1360500.0,5893000.0,4428900.0,898600.0,1302300.0,1408700.0,776100.0,290100.0,141700.0,825900.0
20231027093759000,SSE,SSE.ETF.510050,2.464,2.463,2.465,2.457,0.0,2.717,2.223,127738364.0,22421.0,127738364.0,22421.0,0.0,0.0,20231027,20231027,93759000,2.47,0.0,0.0,2.463,2.462,2.461,2.46,2.459,2.458,2.457,2.456,2.455,2.454,2.464,2.465,2.466,2.467,2.468,2.469,2.47,2.471,2.472,2.473,1994600.0,4981900.0,3244300.0,1360100.0,1982100.0,1516100.0,1002600.0,1864500.0,1916600.0,281500.0,487000.0,2987600.0,5188900.0,2889200.0,1082300.0,1408700.0,776100.0,290100.0,361700.0,825900.0
20231027093802000,SSE,SSE.ETF.510050,2.463,2.463,2.465,2.457,0.0,2.717,2.223,127803894.0,65530.0,127803894.0,65530.0,0.0,0.0,20231027,20231027,93802000,2.47,0.0,0.0,2.463,2.462,2.461,2.46,2.459,2.458,2.457,2.456,2.455,2.454,2.464,2.465,2.466,2.467,2.468,2.469,2.47,2.471,2.472,2.473,1846400.0,4541900.0,3654300.0,1319300.0,1982100.0,1731800.0,1002600.0,1864500.0,1866600.0,281500.0,681200.0,2714900.0,5505200.0,939200.0,1593000.0,1315500.0,876100.0,290100.0,141700.0,825900.0
20231027093805000,SSE,SSE.ETF.510050,2.463,2.463,2.465,2.457,0.0,2.717,2.223,127874595.0,70701.0,127874595.0,70701.0,0.0,0.0,20231027,20231027,93805000,2.47,0.0,0.0,2.463,2.462,2.461,2.46,2.459,2.458,2.457,2.456,2.455,2.454,2.464,2.465,2.466,2.467,2.468,2.469,2.47,2.471,2.472,2.473,3269100.0,4981900.0,3156300.0,1360100.0,1982100.0,1512200.0,1002600.0,1864500.0,1866100.0,281500.0,722300.0,3127600.0,5225900.0,2958600.0,1082300.0,1335500.0,776100.0,290100.0,361700.0,825900.0
20231027093808000,SSE,SSE.ETF.510050,2.463,2.463,2.465,2.457,0.0,2.717,2.223,128290842.0,416247.0,128290842.0,416247.0,0.0,0.0,20231027,20231027,93808000,2.47,0.0,0.0,2.463,2.462,2.461,2.46,2.459,2.458,2.457,2.456,2.455,2.454,2.464,2.465,2.466,2.467,2.468,2.469,2.47,2.471,2.472,2.473,3012400.0,4073300.0,3412900.0,1569600.0,1982000.0,1732200.0,1002600.0,1864500.0,1866100.0,281500.0,2111200.0,4946900.0,4378200.0,1058500.0,1302300.0,1335500.0,856100.0,290100.0,141700.0,825900.0
20231027093811000,SSE,SSE.ETF.510050,2.463,2.463,2.465,2.457,0.0,2.717,2.223,128384940.0,94098.0,128384940.0,94098.0,0.0,0.0,20231027,20231027,93811000,2.47,0.0,0.0,2.463,2.462,2.461,2.46,2.459,2.458,2.457,2.456,2.455,2.454,2.464,2.465,2.466,2.467,2.468,2.469,2.47,2.471,2.472,2.473,2700300.0,4073300.0,3963600.0,1322600.0,1982000.0,1732200.0,987200.0,1864500.0,1866100.0,281500.0,1126400.0,5397600.0,4418900.0,1089200.0,1287300.0,1335500.0,861100.0,290100.0,141700.0,825900.0
20231027093814000,SSE,SSE.ETF.510050,2.463,2.463,2.465,2.457,0.0,2.717,2.223,129833245.0,1448305.0,129833245.0,1448305.0,0.0,0.0,20231027,20231027,93814000,2.47,0.0,0.0,2.463,2.462,2.461,2.46,2.459,2.458,2.457,2.456,2.455,2.454,2.464,2.465,2.466,2.467,2.468,2.469,2.47,2.471,2.472,2.473,3718800.0,4957100.0,2877700.0,1234600.0,1982000.0,1221500.0,987200.0,1864500.0,1866100.0,281500.0,24800.0,1769900.0,5422200.0,3521200.0,1358000.0,1276100.0,961100.0,290100.0,361700.0,825900.0
20231027093817000,SSE,SSE.ETF.510050,2.464,2.463,2.465,2.457,0.0,2.717,2.223,130263459.0,430214.0,130263459.0,430214.0,0.0,0.0,20231027,20231027,93817000,2.47,0.0,0.0,2.464,2.463,2.462,2.461,2.46,2.459,2.458,2.457,2.456,2.455,2.465,2.466,2.467,2.468,2.469,2.47,2.471,2.472,2.473,2.474,768000.0,2513900.0,6007100.0,3162600.0,1345000.0,1982000.0,1221500.0,987200.0,1864500.0,1866100.0,3067600.0,5358200.0,1529200.0,1162300.0,1186100.0,1051100.0,290100.0,361700.0,825900.0,229600.0
20231027093820000,SSE,SSE.ETF.510050,2.464,2.463,2.465,2.457,0.0,2.717,2.223,131356982.0,1093523.0,131356982.0,1093523.0,0.0,0.0,20231027,20231027,93820000,2.47,0.0,0.0,2.464,2.463,2.462,2.461,2.46,2.459,2.458,2.457,2.456,2.455,2.465,2.466,2.467,2.468,2.469,2.47,2.471,2.472,2.473,2.474,1224200.0,2474000.0,5747800.0,3341900.0,1413200.0,1728800.0,1507200.0,987200.0,1864500.0,1866100.0,3348900.0,5378900.0,3029200.0,1034400.0,1412400.0,1051100.0,290100.0,141700.0,825900.0,229600.0
20231027093823000,SSE,SSE.ETF.510050,2.464,2.463,2.465,2.457,0.0,2.717,2.223,132259299.0,902317.0,132259299.0,902317.0,0.0,0.0,20231027,20231027,93823000,2.47,0.0,0.0,2.463,2.462,2.461,2.46,2.459,2.458,2.457,2.456,2.455,2.454,2.464,2.465,2.466,2.467,2.468,2.469,2.47,2.471,2.472,2.473,2364900.0,5807100.0,3366900.0,1328200.0,1728800.0,1507200.0,987200.0,1864500.0,1866100.0,281500.0,625100.0,3043900.0,5338200.0,2849200.0,957400.0,1548000.0,971100.0,370100.0,141700.0,825900.0
20231027093826000,SSE,SSE.ETF.510050,2.464,2.463,2.465,2.457,0.0,2.717,2.223,132308826.0,49527.0,132308826.0,49527.0,0.0,0.0,20231027,20231027,93826000,2.47,0.0,0.0,2.463,2.462,2.461,2.46,2.459,2.458,2.457,2.456,2.455,2.454,2.464,2.465,2.466,2.467,2.468,2.469,2.47,2.471,2.472,2.473,2515100.0,5927200.0,3193900.0,1270000.0,1982000.0,1507200.0,989200.0,1864500.0,1866100.0,281500.0,70700.0,3044400.0,5250200.0,2999200.0,1055400.0,1200100.0,971100.0,370100.0,361700.0,825900.0
20231027093829000,SSE,SSE.ETF.510050,2.464,2.463,2.465,2.457,0.0,2.717,2.223,132611158.0,302332.0,132611158.0,302332.0,0.0,0.0,20231027,20231027,93829000,2.47,0.0,0.0,2.464,2.463,2.462,2.461,2.46,2.459,2.458,2.457,2.456,2.455,2.465,2.466,2.467,2.468,2.469,2.47,2.471,2.472,2.473,2.474,1774700.0,2837100.0,6227200.0,2932600.0,1182000.0,1982000.0,1216500.0,989200.0,1864500.0,1866100.0,2594400.0,5038200.0,2951200.0,1055400.0,1200100.0,971100.0,370100.0,361700.0,825900.0,229600.0
20231027093832000,SSE,SSE.ETF.510050,2.464,2.463,2.465,2.457,0.0,2.717,2.223,132660438.0,49280.0,132660438.0,49280.0,0.0,0.0,20231027,20231027,93832000,2.47,0.0,0.0,2.464,2.463,2.462,2.461,2.46,2.459,2.458,2.457,2.456,2.455,2.465,2.466,2.467,2.468,2.469,2.47,2.471,2.472,2.473,2.474,3570900.0,3040900.0,6107200.0,3017600.0,1338200.0,1728800.0,1216500.0,989200.0,1864500.0,1866100.0,2788400.0,5178200.0,3639200.0,707500.0,1549500.0,971100.0,370100.0,361700.0,825900.0,229600.0
20231027093835000,SSE,SSE.ETF.510050,2.464,2.463,2.465,2.457,0.0,2.717,2.223,132851153.0,190715.0,132851153.0,190715.0,0.0,0.0,20231027,20231027,93835000,2.47,0.0,0.0,2.464,2.463,2.462,2.461,2.46,2.459,2.458,2.457,2.456,2.455,2.465,2.466,2.467,2.468,2.469,2.47,2.471,2.472,2.473,2.474,2606500.0,2820900.0,6107200.0,3017600.0,1338200.0,1728800.0,1216500.0,989200.0,1823600.0,1866100.0,2502000.0,5178200.0,3639200.0,707500.0,1549500.0,971100.0,369500.0,361700.0,825900.0,229600.0
20231027093917000,SSE,SSE.ETF.510050,2.461,2.463,2.465,2.457,0.0,2.717,2.223,150294250.0,17443097.0,150294250.0,17443097.0,0.0,0.0,20231027,20231027,93917000,2.47,0.0,0.0,2.461,2.46,2.459,2.458,2.457,2.456,2.455,2.454,2.453,2.452,2.462,2.463,2.464,2.465,2.466,2.467,2.468,2.469,2.47,2.471,2963700.0,3447000.0,4707900.0,1969900.0,1674200.0,2115300.0,1866100.0,280800.0,786000.0,551800.0,374000.0,4157900.0,5121500.0,1675000.0,1074200.0,810500.0,979400.0,1239600.0,760600.0,312000.0
20231027093920000,SSE,SSE.ETF.510050,2.461,2.463,2.465,2.457,0.0,2.717,2.223,150408205.0,113955.0,150408205.0,113955.0,0.0,0.0,20231027,20231027,93920000,2.47,0.0,0.0,2.461,2.46,2.459,2.458,2.457,2.456,2.455,2.454,2.453,2.452,2.462,2.463,2.464,2.465,2.466,2.467,2.468,2.469,2.47,2.471,2635400.0,3362100.0,4619900.0,1974900.0,1678100.0,2335300.0,1866100.0,280800.0,786000.0,551800.0,118900.0,6622500.0,4391100.0,1587000.0,986200.0,803200.0,979400.0,1159600.0,760600.0,312000.0
20231027093923000,SSE,SSE.ETF.510050,2.461,2.463,2.465,2.457,0.0,2.717,2.223,150445862.0,37657.0,150445862.0,37657.0,0.0,0.0,20231027,20231027,93923000,2.47,0.0,0.0,2.461,2.46,2.459,2.458,2.457,2.456,2.455,2.454,2.453,2.452,2.462,2.463,2.464,2.465,2.466,2.467,2.468,2.469,2.47,2.471,2631900.0,3761300.0,4605900.0,2242900.0,1718900.0,2115300.0,1866100.0,280800.0,786000.0,556900.0,118400.0,7215000.0,4224700.0,1675000.0,986200.0,803200.0,985300.0,1159600.0,763600.0,312000.0
20231027093926000,SSE,SSE.ETF.510050,2.461,2.463,2.465,2.457,0.0,2.717,2.223,150460138.0,14276.0,150460138.0,14276.0,0.0,0.0,20231027,20231027,93926000,2.47,0.0,0.0,2.461,2.46,2.459,2.458,2.457,2.456,2.455,2.454,2.453,2.452,2.462,2.463,2.464,2.465,2.466,2.467,2.468,2.469,2.47,2.471,2926900.0,3744400.0,4700900.0,2142900.0,1620000.0,2115300.0,1866100.0,280800.0,786000.0,556900.0,431000.0,3858300.0,5373600.0,3175000.0,988800.0,803200.0,1065300.0,1159600.0,763600.0,312000.0
20231027093929000,SSE,SSE.ETF.510050,2.462,2.463,2.465,2.457,0.0,2.717,2.223,151479406.0,1019268.0,151479406.0,1019268.0,0.0,0.0,20231027,20231027,93929000,2.47,0.0,0.0,2.462,2.461,2.46,2.459,2.458,2.457,2.456,2.455,2.454,2.453,2.463,2.464,2.465,2.466,2.467,2.468,2.469,2.47,2.471,2.472,15200.0,3907700.0,3831400.0,3791600.0,2142900.0,1640000.0,1824600.0,1866100.0,280800.0,786000.0,2306600.0,4862700.0,4225000.0,1059500.0,843800.0,1065300.0,1159600.0,983600.0,312000.0,147000.0
20231027093932000,SSE,SSE.ETF.510050,2.462,2.463,2.465,2.457,0.0,2.717,2.223,151668980.0,189574.0,151668980.0,189574.0,0.0,0.0,20231027,20231027,93932000,2.47,0.0,0.0,2.462,2.461,2.46,2.459,2.458,2.457,2.456,2.455,2.454,2.453,2.463,2.464,2.465,2.466,2.467,2.468,2.469,2.47,2.471,2.472,23300.0,3655200.0,3801400.0,4085900.0,2149600.0,1378100.0,1824600.0,1866200.0,280800.0,786000.0,2887700.0,4932000.0,4184300.0,833000.0,870100.0,1125900.0,1159600.0,983600.0,312000.0,147000.0
20231027093935000,SSE,SSE.ETF.510050,2.462,2.463,2.465,2.457,0.0,2.717,2.223,152138387.0,469407.0,152138387.0,469407.0,0.0,0.0,20231027,20231027,93935000,2.47,0.0,0.0,2.462,2.461,2.46,2.459,2.458,2.457,2.456,2.455,2.454,2.453,2.463,2.464,2.465,2.466,2.467,2.468,2.469,2.47,2.471,2.472,2849000.0,3357300.0,3788600.0,2378700.0,2102400.0,1378100.0,1825400.0,1866200.0,280800.0,786000.0,1168400.0,2182000.0,5811700.0,2445300.0,880100.0,1178100.0,1239600.0,983600.0,312000.0,147000.0
20231027093938000,SSE,SSE.ETF.510050,2.462,2.463,2.465,2.457,0.0,2.717,2.223,152181472.0,43085.0,152181472.0,43085.0,0.0,0.0,20231027,20231027,93938000,2.47,0.0,0.0,2.462,2.461,2.46,2.459,2.458,2.457,2.456,2.455,2.454,2.453,2.463,2.464,2.465,2.466,2.467,2.468,2.469,2.47,2.471,2.472,3914800.0,3136700.0,3572300.0,2215900.0,1968800.0,1005900.0,1825400.0,1866700.0,280800.0,786000.0,528000.0,1582000.0,5679700.0,3062100.0,951200.0,1188100.0,1239600.0,983600.0,312000.0,147000.0
20231027093941000,SSE,SSE.ETF.510050,2.462,2.463,2.465,2.457,0.0,2.717,2.223,152242039.0,60567.0,152242039.0,60567.0,0.0,0.0,20231027,20231027,93941000,2.47,0.0,0.0,2.462,2.461,2.46,2.459,2.458,2.457,2.456,2.455,2.454,2.453,2.463,2.464,2.465,2.466,2.467,2.468,2.469,2.47,2.471,2.472,3423300.0,3426600.0,4014100.0,2125900.0,1969600.0,1005900.0,1825400.0,1866700.0,280800.0,786000.0,526400.0,2143300.0,5898700.0,2492800.0,861200.0,1278100.0,1238100.0,983600.0,312000.0,147000.0
20231027093944000,SSE,SSE.ETF.510050,2.463,2.463,2.465,2.457,0.0,2.717,2.223,153557014.0,1314975.0,153557014.0,1314975.0,0.0,0.0,20231027,20231027,93944000,2.47,0.0,0.0,2.463,2.462,2.461,2.46,2.459,2.458,2.457,2.456,2.455,2.454,2.464,2.465,2.466,2.467,2.468,2.469,2.47,2.471,2.472,2.473,472900.0,4044500.0,3449700.0,3065100.0,2125900.0,1969600.0,1005900.0,1825400.0,1881200.0,280800.0,1091200.0,2789600.0,4738500.0,1151900.0,1278100.0,1010600.0,983600.0,312000.0,147000.0,830900.0
20231027093947000,SSE,SSE.ETF.510050,2.464,2.463,2.465,2.457,0.0,2.717,2.223,153581654.0,24640.0,153581654.0,24640.0,0.0,0.0,20231027,20231027,93947000,2.47,0.0,0.0,2.463,2.462,2.461,2.46,2.459,2.458,2.457,2.456,2.455,2.454,2.464,2.465,2.466,2.467,2.468,2.469,2.47,2.471,2.472,2.473,1575500.0,3524900.0,3490400.0,1652600.0,2125600.0,1657100.0,1005900.0,1825400.0,1891200.0,280800.0,1158100.0,4545000.0,4570500.0,885000.0,1345000.0,1130600.0,983600.0,320000.0,147000.0,830900.0
20231027093950000,SSE,SSE.ETF.510050,2.463,2.463,2.465,2.457,0.0,2.717,2.223,153620079.0,38425.0,153620079.0,38425.0,0.0,0.0,20231027,20231027,93950000,2.47,0.0,0.0,2.463,2.462,2.461,2.46,2.459,2.458,2.457,2.456,2.455,2.454,2.464,2.465,2.466,2.467,2.468,2.469,2.47,2.471,2.472,2.473,60800.0,3984700.0,3267800.0,1781900.0,2127000.0,1617100.0,1296600.0,1825400.0,1891200.0,280800.0,1943000.0,6295700.0,2844800.0,513200.0,1436100.0,1120600.0,1063600.0,320000.0,148000.0,830900.0
20231027093953000,SSE,SSE.ETF.510050,2.463,2.463,2.465,2.457,0.0,2.717,2.223,154159230.0,539151.0,154159230.0,539151.0,0.0,0.0,20231027,20231027,93953000,2.47,0.0,0.0,2.463,2.462,2.461,2.46,2.459,2.458,2.457,2.456,2.455,2.454,2.464,2.465,2.466,2.467,2.468,2.469,2.47,2.471,2.472,2.473,1394600.0,3997100.0,3506500.0,2440600.0,2045600.0,1657700.0,1005900.0,1825400.0,1891200.0,280800.0,1612800.0,4683700.0,3132800.0,682300.0,1225000.0,1030600.0,1063600.0,320000.0,368000.0,830900.0
20231027093956000,SSE,SSE.ETF.510050,2.463,2.463,2.465,2.457,0.0,2.717,2.223,154371315.0,212085.0,154371315.0,212085.0,0.0,0.0,20231027,20231027,93956000,2.47,0.0,0.0,2.463,2.462,2.461,2.46,2.459,2.458,2.457,2.456,2.455,2.454,2.464,2.465,2.466,2.467,2.468,2.469,2.47,2.471,2.472,2.473,935300.0,3451800.0,3593000.0,3559900.0,2127000.0,1616300.0,1296600.0,1826400.0,1891200.0,280800.0,1785100.0,6036400.0,3132800.0,601200.0,1436100.0,1070600.0,1063600.0,320000.0,148000.0,830900.0
20231027093959000,SSE,SSE.ETF.510050,2.464,2.463,2.465,2.457,0.0,2.717,2.223,154575746.0,204431.0,154575746.0,204431.0,0.0,0.0,20231027,20231027,93959000,2.47,0.0,0.0,2.463,2.462,2.461,2.46,2.459,2.458,2.457,2.456,2.455,2.454,2.464,2.465,2.466,2.467,2.468,2.469,2.47,2.471,2.472,2.473,2212500.0,3830800.0,3464000.0,2360600.0,2207000.0,1871100.0,1000900.0,1822400.0,1891200.0,280800.0,1722000.0,4639300.0,4248500.0,891400.0,1526100.0,986400.0,1063600.0,320000.0,148000.0,830900.0
20231027094002000,SSE,SSE.ETF.510050,2.463,2.463,2.465,2.457,0.0,2.717,2.223,154607281.0,31535.0,154607281.0,31535.0,0.0,0.0,20231027,20231027,94002000,2.47,0.0,0.0,2.463,2.462,2.461,2.46,2.459,2.458,2.457,2.456,2.455,2.454,2.464,2.465,2.466,2.467,2.468,2.469,2.47,2.471,2.472,2.473,1013800.0,4861500.0,3464000.0,2361600.0,2207000.0,1651100.0,1001400.0,1822400.0,1891200.0,280800.0,1723100.0,4639300.0,4248500.0,895400.0,1495200.0,986400.0,1003600.0,325800.0,148000.0,830900.0
20231027094005000,SSE,SSE.ETF.510050,2.463,2.463,2.465,2.457,0.0,2.717,2.223,154633149.0,25868.0,154633149.0,25868.0,0.0,0.0,20231027,20231027,94005000,2.47,0.0,0.0,2.463,2.462,2.461,2.46,2.459,2.458,2.457,2.456,2.455,2.454,2.464,2.465,2.466,2.467,2.468,2.469,2.47,2.471,2.472,2.473,852900.0,3960600.0,3611700.0,2397600.0,2207000.0,1610300.0,1001400.0,1822400.0,1891200.0,280800.0,2600600.0,5745700.0,2834800.0,807400.0,1305200.0,1156400.0,1013600.0,325800.0,148000.0,830900.0
20231027094008000,SSE,SSE.ETF.510050,2.464,2.463,2.465,2.457,0.0,2.717,2.223,154804824.0,171675.0,154804824.0,171675.0,0.0,0.0,20231027,20231027,94008000,2.47,0.0,0.0,2.463,2.462,2.461,2.46,2.459,2.458,2.457,2.456,2.455,2.454,2.464,2.465,2.466,2.467,2.468,2.469,2.47,2.471,2.472,2.473,1917700.0,3630600.0,3389700.0,1615600.0,2127000.0,1610300.0,1001400.0,1822400.0,1891200.0,280800.0,1070400.0,4674600.0,4448500.0,1041400.0,1305200.0,1092800.0,1013600.0,325800.0,148000.0,830900.0
20231027094011000,SSE,SSE.ETF.510050,2.463,2.463,2.465,2.457,0.0,2.717,2.223,154903364.0,98540.0,154903364.0,98540.0,0.0,0.0,20231027,20231027,94011000,2.47,0.0,0.0,2.463,2.462,2.461,2.46,2.459,2.458,2.457,2.456,2.455,2.454,2.464,2.465,2.466,2.467,2.468,2.469,2.47,2.471,2.472,2.473,4060700.0,4253300.0,3252200.0,1417600.0,2127000.0,1350400.0,1001400.0,1822400.0,1887700.0,280800.0,990800.0,2329300.0,4464100.0,2679100.0,1376200.0,1092800.0,1098600.0,325800.0,148000.0,830900.0
20231027094014000,SSE,SSE.ETF.510050,2.463,2.463,2.465,2.457,0.0,2.717,2.223,157561773.0,2658409.0,157561773.0,2658409.0,0.0,0.0,20231027,20231027,94014000,2.47,0.0,0.0,2.463,2.462,2.461,2.46,2.459,2.458,2.457,2.456,2.455,2.454,2.464,2.465,2.466,2.467,2.468,2.469,2.47,2.471,2.472,2.473,2155500.0,4317300.0,1422000.0,1512600.0,2127000.0,1599300.0,1002400.0,1822400.0,1887700.0,280800.0,114300.0,3667300.0,4950500.0,1763400.0,1185500.0,1092800.0,1093600.0,335800.0,368000.0,830900.0
20231027094017000,SSE,SSE.ETF.510050,2.463,2.463,2.465,2.457,0.0,2.717,2.223,157561773.0,0.0,157561773.0,0.0,0.0,0.0,20231027,20231027,94017000,2.47,0.0,0.0,2.463,2.462,2.461,2.46,2.459,2.458,2.457,2.456,2.455,2.454,2.464,2.465,2.466,2.467,2.468,2.469,2.47,2.471,2.472,2.473,1587500.0,3637300.0,3571000.0,2856800.0,2127000.0,1819300.0,1002400.0,1822400.0,1887700.0,280800.0,1921400.0,5331900.0,4102100.0,700700.0,1310500.0,1097800.0,1013600.0,335800.0,148000.0,830900.0
20231027094020000,SSE,SSE.ETF.510050,2.464,2.463,2.465,2.457,0.0,2.717,2.223,157577538.0,15765.0,157577538.0,15765.0,0.0,0.0,20231027,20231027,94020000,2.47,0.0,0.0,2.463,2.462,2.461,2.46,2.459,2.458,2.457,2.456,2.455,2.454,2.464,2.465,2.466,2.467,2.468,2.469,2.47,2.471,2.472,2.473,1633200.0,4009800.0,3520300.0,1660800.0,2127000.0,1819300.0,1002400.0,1822400.0,1887700.0,280800.0,1758100.0,3884800.0,5217800.0,932000.0,1310500.0,1138400.0,1098600.0,340800.0,148000.0,830900.0
20231027094023000,SSE,SSE.ETF.510050,2.464,2.463,2.465,2.457,0.0,2.717,2.223,157717958.0,140420.0,157717958.0,140420.0,0.0,0.0,20231027,20231027,94023000,2.47,0.0,0.0,2.463,2.462,2.461,2.46,2.459,2.458,2.457,2.456,2.455,2.454,2.464,2.465,2.466,2.467,2.468,2.469,2.47,2.471,2.472,2.473,1755700.0,4457800.0,3432300.0,1424800.0,2128000.0,1599300.0,1002400.0,1822400.0,1887700.0,280800.0,1352500.0,3884800.0,5270600.0,994000.0,1310500.0,1138400.0,1098600.0,340800.0,153000.0,830900.0
20231027094026000,SSE,SSE.ETF.510050,2.464,2.463,2.465,2.457,0.0,2.717,2.223,157729786.0,11828.0,157729786.0,11828.0,0.0,0.0,20231027,20231027,94026000,2.47,0.0,0.0,2.463,2.462,2.461,2.46,2.459,2.458,2.457,2.456,2.455,2.454,2.464,2.465,2.466,2.467,2.468,2.469,2.47,2.471,2.472,2.473,1734200.0,4266100.0,3520300.0,2862800.0,2128000.0,1819300.0,1013400.0,1822400.0,1888700.0,280800.0,164500.0,3774800.0,5258600.0,1182000.0,1090500.0,1097800.0,1098600.0,340800.0,153000.0,836700.0
20231027094029000,SSE,SSE.ETF.510050,2.464,2.463,2.465,2.457,0.0,2.717,2.223,158265012.0,535226.0,158265012.0,535226.0,0.0,0.0,20231027,20231027,94029000,2.47,0.0,0.0,2.463,2.462,2.461,2.46,2.459,2.458,2.457,2.456,2.455,2.454,2.464,2.465,2.466,2.467,2.468,2.469,2.47,2.471,2.472,2.473,3341900.0,4150800.0,3199000.0,1553600.0,2128000.0,1308600.0,1013400.0,1822400.0,1888700.0,280800.0,598100.0,3728100.0,5058600.0,3044100.0,1105400.0,1097800.0,1098600.0,340800.0,373000.0,836700.0
20231027094032000,SSE,SSE.ETF.510050,2.463,2.463,2.465,2.457,0.0,2.717,2.223,158365277.0,100265.0,158365277.0,100265.0,0.0,0.0,20231027,20231027,94032000,2.47,0.0,0.0,2.463,2.462,2.461,2.46,2.459,2.458,2.457,2.456,2.455,2.454,2.464,2.465,2.466,2.467,2.468,2.469,2.47,2.471,2.472,2.473,1844300.0,4926500.0,3222300.0,1557400.0,2148000.0,1599800.0,1013400.0,1822400.0,1888700.0,280800.0,1745400.0,3819300.0,5373600.0,1084100.0,1325400.0,1097800.0,1093600.0,340800.0,153000.0,836700.0
20231027094035000,SSE,SSE.ETF.510050,2.464,2.463,2.465,2.457,0.0,2.717,2.223,158487472.0,122195.0,158487472.0,122195.0,0.0,0.0,20231027,20231027,94035000,2.47,0.0,0.0,2.463,2.462,2.461,2.46,2.459,2.458,2.457,2.456,2.455,2.454,2.464,2.465,2.466,2.467,2.468,2.469,2.47,2.471,2.472,2.473,3749700.0,4090500.0,3203000.0,1552700.0,2148000.0,1309100.0,1013400.0,1822400.0,1889700.0,280800.0,566700.0,3243600.0,4762900.0,3144100.0,1396100.0,1097800.0,1093600.0,340800.0,373000.0,836700.0
20231027094038000,SSE,SSE.ETF.510050,2.464,2.463,2.465,2.457,0.0,2.717,2.223,159864601.0,1377129.0,159864601.0,1377129.0,0.0,0.0,20231027,20231027,94038000,2.47,0.0,0.0,2.464,2.463,2.462,2.461,2.46,2.459,2.458,2.457,2.456,2.455,2.465,2.466,2.467,2.468,2.469,2.47,2.471,2.472,2.473,2.474,675000.0,4892000.0,3960500.0,1210000.0,1428500.0,2148000.0,1299100.0,1013400.0,1822400.0,1869700.0,1836100.0,2918500.0,5211800.0,1546100.0,1138400.0,1093600.0,340800.0,373000.0,836700.0,213000.0
20231027094041000,SSE,SSE.ETF.510050,2.464,2.463,2.465,2.457,0.0,2.717,2.223,159918563.0,53962.0,159918563.0,53962.0,0.0,0.0,20231027,20231027,94041000,2.47,0.0,0.0,2.464,2.463,2.462,2.461,2.46,2.459,2.458,2.457,2.456,2.455,2.465,2.466,2.467,2.468,2.469,2.47,2.471,2.472,2.473,2.474,971000.0,4681800.0,4349500.0,2845000.0,1596200.0,1799000.0,1298600.0,1013900.0,1824400.0,1869700.0,2524300.0,2768500.0,4849200.0,1176700.0,1336700.0,1113600.0,340800.0,373000.0,836700.0,218000.0
20231027094044000,SSE,SSE.ETF.510050,2.465,2.463,2.465,2.457,0.0,2.717,2.223,160007534.0,88971.0,160007534.0,88971.0,0.0,0.0,20231027,20231027,94044000,2.47,0.0,0.0,2.464,2.463,2.462,2.461,2.46,2.459,2.458,2.457,2.456,2.455,2.465,2.466,2.467,2.468,2.469,2.47,2.471,2.472,2.473,2.474,695200.0,4998900.0,4049500.0,1763000.0,1516200.0,1799000.0,1298600.0,993900.0,1824400.0,1869700.0,2222400.0,3181500.0,4889800.0,1326700.0,1356700.0,1193600.0,340800.0,373000.0,836700.0,218000.0
20231027094047000,SSE,SSE.ETF.510050,2.464,2.463,2.465,2.457,0.0,2.717,2.223,160069141.0,61607.0,160069141.0,61607.0,0.0,0.0,20231027,20231027,94047000,2.47,0.0,0.0,2.464,2.463,2.462,2.461,2.46,2.459,2.458,2.457,2.456,2.455,2.465,2.466,2.467,2.468,2.469,2.47,2.471,2.472,2.473,2.474,3208300.0,4089000.0,3742100.0,1465000.0,1516200.0,1799000.0,1298600.0,993900.0,1824400.0,1869700.0,1552400.0,2616500.0,3175400.0,2964400.0,1557400.0,1183000.0,340800.0,373000.0,836700.0,218000.0
20231027094050000,SSE,SSE.ETF.510050,2.465,2.463,2.465,2.457,0.0,2.717,2.223,160095024.0,25883.0,160095024.0,25883.0,0.0,0.0,20231027,20231027,94050000,2.47,0.0,0.0,2.464,2.463,2.462,2.461,2.46,2.459,2.458,2.457,2.456,2.455,2.465,2.466,2.467,2.468,2.469,2.47,2.471,2.472,2.473,2.474,4379100.0,4339800.0,3715800.0,1137600.0,1325700.0,1508300.0,1298600.0,995900.0,1824400.0,1869700.0,1137000.0,2207200.0,3632800.0,4596700.0,1577400.0,1173000.0,420800.0,373000.0,836700.0,218000.0
20231027094053000,SSE,SSE.ETF.510050,2.465,2.463,2.465,2.457,0.0,2.717,2.223,160538724.0,443700.0,160538724.0,443700.0,0.0,0.0,20231027,20231027,94053000,2.47,0.0,0.0,2.464,2.463,2.462,2.461,2.46,2.459,2.458,2.457,2.456,2.455,2.465,2.466,2.467,2.468,2.469,2.47,2.471,2.472,2.473,2.474,763500.0,5469100.0,3967100.0,1289600.0,1559700.0,1799000.0,1298600.0,995900.0,1824400.0,1869700.0,2313700.0,3277200.0,5171200.0,1088700.0,1376700.0,1083000.0,420800.0,373000.0,836700.0,218000.0
20231027094056000,SSE,SSE.ETF.510050,2.464,2.463,2.465,2.457,0.0,2.717,2.223,161690665.0,1151941.0,161690665.0,1151941.0,0.0,0.0,20231027,20231027,94056000,2.47,0.0,0.0,2.464,2.463,2.462,2.461,2.46,2.459,2.458,2.457,2.456,2.455,2.465,2.466,2.467,2.468,2.469,2.47,2.471,2.472,2.473,2.474,393000.0,3826300.0,4073900.0,2087400.0,1518900.0,1800000.0,1298600.0,995900.0,1824400.0,1869700.0,3012600.0,5011400.0,3584100.0,1176700.0,1376700.0,1083000.0,340800.0,373000.0,836700.0,218000.0
20231027094059000,SSE,SSE.ETF.510050,2.464,2.463,2.465,2.457,0.0,2.717,2.223,162294838.0,604173.0,162294838.0,604173.0,0.0,0.0,20231027,20231027,94059000,2.47,0.0,0.0,2.463,2.462,2.461,2.46,2.459,2.458,2.457,2.456,2.455,2.454,2.464,2.465,2.466,2.467,2.468,2.469,2.47,2.471,2.472,2.473,3171800.0,4300200.0,4116600.0,1447500.0,1881400.0,1589300.0,995900.0,1824400.0,1869700.0,280800.0,216800.0,4079000.0,5162100.0,1484100.0,1188600.0,1305000.0,1163000.0,340800.0,153000.0,836700.0
20231027094102000,SSE,SSE.ETF.510050,2.464,2.463,2.465,2.457,0.0,2.717,2.223,162426416.0,131578.0,162426416.0,131578.0,0.0,0.0,20231027,20231027,94102000,2.47,0.0,0.0,2.463,2.462,2.461,2.46,2.459,2.458,2.457,2.456,2.455,2.454,2.465,2.466,2.467,2.468,2.469,2.47,2.471,2.472,2.473,2.474,2401100.0,5159500.0,3752900.0,1481600.0,2153200.0,1293600.0,995900.0,1824400.0,1869700.0,280800.0,3214300.0,5055100.0,2868500.0,1485600.0,1138100.0,1063000.0,340800.0,373000.0,831700.0,218000.0
20231027094105000,SSE,SSE.ETF.510050,2.464,2.463,2.465,2.457,0.0,2.717,2.223,162534339.0,107923.0,162534339.0,107923.0,0.0,0.0,20231027,20231027,94105000,2.47,0.0,0.0,2.464,2.463,2.462,2.461,2.46,2.459,2.458,2.457,2.456,2.455,2.465,2.466,2.467,2.468,2.469,2.47,2.471,2.472,2.473,2.474,6500.0,2634800.0,4879500.0,3367200.0,1345800.0,2153200.0,1334400.0,995900.0,1824400.0,1869700.0,3024100.0,4405100.0,3149100.0,1009900.0,1323100.0,1103600.0,340800.0,373000.0,831700.0,218000.0
20231027094108000,SSE,SSE.ETF.510050,2.464,2.463,2.465,2.457,0.0,2.717,2.223,163745139.0,1210800.0,163745139.0,1210800.0,0.0,0.0,20231027,20231027,94108000,2.47,0.0,0.0,2.463,2.462,2.461,2.46,2.459,2.458,2.457,2.456,2.455,2.454,2.464,2.465,2.466,2.467,2.468,2.469,2.47,2.471,2.472,2.473,3437000.0,4991000.0,3387300.0,1527500.0,1881400.0,1293700.0,995900.0,1824400.0,1869700.0,280900.0,241900.0,2974100.0,4214400.0,4428500.0,1259300.0,1285000.0,1163000.0,340800.0,373000.0,831700.0
20231027094111000,SSE,SSE.ETF.510050,2.464,2.463,2.465,2.457,0.0,2.717,2.223,164097244.0,352105.0,164097244.0,352105.0,0.0,0.0,20231027,20231027,94111000,2.47,0.0,0.0,2.463,2.462,2.461,2.46,2.459,2.458,2.457,2.456,2.455,2.454,2.464,2.465,2.466,2.467,2.468,2.469,2.47,2.471,2.472,2.473,2480000.0,5480100.0,3342900.0,1440800.0,2204000.0,1293700.0,995900.0,1826400.0,1871700.0,281000.0,79400.0,3024800.0,5505100.0,2119100.0,1194900.0,1118100.0,1063000.0,340800.0,373000.0,831700.0
20231027094114000,SSE,SSE.ETF.510050,2.464,2.463,2.465,2.457,0.0,2.717,2.223,164302738.0,205494.0,164302738.0,205494.0,0.0,0.0,20231027,20231027,94114000,2.47,0.0,0.0,2.464,2.463,2.462,2.461,2.46,2.459,2.458,2.457,2.456,2.455,2.465,2.466,2.467,2.468,2.469,2.47,2.471,2.472,2.473,2.474,479400.0,4827700.0,4771000.0,1762900.0,1444800.0,2204000.0,1293700.0,995900.0,1812200.0,1871700.0,1587900.0,4037700.0,4499100.0,1485600.0,1118100.0,1063600.0,340800.0,373000.0,831700.0,218000.0
20231027094117000,SSE,SSE.ETF.510050,2.464,2.463,2.465,2.457,0.0,2.717,2.223,164411174.0,108436.0,164411174.0,108436.0,0.0,0.0,20231027,20231027,94117000,2.47,0.0,0.0,2.464,2.463,2.462,2.461,2.46,2.459,2.458,2.457,2.456,2.455,2.465,2.466,2.467,2.468,2.469,2.47,2.471,2.472,2.473,2.474,1030000.0,4199000.0,4372300.0,1848000.0,1536500.0,1871400.0,1293700.0,995900.0,1812200.0,1871700.0,2172000.0,4122600.0,4579100.0,1392300.0,1284700.0,1163600.0,340800.0,373000.0,831700.0,224900.0
20231027094120000,SSE,SSE.ETF.510050,2.464,2.463,2.465,2.457,0.0,2.717,2.223,164460454.0,49280.0,164460454.0,49280.0,0.0,0.0,20231027,20231027,94120000,2.47,0.0,0.0,2.464,2.463,2.462,2.461,2.46,2.459,2.458,2.457,2.456,2.455,2.465,2.466,2.467,2.468,2.469,2.47,2.471,2.472,2.473,2.474,477800.0,4137600.0,4402800.0,3198000.0,1618000.0,1830800.0,1294900.0,995900.0,1812200.0,1871700.0,2268200.0,4271900.0,4499100.0,1311200.0,1445800.0,1088200.0,340800.0,373000.0,831700.0,224900.0
20231027094123000,SSE,SSE.ETF.510050,2.465,2.463,2.465,2.457,0.0,2.717,2.223,164460701.0,247.0,164460701.0,247.0,0.0,0.0,20231027,20231027,94123000,2.47,0.0,0.0,2.464,2.463,2.462,2.461,2.46,2.459,2.458,2.457,2.456,2.455,2.465,2.466,2.467,2.468,2.469,2.47,2.471,2.472,2.473,2.474,497800.0,3577000.0,4367300.0,3837000.0,1535600.0,1912200.0,1294900.0,995900.0,1812200.0,1871700.0,3436700.0,4275900.0,4089100.0,1392300.0,1284700.0,1168200.0,340800.0,373000.0,831700.0,224900.0
20231027094126000,SSE,SSE.ETF.510050,2.464,2.463,2.465,2.457,0.0,2.717,2.223,165205075.0,744374.0,165205075.0,744374.0,0.0,0.0,20231027,20231027,94126000,2.47,0.0,0.0,2.464,2.463,2.462,2.461,2.46,2.459,2.458,2.457,2.456,2.455,2.465,2.466,2.467,2.468,2.469,2.47,2.471,2.472,2.473,2.474,238100.0,3124900.0,4375400.0,3837000.0,1535600.0,1912200.0,1294900.0,995900.0,1812200.0,1875700.0,3722000.0,5200900.0,1839100.0,1321600.0,1364700.0,1088200.0,340800.0,153000.0,831700.0,224900.0
20231027094129000,SSE,SSE.ETF.510050,2.464,2.463,2.465,2.457,0.0,2.717,2.223,165877305.0,672230.0,165877305.0,672230.0,0.0,0.0,20231027,20231027,94129000,2.47,0.0,0.0,2.463,2.462,2.461,2.46,2.459,2.458,2.457,2.456,2.455,2.454,2.464,2.465,2.466,2.467,2.468,2.469,2.47,2.471,2.472,2.473,958100.0,4874500.0,3858200.0,2016100.0,1912200.0,1588600.0,995900.0,1812200.0,1875700.0,281000.0,1039100.0,4081700.0,4790900.0,1349100.0,1321600.0,1364700.0,1088200.0,340800.0,153000.0,831700.0
20231027094132000,SSE,SSE.ETF.510050,2.464,2.463,2.465,2.457,0.0,2.717,2.223,165964531.0,87226.0,165964531.0,87226.0,0.0,0.0,20231027,20231027,94132000,2.47,0.0,0.0,2.463,2.462,2.461,2.46,2.459,2.458,2.457,2.456,2.455,2.454,2.464,2.465,2.466,2.467,2.468,2.469,2.47,2.471,2.472,2.473,2735300.0,4437800.0,3125100.0,1710200.0,2264000.0,1297900.0,995900.0,1812200.0,1875700.0,281000.0,100600.0,3023100.0,4755900.0,2480500.0,1661200.0,1107800.0,988200.0,340800.0,373000.0,831700.0
20231027094135000,SSE,SSE.ETF.510050,2.464,2.463,2.465,2.457,0.0,2.717,2.223,165966995.0,2464.0,165966995.0,2464.0,0.0,0.0,20231027,20231027,94135000,2.47,0.0,0.0,2.463,2.462,2.461,2.46,2.459,2.458,2.457,2.456,2.455,2.454,2.464,2.465,2.466,2.467,2.468,2.469,2.47,2.471,2.472,2.473,2643800.0,5067800.0,3566300.0,1757400.0,2264000.0,1297900.0,995900.0,1812200.0,1875700.0,281000.0,497000.0,3563800.0,5330900.0,1813100.0,1450500.0,1023000.0,1002900.0,340800.0,373000.0,831700.0
20231027094138000,SSE,SSE.ETF.510050,2.464,2.463,2.465,2.457,0.0,2.717,2.223,166011593.0,44598.0,166011593.0,44598.0,0.0,0.0,20231027,20231027,94138000,2.47,0.0,0.0,2.463,2.462,2.461,2.46,2.459,2.458,2.457,2.456,2.455,2.454,2.464,2.465,2.466,2.467,2.468,2.469,2.47,2.471,2.472,2.473,2961800.0,5157900.0,3256300.0,1759200.0,2264000.0,1297900.0,995900.0,1812200.0,1875700.0,281000.0,94300.0,2345500.0,5255900.0,2123100.0,1661200.0,1103000.0,1006900.0,340800.0,373000.0,831700.0
20231027094141000,SSE,SSE.ETF.510050,2.464,2.463,2.465,2.457,0.0,2.717,2.223,166093883.0,82290.0,166093883.0,82290.0,0.0,0.0,20231027,20231027,94141000,2.47,0.0,0.0,2.463,2.462,2.461,2.46,2.459,2.458,2.457,2.456,2.455,2.454,2.464,2.465,2.466,2.467,2.468,2.469,2.47,2.471,2.472,2.473,1483800.0,5238500.0,3644900.0,1950000.0,2264000.0,1588600.0,995900.0,1812200.0,1875700.0,281000.0,710300.0,3527100.0,5550900.0,895700.0,1590500.0,1103000.0,1006900.0,340800.0,153000.0,831700.0
20231027094144000,SSE,SSE.ETF.510050,2.463,2.463,2.465,2.457,0.0,2.717,2.223,166231615.0,137732.0,166231615.0,137732.0,0.0,0.0,20231027,20231027,94144000,2.47,0.0,0.0,2.463,2.462,2.461,2.46,2.459,2.458,2.457,2.456,2.455,2.454,2.464,2.465,2.466,2.467,2.468,2.469,2.47,2.471,2.472,2.473,2396100.0,5377900.0,3537600.0,1805000.0,2278100.0,1298400.0,995900.0,1812200.0,1875700.0,281000.0,913200.0,3856600.0,5162900.0,1505700.0,1590500.0,1107200.0,1006900.0,340800.0,153000.0,831700.0
20231027094147000,SSE,SSE.ETF.510050,2.464,2.463,2.465,2.457,0.0,2.717,2.223,167095494.0,863879.0,167095494.0,863879.0,0.0,0.0,20231027,20231027,94147000,2.47,0.0,0.0,2.463,2.462,2.461,2.46,2.459,2.458,2.457,2.456,2.455,2.454,2.464,2.465,2.466,2.467,2.468,2.469,2.47,2.471,2.472,2.473,3554200.0,5087900.0,2360600.0,1627000.0,2279900.0,1298400.0,995900.0,1812200.0,1875700.0,281000.0,119500.0,2771400.0,5255900.0,2917700.0,1567200.0,1202400.0,1006900.0,340800.0,373000.0,831700.0
20231027094150000,SSE,SSE.ETF.510050,2.463,2.463,2.465,2.457,0.0,2.717,2.223,167154606.0,59112.0,167154606.0,59112.0,0.0,0.0,20231027,20231027,94150000,2.47,0.0,0.0,2.463,2.462,2.461,2.46,2.459,2.458,2.457,2.456,2.455,2.454,2.464,2.465,2.466,2.467,2.468,2.469,2.47,2.471,2.472,2.473,3440000.0,5087900.0,1992300.0,1586200.0,2279900.0,1297400.0,995900.0,1812200.0,1875700.0,281000.0,389800.0,1761400.0,4355900.0,4238300.0,1567200.0,1202400.0,1006900.0,340800.0,373000.0,831700.0
20231027094153000,SSE,SSE.ETF.510050,2.464,2.463,2.465,2.457,0.0,2.717,2.223,167181956.0,27350.0,167181956.0,27350.0,0.0,0.0,20231027,20231027,94153000,2.47,0.0,0.0,2.463,2.462,2.461,2.46,2.459,2.458,2.457,2.456,2.455,2.454,2.464,2.465,2.466,2.467,2.468,2.469,2.47,2.471,2.472,2.473,4064200.0,5307900.0,1861600.0,1805000.0,2279900.0,1297400.0,995900.0,1812200.0,1876200.0,281400.0,482000.0,2312400.0,4355900.0,4302500.0,1657200.0,1112400.0,1006900.0,340800.0,373000.0,831700.0
20231027094156000,SSE,SSE.ETF.510050,2.464,2.463,2.465,2.457,0.0,2.717,2.223,167242570.0,60614.0,167242570.0,60614.0,0.0,0.0,20231027,20231027,94156000,2.47,0.0,0.0,2.463,2.462,2.461,2.46,2.459,2.458,2.457,2.456,2.455,2.454,2.464,2.465,2.466,2.467,2.468,2.469,2.47,2.471,2.472,2.473,2561000.0,5177900.0,2402300.0,1715000.0,2279900.0,1287400.0,995900.0,1812200.0,1876200.0,281400.0,468500.0,3698100.0,5330900.0,3033100.0,1276500.0,1202400.0,1006900.0,340800.0,375200.0,831700.0
20231027094159000,SSE,SSE.ETF.510050,2.464,2.463,2.465,2.457,0.0,2.717,2.223,167273123.0,30553.0,167273123.0,30553.0,0.0,0.0,20231027,20231027,94159000,2.47,0.0,0.0,2.463,2.462,2.461,2.46,2.459,2.458,2.457,2.456,2.455,2.454,2.464,2.465,2.466,2.467,2.468,2.469,2.47,2.471,2.472,2.473,1033800.0,4997300.0,3944200.0,1962000.0,2279900.0,1579900.0,995900.0,1812200.0,1876200.0,281400.0,2480600.0,5618200.0,3902900.0,923100.0,1591500.0,1202400.0,1006900.0,340800.0,149900.0,831700.0
20231027094202000,SSE,SSE.ETF.510050,2.463,2.463,2.465,2.457,0.0,2.717,2.223,167340140.0,67017.0,167340140.0,67017.0,0.0,0.0,20231027,20231027,94202000,2.47,0.0,0.0,2.463,2.462,2.461,2.46,2.459,2.458,2.457,2.456,2.455,2.454,2.464,2.465,2.466,2.467,2.468,2.469,2.47,2.471,2.472,2.473,1500100.0,5166900.0,3740900.0,1960000.0,2479900.0,1579900.0,1015900.0,1812200.0,1876200.0,281400.0,1724600.0,4729200.0,4891800.0,882500.0,1366500.0,1032800.0,1006900.0,340800.0,149900.0,831700.0
20231027094205000,SSE,SSE.ETF.510050,2.464,2.463,2.465,2.457,0.0,2.717,2.223,167387449.0,47309.0,167387449.0,47309.0,0.0,0.0,20231027,20231027,94205000,2.47,0.0,0.0,2.463,2.462,2.461,2.46,2.459,2.458,2.457,2.456,2.455,2.454,2.464,2.465,2.466,2.467,2.468,2.469,2.47,2.471,2.472,2.473,1810100.0,4857800.0,3762300.0,1872000.0,2479900.0,1289200.0,1015900.0,1812200.0,1876200.0,281400.0,622500.0,3649200.0,5191800.0,1445100.0,1446500.0,1032800.0,1006900.0,340800.0,369900.0,831700.0
20231027094208000,SSE,SSE.ETF.510050,2.464,2.463,2.465,2.457,0.0,2.717,2.223,167596582.0,209133.0,167596582.0,209133.0,0.0,0.0,20231027,20231027,94208000,2.47,0.0,0.0,2.463,2.462,2.461,2.46,2.459,2.458,2.457,2.456,2.455,2.454,2.464,2.465,2.466,2.467,2.468,2.469,2.47,2.471,2.472,2.473,1295000.0,5166800.0,3781600.0,1857200.0,2479900.0,1579900.0,1015900.0,1812200.0,1876200.0,281400.0,1344100.0,4729200.0,4891800.0,835100.0,1666500.0,1032800.0,1006900.0,340800.0,149900.0,831700.0
20231027094211000,SSE,SSE.ETF.510050,2.464,2.463,2.465,2.457,0.0,2.717,2.223,167690680.0,94098.0,167690680.0,94098.0,0.0,0.0,20231027,20231027,94211000,2.47,0.0,0.0,2.463,2.462,2.461,2.46,2.459,2.458,2.457,2.456,2.455,2.454,2.464,2.465,2.466,2.467,2.468,2.469,2.47,2.471,2.472,2.473,1836600.0,5166800.0,3781600.0,1970200.0,2479900.0,1579900.0,1015900.0,1812200.0,1876200.0,281400.0,1293800.0,4615200.0,4891800.0,923100.0,1446500.0,1032800.0,1006900.0,340800.0,369900.0,831700.0
20231027094214000,SSE,SSE.ETF.510050,2.464,2.463,2.465,2.457,0.0,2.717,2.223,167748091.0,57411.0,167748091.0,57411.0,0.0,0.0,20231027,20231027,94214000,2.47,0.0,0.0,2.463,2.462,2.461,2.46,2.459,2.458,2.457,2.456,2.455,2.454,2.464,2.465,2.466,2.467,2.468,2.469,2.47,2.471,2.472,2.473,1404000.0,5165000.0,3740900.0,1970200.0,2479900.0,1579200.0,1016100.0,1812200.0,1876200.0,281400.0,1380500.0,4615200.0,4891800.0,882500.0,1666500.0,1036700.0,1006900.0,340800.0,149900.0,831700.0
20231027094217000,SSE,SSE.ETF.510050,2.464,2.463,2.465,2.457,0.0,2.717,2.223,167763121.0,15030.0,167763121.0,15030.0,0.0,0.0,20231027,20231027,94217000,2.47,0.0,0.0,2.463,2.462,2.461,2.46,2.459,2.458,2.457,2.456,2.455,2.454,2.464,2.465,2.466,2.467,2.468,2.469,2.47,2.471,2.472,2.473,1405000.0,4784400.0,3972200.0,2011000.0,2479900.0,1581200.0,1016100.0,1812200.0,1879200.0,281400.0,2459100.0,4615200.0,4881800.0,923100.0,1446500.0,1036700.0,1006900.0,340800.0,369900.0,831700.0
20231027094220000,SSE,SSE.ETF.510050,2.463,2.463,2.465,2.457,0.0,2.717,2.223,170413803.0,2650682.0,170413803.0,2650682.0,0.0,0.0,20231027,20231027,94220000,2.47,0.0,0.0,2.463,2.462,2.461,2.46,2.459,2.458,2.457,2.456,2.455,2.454,2.464,2.465,2.466,2.467,2.468,2.469,2.47,2.471,2.472,2.473,351800.0,2214500.0,4229700.0,3875500.0,2629900.0,1801200.0,1306800.0,1812200.0,1879200.0,281400.0,4136800.0,5940200.0,1311800.0,591800.0,1666500.0,1036700.0,1006900.0,340800.0,149900.0,831700.0
20231027094223000,SSE,SSE.ETF.510050,2.463,2.463,2.465,2.457,0.0,2.717,2.223,171211571.0,797768.0,171211571.0,797768.0,0.0,0.0,20231027,20231027,94223000,2.47,0.0,0.0,2.462,2.461,2.46,2.459,2.458,2.457,2.456,2.455,2.454,2.453,2.463,2.464,2.465,2.466,2.467,2.468,2.469,2.47,2.471,2.472,2180000.0,4529700.0,3819000.0,2398500.0,1882600.0,1016100.0,1812200.0,1879200.0,281400.0,786600.0,369300.0,4331500.0,5809200.0,1261800.0,584900.0,1585400.0,1036700.0,1006900.0,340800.0,149900.0
20231027094226000,SSE,SSE.ETF.510050,2.463,2.463,2.465,2.457,0.0,2.717,2.223,171867109.0,655538.0,171867109.0,655538.0,0.0,0.0,20231027,20231027,94226000,2.47,0.0,0.0,2.462,2.461,2.46,2.459,2.458,2.457,2.456,2.455,2.454,2.453,2.463,2.464,2.465,2.466,2.467,2.468,2.469,2.47,2.471,2.472,3900300.0,4401700.0,2191900.0,2311800.0,1934400.0,1016100.0,1814200.0,1879200.0,281400.0,786600.0,119400.0,2869300.0,5662600.0,2943800.0,939800.0,1418500.0,936700.0,1006900.0,340800.0,149900.0
20231027094229000,SSE,SSE.ETF.510050,2.462,2.463,2.465,2.457,0.0,2.717,2.223,173249749.0,1382640.0,173249749.0,1382640.0,0.0,0.0,20231027,20231027,94229000,2.47,0.0,0.0,2.463,2.462,2.461,2.46,2.459,2.458,2.457,2.456,2.455,2.454,2.464,2.465,2.466,2.467,2.468,2.469,2.47,2.471,2.472,2.473,546600.0,4358900.0,3661100.0,2487100.0,2311800.0,1934400.0,1016100.0,1814200.0,1879200.0,281400.0,1857600.0,4742900.0,2973800.0,1230500.0,1418500.0,936700.0,1006900.0,340800.0,149900.0,831700.0
20231027094232000,SSE,SSE.ETF.510050,2.463,2.463,2.465,2.457,0.0,2.717,2.223,173281522.0,31773.0,173281522.0,31773.0,0.0,0.0,20231027,20231027,94232000,2.47,0.0,0.0,2.463,2.462,2.461,2.46,2.459,2.458,2.457,2.456,2.455,2.454,2.464,2.465,2.466,2.467,2.468,2.469,2.47,2.471,2.472,2.473,600800.0,5509000.0,3801800.0,1988200.0,2479900.0,1591200.0,1016100.0,1814200.0,1879200.0,281400.0,1315600.0,4692900.0,4380800.0,923100.0,1666500.0,1036700.0,1006900.0,340800.0,149900.0,831700.0
20231027094235000,SSE,SSE.ETF.510050,2.463,2.463,2.465,2.457,0.0,2.717,2.223,173411330.0,129808.0,173411330.0,129808.0,0.0,0.0,20231027,20231027,94235000,2.47,0.0,0.0,2.463,2.462,2.461,2.46,2.459,2.458,2.457,2.456,2.455,2.454,2.464,2.465,2.466,2.467,2.468,2.469,2.47,2.471,2.472,2.473,31000.0,5348400.0,3972400.0,1972200.0,2479900.0,1591200.0,1016000.0,1814200.0,1879200.0,281400.0,2039300.0,4606900.0,4380800.0,835100.0,1446500.0,1036700.0,1006900.0,340800.0,149900.0,831700.0
20231027094238000,SSE,SSE.ETF.510050,2.463,2.463,2.465,2.457,0.0,2.717,2.223,173435960.0,24630.0,173435960.0,24630.0,0.0,0.0,20231027,20231027,94238000,2.47,0.0,0.0,2.463,2.462,2.461,2.46,2.459,2.458,2.457,2.456,2.455,2.454,2.464,2.465,2.466,2.467,2.468,2.469,2.47,2.471,2.472,2.473,52000.0,3918300.0,3939700.0,3041000.0,2398500.0,1672600.0,1306700.0,1814200.0,1887200.0,281400.0,3581800.0,5641900.0,3258800.0,672900.0,1585400.0,1036700.0,1006900.0,340800.0,152900.0,831700.0
20231027094241000,SSE,SSE.ETF.510050,2.463,2.463,2.465,2.457,0.0,2.717,2.223,173566499.0,130539.0,173566499.0,130539.0,0.0,0.0,20231027,20231027,94241000,2.47,0.0,0.0,2.462,2.461,2.46,2.459,2.458,2.457,2.456,2.455,2.454,2.453,2.463,2.464,2.465,2.466,2.467,2.468,2.469,2.47,2.471,2.472,3235800.0,4580400.0,3521000.0,2403500.0,1672600.0,1306700.0,1814200.0,1887200.0,281400.0,788600.0,66000.0,2949100.0,5641900.0,2778800.0,713500.0,1585400.0,1036700.0,1006900.0,340800.0,152900.0
20231027094244000,SSE,SSE.ETF.510050,2.463,2.463,2.465,2.457,0.0,2.717,2.223,173639384.0,72885.0,173639384.0,72885.0,0.0,0.0,20231027,20231027,94244000,2.47,0.0,0.0,2.462,2.461,2.46,2.459,2.458,2.457,2.456,2.455,2.454,2.453,2.463,2.464,2.465,2.466,2.467,2.468,2.469,2.47,2.471,2.472,3752800.0,4750400.0,3416600.0,2315000.0,2164400.0,1016000.0,1814200.0,1887200.0,281400.0,788600.0,53600.0,2639800.0,5736900.0,3438800.0,980400.0,1418500.0,936700.0,1006900.0,340800.0,152900.0
20231027094247000,SSE,SSE.ETF.510050,2.463,2.463,2.465,2.457,0.0,2.717,2.223,173679528.0,40144.0,173679528.0,40144.0,0.0,0.0,20231027,20231027,94247000,2.47,0.0,0.0,2.462,2.461,2.46,2.459,2.458,2.457,2.456,2.455,2.454,2.453,2.463,2.464,2.465,2.466,2.467,2.468,2.469,2.47,2.471,2.472,3183500.0,4489700.0,3435900.0,2315000.0,1958600.0,1306700.0,1814200.0,1887200.0,281400.0,788600.0,462500.0,3348400.0,6040900.0,1478800.0,939800.0,1418500.0,936700.0,1006900.0,340800.0,152900.0
20231027094250000,SSE,SSE.ETF.510050,2.463,2.463,2.465,2.457,0.0,2.717,2.223,173700705.0,21177.0,173700705.0,21177.0,0.0,0.0,20231027,20231027,94250000,2.47,0.0,0.0,2.462,2.461,2.46,2.459,2.458,2.457,2.456,2.455,2.454,2.453,2.463,2.464,2.465,2.466,2.467,2.468,2.469,2.47,2.471,2.472,2726500.0,4626700.0,3958600.0,2405000.0,2178600.0,1036000.0,1814200.0,1887200.0,281400.0,788600.0,552800.0,3518400.0,6035900.0,2330800.0,941800.0,1328500.0,936700.0,1006900.0,340800.0,152900.0
20231027094253000,SSE,SSE.ETF.510050,2.462,2.463,2.465,2.457,0.0,2.717,2.223,173881962.0,181257.0,173881962.0,181257.0,0.0,0.0,20231027,20231027,94253000,2.47,0.0,0.0,2.462,2.461,2.46,2.459,2.458,2.457,2.456,2.455,2.454,2.453,2.463,2.464,2.465,2.466,2.467,2.468,2.469,2.47,2.471,2.472,960000.0,5136600.0,3855900.0,2493000.0,2178600.0,1326700.0,1814200.0,1887200.0,281400.0,788600.0,1806400.0,4155500.0,5524100.0,918800.0,941800.0,1328500.0,936700.0,1006900.0,340800.0,152900.0
20231027094256000,SSE,SSE.ETF.510050,2.463,2.463,2.465,2.457,0.0,2.717,2.223,173964471.0,82509.0,173964471.0,82509.0,0.0,0.0,20231027,20231027,94256000,2.47,0.0,0.0,2.462,2.461,2.46,2.459,2.458,2.457,2.456,2.455,2.454,2.453,2.463,2.464,2.465,2.466,2.467,2.468,2.469,2.47,2.471,2.472,958500.0,3916100.0,4016100.0,2662300.0,2189100.0,1367500.0,2104900.0,1887200.0,281400.0,788600.0,3123300.0,5351900.0,4114100.0,628100.0,941800.0,1328500.0,936700.0,1006900.0,340800.0,152900.0
20231027094259000,SSE,SSE.ETF.510050,2.463,2.463,2.465,2.457,0.0,2.717,2.223,173965703.0,1232.0,173965703.0,1232.0,0.0,0.0,20231027,20231027,94259000,2.47,0.0,0.0,2.462,2.461,2.46,2.459,2.458,2.457,2.456,2.455,2.454,2.453,2.463,2.464,2.465,2.466,2.467,2.468,2.469,2.47,2.471,2.472,984800.0,5126100.0,3928100.0,3614300.0,2189100.0,1326700.0,2104900.0,1887200.0,281400.0,788600.0,2607000.0,5523900.0,4336100.0,540100.0,941800.0,1328500.0,936700.0,1006900.0,340800.0,152900.0
20231027094302000,SSE,SSE.ETF.510050,2.462,2.463,2.465,2.457,0.0,2.717,2.223,176880228.0,2914525.0,176880228.0,2914525.0,0.0,0.0,20231027,20231027,94302000,2.47,0.0,0.0,2.461,2.46,2.459,2.458,2.457,2.456,2.455,2.454,2.453,2.452,2.462,2.463,2.464,2.465,2.466,2.467,2.468,2.469,2.47,2.471,2727100.0,4766800.0,4472300.0,2389100.0,1367500.0,2104900.0,1887200.0,281400.0,788600.0,587900.0,54400.0,3205100.0,5772900.0,1874100.0,848100.0,926800.0,1248500.0,936700.0,786900.0,340800.0
20231027094305000,SSE,SSE.ETF.510050,2.462,2.463,2.465,2.457,0.0,2.717,2.223,176885891.0,5663.0,176885891.0,5663.0,0.0,0.0,20231027,20231027,94305000,2.47,0.0,0.0,2.461,2.46,2.459,2.458,2.457,2.456,2.455,2.454,2.453,2.452,2.462,2.463,2.464,2.465,2.466,2.467,2.468,2.469,2.47,2.471,2427100.0,4506100.0,4587200.0,2451000.0,1722700.0,2104900.0,1887200.0,281400.0,788600.0,587900.0,1240300.0,5745200.0,4212600.0,1364100.0,976300.0,758800.0,1148500.0,936700.0,786900.0,340800.0
20231027094308000,SSE,SSE.ETF.510050,2.462,2.463,2.465,2.457,0.0,2.717,2.223,176886137.0,246.0,176886137.0,246.0,0.0,0.0,20231027,20231027,94308000,2.47,0.0,0.0,2.461,2.46,2.459,2.458,2.457,2.456,2.455,2.454,2.453,2.452,2.462,2.463,2.464,2.465,2.466,2.467,2.468,2.469,2.47,2.471,1984500.0,4685400.0,4547800.0,2575100.0,1722700.0,2104900.0,2177900.0,281400.0,789500.0,587900.0,3265300.0,6005200.0,3742600.0,1073400.0,1211300.0,758800.0,1148500.0,936700.0,747700.0,340800.0
20231027094311000,SSE,SSE.ETF.510050,2.461,2.463,2.465,2.457,0.0,2.717,2.223,176923052.0,36915.0,176923052.0,36915.0,0.0,0.0,20231027,20231027,94311000,2.47,0.0,0.0,2.461,2.46,2.459,2.458,2.457,2.456,2.455,2.454,2.453,2.452,2.462,2.463,2.464,2.465,2.466,2.467,2.468,2.469,2.47,2.471,1109500.0,4415400.0,4547800.0,2615600.0,1722700.0,2104900.0,2177900.0,281400.0,789500.0,587900.0,2990700.0,5865200.0,3143500.0,1073400.0,1211300.0,758800.0,1148500.0,936700.0,747700.0,340800.0
20231027094314000,SSE,SSE.ETF.510050,2.461,2.463,2.465,2.457,0.0,2.717,2.223,176947662.0,24610.0,176947662.0,24610.0,0.0,0.0,20231027,20231027,94314000,2.47,0.0,0.0,2.461,2.46,2.459,2.458,2.457,2.456,2.455,2.454,2.453,2.452,2.462,2.463,2.464,2.465,2.466,2.467,2.468,2.469,2.47,2.471,1139800.0,4122400.0,4457800.0,2793600.0,1722700.0,2324900.0,2196300.0,614700.0,789500.0,587900.0,2766500.0,5883200.0,3231500.0,1079000.0,1213800.0,668800.0,1148500.0,936700.0,747700.0,340800.0
20231027094317000,SSE,SSE.ETF.510050,2.462,2.463,2.465,2.457,0.0,2.717,2.223,177452002.0,504340.0,177452002.0,504340.0,0.0,0.0,20231027,20231027,94317000,2.47,0.0,0.0,2.461,2.46,2.459,2.458,2.457,2.456,2.455,2.454,2.453,2.452,2.462,2.463,2.464,2.465,2.466,2.467,2.468,2.469,2.47,2.471,1021500.0,4552400.0,4417000.0,3084300.0,1623300.0,2104900.0,1905600.0,614700.0,789500.0,587900.0,2481400.0,5883200.0,3180700.0,1038300.0,1213800.0,673800.0,1148500.0,936700.0,747700.0,340800.0
20231027094320000,SSE,SSE.ETF.510050,2.462,2.463,2.465,2.457,0.0,2.717,2.223,177591788.0,139786.0,177591788.0,139786.0,0.0,0.0,20231027,20231027,94320000,2.47,0.0,0.0,2.461,2.46,2.459,2.458,2.457,2.456,2.455,2.454,2.453,2.452,2.462,2.463,2.464,2.465,2.466,2.467,2.468,2.469,2.47,2.471,986600.0,4511600.0,4457800.0,2633500.0,1625300.0,2104900.0,1907600.0,614700.0,789500.0,587900.0,1813700.0,5865100.0,3485700.0,1089000.0,1429500.0,673800.0,1148500.0,936700.0,747700.0,340800.0
20231027094323000,SSE,SSE.ETF.510050,2.462,2.463,2.465,2.457,0.0,2.717,2.223,177641028.0,49240.0,177641028.0,49240.0,0.0,0.0,20231027,20231027,94323000,2.47,0.0,0.0,2.461,2.46,2.459,2.458,2.457,2.456,2.455,2.454,2.453,2.452,2.462,2.463,2.464,2.465,2.466,2.467,2.468,2.469,2.47,2.471,986600.0,3848500.0,4425100.0,3103600.0,1625300.0,2325300.0,2198300.0,614700.0,789500.0,587900.0,3301400.0,5865100.0,2766200.0,1067900.0,1429500.0,673800.0,1148500.0,936700.0,747700.0,340800.0
20231027094326000,SSE,SSE.ETF.510050,2.461,2.463,2.465,2.457,0.0,2.717,2.223,177757925.0,116897.0,177757925.0,116897.0,0.0,0.0,20231027,20231027,94326000,2.47,0.0,0.0,2.461,2.46,2.459,2.458,2.457,2.456,2.455,2.454,2.453,2.452,2.462,2.463,2.464,2.465,2.466,2.467,2.468,2.469,2.47,2.471,1409200.0,4420200.0,4176500.0,2489300.0,1625300.0,2107300.0,1906100.0,614700.0,789500.0,587900.0,883900.0,4780100.0,4594200.0,1492300.0,993800.0,673800.0,1148500.0,936700.0,967700.0,340800.0
20231027094329000,SSE,SSE.ETF.510050,2.461,2.463,2.465,2.457,0.0,2.717,2.223,178002056.0,244131.0,178002056.0,244131.0,0.0,0.0,20231027,20231027,94329000,2.47,0.0,0.0,2.461,2.46,2.459,2.458,2.457,2.456,2.455,2.454,2.453,2.452,2.462,2.463,2.464,2.465,2.466,2.467,2.468,2.469,2.47,2.471,857900.0,5009500.0,4465900.0,2482600.0,1705400.0,2107300.0,1906600.0,614700.0,789500.0,587900.0,2081600.0,5278400.0,3776500.0,1621000.0,1213800.0,673800.0,1158500.0,936700.0,747700.0,340800.0
20231027094332000,SSE,SSE.ETF.510050,2.461,2.463,2.465,2.457,0.0,2.717,2.223,178943638.0,941582.0,178943638.0,941582.0,0.0,0.0,20231027,20231027,94332000,2.47,0.0,0.0,2.461,2.46,2.459,2.458,2.457,2.456,2.455,2.454,2.453,2.452,2.462,2.463,2.464,2.465,2.466,2.467,2.468,2.469,2.47,2.471,505200.0,3399600.0,4425100.0,4166900.0,1909400.0,2327300.0,2197300.0,614700.0,789500.0,587900.0,4177900.0,5819100.0,2756500.0,1289600.0,1308800.0,673800.0,1158500.0,936700.0,747700.0,340800.0
20231027094335000,SSE,SSE.ETF.510050,2.461,2.463,2.465,2.457,0.0,2.717,2.223,180201701.0,1258063.0,180201701.0,1258063.0,0.0,0.0,20231027,20231027,94335000,2.47,0.0,0.0,2.46,2.459,2.458,2.457,2.456,2.455,2.454,2.453,2.452,2.451,2.461,2.462,2.463,2.464,2.465,2.466,2.467,2.468,2.469,2.47,2290600.0,4765900.0,4642700.0,1910700.0,2327300.0,2197300.0,614700.0,789500.0,587900.0,2520000.0,1721300.0,3834000.0,5829300.0,2546400.0,1330300.0,1213800.0,673800.0,1158500.0,936700.0,747700.0
20231027094338000,SSE,SSE.ETF.510050,2.461,2.463,2.465,2.457,0.0,2.717,2.223,181474038.0,1272337.0,181474038.0,1272337.0,0.0,0.0,20231027,20231027,94338000,2.47,0.0,0.0,2.461,2.46,2.459,2.458,2.457,2.456,2.455,2.454,2.453,2.452,2.462,2.463,2.464,2.465,2.466,2.467,2.468,2.469,2.47,2.471,87300.0,3063600.0,5255100.0,2397600.0,1742400.0,2680700.0,2197700.0,614700.0,789500.0,587900.0,2858000.0,5629400.0,2596400.0,1637800.0,965600.0,493800.0,1158500.0,936700.0,747700.0,340800.0
20231027094341000,SSE,SSE.ETF.510050,2.462,2.463,2.465,2.457,0.0,2.717,2.223,181597583.0,123545.0,181597583.0,123545.0,0.0,0.0,20231027,20231027,94341000,2.47,0.0,0.0,2.461,2.46,2.459,2.458,2.457,2.456,2.455,2.454,2.453,2.452,2.462,2.463,2.464,2.465,2.466,2.467,2.468,2.469,2.47,2.471,26000.0,2089100.0,5175900.0,4024700.0,1829200.0,2408800.0,2197700.0,614700.0,789500.0,587900.0,3397900.0,5489400.0,2416900.0,1411500.0,1212600.0,593800.0,1158500.0,936700.0,747700.0,340800.0
20231027094344000,SSE,SSE.ETF.510050,2.461,2.463,2.465,2.457,0.0,2.717,2.223,181818826.0,221243.0,181818826.0,221243.0,0.0,0.0,20231027,20231027,94344000,2.47,0.0,0.0,2.46,2.459,2.458,2.457,2.456,2.455,2.454,2.453,2.452,2.451,2.461,2.462,2.463,2.464,2.465,2.466,2.467,2.468,2.469,2.47,3543500.0,5079100.0,3844700.0,1829200.0,2188800.0,2197700.0,614700.0,789500.0,587900.0,2520000.0,24300.0,3769900.0,5489400.0,2826900.0,1482800.0,1212600.0,593800.0,1158500.0,936700.0,747700.0
20231027094347000,SSE,SSE.ETF.510050,2.462,2.463,2.465,2.457,0.0,2.717,2.223,182049421.0,230595.0,182049421.0,230595.0,0.0,0.0,20231027,20231027,94347000,2.47,0.0,0.0,2.461,2.46,2.459,2.458,2.457,2.456,2.455,2.454,2.453,2.452,2.462,2.463,2.464,2.465,2.466,2.467,2.468,2.469,2.47,2.471,428900.0,3574100.0,4878500.0,2390300.0,1830400.0,2680700.0,1910000.0,614700.0,789500.0,587900.0,2180300.0,5214400.0,3394900.0,2040500.0,1045600.0,493800.0,1158500.0,936700.0,747700.0,340800.0
20231027094350000,SSE,SSE.ETF.510050,2.461,2.463,2.465,2.457,0.0,2.717,2.223,182101102.0,51681.0,182101102.0,51681.0,0.0,0.0,20231027,20231027,94350000,2.47,0.0,0.0,2.46,2.459,2.458,2.457,2.456,2.455,2.454,2.453,2.452,2.451,2.461,2.462,2.463,2.464,2.465,2.466,2.467,2.468,2.469,2.47,2099000.0,5139100.0,4067700.0,1917200.0,2408800.0,2200700.0,614700.0,789500.0,587900.0,2520000.0,263900.0,4360000.0,5489400.0,1124900.0,1482800.0,1212600.0,593800.0,1158500.0,936700.0,747700.0
20231027094353000,SSE,SSE.ETF.510050,2.46,2.463,2.465,2.457,0.0,2.717,2.223,182230776.0,129674.0,182230776.0,129674.0,0.0,0.0,20231027,20231027,94353000,2.47,0.0,0.0,2.46,2.459,2.458,2.457,2.456,2.455,2.454,2.453,2.452,2.451,2.461,2.462,2.463,2.464,2.465,2.466,2.467,2.468,2.469,2.47,2094900.0,5259100.0,3986600.0,1830400.0,2680700.0,2201400.0,624700.0,789500.0,587900.0,2520000.0,5700.0,4090000.0,5298700.0,1028000.0,2030500.0,1045600.0,493800.0,1158500.0,936700.0,747700.0
20231027094356000,SSE,SSE.ETF.510050,2.462,2.463,2.465,2.457,0.0,2.717,2.223,182294043.0,63267.0,182294043.0,63267.0,0.0,0.0,20231027,20231027,94356000,2.47,0.0,0.0,2.46,2.459,2.458,2.457,2.456,2.455,2.454,2.453,2.452,2.451,2.462,2.463,2.464,2.465,2.466,2.467,2.468,2.469,2.47,2.471,3696100.0,4991300.0,2495300.0,1832400.0,2681700.0,1910700.0,624700.0,789500.0,587900.0,2520000.0,1856700.0,5072400.0,3440000.0,2071200.0,1045600.0,493800.0,1158500.0,936700.0,747700.0,340800.0
20231027094359000,SSE,SSE.ETF.510050,2.461,2.463,2.465,2.457,0.0,2.717,2.223,182376497.0,82454.0,182376497.0,82454.0,0.0,0.0,20231027,20231027,94359000,2.47,0.0,0.0,2.461,2.46,2.459,2.458,2.457,2.456,2.455,2.454,2.453,2.452,2.462,2.463,2.464,2.465,2.466,2.467,2.468,2.469,2.47,2.471,5900.0,4093500.0,4391100.0,3334200.0,1731300.0,2599800.0,2242200.0,624700.0,789500.0,587900.0,2553800.0,5128700.0,3392700.0,1513600.0,1312500.0,493800.0,1158500.0,936700.0,747700.0,340800.0
20231027094402000,SSE,SSE.ETF.510050,2.461,2.463,2.465,2.457,0.0,2.717,2.223,182449096.0,72599.0,182449096.0,72599.0,0.0,0.0,20231027,20231027,94402000,2.47,0.0,0.0,2.46,2.459,2.458,2.457,2.456,2.455,2.454,2.453,2.452,2.451,2.461,2.462,2.463,2.464,2.465,2.466,2.467,2.468,2.469,2.47,2237000.0,4831900.0,4162300.0,1878300.0,2409800.0,2201400.0,624700.0,789500.0,587900.0,2520000.0,234100.0,3471000.0,5469400.0,1940000.0,1590500.0,1132600.0,673800.0,1158500.0,936700.0,749700.0
20231027094405000,SSE,SSE.ETF.510050,2.461,2.463,2.465,2.457,0.0,2.717,2.223,182651390.0,202294.0,182651390.0,202294.0,0.0,0.0,20231027,20231027,94405000,2.47,0.0,0.0,2.461,2.46,2.459,2.458,2.457,2.456,2.455,2.454,2.453,2.452,2.462,2.463,2.464,2.465,2.466,2.467,2.468,2.469,2.47,2.471,1659000.0,4624600.0,4700500.0,2238300.0,1586500.0,2461700.0,1913200.0,624700.0,789500.0,588900.0,661300.0,4341800.0,4240000.0,2257500.0,655600.0,663800.0,1158500.0,936700.0,969700.0,340800.0
20231027094408000,SSE,SSE.ETF.510050,2.462,2.463,2.465,2.457,0.0,2.717,2.223,183584735.0,933345.0,183584735.0,933345.0,0.0,0.0,20231027,20231027,94408000,2.47,0.0,0.0,2.462,2.461,2.46,2.459,2.458,2.457,2.456,2.455,2.454,2.453,2.463,2.464,2.465,2.466,2.467,2.468,2.469,2.47,2.471,2.472,291000.0,3686300.0,4395900.0,2987000.0,2282600.0,1634000.0,1817600.0,1913200.0,614700.0,789500.0,2250600.0,4492000.0,4120000.0,1194500.0,763800.0,1158500.0,936700.0,969700.0,340800.0,152900.0
20231027094411000,SSE,SSE.ETF.510050,2.463,2.463,2.465,2.457,0.0,2.717,2.223,183609365.0,24630.0,183609365.0,24630.0,0.0,0.0,20231027,20231027,94411000,2.47,0.0,0.0,2.462,2.461,2.46,2.459,2.458,2.457,2.456,2.455,2.454,2.453,2.463,2.464,2.465,2.466,2.467,2.468,2.469,2.47,2.471,2.472,2541700.0,4565000.0,3820900.0,2350200.0,2022700.0,901900.0,1858500.0,1913200.0,614700.0,789500.0,531900.0,3498800.0,5042000.0,3407000.0,882400.0,1428500.0,936700.0,969700.0,340800.0,152900.0
20231027094414000,SSE,SSE.ETF.510050,2.462,2.463,2.465,2.457,0.0,2.717,2.223,183618721.0,9356.0,183618721.0,9356.0,0.0,0.0,20231027,20231027,94414000,2.47,0.0,0.0,2.462,2.461,2.46,2.459,2.458,2.457,2.456,2.455,2.454,2.453,2.463,2.464,2.465,2.466,2.467,2.468,2.469,2.47,2.471,2.472,782200.0,4985100.0,3851400.0,2528200.0,2242700.0,1102900.0,1858500.0,1894800.0,614700.0,789500.0,1177500.0,3514900.0,4932000.0,1125000.0,972400.0,1338500.0,936700.0,969700.0,340800.0,212900.0
20231027094417000,SSE,SSE.ETF.510050,2.463,2.463,2.465,2.457,0.0,2.717,2.223,183710098.0,91377.0,183710098.0,91377.0,0.0,0.0,20231027,20231027,94417000,2.47,0.0,0.0,2.462,2.461,2.46,2.459,2.458,2.457,2.456,2.455,2.454,2.453,2.463,2.464,2.465,2.466,2.467,2.468,2.469,2.47,2.471,2.472,89000.0,4583300.0,4449200.0,4021100.0,2162700.0,1393600.0,1858500.0,1894800.0,614700.0,789500.0,1546500.0,3649400.0,5350500.0,934300.0,882400.0,1428500.0,936700.0,969700.0,340800.0,212900.0
20231027094420000,SSE,SSE.ETF.510050,2.463,2.463,2.465,2.457,0.0,2.717,2.223,183712315.0,2217.0,183712315.0,2217.0,0.0,0.0,20231027,20231027,94420000,2.47,0.0,0.0,2.462,2.461,2.46,2.459,2.458,2.457,2.456,2.455,2.454,2.453,2.463,2.464,2.465,2.466,2.467,2.468,2.469,2.47,2.471,2.472,149000.0,3929100.0,4519800.0,4529700.0,2281800.0,1475100.0,1858500.0,1894800.0,624700.0,789500.0,2931300.0,4549400.0,4040500.0,1056200.0,891300.0,1338500.0,936700.0,969700.0,340800.0,217900.0
20231027094423000,SSE,SSE.ETF.510050,2.463,2.463,2.465,2.457,0.0,2.717,2.223,183729057.0,16742.0,183729057.0,16742.0,0.0,0.0,20231027,20231027,94423000,2.47,0.0,0.0,2.462,2.461,2.46,2.459,2.458,2.457,2.456,2.455,2.454,2.453,2.463,2.464,2.465,2.466,2.467,2.468,2.469,2.47,2.471,2.472,106800.0,3939100.0,4440300.0,4449700.0,2286500.0,1475100.0,1873700.0,1894900.0,624700.0,786500.0,3212400.0,4954400.0,4040500.0,724800.0,894300.0,1338500.0,936700.0,969700.0,340800.0,217900.0
20231027094426000,SSE,SSE.ETF.510050,2.463,2.463,2.465,2.457,0.0,2.717,2.223,183855625.0,126568.0,183855625.0,126568.0,0.0,0.0,20231027,20231027,94426000,2.47,0.0,0.0,2.462,2.461,2.46,2.459,2.458,2.457,2.456,2.455,2.454,2.453,2.463,2.464,2.465,2.466,2.467,2.468,2.469,2.47,2.471,2.472,390400.0,4399700.0,4204000.0,3011700.0,2368700.0,1485100.0,1873700.0,1904900.0,624700.0,786500.0,2633300.0,4808200.0,3952500.0,927500.0,894300.0,1338500.0,927600.0,747700.0,340800.0,217900.0
20231027094429000,SSE,SSE.ETF.510050,2.462,2.463,2.465,2.457,0.0,2.717,2.223,183955609.0,99984.0,183955609.0,99984.0,0.0,0.0,20231027,20231027,94429000,2.47,0.0,0.0,2.462,2.461,2.46,2.459,2.458,2.457,2.456,2.455,2.454,2.453,2.463,2.464,2.465,2.466,2.467,2.468,2.469,2.47,2.471,2.472,386600.0,4613700.0,4292000.0,3103700.0,2450100.0,1403600.0,1873700.0,2204900.0,624700.0,786500.0,1809000.0,4250200.0,4940500.0,934300.0,975400.0,1338500.0,920800.0,967700.0,340800.0,217900.0
20231027094432000,SSE,SSE.ETF.510050,2.462,2.463,2.465,2.457,0.0,2.717,2.223,183993528.0,37919.0,183993528.0,37919.0,0.0,0.0,20231027,20231027,94432000,2.47,0.0,0.0,2.462,2.461,2.46,2.459,2.458,2.457,2.456,2.455,2.454,2.453,2.463,2.464,2.465,2.466,2.467,2.468,2.469,2.47,2.471,2.472,780500.0,5066700.0,4294000.0,3652900.0,2450100.0,1403600.0,1873700.0,2204900.0,624700.0,786500.0,2213300.0,3898200.0,5309800.0,1125000.0,975400.0,1338500.0,920800.0,967700.0,340800.0,217900.0
20231027094435000,SSE,SSE.ETF.510050,2.463,2.463,2.465,2.457,0.0,2.717,2.223,184300072.0,306544.0,184300072.0,306544.0,0.0,0.0,20231027,20231027,94435000,2.47,0.0,0.0,2.462,2.461,2.46,2.459,2.458,2.457,2.456,2.455,2.454,2.453,2.463,2.464,2.465,2.466,2.467,2.468,2.469,2.47,2.471,2.472,519800.0,5126700.0,4409100.0,3433700.0,2385400.0,1403600.0,1873700.0,2204900.0,624700.0,786500.0,2079800.0,4798200.0,4450500.0,934300.0,885400.0,1428500.0,920800.0,967700.0,340800.0,217900.0
20231027094438000,SSE,SSE.ETF.510050,2.463,2.463,2.465,2.457,0.0,2.717,2.223,184708437.0,408365.0,184708437.0,408365.0,0.0,0.0,20231027,20231027,94438000,2.47,0.0,0.0,2.462,2.461,2.46,2.459,2.458,2.457,2.456,2.455,2.454,2.453,2.463,2.464,2.465,2.466,2.467,2.468,2.469,2.47,2.471,2.472,483100.0,4491800.0,4232100.0,3193700.0,2457300.0,1403600.0,1873700.0,2204900.0,624700.0,786500.0,1522200.0,4250200.0,4852500.0,934300.0,1070400.0,1338500.0,932600.0,967700.0,340800.0,217900.0
20231027094441000,SSE,SSE.ETF.510050,2.463,2.463,2.465,2.457,0.0,2.717,2.223,184792666.0,84229.0,184792666.0,84229.0,0.0,0.0,20231027,20231027,94441000,2.47,0.0,0.0,2.462,2.461,2.46,2.459,2.458,2.457,2.456,2.455,2.454,2.453,2.463,2.464,2.465,2.466,2.467,2.468,2.469,2.47,2.471,2.472,1254500.0,4713700.0,4320100.0,2860700.0,2457300.0,1401600.0,1873700.0,2204900.0,624700.0,786500.0,793000.0,4140200.0,4940500.0,996300.0,975400.0,1338500.0,932600.0,967700.0,340800.0,217900.0
20231027094444000,SSE,SSE.ETF.510050,2.463,2.463,2.465,2.457,0.0,2.717,2.223,184793158.0,492.0,184793158.0,492.0,0.0,0.0,20231027,20231027,94444000,2.47,0.0,0.0,2.462,2.461,2.46,2.459,2.458,2.457,2.456,2.455,2.454,2.453,2.463,2.464,2.465,2.466,2.467,2.468,2.469,2.47,2.471,2.472,756000.0,5123700.0,4325300.0,3888700.0,2453300.0,1401600.0,1873700.0,2204900.0,624600.0,786500.0,1301800.0,4140200.0,5350500.0,1125000.0,975400.0,1338500.0,932600.0,967700.0,340800.0,217900.0
20231027094447000,SSE,SSE.ETF.510050,2.463,2.463,2.465,2.457,0.0,2.717,2.223,184838721.0,45563.0,184838721.0,45563.0,0.0,0.0,20231027,20231027,94447000,2.47,0.0,0.0,2.462,2.461,2.46,2.459,2.458,2.457,2.456,2.455,2.454,2.453,2.463,2.464,2.465,2.466,2.467,2.468,2.469,2.47,2.471,2.472,566800.0,4277000.0,4505900.0,3798700.0,2453300.0,1401600.0,1873700.0,2204900.0,624600.0,786500.0,3014000.0,4763200.0,4040500.0,643600.0,1005400.0,1338500.0,932600.0,967700.0,340800.0,217900.0
20231027094450000,SSE,SSE.ETF.510050,2.462,2.463,2.465,2.457,0.0,2.717,2.223,185019977.0,181256.0,185019977.0,181256.0,0.0,0.0,20231027,20231027,94450000,2.47,0.0,0.0,2.462,2.461,2.46,2.459,2.458,2.457,2.456,2.455,2.454,2.453,2.463,2.464,2.465,2.466,2.467,2.468,2.469,2.47,2.471,2.472,546300.0,4046900.0,4518600.0,4248900.0,2373300.0,1431600.0,1828700.0,2205900.0,624600.0,786500.0,2782500.0,4799200.0,4040500.0,934300.0,1005400.0,1338500.0,926800.0,967700.0,335000.0,217900.0
20231027094453000,SSE,SSE.ETF.510050,2.461,2.463,2.465,2.457,0.0,2.717,2.223,185953720.0,933743.0,185953720.0,933743.0,0.0,0.0,20231027,20231027,94453000,2.47,0.0,0.0,2.461,2.46,2.459,2.458,2.457,2.456,2.455,2.454,2.453,2.452,2.462,2.463,2.464,2.465,2.466,2.467,2.468,2.469,2.47,2.471,1849300.0,5127200.0,4610200.0,2523400.0,1431600.0,2119400.0,2205900.0,624600.0,786500.0,589700.0,1183100.0,3717500.0,4965200.0,1812500.0,643600.0,1005400.0,1338500.0,926800.0,967700.0,335000.0
20231027094456000,SSE,SSE.ETF.510050,2.462,2.463,2.465,2.457,0.0,2.717,2.223,185974401.0,20681.0,185974401.0,20681.0,0.0,0.0,20231027,20231027,94456000,2.47,0.0,0.0,2.461,2.46,2.459,2.458,2.457,2.456,2.455,2.454,2.453,2.452,2.462,2.463,2.464,2.465,2.466,2.467,2.468,2.469,2.47,2.471,1818600.0,4986100.0,4347100.0,3023300.0,1985000.0,2121400.0,2205900.0,620600.0,810500.0,587200.0,1562400.0,2977500.0,4645200.0,1888500.0,1213800.0,626800.0,1158500.0,926800.0,747700.0,335000.0
20231027094459000,SSE,SSE.ETF.510050,2.462,2.463,2.465,2.457,0.0,2.717,2.223,186039644.0,65243.0,186039644.0,65243.0,0.0,0.0,20231027,20231027,94459000,2.47,0.0,0.0,2.461,2.46,2.459,2.458,2.457,2.456,2.455,2.454,2.453,2.452,2.462,2.463,2.464,2.465,2.466,2.467,2.468,2.469,2.47,2.471,1823200.0,4458100.0,4347100.0,2661800.0,2025800.0,2341400.0,2205900.0,620600.0,810500.0,587200.0,1722400.0,3040400.0,4725200.0,1712500.0,1213800.0,706800.0,1158500.0,926800.0,747700.0,335000.0
20231027094502000,SSE,SSE.ETF.510050,2.462,2.463,2.465,2.457,0.0,2.717,2.223,186042845.0,3201.0,186042845.0,3201.0,0.0,0.0,20231027,20231027,94502000,2.47,0.0,0.0,2.461,2.46,2.459,2.458,2.457,2.456,2.455,2.454,2.453,2.452,2.462,2.463,2.464,2.465,2.466,2.467,2.468,2.469,2.47,2.471,1514300.0,3903900.0,4595700.0,4108000.0,2066000.0,2341400.0,2205900.0,620600.0,810500.0,587200.0,3264600.0,4712500.0,3233200.0,1509800.0,1213800.0,706800.0,1158500.0,926800.0,747700.0,335000.0
20231027094505000,SSE,SSE.ETF.510050,2.461,2.463,2.465,2.457,0.0,2.717,2.223,187304845.0,1262000.0,187304845.0,1262000.0,0.0,0.0,20231027,20231027,94505000,2.47,0.0,0.0,2.461,2.46,2.459,2.458,2.457,2.456,2.455,2.454,2.453,2.452,2.462,2.463,2.464,2.465,2.466,2.467,2.468,2.469,2.47,2.471,1403500.0,2654100.0,5045700.0,4127300.0,2066000.0,2121400.0,2496600.0,620600.0,810500.0,587200.0,4878900.0,5132500.0,925200.0,1509800.0,1213800.0,626800.0,1158500.0,926800.0,747700.0,335000.0
20231027094508000,SSE,SSE.ETF.510050,2.462,2.463,2.465,2.457,0.0,2.717,2.223,187683843.0,378998.0,187683843.0,378998.0,0.0,0.0,20231027,20231027,94508000,2.47,0.0,0.0,2.461,2.46,2.459,2.458,2.457,2.456,2.455,2.454,2.453,2.452,2.462,2.463,2.464,2.465,2.466,2.467,2.468,2.469,2.47,2.471,1350900.0,3528800.0,4295700.0,4427300.0,2066500.0,2341400.0,2496600.0,620600.0,810500.0,587200.0,4885300.0,5131500.0,2425200.0,1509800.0,1293800.0,667400.0,1158500.0,926800.0,747700.0,335000.0
20231027094511000,SSE,SSE.ETF.510050,2.461,2.463,2.465,2.457,0.0,2.717,2.223,190961403.0,3277560.0,190961403.0,3277560.0,0.0,0.0,20231027,20231027,94511000,2.47,0.0,0.0,2.46,2.459,2.458,2.457,2.456,2.455,2.454,2.453,2.452,2.451,2.461,2.462,2.463,2.464,2.465,2.466,2.467,2.468,2.469,2.47,2479400.0,5107600.0,3963700.0,1866500.0,2541400.0,2496600.0,620600.0,810500.0,587200.0,2518200.0,1059200.0,5065300.0,4473100.0,947900.0,1421800.0,1293800.0,626800.0,1158500.0,926800.0,747700.0
20231027094514000,SSE,SSE.ETF.510050,2.461,2.463,2.465,2.457,0.0,2.717,2.223,191722292.0,760889.0,191722292.0,760889.0,0.0,0.0,20231027,20231027,94514000,2.47,0.0,0.0,2.46,2.459,2.458,2.457,2.456,2.455,2.454,2.453,2.452,2.451,2.461,2.462,2.463,2.464,2.465,2.466,2.467,2.468,2.469,2.47,1977000.0,4905000.0,4039200.0,2005500.0,2894800.0,2496600.0,911300.0,810500.0,587200.0,2518200.0,2674800.0,5688100.0,2986500.0,374300.0,1770000.0,1042500.0,526800.0,1158500.0,926800.0,747700.0
20231027094517000,SSE,SSE.ETF.510050,2.461,2.463,2.465,2.457,0.0,2.717,2.223,192474812.0,752520.0,192474812.0,752520.0,0.0,0.0,20231027,20231027,94517000,2.47,0.0,0.0,2.46,2.459,2.458,2.457,2.456,2.455,2.454,2.453,2.452,2.451,2.461,2.462,2.463,2.464,2.465,2.466,2.467,2.468,2.469,2.47,618000.0,4196200.0,3839300.0,3357500.0,2895300.0,2496600.0,911300.0,810500.0,587200.0,2518200.0,4658800.0,4800300.0,1500300.0,506300.0,1819300.0,952500.0,526800.0,938500.0,926800.0,747700.0
20231027094520000,SSE,SSE.ETF.510050,2.46,2.463,2.465,2.457,0.0,2.717,2.223,194116862.0,1642050.0,194116862.0,1642050.0,0.0,0.0,20231027,20231027,94520000,2.47,0.0,0.0,2.459,2.458,2.457,2.456,2.455,2.454,2.453,2.452,2.451,2.45,2.46,2.461,2.462,2.463,2.464,2.465,2.466,2.467,2.468,2.469,3837200.0,4700100.0,3695500.0,2975300.0,2496600.0,911300.0,810500.0,587200.0,2518200.0,1603700.0,1668000.0,3087100.0,4584200.0,1417300.0,594300.0,1819300.0,872500.0,526800.0,938500.0,926800.0
20231027094523000,SSE,SSE.ETF.510050,2.46,2.463,2.465,2.457,0.0,2.717,2.223,194185004.0,68142.0,194185004.0,68142.0,0.0,0.0,20231027,20231027,94523000,2.47,0.0,0.0,2.459,2.458,2.457,2.456,2.455,2.454,2.453,2.452,2.451,2.45,2.46,2.461,2.462,2.463,2.464,2.465,2.466,2.467,2.468,2.469,2291100.0,4940200.0,4018400.0,2897000.0,2850000.0,911300.0,558000.0,587200.0,2518200.0,1603700.0,1817000.0,4977000.0,3952200.0,747300.0,944500.0,1557800.0,772500.0,526800.0,938500.0,926800.0
20231027094526000,SSE,SSE.ETF.510050,2.46,2.463,2.465,2.457,0.0,2.717,2.223,194294966.0,109962.0,194294966.0,109962.0,0.0,0.0,20231027,20231027,94526000,2.47,0.0,0.0,2.459,2.458,2.457,2.456,2.455,2.454,2.453,2.452,2.451,2.45,2.46,2.461,2.462,2.463,2.464,2.465,2.466,2.467,2.468,2.469,4051200.0,5212000.0,3313400.0,2835000.0,2850000.0,911300.0,558000.0,587200.0,2518200.0,1606700.0,2170500.0,3067100.0,4765600.0,2507300.0,944500.0,1557800.0,772500.0,526800.0,938500.0,926800.0
20231027094529000,SSE,SSE.ETF.510050,2.46,2.463,2.465,2.457,0.0,2.717,2.223,194307507.0,12541.0,194307507.0,12541.0,0.0,0.0,20231027,20231027,94529000,2.47,0.0,0.0,2.459,2.458,2.457,2.456,2.455,2.454,2.453,2.452,2.451,2.45,2.46,2.461,2.462,2.463,2.464,2.465,2.466,2.467,2.468,2.469,3296100.0,4912000.0,3615400.0,2825000.0,2930000.0,916300.0,558000.0,587600.0,2518200.0,1606700.0,1604300.0,3257100.0,4765600.0,1157300.0,944500.0,1557800.0,748100.0,526800.0,938500.0,926800.0
20231027094532000,SSE,SSE.ETF.510050,2.46,2.463,2.465,2.457,0.0,2.717,2.223,194455302.0,147795.0,194455302.0,147795.0,0.0,0.0,20231027,20231027,94532000,2.47,0.0,0.0,2.459,2.458,2.457,2.456,2.455,2.454,2.453,2.452,2.451,2.45,2.46,2.461,2.462,2.463,2.464,2.465,2.466,2.467,2.468,2.469,2235200.0,4882200.0,3939400.0,2825000.0,2970800.0,1136300.0,558000.0,587600.0,2518200.0,1606700.0,1071600.0,4657800.0,3824900.0,1617300.0,856500.0,1557800.0,748100.0,526800.0,938500.0,926800.0
20231027094535000,SSE,SSE.ETF.510050,2.46,2.463,2.465,2.457,0.0,2.717,2.223,194483586.0,28284.0,194483586.0,28284.0,0.0,0.0,20231027,20231027,94535000,2.47,0.0,0.0,2.459,2.458,2.457,2.456,2.455,2.454,2.453,2.452,2.451,2.45,2.46,2.461,2.462,2.463,2.464,2.465,2.466,2.467,2.468,2.469,3547900.0,4918000.0,3441400.0,2913000.0,2932000.0,916300.0,558000.0,577600.0,2518200.0,1606700.0,716100.0,3007100.0,5277600.0,2565300.0,936500.0,1477800.0,748100.0,526800.0,938500.0,926800.0
20231027094538000,SSE,SSE.ETF.510050,2.46,2.463,2.465,2.457,0.0,2.717,2.223,196372866.0,1889280.0,196372866.0,1889280.0,0.0,0.0,20231027,20231027,94538000,2.47,0.0,0.0,2.459,2.458,2.457,2.456,2.455,2.454,2.453,2.452,2.451,2.45,2.46,2.461,2.462,2.463,2.464,2.465,2.466,2.467,2.468,2.469,4968000.0,4551200.0,3205100.0,2903000.0,2933000.0,625600.0,558000.0,577600.0,2518200.0,1607000.0,15900.0,2445300.0,5365600.0,2875300.0,936500.0,1477800.0,748100.0,526800.0,938500.0,926800.0
20231027094541000,SSE,SSE.ETF.510050,2.459,2.463,2.465,2.457,0.0,2.717,2.223,196436576.0,63710.0,196436576.0,63710.0,0.0,0.0,20231027,20231027,94541000,2.47,0.0,0.0,2.46,2.459,2.458,2.457,2.456,2.455,2.454,2.453,2.452,2.451,2.461,2.462,2.463,2.464,2.465,2.466,2.467,2.468,2.469,2.47,1500.0,4296500.0,4551200.0,3197400.0,2903000.0,2937000.0,916300.0,558000.0,577600.0,2519500.0,4076000.0,5361500.0,2595300.0,716500.0,1477800.0,748100.0,526800.0,1158500.0,926800.0,747700.0
20231027094544000,SSE,SSE.ETF.510050,2.46,2.463,2.465,2.457,0.0,2.717,2.223,196503980.0,67404.0,196503980.0,67404.0,0.0,0.0,20231027,20231027,94544000,2.47,0.0,0.0,2.46,2.459,2.458,2.457,2.456,2.455,2.454,2.453,2.452,2.451,2.461,2.462,2.463,2.464,2.465,2.466,2.467,2.468,2.469,2.47,36100.0,4648200.0,4386000.0,3263200.0,2901800.0,2665100.0,625600.0,558000.0,577600.0,2519500.0,3465900.0,5281300.0,2917300.0,449500.0,1685500.0,848100.0,526800.0,1158500.0,926800.0,747700.0
20231027094547000,SSE,SSE.ETF.510050,2.46,2.463,2.465,2.457,0.0,2.717,2.223,196545310.0,41330.0,196545310.0,41330.0,0.0,0.0,20231027,20231027,94547000,2.47,0.0,0.0,2.46,2.459,2.458,2.457,2.456,2.455,2.454,2.453,2.452,2.451,2.461,2.462,2.463,2.464,2.465,2.466,2.467,2.468,2.469,2.47,22400.0,4559000.0,4417700.0,3194500.0,2811800.0,2755200.0,916300.0,558000.0,577600.0,2519500.0,4154900.0,5191100.0,2629800.0,359500.0,1685500.0,848100.0,526800.0,1158500.0,926800.0,747700.0
20231027094550000,SSE,SSE.ETF.510050,2.46,2.463,2.465,2.457,0.0,2.717,2.223,196932755.0,387445.0,196932755.0,387445.0,0.0,0.0,20231027,20231027,94550000,2.47,0.0,0.0,2.46,2.459,2.458,2.457,2.456,2.455,2.454,2.453,2.452,2.451,2.461,2.462,2.463,2.464,2.465,2.466,2.467,2.468,2.469,2.47,319500.0,4475800.0,4090700.0,3204500.0,2901800.0,2665200.0,916300.0,558000.0,577600.0,2519500.0,3141800.0,5209100.0,2628300.0,449700.0,1685500.0,848100.0,526800.0,1158500.0,926800.0,747700.0
20231027094553000,SSE,SSE.ETF.510050,2.46,2.463,2.465,2.457,0.0,2.717,2.223,196933001.0,246.0,196933001.0,246.0,0.0,0.0,20231027,20231027,94553000,2.47,0.0,0.0,2.46,2.459,2.458,2.457,2.456,2.455,2.454,2.453,2.452,2.451,2.461,2.462,2.463,2.464,2.465,2.466,2.467,2.468,2.469,2.47,21100.0,4379600.0,4290700.0,3304700.0,2811800.0,2757200.0,916300.0,558000.0,577600.0,2519500.0,3203200.0,4844100.0,2638300.0,875400.0,1650000.0,848100.0,526800.0,938500.0,926800.0,747700.0
20231027094556000,SSE,SSE.ETF.510050,2.461,2.463,2.465,2.457,0.0,2.717,2.223,197081585.0,148584.0,197081585.0,148584.0,0.0,0.0,20231027,20231027,94556000,2.47,0.0,0.0,2.46,2.459,2.458,2.457,2.456,2.455,2.454,2.453,2.452,2.451,2.461,2.462,2.463,2.464,2.465,2.466,2.467,2.468,2.469,2.47,21100.0,4789600.0,4510700.0,3273400.0,2811800.0,2757200.0,625600.0,558000.0,577600.0,2519500.0,1845100.0,4844100.0,3348300.0,753400.0,1650000.0,848100.0,526800.0,1158500.0,926800.0,747700.0
20231027094559000,SSE,SSE.ETF.510050,2.46,2.463,2.465,2.457,0.0,2.717,2.223,197255262.0,173677.0,197255262.0,173677.0,0.0,0.0,20231027,20231027,94559000,2.47,0.0,0.0,2.46,2.459,2.458,2.457,2.456,2.455,2.454,2.453,2.452,2.451,2.461,2.462,2.463,2.464,2.465,2.466,2.467,2.468,2.469,2.47,547100.0,4859600.0,4012700.0,1687400.0,2911800.0,2687200.0,625600.0,558000.0,577600.0,2519500.0,673700.0,3199800.0,4670300.0,1312900.0,1650000.0,848100.0,526800.0,1158500.0,926800.0,747700.0
20231027094602000,SSE,SSE.ETF.510050,2.46,2.463,2.465,2.457,0.0,2.717,2.223,198865101.0,1609839.0,198865101.0,1609839.0,0.0,0.0,20231027,20231027,94602000,2.47,0.0,0.0,2.459,2.458,2.457,2.456,2.455,2.454,2.453,2.452,2.451,2.45,2.46,2.461,2.462,2.463,2.464,2.465,2.466,2.467,2.468,2.469,3954800.0,4291200.0,3324700.0,2993300.0,2613600.0,1136300.0,558000.0,577600.0,2519500.0,1609000.0,440000.0,3506300.0,4825500.0,708300.0,689000.0,1731200.0,848100.0,526800.0,938500.0,926800.0
20231027094605000,SSE,SSE.ETF.510050,2.46,2.463,2.465,2.457,0.0,2.717,2.223,199145295.0,280194.0,199145295.0,280194.0,0.0,0.0,20231027,20231027,94605000,2.47,0.0,0.0,2.46,2.459,2.458,2.457,2.456,2.455,2.454,2.453,2.452,2.451,2.461,2.462,2.463,2.464,2.465,2.466,2.467,2.468,2.469,2.47,461400.0,4524600.0,4291400.0,2460300.0,2735000.0,3057000.0,625600.0,558000.0,577600.0,2519500.0,819100.0,5157300.0,2838300.0,1017900.0,1442300.0,748100.0,526800.0,1158500.0,936800.0,747700.0
