minute,TradeDate,OrigTime,OfferPx1,BidPx1,OfferSize1,BidSize1,OfferPx2,BidPx2,OfferSize2,BidSize2,OfferPx3,BidPx3,OfferSize3,BidSize3,OfferPx4,BidPx4,OfferSize4,BidSize4,OfferPx5,BidPx5,OfferSize5,BidSize5,DownLimitPx,HighPx,LastPx,LowPx,OpenPx,PreClosePx,TotalValueTrade,TotalVolumeTrade,UpLimitPx,ticker,datetime,wap1,price_spread,price_spread2,bid_spread,ask_spread,bid_ask_spread,total_bid_qty,total_ask_qty,total_qty_diff,weighted_bid_prc,weighted_ask_prc,total_volume,volume_imbalance,log_return,PxChange1,PxChange2,mid,open,high,low,close,volume,amount,vwap,tendency,f_max,f_min,df_max,df_min,abs_diff,energy,iqr_p,abs_diff_v,energy_v,iqr_p_v,bOF1,aOF1,OFI1,bOF2,aOF2,OFI2,bOF3,aOF3,OFI3,bOF4,aOF4,OFI4,bOF5,aOF5,OFI5,volatility_QMLE,volatility
931.0,20231027.0,2.0231027093023e+16,2.463,2.462,447300.0,770500.0,2.464,2.461,1713700.0,2660100.0,2.465,2.46,3362800.0,3115500.0,2.466,2.459,2176900.0,1457600.0,2.467,2.458,544600.0,1290500.0,2.223,2.464,2.462,2.461,2.463,2.47,26743252.0,26743252.0,2.717,510050.0,2023-10-27 09:30:23,2.462632698308425,0.0004060913705583,0.0012182741116751,0.0010000000000003,-0.0009999999999998,0.0020000000000002,9294200.0,8245300.0,-1048900.0,2.460017484022293,2.4650797787830645,17539500.0,1048900.0,4.281102818515237e-05,-0.008,0.0,2.4625000000000004,2.463,2.463,2.461,2.462,26743252.0,26743252.0,1.0,-600829.3966036388,2.0,6.0,2.0,2.0,0.0001249999999997,6.062059875000001,0.0002499999999998,863201.25,57775542683620.0,1130728.5,-770500.0,447300.0,-1217800.0,-2660100.0,1713700.0,-4373800.0,-3115500.0,3362800.0,-6478300.0,-1457600.0,2176900.0,-3634500.0,-1290500.0,544600.0,-1835100.0,0.0872322125549055,0.1516724797720185
0.0,0.0,0.0,0.0,0.0,0.0,0.0,0.0,0.0,0.0,0.0,0.0,0.0,0.0,0.0,0.0,0.0,0.0,0.0,0.0,0.0,0.0,0.0,0.0,0.0,0.0,0.0,0.0,0.0,0.0,0.0,0.0,0.0,0.0,0.0,0.0,0.0,0.0,0.0,0.0,0.0,0.0,0.0,0.0,0.0,0.0,0.0,0.0,0.0,0.0,0.0,0.0,0.0,0.0,0.0,0.0,0.0,0.0,0.0,0.0,0.0,0.0,0.0,0.0,0.0,0.0,0.0,0.0,0.0,0.0,0.0,0.0,0.0,0.0,0.0,0.0,0.0,0.0,0.0,0.0,0.0,0.0,0.0,0.0,0.0,0.0
0.0,0.0,0.0,0.0,0.0,0.0,0.0,0.0,0.0,0.0,0.0,0.0,0.0,0.0,0.0,0.0,0.0,0.0,0.0,0.0,0.0,0.0,0.0,0.0,0.0,0.0,0.0,0.0,0.0,0.0,0.0,0.0,0.0,0.0,0.0,0.0,0.0,0.0,0.0,0.0,0.0,0.0,0.0,0.0,0.0,0.0,0.0,0.0,0.0,0.0,0.0,0.0,0.0,0.0,0.0,0.0,0.0,0.0,0.0,0.0,0.0,0.0,0.0,0.0,0.0,0.0,0.0,0.0,0.0,0.0,0.0,0.0,0.0,0.0,0.0,0.0,0.0,0.0,0.0,0.0,0.0,0.0,0.0,0.0,0.0,0.0
0.0,0.0,0.0,0.0,0.0,0.0,0.0,0.0,0.0,0.0,0.0,0.0,0.0,0.0,0.0,0.0,0.0,0.0,0.0,0.0,0.0,0.0,0.0,0.0,0.0,0.0,0.0,0.0,0.0,0.0,0.0,0.0,0.0,0.0,0.0,0.0,0.0,0.0,0.0,0.0,0.0,0.0,0.0,0.0,0.0,0.0,0.0,0.0,0.0,0.0,0.0,0.0,0.0,0.0,0.0,0.0,0.0,0.0,0.0,0.0,0.0,0.0,0.0,0.0,0.0,0.0,0.0,0.0,0.0,0.0,0.0,0.0,0.0,0.0,0.0,0.0,0.0,0.0,0.0,0.0,0.0,0.0,0.0,0.0,0.0,0.0
935.0,20231027.0,2.0231027093459e+16,2.462,2.461,2129400.0,177200.0,2.463,2.46,4940700.0,1960500.0,2.464,2.459,3083000.0,4810500.0,2.465,2.458,1287000.0,4383700.0,2.466,2.457,1076600.0,1421500.0,2.223,2.464,2.462,2.457,2.463,2.47,94064508.0,94064508.0,2.717,510050.0,2023-10-27 09:34:59,2.4610768230295674,0.0004062563477555,0.0012187690432663,0.0009999999999998,-0.0009999999999998,0.0019999999999997,12753400.0,12516700.0,-236700.0,2.458614863487384,2.463539870732701,25270100.0,236700.0,-0.0006319931441534,-0.008,0.0,2.4615,2.462,2.463,2.461,2.462,67321256.0,67321256.0,1.0,-20825.22227729252,11.0,3.0,4.0,4.0,0.0001428571428574,6.060740857142856,0.0,4643679.285714285,3938787282731111.0,356666.0,-177200.0,2129400.0,-2306600.0,-1960500.0,4940700.0,-6901200.0,-4810500.0,3083000.0,-7893500.0,-4383700.0,1287000.0,-5670700.0,-1421500.0,1076600.0,-2498100.0,0.0892500511964305,0.1729450481257377
936.0,20231027.0,2.0231027093541e+16,2.461,2.46,1251200.0,1149900.0,2.462,2.459,5227000.0,2705500.0,2.463,2.458,3899900.0,5249800.0,2.464,2.457,711900.0,3151700.0,2.465,2.456,1767500.0,2742000.0,2.223,2.464,2.461,2.457,2.463,2.47,99433079.0,99433079.0,2.717,510050.0,2023-10-27 09:35:41,2.4604789055016454,0.0004064214590529,0.0012192643771591,0.0009999999999998,-0.0010000000000003,0.0020000000000002,14998900.0,12857500.0,-2141400.0,2.4577579555834093,2.4627291464126,27856400.0,2141400.0,-0.0002429790756599,-0.0090000000000003,-0.0010000000000003,2.4605,2.461,2.463,2.461,2.461,5368571.0,5368571.0,1.0,-157191.5406054235,6.0,8.0,2.0,2.0,0.0005000000000001,6.058982642857144,0.0010000000000003,276886.8571428572,6254915714653.0,404781.0,-1149900.0,1251200.0,-2401100.0,-2705500.0,5227000.0,-7932500.0,-5249800.0,3899900.0,-9149700.0,-3151700.0,711900.0,-3863600.0,-2742000.0,1767500.0,-4509500.0,0.1259162085522355,0.1344238518870548
0.0,0.0,0.0,0.0,0.0,0.0,0.0,0.0,0.0,0.0,0.0,0.0,0.0,0.0,0.0,0.0,0.0,0.0,0.0,0.0,0.0,0.0,0.0,0.0,0.0,0.0,0.0,0.0,0.0,0.0,0.0,0.0,0.0,0.0,0.0,0.0,0.0,0.0,0.0,0.0,0.0,0.0,0.0,0.0,0.0,0.0,0.0,0.0,0.0,0.0,0.0,0.0,0.0,0.0,0.0,0.0,0.0,0.0,0.0,0.0,0.0,0.0,0.0,0.0,0.0,0.0,0.0,0.0,0.0,0.0,0.0,0.0,0.0,0.0,0.0,0.0,0.0,0.0,0.0,0.0,0.0,0.0,0.0,0.0,0.0,0.0
938.0,20231027.0,2.0231027093759e+16,2.464,2.463,487000.0,1994600.0,2.465,2.462,2987600.0,4981900.0,2.466,2.461,5188900.0,3244300.0,2.467,2.46,2889200.0,1360100.0,2.468,2.459,1082300.0,1982100.0,2.223,2.465,2.464,2.457,2.463,2.47,127738364.0,127738364.0,2.717,510050.0,2023-10-27 09:37:59,2.4638037556415218,0.0004059265272985,0.0012177795818955,0.0009999999999998,-0.0009999999999998,0.0019999999999997,13563000.0,12635000.0,-928000.0,2.4612688785666887,2.4660864424218443,26198000.0,928000.0,0.0013503898431199,-0.0060000000000002,0.0030000000000001,2.4635,2.465,2.465,2.463,2.464,28305285.0,28305285.0,1.0,-5174793.174254378,1.0,4.0,1.0,2.0,4.440892098500626e-16,6.0712964000000005,0.0,5638636.0,786212942811165.0,103200.0,1994600.0,-487000.0,2481600.0,4981900.0,-2987600.0,7969500.0,3244300.0,-5188900.0,8433200.0,1360100.0,-2889200.0,4249300.0,1982100.0,-1082300.0,3064400.0,0.253078315540889,0.3013952595501988
939.0,20231027.0,2.0231027093835e+16,2.465,2.464,2502000.0,2606500.0,2.466,2.463,5178200.0,2820900.0,2.467,2.462,3639200.0,6107200.0,2.468,2.461,707500.0,3017600.0,2.469,2.46,1549500.0,1338200.0,2.223,2.465,2.464,2.457,2.463,2.47,132851153.0,132851153.0,2.717,510050.0,2023-10-27 09:38:35,2.464510228051287,0.0004057618178128,0.0012172854534388,0.0009999999999998,-0.0010000000000003,0.0020000000000002,15890400.0,13576400.0,-2314000.0,2.46214725242914,2.466530383606848,29466800.0,2314000.0,0.0002866994339004,-0.0060000000000002,0.0,2.4645,2.463,2.464,2.463,2.464,5112789.0,5112789.0,1.0,5286666.355518898,7.0,5.0,1.0,0.0,0.0004166666666671,6.069243083333334,0.0009999999999998,357950.25,4616707081331.0,478831.5,2606500.0,-2502000.0,5108500.0,2820900.0,-5178200.0,7999100.0,6107200.0,-3639200.0,9746400.0,3017600.0,-707500.0,3725100.0,1338200.0,-1549500.0,2887700.0,0.2240510703889258,0.2638687266439271
940.0,20231027.0,2.0231027093959e+16,2.464,2.463,1722000.0,2212500.0,2.465,2.462,4639300.0,3830800.0,2.466,2.461,4248500.0,3464000.0,2.467,2.46,891400.0,2360600.0,2.468,2.459,1526100.0,2207000.0,2.223,2.465,2.464,2.457,2.463,2.47,154575746.0,154575746.0,2.717,510050.0,2023-10-27 09:39:59,2.4635623332062524,0.0004059265272985,0.0012177795818955,0.0009999999999998,-0.0009999999999998,0.0019999999999997,14074900.0,13027300.0,-1047600.0,2.461105236982146,2.46568222885786,27102200.0,1047600.0,-0.0003846919236442,-0.0060000000000002,0.0,2.4635,2.461,2.464,2.461,2.464,21724593.0,21724593.0,1.0,18656524.72970064,6.0,9.0,4.0,1.0,0.0007333333333336,6.062758133333333,0.0015,1334351.2,307685652457559.0,463524.0,-2212500.0,1722000.0,-3934500.0,-3830800.0,4639300.0,-8470100.0,-3464000.0,4248500.0,-7712500.0,-2360600.0,891400.0,-3252000.0,-2207000.0,1526100.0,-3733100.0,0.2859069131205919,0.3131999742712442
941.0,20231027.0,2.0231027094059e+16,2.464,2.463,216800.0,3171800.0,2.465,2.462,4079000.0,4300200.0,2.466,2.461,5162100.0,4116600.0,2.467,2.46,1484100.0,1447500.0,2.468,2.459,1188600.0,1881400.0,2.223,2.465,2.464,2.457,2.463,2.47,162294838.0,162294838.0,2.717,510050.0,2023-10-27 09:40:59,2.4639360207755416,0.0004059265272985,0.0012177795818955,0.0009999999999998,-0.0009999999999998,0.0019999999999997,14917500.0,12130600.0,-2786900.0,2.4613642366348247,2.4659463093334213,27048100.0,2786900.0,0.0001516743560974,-0.0060000000000002,0.0,2.4635,2.463,2.465,2.463,2.464,7719092.0,7719092.0,1.0,6318461.691707029,14.0,6.0,5.0,4.0,0.00015,6.070557250000001,0.0009999999999998,328170.1,11240182373164.0,436459.5,959300.0,-1505200.0,2464500.0,469400.0,-560300.0,1029700.0,652600.0,913600.0,-261000.0,-913100.0,592700.0,-1505800.0,-325600.0,-337500.0,11900.0,0.1958215440817554,0.201795477848217
0.0,0.0,0.0,0.0,0.0,0.0,0.0,0.0,0.0,0.0,0.0,0.0,0.0,0.0,0.0,0.0,0.0,0.0,0.0,0.0,0.0,0.0,0.0,0.0,0.0,0.0,0.0,0.0,0.0,0.0,0.0,0.0,0.0,0.0,0.0,0.0,0.0,0.0,0.0,0.0,0.0,0.0,0.0,0.0,0.0,0.0,0.0,0.0,0.0,0.0,0.0,0.0,0.0,0.0,0.0,0.0,0.0,0.0,0.0,0.0,0.0,0.0,0.0,0.0,0.0,0.0,0.0,0.0,0.0,0.0,0.0,0.0,0.0,0.0,0.0,0.0,0.0,0.0,0.0,0.0,0.0,0.0,0.0,0.0,0.0,0.0
943.0,20231027.0,2.0231027094259e+16,2.463,2.462,2607000.0,984800.0,2.464,2.461,5523900.0,5126100.0,2.465,2.46,4336100.0,3928100.0,2.466,2.459,540100.0,3614300.0,2.467,2.458,941800.0,2189100.0,2.223,2.465,2.463,2.457,2.463,2.47,173965703.0,173965703.0,2.717,510050.0,2023-10-27 09:42:59,2.4622741800768417,0.0004060913705583,0.0012182741116751,0.0010000000000003,-0.0009999999999998,0.0020000000000002,15842400.0,13948900.0,-1893500.0,2.459943392415291,2.464403952999878,29791300.0,1893500.0,-0.0004141577306675,-0.0070000000000001,-0.0009999999999998,2.4625000000000004,2.463,2.464,2.462,2.463,6692580.0,6692580.0,1.0,-126715.42991536018,5.0,15.0,3.0,3.0,0.0001499999999996,6.067108249999998,0.0002499999999998,290902.5,10149356964934.0,150174.75,-984800.0,2607000.0,-3591800.0,-5126100.0,5523900.0,-10650000.0,-3928100.0,4336100.0,-8264200.0,-3614300.0,540100.0,-4154400.0,-2189100.0,941800.0,-3130900.0,0.1610815127464063,0.1684834808108618
0.0,0.0,0.0,0.0,0.0,0.0,0.0,0.0,0.0,0.0,0.0,0.0,0.0,0.0,0.0,0.0,0.0,0.0,0.0,0.0,0.0,0.0,0.0,0.0,0.0,0.0,0.0,0.0,0.0,0.0,0.0,0.0,0.0,0.0,0.0,0.0,0.0,0.0,0.0,0.0,0.0,0.0,0.0,0.0,0.0,0.0,0.0,0.0,0.0,0.0,0.0,0.0,0.0,0.0,0.0,0.0,0.0,0.0,0.0,0.0,0.0,0.0,0.0,0.0,0.0,0.0,0.0,0.0,0.0,0.0,0.0,0.0,0.0,0.0,0.0,0.0,0.0,0.0,0.0,0.0,0.0,0.0,0.0,0.0,0.0,0.0
945.0,20231027.0,2.0231027094459e+16,2.462,2.461,1722400.0,1823200.0,2.463,2.46,3040400.0,4458100.0,2.464,2.459,4725200.0,4347100.0,2.465,2.458,1712500.0,2661800.0,2.466,2.457,1213800.0,2025800.0,2.223,2.465,2.462,2.457,2.463,2.47,186039644.0,186039644.0,2.717,510050.0,2023-10-27 09:44:59,2.4615142148014444,0.0004062563477555,0.0012187690432663,0.0009999999999998,-0.0009999999999998,0.0019999999999997,15316000.0,12414300.0,-2901700.0,2.459090826586576,2.4638110968802107,27730300.0,2901700.0,0.0002079870503726,-0.008,0.0010000000000003,2.4615,2.461,2.463,2.461,2.462,3663147.0,3663147.0,1.0,7405813.213408918,10.0,10.0,5.0,4.0,0.0006499999999993,6.063168050000001,0.0009999999999998,141416.35,2133425644151.0,162872.75,1817300.0,-831400.0,2648700.0,364600.0,-2088300.0,2452900.0,-44000.0,1332500.0,-1376500.0,-672400.0,198900.0,-871300.0,294500.0,-98700.0,393200.0,0.118598663413018,0.1190694821335105
946.0,20231027.0,2.0231027094559e+16,2.461,2.46,673700.0,547100.0,2.462,2.459,3199800.0,4859600.0,2.463,2.458,4670300.0,4012700.0,2.464,2.457,1312900.0,1687400.0,2.465,2.456,1650000.0,2911800.0,2.223,2.465,2.46,2.457,2.463,2.47,197255262.0,197255262.0,2.717,510050.0,2023-10-27 09:45:59,2.4604481487549146,0.0004064214590529,0.0012192643771591,0.0009999999999998,-0.0010000000000003,0.0020000000000002,14018600.0,11506700.0,-2511900.0,2.4578889190076043,2.463005709716948,25525300.0,2511900.0,-0.0004331874095966,-0.0100000000000002,-0.0020000000000002,2.4605,2.462,2.462,2.459,2.46,11215618.0,11215618.0,1.0,-15648953.939076403,7.0,13.0,3.0,5.0,0.0004000000000004,6.0535687,0.0009999999999998,495223.9,20141839448738.0,696497.25,-547100.0,673700.0,-1220800.0,-4859600.0,3199800.0,-8059400.0,-4012700.0,4670300.0,-8683000.0,-1687400.0,1312900.0,-3000300.0,-2911800.0,1650000.0,-4561800.0,0.1198254078407595,0.1139178142521567
947.0,20231027.0,2.0231027094659e+16,2.462,2.461,1360800.0,1060400.0,2.463,2.46,3156800.0,3697700.0,2.464,2.459,4517600.0,4537300.0,2.465,2.458,1806300.0,3066600.0,2.466,2.457,1271100.0,2252200.0,2.223,2.465,2.462,2.457,2.463,2.47,203444395.0,203444395.0,2.717,510050.0,2023-10-27 09:46:59,2.46143796464563,0.0004062563477555,0.0012187690432663,0.0009999999999998,-0.0009999999999998,0.0019999999999997,14614200.0,12112600.0,-2501600.0,2.4588800823856247,2.4638736935092385,26726800.0,2501600.0,0.0004022099988719,-0.008,0.0020000000000002,2.4615,2.46,2.462,2.46,2.462,6189133.0,6189133.0,1.0,16366101.39722263,11.0,9.0,5.0,3.0,0.0004999999999999,6.0545527,0.0009999999999998,269593.65,13498193961297.0,111826.75,1060400.0,-1360800.0,2421200.0,3697700.0,-3156800.0,6854500.0,4537300.0,-4517600.0,9054900.0,3066600.0,-1806300.0,4872900.0,2252200.0,-1271100.0,3523300.0,0.116011794716556,0.1125674278612061
948.0,20231027.0,2.0231027094759e+16,2.465,2.464,2299200.0,348700.0,2.466,2.463,3691100.0,3884600.0,2.467,2.462,5126100.0,3177800.0,2.468,2.461,1289500.0,2250500.0,2.469,2.46,1473800.0,1793000.0,2.223,2.465,2.465,2.457,2.463,2.47,207695871.0,207695871.0,2.717,510050.0,2023-10-27 09:47:59,2.4641316892631897,0.0004057618178128,0.0012172854534388,0.0009999999999998,-0.0010000000000003,0.0020000000000002,11454600.0,13879700.0,2425100.0,2.461890480680251,2.466708034035318,25334300.0,2425100.0,0.0010937719189381,-0.0050000000000003,0.0029999999999996,2.4645,2.462,2.465,2.462,2.465,4251476.0,4251476.0,1.0,25124475.271184016,11.0,9.0,4.0,1.0,0.0009999999999998,6.068587150000001,0.0019999999999997,185962.8,3095072707004.0,203482.25,348700.0,-2299200.0,2647900.0,3884600.0,-3691100.0,7575700.0,3177800.0,-5126100.0,8303900.0,2250500.0,-1289500.0,3540000.0,1793000.0,-1473800.0,3266800.0,0.1223055946976136,0.1143322880976759
949.0,20231027.0,2.0231027094859e+16,2.466,2.465,1035100.0,2491600.0,2.467,2.464,3133600.0,4265900.0,2.468,2.463,5242500.0,2727000.0,2.469,2.462,3609700.0,1037900.0,2.47,2.461,1646700.0,2350200.0,2.223,2.467,2.466,2.457,2.463,2.47,222577294.0,222577294.0,2.717,510050.0,2023-10-27 09:48:59,2.465706496157882,0.0004055972419388,0.0012167917258163,0.0009999999999998,-0.0009999999999998,0.0019999999999997,12872600.0,14667600.0,1795000.0,2.4632727343349443,2.468115853991109,27540200.0,1795000.0,0.0006388878859822,-0.004,0.0010000000000003,2.4655,2.465,2.466,2.465,2.466,14881423.0,14881423.0,1.0,8797039.652148377,13.0,7.0,4.0,3.0,0.00035,6.079430150000002,0.0010000000000003,557929.15,28067488551867.0,952938.5,2491600.0,-1035100.0,3526700.0,4265900.0,-3133600.0,7399500.0,2727000.0,-5242500.0,7969500.0,1037900.0,-3609700.0,4647600.0,2350200.0,-1646700.0,3996900.0,0.1539739963174655,0.1318290407540546
950.0,20231027.0,2.0231027094959e+16,2.467,2.466,11900.0,3340100.0,2.468,2.465,2864400.0,3382800.0,2.469,2.464,4704700.0,2880900.0,2.47,2.463,4320200.0,606200.0,2.471,2.462,1309300.0,996900.0,2.223,2.468,2.466,2.457,2.463,2.47,229957457.0,229957457.0,2.717,510050.0,2023-10-27 09:49:59,2.466996449880668,0.0004054327995134,0.0012162983985404,0.0010000000000003,-0.0009999999999998,0.0020000000000002,11206900.0,13210500.0,2003600.0,2.4646659290258683,2.4693066197343025,24417400.0,2003600.0,0.0005230210561242,-0.004,0.0,2.4665,2.466,2.468,2.466,2.466,7380163.0,7380163.0,1.0,-111781.2578563504,12.0,8.0,3.0,3.0,0.0004999999999999,6.084609300000002,0.0009999999999998,279477.65,7973415154527.0,217067.25,3340100.0,-11900.0,3352000.0,3382800.0,-2864400.0,6247200.0,2880900.0,-4704700.0,7585600.0,606200.0,-4320200.0,4926400.0,996900.0,-1309300.0,2306200.0,0.1378275407905781,0.1249596632244156
951.0,20231027.0,2.0231027095059e+16,2.469,2.468,2030100.0,277500.0,2.47,2.467,4534900.0,3677700.0,2.471,2.466,4427200.0,2596300.0,2.472,2.465,1803200.0,2490200.0,2.473,2.464,1453000.0,1208700.0,2.223,2.47,2.468,2.457,2.463,2.47,241775315.0,241775315.0,2.717,510050.0,2023-10-27 09:50:59,2.4681202548101924,0.0004051043143609,0.0012153129430828,0.0009999999999998,-0.0010000000000003,0.0020000000000002,10250400.0,14248400.0,3998000.0,2.465934158666979,2.470727274641363,24498800.0,3998000.0,0.0004554319649141,-0.0020000000000002,0.0019999999999997,2.4685,2.467,2.469,2.467,2.468,11817858.0,11817858.0,1.0,9393853.062901342,7.0,13.0,4.0,3.0,0.0004999999999999,6.092011700000001,0.0009999999999998,486487.4,18968286038998.0,645527.25,277500.0,-2030100.0,2307600.0,3677700.0,-4534900.0,8212600.0,2596300.0,-4427200.0,7023500.0,2490200.0,-1803200.0,4293400.0,1208700.0,-1453000.0,2661700.0,0.1527605574334056,0.1434719315293409
952.0,20231027.0,2.0231027095159e+16,2.471,2.47,2410500.0,2123400.0,2.472,2.469,3604300.0,3229700.0,2.473,2.468,5102100.0,3287700.0,2.474,2.467,1356300.0,2607000.0,2.475,2.466,1655600.0,1360100.0,2.223,2.471,2.471,2.457,2.463,2.47,253075036.0,253075036.0,2.717,510050.0,2023-10-27 09:51:59,2.4704683385165094,0.0004047763610604,0.0012143290831815,0.0010000000000003,-0.0009999999999998,0.0020000000000002,12607900.0,14128800.0,1520900.0,2.4681704724815394,2.472734032614235,26736700.0,1520900.0,0.0009509129334744,0.0009999999999998,0.0030000000000001,2.4705000000000004,2.468,2.471,2.468,2.471,11299721.0,11299721.0,1.0,30343338.88986396,10.0,10.0,5.0,2.0,0.0008000000000003,6.094974299999999,0.0012499999999997,370491.0,12398273710697.0,619923.0,2123400.0,-2410500.0,4533900.0,3229700.0,-3604300.0,6834000.0,3287700.0,-5102100.0,8389800.0,2607000.0,-1356300.0,3963300.0,1360100.0,-1655600.0,3015700.0,0.1856731659353459,0.1606852359146346
953.0,20231027.0,2.0231027095259e+16,2.47,2.469,2593300.0,948800.0,2.471,2.468,4149600.0,3438700.0,2.472,2.467,4997300.0,3107300.0,2.473,2.466,1738600.0,2453500.0,2.474,2.465,1231800.0,1128100.0,2.223,2.471,2.469,2.457,2.463,2.47,262835624.0,262835624.0,2.717,510050.0,2023-10-27 09:52:59,2.4692678636966767,0.0004049402713101,0.0012148208139299,0.0009999999999998,-0.0009999999999998,0.0019999999999997,11076400.0,14710600.0,3634200.0,2.467056570726951,2.471650999959213,25787000.0,3634200.0,-0.00048604815898,-0.0010000000000003,-0.0020000000000002,2.4695,2.47,2.47,2.469,2.469,9760588.0,9760588.0,1.0,-10549835.395556152,14.0,6.0,3.0,4.0,0.0003000000000001,6.0994183,0.0010000000000003,461508.0,12623423749176.0,939445.75,-948800.0,2593300.0,-3542100.0,-3438700.0,4149600.0,-7588300.0,-3107300.0,4997300.0,-8104600.0,-2453500.0,1738600.0,-4192100.0,-1128100.0,1231800.0,-2359900.0,0.1802963848446086,0.1637739316371804
954.0,20231027.0,2.0231027095359e+16,2.469,2.468,145500.0,2977100.0,2.47,2.467,3371900.0,3935300.0,2.471,2.466,3984600.0,2476500.0,2.472,2.465,3979400.0,1281200.0,2.473,2.464,1876700.0,2121500.0,2.223,2.471,2.469,2.457,2.463,2.47,270307749.0,270307749.0,2.717,510050.0,2023-10-27 09:53:59,2.4689534042144365,0.0004051043143609,0.0012153129430828,0.0009999999999998,-0.0010000000000003,0.0020000000000002,12791600.0,13358100.0,566500.0,2.4663412630163544,2.471304676563284,26149700.0,566500.0,-0.0001273573886648,-0.0010000000000003,0.0,2.4685,2.47,2.47,2.468,2.469,7472125.0,7472125.0,1.0,-10808452.76168675,9.0,11.0,2.0,3.0,0.0007000000000001,6.097443,0.0010000000000003,343358.75,8913078416153.0,452918.25,-2977100.0,145500.0,-3122600.0,-3935300.0,3371900.0,-7307200.0,-2476500.0,3984600.0,-6461100.0,-1281200.0,3979400.0,-5260600.0,-2121500.0,1876700.0,-3998200.0,0.1635397891619711,0.1517368777486961
0.0,0.0,0.0,0.0,0.0,0.0,0.0,0.0,0.0,0.0,0.0,0.0,0.0,0.0,0.0,0.0,0.0,0.0,0.0,0.0,0.0,0.0,0.0,0.0,0.0,0.0,0.0,0.0,0.0,0.0,0.0,0.0,0.0,0.0,0.0,0.0,0.0,0.0,0.0,0.0,0.0,0.0,0.0,0.0,0.0,0.0,0.0,0.0,0.0,0.0,0.0,0.0,0.0,0.0,0.0,0.0,0.0,0.0,0.0,0.0,0.0,0.0,0.0,0.0,0.0,0.0,0.0,0.0,0.0,0.0,0.0,0.0,0.0,0.0,0.0,0.0,0.0,0.0,0.0,0.0,0.0,0.0,0.0,0.0,0.0,0.0
956.0,20231027.0,2.0231027095532e+16,2.471,2.47,1759500.0,410700.0,2.472,2.469,4843100.0,4680900.0,2.473,2.468,4856200.0,2909100.0,2.474,2.467,1174300.0,1859600.0,2.475,2.466,2347700.0,1574600.0,2.223,2.472,2.471,2.457,2.463,2.47,288176981.0,288176981.0,2.717,510050.0,2023-10-27 09:55:32,2.4701892452308543,0.0004047763610604,0.0012143290831815,0.0010000000000003,-0.0009999999999998,0.0020000000000002,11434900.0,14980800.0,3545900.0,2.468043157351617,2.4728336270426143,26415700.0,3545900.0,-0.0004667619646165,0.0009999999999998,0.0,2.4705000000000004,2.472,2.472,2.47,2.471,6767240.0,6767240.0,1.0,-11577139.309650524,5.0,6.0,1.0,3.0,0.0006363636363633,6.107638636363637,0.0009999999999998,459961.6363636364,11637951760226.0,462050.0,-410700.0,1759500.0,-2170200.0,-4680900.0,4843100.0,-9524000.0,-2909100.0,4856200.0,-7765300.0,-1859600.0,1174300.0,-3033900.0,-1574600.0,2347700.0,-3922300.0,0.1622153223181491,0.1443683261797123
957.0,20231027.0,2.0231027095659e+16,2.469,2.468,1968200.0,2087000.0,2.47,2.467,3877500.0,3811900.0,2.471,2.466,4604200.0,3013000.0,2.472,2.465,2118600.0,1837100.0,2.473,2.464,1531000.0,2227600.0,2.223,2.472,2.469,2.457,2.463,2.47,304283718.0,304283718.0,2.717,510050.0,2023-10-27 09:56:59,2.4685146478595383,0.0004051043143609,0.0012153129430828,0.0009999999999998,-0.0010000000000003,0.0020000000000002,12976600.0,14099500.0,1122900.0,2.466130511844397,2.4708132345118625,27076100.0,1122900.0,-0.0006781525970149,-0.0010000000000003,-0.0020000000000002,2.4685,2.471,2.471,2.468,2.469,16106737.0,16106737.0,1.0,-24402228.06968361,5.0,11.0,3.0,4.0,0.0002500000000003,6.097196125,0.0010000000000003,739274.3125,40257929080873.0,731448.25,-2087000.0,1968200.0,-4055200.0,-3811900.0,3877500.0,-7689400.0,-3013000.0,4604200.0,-7617200.0,-1837100.0,2118600.0,-3955700.0,-2227600.0,1531000.0,-3758600.0,0.1396127946661567,0.1354396761856234
958.0,20231027.0,2.0231027095759e+16,2.471,2.47,2430000.0,1054900.0,2.472,2.469,4944600.0,5554300.0,2.473,2.468,4900900.0,3637100.0,2.474,2.467,1580700.0,1629500.0,2.475,2.466,2320300.0,1535000.0,2.223,2.472,2.471,2.457,2.463,2.47,310915024.0,310915024.0,2.717,510050.0,2023-10-27 09:57:59,2.470302705959999,0.0004047763610604,0.0012143290831815,0.0010000000000003,-0.0009999999999998,0.0020000000000002,13410800.0,16176500.0,2765700.0,2.468221060637695,2.472778487311841,29587300.0,2765700.0,0.0007240835408504,0.0009999999999998,0.0020000000000002,2.4705000000000004,2.468,2.471,2.468,2.471,6631306.0,6631306.0,1.0,37290437.38861075,12.0,8.0,4.0,1.0,0.0005000000000001,6.09917165,0.0010000000000003,276591.3,8269345829714.0,278207.5,1054900.0,-2430000.0,3484900.0,5554300.0,-4944600.0,10498900.0,3637100.0,-4900900.0,8538000.0,1629500.0,-1580700.0,3210200.0,1535000.0,-2320300.0,3855300.0,0.1308451294510443,0.1315906863147805
959.0,20231027.0,2.0231027095859e+16,2.468,2.467,1360800.0,1286800.0,2.469,2.466,4370600.0,4301800.0,2.47,2.465,5243800.0,3710600.0,2.471,2.464,3459800.0,2499400.0,2.472,2.463,1612900.0,1097300.0,2.223,2.472,2.467,2.457,2.463,2.47,318270509.0,318270509.0,2.717,510050.0,2023-10-27 09:58:59,2.467486025079317,0.0004052684903748,0.0012158054711244,0.0009999999999998,-0.0009999999999998,0.0019999999999997,12895900.0,16047900.0,3152000.0,2.4651691545374885,2.469974663351591,28943800.0,3152000.0,-0.0011408674366674,-0.0030000000000001,-0.004,2.4675,2.47,2.47,2.467,2.467,7355485.0,7355485.0,1.0,-38595851.77589231,10.0,10.0,1.0,4.0,0.0007000000000001,6.0974432,0.0010000000000003,319858.25,13553645227375.0,277577.0,-1286800.0,1360800.0,-2647600.0,-4301800.0,4370600.0,-8672400.0,-3710600.0,5243800.0,-8954400.0,-2499400.0,3459800.0,-5959200.0,-1097300.0,1612900.0,-2710200.0,0.1386330014296198,0.1341769938588083
1000.0,20231027.0,2.0231027095959e+16,2.468,2.467,663200.0,3187200.0,2.469,2.466,4502100.0,4612600.0,2.47,2.465,4742100.0,4492600.0,2.471,2.464,1812900.0,2445800.0,2.472,2.463,2465600.0,1192700.0,2.223,2.472,2.468,2.457,2.463,2.47,326800446.0,326800446.0,2.717,510050.0,2023-10-27 09:59:59,2.4678277581549968,0.0004052684903748,0.0012158054711244,0.0009999999999998,-0.0009999999999998,0.0019999999999997,15930900.0,14185900.0,-1745000.0,2.465386406292174,2.470064542961673,30116800.0,1745000.0,0.0001384848425998,-0.0020000000000002,0.0009999999999998,2.4675,2.467,2.468,2.466,2.468,8529937.0,8529937.0,1.0,13106520.657116808,9.0,11.0,3.0,2.0,0.0004999999999999,6.088063100000001,0.0009999999999998,388125.85,11919376502669.0,566544.0,1900400.0,-697600.0,2598000.0,310800.0,131500.0,179300.0,782000.0,-501700.0,1283700.0,-53600.0,-1646900.0,1593300.0,95400.0,852700.0,-757300.0,0.1294856211646662,0.123081091316646
1001.0,20231027.0,2.0231027100059e+16,2.469,2.468,624900.0,3275700.0,2.47,2.467,4646600.0,5964300.0,2.471,2.466,4721800.0,3610700.0,2.472,2.465,2831000.0,1521300.0,2.473,2.464,1920200.0,2422800.0,2.223,2.472,2.469,2.457,2.463,2.47,332473994.0,332473994.0,2.717,510050.0,2023-10-27 10:00:59,2.468839793877865,0.0004051043143609,0.0012153129430828,0.0009999999999998,-0.0010000000000003,0.0020000000000002,16794800.0,14744500.0,-2050300.0,2.466366113320789,2.471052561972261,31539300.0,2050300.0,0.0004100076524815,-0.0010000000000003,0.0009999999999998,2.4685,2.468,2.469,2.467,2.469,5673548.0,5673548.0,1.0,13295559.198665602,10.0,10.0,4.0,3.0,0.00055,6.09324575,0.0009999999999998,266030.4,4979425438402.0,404373.5,3275700.0,-624900.0,3900600.0,5964300.0,-4646600.0,10610900.0,3610700.0,-4721800.0,8332500.0,1521300.0,-2831000.0,4352300.0,2422800.0,-1920200.0,4343000.0,0.1211604788677053,0.1202525904959943
1002.0,20231027.0,2.0231027100159e+16,2.471,2.47,3288100.0,534000.0,2.472,2.469,6389400.0,2819800.0,2.473,2.468,4835500.0,3760000.0,2.474,2.467,1505700.0,3703200.0,2.475,2.466,2344000.0,1494600.0,2.223,2.472,2.471,2.457,2.463,2.47,343850740.0,343850740.0,2.717,510050.0,2023-10-27 10:01:59,2.470139713769917,0.0004047763610604,0.0012143290831815,0.0010000000000003,-0.0009999999999998,0.0020000000000002,12311600.0,18362700.0,6051100.0,2.467772198576952,2.472631214363901,30674300.0,6051100.0,0.0005263921099715,0.0009999999999998,0.0020000000000002,2.4705000000000004,2.469,2.471,2.469,2.471,11376746.0,11376746.0,1.0,27328865.969950773,8.0,12.0,5.0,3.0,0.00075,6.102135549999999,0.0009999999999998,540315.3,22792624538360.0,391780.5,534000.0,-3288100.0,3822100.0,2819800.0,-6389400.0,9209200.0,3760000.0,-4835500.0,8595500.0,3703200.0,-1505700.0,5208900.0,1494600.0,-2344000.0,3838600.0,0.1199631052965604,0.1222323081357293
1003.0,20231027.0,2.0231027100259e+16,2.468,2.467,571500.0,4026100.0,2.469,2.466,3018000.0,5732900.0,2.47,2.465,3196800.0,3482600.0,2.471,2.464,3604300.0,2583800.0,2.472,2.463,3510200.0,1255400.0,2.223,2.472,2.468,2.457,2.463,2.47,351535083.0,351535083.0,2.717,510050.0,2023-10-27 10:02:59,2.4678756960153123,0.0004052684903748,0.0012158054711244,0.0009999999999998,-0.0009999999999998,0.0019999999999997,17080800.0,13900800.0,-3180000.0,2.4655087876446067,2.470464987626612,30981600.0,3180000.0,-0.0009169748270767,-0.0020000000000002,-0.0030000000000001,2.4675,2.47,2.47,2.468,2.468,7684343.0,7684343.0,1.0,-28111947.605349936,11.0,9.0,2.0,4.0,0.0006500000000011,6.094233250000002,0.0009999999999998,340953.0,6290070898197.0,489911.75,-4026100.0,571500.0,-4597600.0,-5732900.0,3018000.0,-8750900.0,-3482600.0,3196800.0,-6679400.0,-2583800.0,3604300.0,-6188100.0,-1255400.0,3510200.0,-4765600.0,0.1286137812793984,0.1256214550107007
0.0,0.0,0.0,0.0,0.0,0.0,0.0,0.0,0.0,0.0,0.0,0.0,0.0,0.0,0.0,0.0,0.0,0.0,0.0,0.0,0.0,0.0,0.0,0.0,0.0,0.0,0.0,0.0,0.0,0.0,0.0,0.0,0.0,0.0,0.0,0.0,0.0,0.0,0.0,0.0,0.0,0.0,0.0,0.0,0.0,0.0,0.0,0.0,0.0,0.0,0.0,0.0,0.0,0.0,0.0,0.0,0.0,0.0,0.0,0.0,0.0,0.0,0.0,0.0,0.0,0.0,0.0,0.0,0.0,0.0,0.0,0.0,0.0,0.0,0.0,0.0,0.0,0.0,0.0,0.0,0.0,0.0,0.0,0.0,0.0,0.0
1005.0,20231027.0,2.0231027100459e+16,2.475,2.474,2978100.0,1927700.0,2.476,2.473,5012300.0,3085300.0,2.477,2.472,4993000.0,3080600.0,2.478,2.471,1763600.0,1560500.0,2.479,2.47,2219000.0,971300.0,2.223,2.475,2.474,2.457,2.463,2.47,386066283.0,386066283.0,2.717,510050.0,2023-10-27 10:04:59,2.4743929430470057,0.0004041220448575,0.0012123661345726,0.0010000000000003,-0.0009999999999998,0.0020000000000002,10625400.0,16966000.0,6340600.0,2.4723235266437027,2.476719032182011,27591400.0,6340600.0,0.001858770620793,0.004,0.004,2.4745,2.47,2.475,2.47,2.474,26292781.0,26292781.0,1.0,60373610.53293998,14.0,6.0,8.0,4.0,0.0012999999999996,6.114247500000002,0.00225,845193.05,87951219144517.0,1183076.5,1927700.0,-2978100.0,4905800.0,3085300.0,-5012300.0,8097600.0,3080600.0,-4993000.0,8073600.0,1560500.0,-1763600.0,3324100.0,971300.0,-2219000.0,3190300.0,0.1736582243481894,0.1618155368990226
1006.0,20231027.0,2.0231027100559e+16,2.474,2.473,2879200.0,1057500.0,2.475,2.472,7708900.0,3006200.0,2.476,2.471,4105100.0,2846600.0,2.477,2.47,2603100.0,1389600.0,2.478,2.469,1831100.0,1503500.0,2.223,2.475,2.474,2.457,2.463,2.47,394327195.0,394327195.0,2.717,510050.0,2023-10-27 10:05:59,2.4732686260065537,0.0004042854255105,0.0012128562765312,0.0009999999999998,-0.0009999999999998,0.0019999999999997,9803400.0,19127400.0,9324000.0,2.471073913132179,2.475623472087164,28930800.0,9324000.0,-0.0004544842221373,0.004,0.0,2.4735,2.474,2.475,2.473,2.474,8260912.0,8260912.0,1.0,-54821.58659492433,15.0,5.0,5.0,4.0,0.0005000000000001,6.120676500000001,0.0005000000000001,335734.6,10346135740200.0,301099.0,-1057500.0,2879200.0,-3936700.0,-3006200.0,7708900.0,-10715100.0,-2846600.0,4105100.0,-6951700.0,-1389600.0,2603100.0,-3992700.0,-1503500.0,1831100.0,-3334600.0,0.171954712304589,0.158898233584191
0.0,0.0,0.0,0.0,0.0,0.0,0.0,0.0,0.0,0.0,0.0,0.0,0.0,0.0,0.0,0.0,0.0,0.0,0.0,0.0,0.0,0.0,0.0,0.0,0.0,0.0,0.0,0.0,0.0,0.0,0.0,0.0,0.0,0.0,0.0,0.0,0.0,0.0,0.0,0.0,0.0,0.0,0.0,0.0,0.0,0.0,0.0,0.0,0.0,0.0,0.0,0.0,0.0,0.0,0.0,0.0,0.0,0.0,0.0,0.0,0.0,0.0,0.0,0.0,0.0,0.0,0.0,0.0,0.0,0.0,0.0,0.0,0.0,0.0,0.0,0.0,0.0,0.0,0.0,0.0,0.0,0.0,0.0,0.0,0.0,0.0
1008.0,20231027.0,2.0231027100759e+16,2.473,2.472,3479600.0,963600.0,2.474,2.471,5806900.0,4861600.0,2.475,2.47,6347800.0,4189900.0,2.476,2.469,3010900.0,1565900.0,2.477,2.468,2730900.0,1719600.0,2.223,2.475,2.472,2.457,2.463,2.47,402901752.0,402901752.0,2.717,510050.0,2023-10-27 10:07:59,2.472216870723803,0.0004044489383214,0.0012133468149646,0.0009999999999998,-0.0010000000000003,0.0020000000000002,13300600.0,21376100.0,8075500.0,2.470134106732027,2.474799149517452,34676700.0,8075500.0,7.071828324722862e-05,0.0019999999999997,0.0,2.4725,2.472,2.472,2.471,2.472,5071785.0,5071785.0,1.0,84099.52243761718,15.0,5.0,4.0,4.0,0.0002500000000003,6.109548249999998,0.0002499999999998,238143.75,4527512063601.0,222113.75,677700.0,-3034200.0,3711900.0,1819200.0,1923100.0,-103900.0,-19300.0,-78700.0,59400.0,-2289500.0,1397500.0,-3687000.0,-47300.0,20300.0,-67600.0,0.16147683213291,0.1473053839747252
1009.0,20231027.0,2.0231027100859e+16,2.475,2.474,4126000.0,4300800.0,2.476,2.473,4758200.0,5009400.0,2.477,2.472,5546900.0,4577700.0,2.478,2.471,3150600.0,847300.0,2.479,2.47,2374600.0,1298400.0,2.223,2.475,2.474,2.457,2.463,2.47,419187524.0,419187524.0,2.717,510050.0,2023-10-27 10:08:59,2.474510371671334,0.0004041220448575,0.0012123661345726,0.0010000000000003,-0.0009999999999998,0.0020000000000002,16033600.0,19956300.0,3922700.0,2.4726340996407545,2.4767439204662187,35989900.0,3922700.0,0.0009272801994069,0.004,0.0020000000000002,2.4745,2.472,2.475,2.472,2.474,16285772.0,16285772.0,1.0,33036582.16049719,9.0,11.0,5.0,3.0,0.0006999999999997,6.117213800000001,0.0012500000000001,774596.1,76308919039188.0,527749.5,4300800.0,-4126000.0,8426800.0,5009400.0,-4758200.0,9767600.0,4577700.0,-5546900.0,10124600.0,847300.0,-3150600.0,3997900.0,1298400.0,-2374600.0,3673000.0,0.1712911976877107,0.1521652030231781
1010.0,20231027.0,2.0231027100959e+16,2.475,2.474,985500.0,4909800.0,2.476,2.473,6188000.0,6286100.0,2.477,2.472,6208200.0,4655800.0,2.478,2.471,3211900.0,761100.0,2.479,2.47,2392210.0,1593100.0,2.223,2.476,2.475,2.457,2.463,2.47,436905620.0,436905620.0,2.717,510050.0,2023-10-27 10:09:59,2.4748328329347107,0.0004041220448575,0.0012123661345726,0.0010000000000003,-0.0009999999999998,0.0020000000000002,18205900.0,18985810.0,779910.0,2.472667827462526,2.4769914314954167,37191710.0,779910.0,0.0001303046689236,0.0049999999999998,0.0009999999999998,2.4745,2.475,2.476,2.474,2.475,17718096.0,17718096.0,1.0,121751.4456640333,5.0,15.0,6.0,6.0,9.999999999976694e-05,6.1261204,0.0002499999999998,822049.3,64370806285338.0,1021955.75,609000.0,-3140500.0,3749500.0,1276700.0,1429800.0,-153100.0,78100.0,661300.0,-583200.0,-86200.0,61300.0,-147500.0,294700.0,17610.0,277090.0,0.130579074219468,0.1179808474433904
1011.0,20231027.0,2.0231027101059e+16,2.477,2.476,5057900.0,498400.0,2.478,2.475,5238300.0,3825300.0,2.479,2.474,3600100.0,3555900.0,2.48,2.473,1940410.0,3199500.0,2.481,2.472,1031600.0,1327700.0,2.223,2.477,2.476,2.457,2.463,2.47,458010568.0,458010568.0,2.717,510050.0,2023-10-27 10:10:59,2.4760896999802027,0.0004037956793861,0.0012113870381587,0.0009999999999998,-0.0010000000000003,0.0020000000000002,12406800.0,16868310.0,4461510.0,2.4739167553277235,2.4783271116075056,29275110.0,4461510.0,0.0005077304539251,0.0059999999999997,0.0009999999999998,2.4765,2.475,2.477,2.474,2.476,21104948.0,21104948.0,1.0,17940011.8084749,13.0,7.0,4.0,3.0,0.00035,6.128843350000002,0.0009999999999998,991474.9,73448575816898.0,1524117.75,498400.0,-5057900.0,5556300.0,3825300.0,-5238300.0,9063600.0,3555900.0,-3600100.0,7156000.0,3199500.0,-1940410.0,5139910.0,1327700.0,-1031600.0,2359300.0,0.1263872155464949,0.1157514224966836
1012.0,20231027.0,2.0231027101159e+16,2.478,2.477,419900.0,5670000.0,2.479,2.476,4439600.0,4219500.0,2.48,2.475,4889200.0,4555300.0,2.481,2.474,3393700.0,972200.0,2.482,2.473,1713200.0,1370400.0,2.223,2.478,2.477,2.457,2.463,2.47,474050234.0,474050234.0,2.717,510050.0,2023-10-27 10:11:59,2.4779310497709326,0.0004036326942483,0.0012108980827447,0.0009999999999998,-0.0009999999999998,0.0019999999999997,16787400.0,14855600.0,-1931800.0,2.475705678068075,2.480103711731603,31643000.0,1931800.0,0.0007433759237354,0.0069999999999996,0.0009999999999998,2.4775,2.476,2.478,2.476,2.477,16039666.0,16039666.0,1.0,18729125.42863504,12.0,8.0,5.0,4.0,0.0003499999999996,6.133795550000001,0.0009999999999998,728553.3,41946500444300.0,915425.25,5670000.0,-419900.0,6089900.0,4219500.0,-4439600.0,8659100.0,4555300.0,-4889200.0,9444500.0,972200.0,-3393700.0,4365900.0,1370400.0,-1713200.0,3083600.0,0.1209817096798308,0.1085788115041216
1013.0,20231027.0,2.0231027101259e+16,2.478,2.477,1647200.0,3962700.0,2.479,2.476,7042200.0,4987000.0,2.48,2.475,5734200.0,2683500.0,2.481,2.474,2939700.0,883200.0,2.482,2.473,1522600.0,1452000.0,2.223,2.479,2.478,2.457,2.463,2.47,512578493.0,512578493.0,2.717,510050.0,2023-10-27 10:12:59,2.4777063762277405,0.0004036326942483,0.0012108980827447,0.0009999999999998,-0.0009999999999998,0.0019999999999997,13968400.0,18885900.0,4917500.0,2.4756532745339483,2.479769579421685,32854300.0,4917500.0,-9.067392306283396e-05,0.008,0.0010000000000003,2.4775,2.478,2.478,2.477,2.478,38528259.0,38528259.0,1.0,864152.1433673538,14.0,6.0,4.0,4.0,0.0003000000000001,6.138997500000001,0.0010000000000003,1804865.95,446839509051375.0,1278104.5,-1707300.0,1227300.0,-2934600.0,767500.0,2602600.0,-1835100.0,-1871800.0,845000.0,-2716800.0,-89000.0,-454000.0,365000.0,81600.0,-190600.0,272200.0,0.1246161343342027,0.1237258441910626
1014.0,20231027.0,2.0231027101359e+16,2.478,2.477,6332400.0,317600.0,2.479,2.476,7304500.0,4299500.0,2.48,2.475,6698300.0,3482900.0,2.481,2.474,1018900.0,1128200.0,2.482,2.473,1412610.0,1002300.0,2.223,2.479,2.477,2.457,2.463,2.47,524537141.0,524537141.0,2.717,510050.0,2023-10-27 10:13:59,2.4770477593984963,0.0004036326942483,0.0012108980827447,0.0009999999999998,-0.0009999999999998,0.0019999999999997,10230500.0,22766710.0,12536210.0,2.475176130198915,2.4792917211138548,32997210.0,12536210.0,-0.0002658524782844,0.0069999999999996,-0.0010000000000003,2.4775,2.478,2.479,2.477,2.477,11958648.0,11958648.0,1.0,-21326918.915431645,17.0,3.0,1.0,2.0,4.999999999988347e-05,6.140236450000001,0.0,549125.9,22833090698530.0,608871.0,-3645100.0,4685200.0,-8330300.0,-687500.0,262300.0,-949800.0,799400.0,964100.0,-164700.0,245000.0,-1920800.0,2165800.0,-449700.0,-109990.0,-339710.0,0.1210920167858567,0.1162984024971118
1015.0,20231027.0,2.0231027101459e+16,2.476,2.475,445800.0,3417000.0,2.477,2.474,4995500.0,4601400.0,2.478,2.473,5615200.0,3237600.0,2.479,2.472,3489200.0,1296200.0,2.48,2.471,3088610.0,1192700.0,2.223,2.479,2.475,2.457,2.463,2.47,531442019.0,531442019.0,2.717,510050.0,2023-10-27 10:14:59,2.47588459148804,0.0004039587962027,0.0012118763886082,0.0009999999999998,-0.0009999999999998,0.0019999999999997,13744900.0,17634310.0,3889410.0,2.473564121965238,2.4782143162959027,31379210.0,3889410.0,-0.0004696886003832,0.0049999999999998,-0.0019999999999997,2.4755000000000003,2.477,2.477,2.475,2.475,6904878.0,6904878.0,1.0,-42581696.3527637,14.0,6.0,3.0,5.0,0.0001999999999999,6.129586000000001,0.0009999999999998,238418.4,5658618697428.0,387702.5,-3417000.0,445800.0,-3862800.0,-4601400.0,4995500.0,-9596900.0,-3237600.0,5615200.0,-8852800.0,-1296200.0,3489200.0,-4785400.0,-1192700.0,3088610.0,-4281310.0,0.1088088332453646,0.1084886847558797
1016.0,20231027.0,2.0231027101559e+16,2.478,2.477,3210000.0,4760000.0,2.479,2.476,7933500.0,4464500.0,2.48,2.475,6237400.0,3967900.0,2.481,2.474,1236300.0,1048800.0,2.482,2.473,1538610.0,1124700.0,2.223,2.479,2.478,2.457,2.463,2.47,551446864.0,551446864.0,2.717,510050.0,2023-10-27 10:15:59,2.4775972396486825,0.0004036326942483,0.0012108980827447,0.0009999999999998,-0.0009999999999998,0.0019999999999997,15365900.0,20155810.0,4789910.0,2.4756954555216417,2.4795018815914616,35521710.0,4789910.0,0.0006914926862641,0.008,0.0030000000000001,2.4775,2.476,2.478,2.476,2.478,20004845.0,20004845.0,1.0,43707487.86319688,11.0,9.0,5.0,3.0,0.00075,6.134291150000001,0.0009999999999998,983894.25,75150125908453.0,1100179.75,4760000.0,-3210000.0,7970000.0,4464500.0,-7933500.0,12398000.0,3967900.0,-6237400.0,10205300.0,1048800.0,-1236300.0,2285100.0,1124700.0,-1538610.0,2663310.0,0.1155964557091074,0.1116573731949699
1017.0,20231027.0,2.0231027101659e+16,2.478,2.477,242500.0,2646300.0,2.479,2.476,7879000.0,3448500.0,2.48,2.475,6621600.0,3816100.0,2.481,2.474,2421210.0,997000.0,2.482,2.473,1580800.0,1126400.0,2.223,2.479,2.478,2.457,2.463,2.47,561395661.0,561395661.0,2.717,510050.0,2023-10-27 10:16:59,2.477916055109388,0.0004036326942483,0.0012108980827447,0.0009999999999998,-0.0009999999999998,0.0019999999999997,12034300.0,18745110.0,6710810.0,2.4754563040642164,2.4798516311720764,30779410.0,6710810.0,0.0001286710143559,0.008,0.0,2.4775,2.477,2.479,2.477,2.478,9948797.0,9948797.0,1.0,22212017.84910736,15.0,5.0,4.0,3.0,4.999999999943938e-05,6.14023665,0.0002499999999998,478606.85,17010997665445.0,487294.0,-2113700.0,-2967500.0,853800.0,-1016000.0,-54500.0,-961500.0,-151800.0,384200.0,-536000.0,-51800.0,1184910.0,-1236710.0,1700.0,42190.0,-40490.0,0.1135519370749768,0.1091818471555404
1018.0,20231027.0,2.0231027101759e+16,2.477,2.476,4386900.0,2042900.0,2.478,2.475,6543800.0,3614000.0,2.479,2.474,4905300.0,4518300.0,2.48,2.473,2930000.0,1525300.0,2.481,2.472,992600.0,1320400.0,2.223,2.479,2.476,2.457,2.463,2.47,568135689.0,568135689.0,2.717,510050.0,2023-10-27 10:17:59,2.4763177237239105,0.0004037956793861,0.0012113870381587,0.0009999999999998,-0.0010000000000003,0.0020000000000002,13020900.0,19758600.0,6737700.0,2.4742713867704995,2.478473525452208,32779500.0,6737700.0,-0.0006452386028934,0.0059999999999997,-0.0020000000000002,2.4765,2.478,2.478,2.476,2.476,6740028.0,6740028.0,1.0,-45650641.01971664,12.0,8.0,4.0,6.0,0.0007499999999995,6.134291049999999,0.0009999999999998,298110.4,7031598871334.0,357111.75,-2042900.0,4386900.0,-6429800.0,-3614000.0,6543800.0,-10157800.0,-4518300.0,4905300.0,-9423600.0,-1525300.0,2930000.0,-4455300.0,-1320400.0,992600.0,-2313000.0,0.1079065759838511,0.0868920529234773
0.0,0.0,0.0,0.0,0.0,0.0,0.0,0.0,0.0,0.0,0.0,0.0,0.0,0.0,0.0,0.0,0.0,0.0,0.0,0.0,0.0,0.0,0.0,0.0,0.0,0.0,0.0,0.0,0.0,0.0,0.0,0.0,0.0,0.0,0.0,0.0,0.0,0.0,0.0,0.0,0.0,0.0,0.0,0.0,0.0,0.0,0.0,0.0,0.0,0.0,0.0,0.0,0.0,0.0,0.0,0.0,0.0,0.0,0.0,0.0,0.0,0.0,0.0,0.0,0.0,0.0,0.0,0.0,0.0,0.0,0.0,0.0,0.0,0.0,0.0,0.0,0.0,0.0,0.0,0.0,0.0,0.0,0.0,0.0,0.0,0.0
1020.0,20231027.0,2.0231027101959e+16,2.48,2.479,1769000.0,1289300.0,2.481,2.478,5623300.0,3206900.0,2.482,2.477,4589100.0,3795900.0,2.483,2.476,2519510.0,1680500.0,2.484,2.475,1231500.0,1099100.0,2.223,2.481,2.479,2.457,2.463,2.47,605911911.0,605911911.0,2.717,510050.0,2023-10-27 10:19:59,2.4794215740771017,0.0004033071183705,0.0012099213551117,0.0009999999999998,-0.0009999999999998,0.0019999999999997,11071700.0,15732410.0,4660710.0,2.477172222874536,2.4817343833525825,26804110.0,4660710.0,0.000737720370862,0.0089999999999998,0.0020000000000002,2.4795,2.478,2.48,2.477,2.479,24385719.0,24385719.0,1.0,23516395.972648945,11.0,9.0,3.0,2.0,0.0008000000000008,6.146433600000001,0.0019999999999997,965457.95,61628680965373.0,1662823.5,1289300.0,-1769000.0,3058300.0,3206900.0,-5623300.0,8830200.0,3795900.0,-4589100.0,8385000.0,1680500.0,-2519510.0,4200010.0,1099100.0,-1231500.0,2330600.0,0.1224480726095454,0.0990771656306432
1021.0,20231027.0,2.0231027102059e+16,2.481,2.48,3504200.0,1050700.0,2.482,2.479,4591800.0,5946000.0,2.483,2.478,6137100.0,3486000.0,2.484,2.477,1371600.0,2346700.0,2.485,2.476,2586800.0,1354900.0,2.223,2.481,2.48,2.457,2.463,2.47,615267000.0,615267000.0,2.717,510050.0,2023-10-27 10:20:59,2.48023067465806,0.0004031445273129,0.0012094335819391,0.0009999999999998,-0.0010000000000003,0.0020000000000002,14184300.0,18191500.0,4007200.0,2.47821085989439,2.482722122969519,32375800.0,4007200.0,0.0003262731125321,0.0099999999999997,0.0009999999999998,2.4805,2.479,2.48,2.479,2.48,9355089.0,9355089.0,1.0,24665636.06204755,17.0,3.0,3.0,2.0,0.00015,6.149656150000002,0.0,395575.45,21752240147709.0,285068.5,1050700.0,-3504200.0,4554900.0,5946000.0,-4591800.0,10537800.0,3486000.0,-6137100.0,9623100.0,2346700.0,-1371600.0,3718300.0,1354900.0,-2586800.0,3941700.0,0.1191062100159089,0.1017289353495519
0.0,0.0,0.0,0.0,0.0,0.0,0.0,0.0,0.0,0.0,0.0,0.0,0.0,0.0,0.0,0.0,0.0,0.0,0.0,0.0,0.0,0.0,0.0,0.0,0.0,0.0,0.0,0.0,0.0,0.0,0.0,0.0,0.0,0.0,0.0,0.0,0.0,0.0,0.0,0.0,0.0,0.0,0.0,0.0,0.0,0.0,0.0,0.0,0.0,0.0,0.0,0.0,0.0,0.0,0.0,0.0,0.0,0.0,0.0,0.0,0.0,0.0,0.0,0.0,0.0,0.0,0.0,0.0,0.0,0.0,0.0,0.0,0.0,0.0,0.0,0.0,0.0,0.0,0.0,0.0,0.0,0.0,0.0,0.0,0.0,0.0
1023.0,20231027.0,2.0231027102244e+16,2.479,2.478,320100.0,1311400.0,2.48,2.477,4507000.0,6498100.0,2.481,2.476,6270800.0,3243500.0,2.482,2.475,2324400.0,1199800.0,2.483,2.474,2633110.0,1899600.0,2.223,2.481,2.479,2.457,2.463,2.47,621857608.0,621857608.0,2.717,510050.0,2023-10-27 10:22:44,2.47880380018388,0.0004034698406293,0.0012104095218882,0.0010000000000003,-0.0009999999999998,0.0020000000000002,14152400.0,16055410.0,1903010.0,2.476291250953901,2.481152186708405,30207810.0,1903010.0,-0.0007232093606682,0.0089999999999998,-0.0009999999999998,2.4785000000000004,2.48,2.481,2.479,2.479,1410791.0,1410791.0,1.0,-25083092.52429732,11.0,4.0,1.0,2.0,0.0001999999999999,6.149408333333333,0.0005000000000001,90896.26666666666,298606837401.0,177244.0,-1311400.0,320100.0,-1631500.0,-6498100.0,4507000.0,-11005100.0,-3243500.0,6270800.0,-9514300.0,-1199800.0,2324400.0,-3524200.0,-1899600.0,2633110.0,-4532710.0,0.1206805480489588,0.1027646886859954
1024.0,20231027.0,2.0231027102359e+16,2.479,2.478,1908000.0,87100.0,2.48,2.477,5111700.0,6377600.0,2.481,2.476,5202900.0,4650600.0,2.482,2.475,1589410.0,3299800.0,2.483,2.474,2771700.0,1990600.0,2.223,2.481,2.478,2.457,2.463,2.47,626837077.0,626837077.0,2.717,510050.0,2023-10-27 10:23:59,2.478043656959551,0.0004034698406293,0.0012104095218882,0.0010000000000003,-0.0009999999999998,0.0020000000000002,16405700.0,16583710.0,178010.0,2.4759555520337444,2.480891767885473,32989410.0,178010.0,-0.000306704306259,0.008,-0.0009999999999998,2.4785000000000004,2.479,2.479,2.477,2.478,4979469.0,4979469.0,1.0,-25198725.80560904,10.0,4.0,2.0,3.0,0.0002142857142852,6.139422357142857,0.0007500000000004,188050.0,1565576283533.0,280715.0,-1224300.0,1587900.0,-2812200.0,-120500.0,604700.0,-725200.0,1407100.0,-1067900.0,2475000.0,2100000.0,-734990.0,2834990.0,91000.0,138590.0,-47590.0,0.1265512978064517,0.1062969640857036
0.0,0.0,0.0,0.0,0.0,0.0,0.0,0.0,0.0,0.0,0.0,0.0,0.0,0.0,0.0,0.0,0.0,0.0,0.0,0.0,0.0,0.0,0.0,0.0,0.0,0.0,0.0,0.0,0.0,0.0,0.0,0.0,0.0,0.0,0.0,0.0,0.0,0.0,0.0,0.0,0.0,0.0,0.0,0.0,0.0,0.0,0.0,0.0,0.0,0.0,0.0,0.0,0.0,0.0,0.0,0.0,0.0,0.0,0.0,0.0,0.0,0.0,0.0,0.0,0.0,0.0,0.0,0.0,0.0,0.0,0.0,0.0,0.0,0.0,0.0,0.0,0.0,0.0,0.0,0.0,0.0,0.0,0.0,0.0,0.0,0.0
1026.0,20231027.0,2.0231027102559e+16,2.478,2.477,1189500.0,4619500.0,2.479,2.476,4211400.0,6096600.0,2.48,2.475,4894300.0,3355000.0,2.481,2.474,3631700.0,1720400.0,2.482,2.473,2001310.0,1657400.0,2.223,2.481,2.477,2.457,2.463,2.47,637552246.0,637552246.0,2.717,510050.0,2023-10-27 10:25:59,2.47779523153727,0.0004036326942483,0.0012108980827447,0.0009999999999998,-0.0009999999999998,0.0019999999999997,17448900.0,15928210.0,-1520690.0,2.4755903180143166,2.480065539065595,33377110.0,1520690.0,-0.0005143806442506,0.0069999999999996,-0.0020000000000002,2.4775,2.48,2.48,2.477,2.477,4821840.0,4821840.0,1.0,-76911733.26995891,8.0,12.0,1.0,4.0,0.0004500000000002,6.142714950000001,0.0009999999999998,233534.0,6795310164226.0,193224.25,-4619500.0,1189500.0,-5809000.0,-6096600.0,4211400.0,-10308000.0,-3355000.0,4894300.0,-8249300.0,-1720400.0,3631700.0,-5352100.0,-1657400.0,2001310.0,-3658710.0,0.0816586223645952,0.0800925245034602
1027.0,20231027.0,2.0231027102659e+16,2.479,2.478,4195200.0,1795000.0,2.48,2.477,5089700.0,3925500.0,2.481,2.476,5399100.0,7242200.0,2.482,2.475,1862710.0,3233300.0,2.483,2.474,2404200.0,1707500.0,2.223,2.481,2.478,2.457,2.463,2.47,638960522.0,638960522.0,2.717,510050.0,2023-10-27 10:26:59,2.4782996561049715,0.0004034698406293,0.0012104095218882,0.0010000000000003,-0.0009999999999998,0.0020000000000002,17903500.0,18950910.0,1047410.0,2.476048437456364,2.480640703797337,36854410.0,1047410.0,0.0002035572687282,0.008,0.0010000000000003,2.4785000000000004,2.478,2.478,2.477,2.478,1408276.0,1408276.0,1.0,-1607.3033490106463,19.0,1.0,1.0,1.0,4.999999999943938e-05,6.140236250000001,0.0,67811.8,633806856228.0,36736.25,1795000.0,-4195200.0,5990200.0,3925500.0,-5089700.0,9015200.0,7242200.0,-5399100.0,12641300.0,3233300.0,-1862710.0,5096010.0,1707500.0,-2404200.0,4111700.0,0.0781456974101557,0.0749377152407133
1028.0,20231027.0,2.0231027102759e+16,2.479,2.478,504500.0,2281400.0,2.48,2.477,5290900.0,6215600.0,2.481,2.476,6110700.0,4992100.0,2.482,2.475,2024700.0,1284700.0,2.483,2.474,3251610.0,1927600.0,2.223,2.481,2.479,2.457,2.463,2.47,645717259.0,645717259.0,2.717,510050.0,2023-10-27 10:27:59,2.478818909508597,0.0004034698406293,0.0012104095218882,0.0010000000000003,-0.0009999999999998,0.0020000000000002,16701400.0,17182410.0,481010.0,2.476337606428204,2.4811296686553286,33883810.0,481010.0,0.0002094980778254,0.0089999999999998,0.0009999999999998,2.4785000000000004,2.478,2.479,2.478,2.479,6756737.0,6756737.0,1.0,26013803.37966968,5.0,15.0,3.0,2.0,0.0002500000000003,6.141723250000001,0.0002499999999998,321729.85,8822710404479.0,298517.5,486400.0,-3690700.0,4177100.0,2290100.0,201200.0,2088900.0,-2250100.0,711600.0,-2961700.0,-1948600.0,161990.0,-2110590.0,220100.0,847410.0,-627310.0,0.0638620889133473,0.065231883955581
1029.0,20231027.0,2.0231027102859e+16,2.479,2.478,1438000.0,6151200.0,2.48,2.477,5263400.0,4767600.0,2.481,2.476,6116500.0,4798700.0,2.482,2.475,2115100.0,1398700.0,2.483,2.474,2825010.0,1937600.0,2.223,2.481,2.478,2.457,2.463,2.47,649437594.0,649437594.0,2.717,510050.0,2023-10-27 10:28:59,2.4788105202129342,0.0004034698406293,0.0012104095218882,0.0010000000000003,-0.0009999999999998,0.0020000000000002,19053800.0,17758010.0,-1295790.0,2.4766190943538824,2.4809789233140425,36811810.0,1295790.0,-3.384398040040537e-06,0.008,-0.0009999999999998,2.4785000000000004,2.479,2.479,2.478,2.478,3720335.0,3720335.0,1.0,-26106847.96811088,6.0,14.0,4.0,5.0,0.0002999999999997,6.141971100000001,0.0009999999999998,169659.75,7066968770867.0,59038.25,3869800.0,933500.0,2936300.0,-1448000.0,-27500.0,-1420500.0,-193400.0,5800.0,-199200.0,114000.0,90400.0,23600.0,10000.0,-426600.0,436600.0,0.0641428087440077,0.0646686392807959
1030.0,20231027.0,2.0231027102959e+16,2.48,2.479,1118600.0,2953900.0,2.481,2.478,4623800.0,6287600.0,2.482,2.477,5358100.0,3150900.0,2.483,2.476,4272900.0,1368600.0,2.484,2.475,2033710.0,1470000.0,2.223,2.481,2.48,2.457,2.463,2.47,660754147.0,660754147.0,2.717,510050.0,2023-10-27 10:29:59,2.479725328422345,0.0004033071183705,0.0012099213551117,0.0009999999999998,-0.0009999999999998,0.0019999999999997,15231000.0,17407110.0,2176110.0,2.4775178123563784,2.4820849836647207,32638110.0,2176110.0,0.0003689832029919,0.0099999999999997,0.0019999999999997,2.4795,2.478,2.48,2.478,2.48,11316553.0,11316553.0,1.0,52765220.15375352,8.0,12.0,5.0,3.0,0.0003499999999991,6.147176750000001,0.0009999999999998,532367.15,31526248554163.0,406477.25,2953900.0,-1118600.0,4072500.0,6287600.0,-4623800.0,10911400.0,3150900.0,-5358100.0,8509000.0,1368600.0,-4272900.0,5641500.0,1470000.0,-2033710.0,3503710.0,0.0589106565846479,0.0626304806531542
1031.0,20231027.0,2.0231027103059e+16,2.48,2.479,30500.0,2316100.0,2.481,2.478,6287100.0,6499500.0,2.482,2.477,5379600.0,3293300.0,2.483,2.476,2638900.0,1358600.0,2.484,2.475,1963710.0,1361100.0,2.223,2.481,2.48,2.457,2.463,2.47,668603012.0,668603012.0,2.717,510050.0,2023-10-27 10:30:59,2.479987002471661,0.0004033071183705,0.0012099213551117,0.0009999999999998,-0.0009999999999998,0.0019999999999997,14828600.0,16299810.0,1471210.0,2.4774754933034813,2.4820133878861164,31128410.0,1471210.0,0.0001055198495802,0.0099999999999997,0.0,2.4795,2.48,2.48,2.479,2.48,7848865.0,7848865.0,1.0,-18551.169940385967,14.0,6.0,4.0,4.0,0.0002999999999997,6.1489123,0.0009999999999998,332814.25,9192917038149.0,328689.25,-637800.0,-1088100.0,450300.0,211900.0,1663300.0,-1451400.0,142400.0,21500.0,120900.0,-10000.0,-1634000.0,1624000.0,-108900.0,-70000.0,-38900.0,0.0749863943748513,0.068598648015706
1032.0,20231027.0,2.0231027103159e+16,2.48,2.479,219100.0,1074100.0,2.481,2.478,6831700.0,5254300.0,2.482,2.477,4860800.0,3912100.0,2.483,2.476,3938710.0,1334600.0,2.484,2.475,1927400.0,1347200.0,2.223,2.481,2.48,2.457,2.463,2.47,673255574.0,673255574.0,2.717,510050.0,2023-10-27 10:31:59,2.479830575317043,0.0004033071183705,0.0012099213551117,0.0009999999999998,-0.0009999999999998,0.0019999999999997,12922300.0,17777710.0,4855410.0,2.477261060337556,2.48202945317479,30700010.0,4855410.0,-6.307778550973531e-05,0.0099999999999997,0.0,2.4795,2.48,2.481,2.48,2.48,4652562.0,4652562.0,1.0,-168233.9960798733,6.0,14.0,3.0,3.0,0.0003000000000001,6.1518883,0.0009999999999998,156370.1,7344753156378.0,246353.0,-1242000.0,188600.0,-1430600.0,-1245200.0,544600.0,-1789800.0,618800.0,-518800.0,1137600.0,-24000.0,1299810.0,-1323810.0,-13900.0,-36310.0,22410.0,0.0777920058072111,0.072687220615246
1033.0,20231027.0,2.0231027103259e+16,2.48,2.479,747800.0,1433000.0,2.481,2.478,5168000.0,4247700.0,2.482,2.477,5048800.0,4107300.0,2.483,2.476,3948200.0,1559600.0,2.484,2.475,2018500.0,1360900.0,2.223,2.481,2.479,2.457,2.463,2.47,679777654.0,679777654.0,2.717,510050.0,2023-10-27 10:32:59,2.479657098312546,0.0004033071183705,0.0012099213551117,0.0009999999999998,-0.0009999999999998,0.0019999999999997,12708500.0,16931300.0,4222800.0,2.477222866585356,2.482078056617035,29639800.0,4222800.0,-6.995763110384523e-05,0.0089999999999998,-0.0009999999999998,2.4795,2.48,2.48,2.478,2.479,6522080.0,6522080.0,1.0,-27222892.72384164,12.0,8.0,2.0,3.0,0.0004500000000002,6.148168550000002,0.0009999999999998,277496.0,9372770806090.0,277124.0,358900.0,528700.0,-169800.0,-1006600.0,-1663700.0,657100.0,195200.0,188000.0,7200.0,225000.0,9490.0,215510.0,13700.0,91100.0,-77400.0,0.0858034366629762,0.0767712856855908
1034.0,20231027.0,2.0231027103359e+16,2.478,2.477,189100.0,2178600.0,2.479,2.476,3360100.0,5739800.0,2.48,2.475,7561200.0,3796800.0,2.481,2.474,3878800.0,1982200.0,2.482,2.473,1795800.0,1403400.0,2.223,2.481,2.478,2.457,2.463,2.47,681883223.0,681883223.0,2.717,510050.0,2023-10-27 10:33:59,2.4779201334628547,0.0004036326942483,0.0012108980827447,0.0009999999999998,-0.0009999999999998,0.0019999999999997,15100800.0,16785000.0,1684200.0,2.47535150455605,2.480222347333929,31885800.0,1684200.0,-0.0007007313611304,0.008,-0.0009999999999998,2.4775,2.479,2.48,2.478,2.478,2105569.0,2105569.0,1.0,-27505115.778702207,7.0,13.0,2.0,3.0,0.0004500000000002,6.142714850000001,0.0009999999999998,104782.45,667681934747.0,190890.25,-2178600.0,189100.0,-2367700.0,-5739800.0,3360100.0,-9099900.0,-3796800.0,7561200.0,-11358000.0,-1982200.0,3878800.0,-5861000.0,-1403400.0,1795800.0,-3199200.0,0.1001478561867525,0.0881797212950226
1035.0,20231027.0,2.0231027103459e+16,2.477,2.476,1591300.0,2289000.0,2.478,2.475,6115700.0,4989400.0,2.479,2.474,4485600.0,4021800.0,2.48,2.473,2360210.0,1716300.0,2.481,2.472,1887600.0,1507800.0,2.223,2.481,2.476,2.457,2.463,2.47,684690686.0,684690686.0,2.717,510050.0,2023-10-27 10:34:59,2.476589902842564,0.0004037956793861,0.0012113870381587,0.0009999999999998,-0.0010000000000003,0.0020000000000002,14524300.0,16440410.0,1916110.0,2.474332924822539,2.478807614895249,30964710.0,1916110.0,-0.0005369776799347,0.0059999999999997,-0.0020000000000002,2.4765,2.477,2.478,2.476,2.476,2807463.0,2807463.0,1.0,-27668750.779253013,11.0,9.0,3.0,4.0,0.0006499999999989,6.1337956500000015,0.0009999999999998,75294.5,825583672607.0,131354.0,-2289000.0,1591300.0,-3880300.0,-4989400.0,6115700.0,-11105100.0,-4021800.0,4485600.0,-8507400.0,-1716300.0,2360210.0,-4076510.0,-1507800.0,1887600.0,-3395400.0,0.1059011305998834,0.0916678505822908
1036.0,20231027.0,2.0231027103559e+16,2.475,2.474,1017100.0,3754900.0,2.476,2.473,2930100.0,6197200.0,2.477,2.472,5300700.0,2851500.0,2.478,2.471,4277610.0,1434800.0,2.479,2.47,1142000.0,1795900.0,2.223,2.481,2.475,2.457,2.463,2.47,692697934.0,692697934.0,2.717,510050.0,2023-10-27 10:35:59,2.474786860854988,0.0004041220448575,0.0012123661345726,0.0010000000000003,-0.0009999999999998,0.0020000000000002,16034300.0,14667510.0,-1366790.0,2.4725413644499605,2.4771089012381786,30701810.0,1366790.0,-0.0007282992805125,0.0049999999999998,-0.0009999999999998,2.4745,2.476,2.476,2.475,2.475,8007248.0,8007248.0,1.0,-27849126.015058693,7.0,13.0,2.0,3.0,0.00035,6.12735785,0.0009999999999998,342441.9,11913360202310.0,252690.0,-3754900.0,1017100.0,-4772000.0,-6197200.0,2930100.0,-9127300.0,-2851500.0,5300700.0,-8152200.0,-1434800.0,4277610.0,-5712410.0,-1795900.0,1142000.0,-2937900.0,0.1051548582374738,0.0845163792988688
1037.0,20231027.0,2.0231027103659e+16,2.475,2.474,1261900.0,3091700.0,2.476,2.473,5079000.0,5019700.0,2.477,2.472,5377610.0,4354500.0,2.478,2.471,1324200.0,2786600.0,2.479,2.47,968700.0,1812500.0,2.223,2.481,2.474,2.457,2.463,2.47,699459312.0,699459312.0,2.717,510050.0,2023-10-27 10:36:59,2.4747101479235574,0.0004041220448575,0.0012123661345726,0.0010000000000003,-0.0009999999999998,0.0020000000000002,17065000.0,14011410.0,-3053590.0,2.4722807793729857,2.4766901667997723,31076410.0,3053590.0,-3.099827368335806e-05,0.004,-0.0009999999999998,2.4745,2.475,2.475,2.474,2.474,6761378.0,6761378.0,1.0,-28205148.741151363,7.0,13.0,3.0,4.0,0.00035,6.122408150000001,0.0009999999999998,321614.4,7420148067274.0,381878.75,-663200.0,244800.0,-908000.0,-1177500.0,2148900.0,-3326400.0,1503000.0,76910.0,1426090.0,1351800.0,-2953410.0,4305210.0,16600.0,-173300.0,189900.0,0.1018924455430728,0.0804677687783352
1038.0,20231027.0,2.0231027103759e+16,2.476,2.475,772800.0,3709700.0,2.477,2.474,3898800.0,7275700.0,2.478,2.473,4657300.0,4167100.0,2.479,2.472,3135600.0,1974300.0,2.48,2.471,2331600.0,2457300.0,2.223,2.481,2.475,2.457,2.463,2.47,704392749.0,704392749.0,2.717,510050.0,2023-10-27 10:37:59,2.4758275962074734,0.0004039587962027,0.0012118763886082,0.0009999999999998,-0.0009999999999998,0.0019999999999997,19584100.0,14796100.0,-4788000.0,2.473398598863364,2.478159123012145,34380200.0,4788000.0,0.0004514452209637,0.0049999999999998,0.0009999999999998,2.4755000000000003,2.474,2.476,2.474,2.475,4933437.0,4933437.0,1.0,28264276.49742589,5.0,15.0,5.0,4.0,0.0001000000000002,6.126120400000001,0.0002499999999998,241846.35,7064834787677.0,83362.0,3709700.0,-772800.0,4482500.0,7275700.0,-3898800.0,11174500.0,4167100.0,-4657300.0,8824400.0,1974300.0,-3135600.0,5109900.0,2457300.0,-2331600.0,4788900.0,0.0957926338786393,0.0756073210258599
0.0,0.0,0.0,0.0,0.0,0.0,0.0,0.0,0.0,0.0,0.0,0.0,0.0,0.0,0.0,0.0,0.0,0.0,0.0,0.0,0.0,0.0,0.0,0.0,0.0,0.0,0.0,0.0,0.0,0.0,0.0,0.0,0.0,0.0,0.0,0.0,0.0,0.0,0.0,0.0,0.0,0.0,0.0,0.0,0.0,0.0,0.0,0.0,0.0,0.0,0.0,0.0,0.0,0.0,0.0,0.0,0.0,0.0,0.0,0.0,0.0,0.0,0.0,0.0,0.0,0.0,0.0,0.0,0.0,0.0,0.0,0.0,0.0,0.0,0.0,0.0,0.0,0.0,0.0,0.0,0.0,0.0,0.0,0.0,0.0,0.0
1040.0,20231027.0,2.0231027103941e+16,2.474,2.473,2653100.0,936500.0,2.475,2.472,4521000.0,3562200.0,2.476,2.471,3621110.0,7033700.0,2.477,2.47,439800.0,2266300.0,2.478,2.469,1347200.0,1622200.0,2.223,2.481,2.473,2.457,2.463,2.47,718093604.0,718093604.0,2.717,510050.0,2023-10-27 10:39:41,2.4732608925785606,0.0004042854255105,0.0012128562765312,0.0009999999999998,-0.0009999999999998,0.0019999999999997,15420900.0,12582210.0,-2838690.0,2.470995104047105,2.475468058473034,28003110.0,2838690.0,-0.0006360874930269,0.0029999999999996,-0.0020000000000002,2.4735,2.475,2.475,2.473,2.473,9322014.0,9322014.0,1.0,-57575398.93657316,7.0,7.0,2.0,4.0,0.0006428571428567,6.118909500000001,0.0010000000000003,588560.1428571428,34503797215656.0,242592.5,-936500.0,2653100.0,-3589600.0,-3562200.0,4521000.0,-8083200.0,-7033700.0,3621110.0,-10654810.0,-2266300.0,439800.0,-2706100.0,-1622200.0,1347200.0,-2969400.0,0.0991427278739558,0.0830570243945031
1041.0,20231027.0,2.0231027104059e+16,2.474,2.473,3700600.0,462200.0,2.475,2.472,4435010.0,3874400.0,2.476,2.471,3656900.0,6689600.0,2.477,2.47,630800.0,2697300.0,2.478,2.469,1395100.0,1697200.0,2.223,2.481,2.473,2.457,2.463,2.47,722789012.0,722789012.0,2.717,510050.0,2023-10-27 10:40:59,2.473111031036802,0.0004042854255105,0.0012128562765312,0.0009999999999998,-0.0009999999999998,0.0019999999999997,15420700.0,13818410.0,-1602290.0,2.470916158151057,2.475391014595746,29239110.0,1602290.0,-6.059453034223949e-05,0.0029999999999996,0.0,2.4735,2.473,2.473,2.472,2.473,4695408.0,4695408.0,1.0,-10003.94171288982,15.0,1.0,1.0,1.0,6.250000000029843e-05,6.1154199375,0.0,64545.5,408195879783.0,94972.25,-474300.0,1047500.0,-1521800.0,312200.0,-85990.0,398190.0,-344100.0,35790.0,-379890.0,431000.0,191000.0,240000.0,75000.0,47900.0,27100.0,0.0910580280698028,0.0773829493218785
1042.0,20231027.0,2.0231027104159e+16,2.475,2.474,3806600.0,279700.0,2.476,2.473,5302000.0,3669000.0,2.477,2.472,2460010.0,5907100.0,2.478,2.471,1405700.0,4736300.0,2.479,2.47,1149300.0,2076200.0,2.223,2.481,2.475,2.457,2.463,2.47,724119780.0,724119780.0,2.717,510050.0,2023-10-27 10:41:59,2.47406844822945,0.0004041220448575,0.0012123661345726,0.0010000000000003,-0.0009999999999998,0.0020000000000002,16668300.0,14123610.0,-2544690.0,2.471720409399879,2.4763478367074705,30791910.0,2544690.0,0.0003870557794045,0.0049999999999998,0.0020000000000002,2.4745,2.473,2.475,2.473,2.475,1330768.0,1330768.0,1.0,58471348.35132898,15.0,5.0,2.0,0.0,5.000000000032756e-05,6.120429050000001,0.0002500000000003,61096.4,359836504738.0,47048.25,279700.0,-3806600.0,4086300.0,3669000.0,-5302000.0,8971000.0,5907100.0,-2460010.0,8367110.0,4736300.0,-1405700.0,6142000.0,2076200.0,-1149300.0,3225500.0,0.1070942173137396,0.0872067045309008
1043.0,20231027.0,2.0231027104259e+16,2.474,2.473,65300.0,1298200.0,2.475,2.472,5139100.0,4738000.0,2.476,2.471,5243410.0,6400300.0,2.477,2.47,1962000.0,1954200.0,2.478,2.469,1367700.0,1679000.0,2.223,2.481,2.474,2.457,2.463,2.47,725290203.0,725290203.0,2.717,510050.0,2023-10-27 10:42:59,2.473952108544188,0.0004042854255105,0.0012128562765312,0.0009999999999998,-0.0009999999999998,0.0019999999999997,16069700.0,13777510.0,-2292190.0,2.471125839312495,2.4759584612894487,29847210.0,2292190.0,-4.702473805373586e-05,0.004,-0.0009999999999998,2.4735,2.475,2.475,2.474,2.474,1170423.0,1170423.0,1.0,-29285267.76639152,3.0,17.0,1.0,2.0,0.0001500000000005,6.121418350000003,0.0,57036.15,342640316783.0,40574.75,-1298200.0,65300.0,-1363500.0,-4738000.0,5139100.0,-9877100.0,-6400300.0,5243410.0,-11643710.0,-1954200.0,1962000.0,-3916200.0,-1679000.0,1367700.0,-3046700.0,0.106344308584145,0.0934807767626726
1044.0,20231027.0,2.0231027104359e+16,2.476,2.475,1494900.0,943800.0,2.477,2.474,4552300.0,4453800.0,2.478,2.473,4422400.0,4313500.0,2.479,2.472,1190910.0,1858800.0,2.48,2.471,2164400.0,2569000.0,2.223,2.481,2.475,2.457,2.463,2.47,727399713.0,727399713.0,2.717,510050.0,2023-10-27 10:43:59,2.47538700947226,0.0004039587962027,0.0012118763886082,0.0009999999999998,-0.0009999999999998,0.0019999999999997,14138900.0,13824910.0,-313990.0,2.472953645615996,2.4778537140567285,27963810.0,313990.0,0.0005798353816779,0.0049999999999998,0.0009999999999998,2.4755000000000003,2.474,2.476,2.473,2.475,2109510.0,2109510.0,1.0,29288133.47763516,15.0,5.0,3.0,2.0,0.0004999999999999,6.125378150000001,0.0004999999999997,103619.5,1375827313388.0,59586.0,943800.0,-1494900.0,2438700.0,4453800.0,-4552300.0,9006100.0,4313500.0,-4422400.0,8735900.0,1858800.0,-1190910.0,3049710.0,2569000.0,-2164400.0,4733400.0,0.1054269669356182,0.0877395764345452
1045.0,20231027.0,2.0231027104459e+16,2.476,2.475,1117600.0,1893300.0,2.477,2.474,4960300.0,4221900.0,2.478,2.473,4347400.0,5158500.0,2.479,2.472,1245600.0,1690800.0,2.48,2.471,2228400.0,2577600.0,2.223,2.481,2.476,2.457,2.463,2.47,732471825.0,732471825.0,2.717,510050.0,2023-10-27 10:44:59,2.475628815304394,0.0004039587962027,0.0012118763886082,0.0009999999999998,-0.0009999999999998,0.0019999999999997,15542100.0,13899300.0,-1642800.0,2.473074796842126,2.4778925773240377,29441400.0,1642800.0,9.767928073123322e-05,0.0059999999999997,0.0009999999999998,2.4755000000000003,2.476,2.476,2.475,2.476,5072112.0,5072112.0,1.0,50874.311564754695,16.0,4.0,1.0,1.0,0.0001999999999995,6.129585800000002,0.0,253605.6,8320181693466.0,48894.25,949500.0,-377300.0,1326800.0,-231900.0,408000.0,-639900.0,845000.0,-75000.0,920000.0,-168000.0,54690.0,-222690.0,8600.0,64000.0,-55400.0,0.0956628731335608,0.0801697976898172
1046.0,20231027.0,2.0231027104559e+16,2.477,2.476,3381400.0,456400.0,2.478,2.475,5063800.0,2185300.0,2.479,2.474,3020610.0,5166200.0,2.48,2.473,2417500.0,3138100.0,2.481,2.472,1929000.0,1711100.0,2.223,2.481,2.476,2.457,2.463,2.47,734666817.0,734666817.0,2.717,510050.0,2023-10-27 10:45:59,2.4761189222992344,0.0004037956793861,0.0012113870381587,0.0009999999999998,-0.0010000000000003,0.0020000000000002,12657100.0,15812310.0,3155210.0,2.473726461827749,2.4786489380741967,28469410.0,3155210.0,0.0001979531359074,0.0059999999999997,0.0,2.4765,2.476,2.477,2.476,2.476,2194992.0,2194992.0,1.0,-12603.374600440264,2.0,18.0,1.0,1.0,9.999999999976694e-05,6.1310713,0.0,109749.6,1162468881864.0,70511.0,456400.0,-3381400.0,3837800.0,2185300.0,-5063800.0,7249100.0,5166200.0,-3020610.0,8186810.0,3138100.0,-2417500.0,5555600.0,1711100.0,-1929000.0,3640100.0,0.095360605130058,0.0814523908596167
1047.0,20231027.0,2.0231027104659e+16,2.477,2.476,4326600.0,339200.0,2.478,2.475,5033200.0,3130800.0,2.479,2.474,3024500.0,5748800.0,2.48,2.473,2412900.0,3137500.0,2.481,2.472,2026400.0,1751100.0,2.223,2.481,2.476,2.457,2.463,2.47,735197265.0,735197265.0,2.717,510050.0,2023-10-27 10:46:59,2.4760726992155684,0.0004037956793861,0.0012113870381587,0.0009999999999998,-0.0010000000000003,0.0020000000000002,14107400.0,16823600.0,2716200.0,2.473799360619249,2.4785707993532897,30931000.0,2716200.0,-1.8667728230337133e-05,0.0059999999999997,0.0,2.4765,2.477,2.477,2.476,2.476,530448.0,530448.0,1.0,-29705065.406975176,6.0,14.0,2.0,3.0,0.0002999999999988,6.132061900000002,0.0009999999999998,26522.4,50948121148.0,46428.75,-117200.0,945200.0,-1062400.0,945500.0,-30600.0,976100.0,582600.0,3890.0,578710.0,-600.0,-4600.0,4000.0,40000.0,97400.0,-57400.0,0.0787165423164083,0.0714093988256317
1048.0,20231027.0,2.0231027104759e+16,2.476,2.475,3674300.0,20000.0,2.477,2.474,5012200.0,2624000.0,2.478,2.473,3383110.0,5522300.0,2.479,2.472,1518200.0,2240300.0,2.48,2.471,2155500.0,2660400.0,2.223,2.481,2.475,2.457,2.463,2.47,738168870.0,738168870.0,2.717,510050.0,2023-10-27 10:47:59,2.4750054137455,0.0004039587962027,0.0012118763886082,0.0009999999999998,-0.0009999999999998,0.0019999999999997,13067000.0,15743310.0,2676310.0,2.472625231499197,2.4775851190124567,28810310.0,2676310.0,-0.0004311325583032,0.0049999999999998,-0.0009999999999998,2.4755000000000003,2.476,2.477,2.474,2.475,2971605.0,2971605.0,1.0,-29776721.0179624,12.0,8.0,2.0,3.0,0.0004999999999999,6.12884345,0.0009999999999998,148332.25,2141139288581.0,163783.5,-20000.0,3674300.0,-3694300.0,-2624000.0,5012200.0,-7636200.0,-5522300.0,3383110.0,-8905410.0,-2240300.0,1518200.0,-3758500.0,-2660400.0,2155500.0,-4815900.0,0.0801710451723726,0.0806281009019588
1049.0,20231027.0,2.0231027104859e+16,2.477,2.476,409200.0,3199200.0,2.478,2.475,5627800.0,5836100.0,2.479,2.474,4774700.0,3499700.0,2.48,2.473,2489110.0,1046800.0,2.481,2.472,2386100.0,2076400.0,2.223,2.481,2.477,2.457,2.463,2.47,740907601.0,740907601.0,2.717,510050.0,2023-10-27 10:48:59,2.4768865979381443,0.0004037956793861,0.0012113870381587,0.0009999999999998,-0.0010000000000003,0.0020000000000002,15658200.0,15686910.0,28710.0,2.4744492789720405,2.4790519611574235,31345110.0,28710.0,0.0007597840496933,0.0069999999999996,0.0019999999999997,2.4765,2.475,2.477,2.475,2.477,2738731.0,2738731.0,1.0,59769630.94047788,7.0,13.0,4.0,2.0,0.0002499999999989,6.131814449999999,0.0009999999999998,117123.05,3990632975717.0,35282.75,3199200.0,-409200.0,3608400.0,5836100.0,-5627800.0,11463900.0,3499700.0,-4774700.0,8274400.0,1046800.0,-2489110.0,3535910.0,2076400.0,-2386100.0,4462500.0,0.082530662579747,0.0879056076284876
0.0,0.0,0.0,0.0,0.0,0.0,0.0,0.0,0.0,0.0,0.0,0.0,0.0,0.0,0.0,0.0,0.0,0.0,0.0,0.0,0.0,0.0,0.0,0.0,0.0,0.0,0.0,0.0,0.0,0.0,0.0,0.0,0.0,0.0,0.0,0.0,0.0,0.0,0.0,0.0,0.0,0.0,0.0,0.0,0.0,0.0,0.0,0.0,0.0,0.0,0.0,0.0,0.0,0.0,0.0,0.0,0.0,0.0,0.0,0.0,0.0,0.0,0.0,0.0,0.0,0.0,0.0,0.0,0.0,0.0,0.0,0.0,0.0,0.0,0.0,0.0,0.0,0.0,0.0,0.0,0.0,0.0,0.0,0.0,0.0,0.0
1051.0,20231027.0,2.0231027105059e+16,2.477,2.476,2510000.0,1654200.0,2.478,2.475,5519000.0,4754900.0,2.479,2.474,4201800.0,5555500.0,2.48,2.473,2418900.0,1520600.0,2.481,2.472,1974400.0,1776200.0,2.223,2.481,2.476,2.457,2.463,2.47,745722130.0,745722130.0,2.717,510050.0,2023-10-27 10:50:59,2.4763972431679555,0.0004037956793861,0.0012113870381587,0.0009999999999998,-0.0010000000000003,0.0020000000000002,15261400.0,16624100.0,1362700.0,2.4741959387736383,2.478749081153265,31885500.0,1362700.0,-0.0003437908646291,0.0059999999999997,-0.0020000000000002,2.4765,2.478,2.478,2.476,2.476,3004712.0,3004712.0,1.0,-60170992.94280502,16.0,4.0,3.0,5.0,4.999999999988347e-05,6.135281650000001,0.0,148377.6,1578511984626.0,190213.0,-1654200.0,2510000.0,-4164200.0,-4754900.0,5519000.0,-10273900.0,-5555500.0,4201800.0,-9757300.0,-1520600.0,2418900.0,-3939500.0,-1776200.0,1974400.0,-3750600.0,0.0741800235176634,0.087307763657104
1052.0,20231027.0,2.0231027105159e+16,2.475,2.474,2093000.0,1254800.0,2.476,2.473,4876200.0,4718700.0,2.477,2.472,3317510.0,5210100.0,2.478,2.471,1742700.0,3746600.0,2.479,2.47,1120400.0,2421000.0,2.223,2.481,2.474,2.457,2.463,2.47,749763028.0,749763028.0,2.717,510050.0,2023-10-27 10:51:59,2.474374813310233,0.0004041220448575,0.0012123661345726,0.0010000000000003,-0.0009999999999998,0.0020000000000002,17351200.0,13149810.0,-4201390.0,2.471921601964129,2.4766137814919,30501010.0,4201390.0,-0.0008170159915061,0.004,-0.0019999999999997,2.4745,2.477,2.477,2.474,2.474,4040898.0,4040898.0,1.0,-90687829.32919136,7.0,13.0,1.0,4.0,0.0006999999999992,6.127111000000001,0.0009999999999998,194125.4,8427545632028.0,70765.5,-1254800.0,2093000.0,-3347800.0,-4718700.0,4876200.0,-9594900.0,-5210100.0,3317510.0,-8527610.0,-3746600.0,1742700.0,-5489300.0,-2421000.0,1120400.0,-3541400.0,0.0985093356172068,0.1016785136479485
1053.0,20231027.0,2.0231027105259e+16,2.475,2.474,2999200.0,854200.0,2.476,2.473,4884000.0,3568700.0,2.477,2.472,2852510.0,5913200.0,2.478,2.471,1690500.0,4158600.0,2.479,2.47,1212500.0,2442000.0,2.223,2.481,2.474,2.457,2.463,2.47,751110968.0,751110968.0,2.717,510050.0,2023-10-27 10:52:59,2.4742216743654954,0.0004041220448575,0.0012123661345726,0.0010000000000003,-0.0009999999999998,0.0020000000000002,16936700.0,13638710.0,-3297990.0,2.4717776721557327,2.476503846038225,30575410.0,3297990.0,-6.189186981320205e-05,0.004,0.0,2.4745,2.474,2.475,2.474,2.474,1347940.0,1347940.0,1.0,-28249.858242888004,10.0,10.0,2.0,2.0,0.0004999999999999,6.123150500000001,0.0009999999999998,67273.5,446795965536.0,48868.25,-400600.0,906200.0,-1306800.0,-1150000.0,7800.0,-1157800.0,703100.0,-465000.0,1168100.0,412000.0,-52200.0,464200.0,21000.0,92100.0,-71100.0,0.0904730007046656,0.0858706607251224
1054.0,20231027.0,2.0231027105359e+16,2.474,2.473,3929100.0,509700.0,2.475,2.472,4304410.0,4187600.0,2.476,2.471,3098600.0,8091400.0,2.477,2.47,514100.0,2792900.0,2.478,2.469,1810300.0,1750100.0,2.223,2.481,2.473,2.457,2.463,2.47,752145227.0,752145227.0,2.717,510050.0,2023-10-27 10:53:59,2.473114828331981,0.0004042854255105,0.0012128562765312,0.0009999999999998,-0.0009999999999998,0.0019999999999997,17331700.0,13656510.0,-3675190.0,2.470937334479596,2.4754121550820813,30988210.0,3675190.0,-0.0004474512907612,0.0029999999999996,-0.0010000000000003,2.4735,2.474,2.474,2.473,2.473,1034259.0,1034259.0,1.0,-30414283.340082943,19.0,1.0,0.0,1.0,5.000000000032756e-05,6.120428650000003,0.0,50846.95,282173071643.0,50655.25,-509700.0,3929100.0,-4438800.0,-4187600.0,4304410.0,-8492010.0,-8091400.0,3098600.0,-11190000.0,-2792900.0,514100.0,-3307000.0,-1750100.0,1810300.0,-3560400.0,0.0817885266773146,0.0742662129621644
1055.0,20231027.0,2.0231027105459e+16,2.474,2.473,1122700.0,2062400.0,2.475,2.472,4779310.0,5002100.0,2.476,2.471,4100600.0,6491500.0,2.477,2.47,1995400.0,2420000.0,2.478,2.469,1810200.0,1716900.0,2.223,2.481,2.474,2.457,2.463,2.47,752813032.0,752813032.0,2.717,510050.0,2023-10-27 10:54:59,2.47364751499168,0.0004042854255105,0.0012128562765312,0.0009999999999998,-0.0009999999999998,0.0019999999999997,17692900.0,13808210.0,-3884690.0,2.471184995111033,2.475897965775433,31501110.0,3884690.0,0.0002153678001033,0.004,0.0010000000000003,2.4735,2.474,2.474,2.473,2.474,667805.0,667805.0,1.0,-63722.87500481308,10.0,10.0,6.0,6.0,0.0005000000000001,6.1182025000000015,0.0010000000000003,28071.75,79693818657.0,18796.0,1552700.0,-2806400.0,4359100.0,814500.0,474900.0,339600.0,-1599900.0,1002000.0,-2601900.0,-372900.0,1481300.0,-1854200.0,-33200.0,-100.0,-33100.0,0.0803678846755075,0.0678625452835704
1056.0,20231027.0,2.0231027105559e+16,2.474,2.473,1889300.0,2066600.0,2.475,2.472,4762910.0,4701200.0,2.476,2.471,4100600.0,7297500.0,2.477,2.47,1997400.0,2460100.0,2.478,2.469,1910200.0,1798900.0,2.223,2.481,2.474,2.457,2.463,2.47,753310958.0,753310958.0,2.717,510050.0,2023-10-27 10:55:59,2.47352240956546,0.0004042854255105,0.0012128562765312,0.0009999999999998,-0.0009999999999998,0.0019999999999997,18324300.0,14660410.0,-3663890.0,2.4711515201126373,2.47581421324506,32984710.0,3663890.0,-5.05765632292654e-05,0.004,0.0,2.4735,2.474,2.474,2.473,2.474,497926.0,497926.0,1.0,-11148.09609099105,10.0,10.0,2.0,2.0,0.0005000000000001,6.118202500000001,0.0010000000000003,24896.3,47158207314.0,41802.0,4200.0,766600.0,-762400.0,-300900.0,-16400.0,-284500.0,806000.0,0.0,806000.0,40100.0,2000.0,38100.0,82000.0,100000.0,-18000.0,0.0757498465947787,0.0643669809441652
1057.0,20231027.0,2.0231027105659e+16,2.474,2.473,2974900.0,1508800.0,2.475,2.472,4570910.0,3912900.0,2.476,2.471,4426100.0,7218000.0,2.477,2.47,725400.0,2521800.0,2.478,2.469,1972400.0,1784200.0,2.223,2.481,2.473,2.457,2.463,2.47,754531144.0,754531144.0,2.717,510050.0,2023-10-27 10:56:59,2.473336507794901,0.0004042854255105,0.0012128562765312,0.0009999999999998,-0.0009999999999998,0.0019999999999997,16945700.0,14669710.0,-2275990.0,2.4710495878010352,2.475601184345157,31615410.0,2275990.0,-7.515951991010628e-05,0.0029999999999996,-0.0010000000000003,2.4735,2.473,2.474,2.473,2.473,1220186.0,1220186.0,1.0,-92202.59404646233,5.0,15.0,4.0,4.0,0.0002499999999998,6.116965750000001,0.0002500000000003,58165.3,677604648950.0,25843.75,-557800.0,1085600.0,-1643400.0,-788300.0,-192000.0,-596300.0,-79500.0,325500.0,-405000.0,61700.0,-1272000.0,1333700.0,-14700.0,62200.0,-76900.0,0.0464339642458697,0.0472494536882444
1058.0,20231027.0,2.0231027105759e+16,2.474,2.473,2266500.0,1186700.0,2.475,2.472,5166810.0,4298500.0,2.476,2.471,4206100.0,6484600.0,2.477,2.47,748500.0,2621400.0,2.478,2.469,2075000.0,1704200.0,2.223,2.481,2.473,2.457,2.463,2.47,755992026.0,755992026.0,2.717,510050.0,2023-10-27 10:57:59,2.473343652264566,0.0004042854255105,0.0012128562765312,0.0009999999999998,-0.0009999999999998,0.0019999999999997,16295400.0,14462910.0,-1832490.0,2.471039403758116,2.4756680260058315,30758310.0,1832490.0,2.8885917157106533e-06,0.0029999999999996,0.0,2.4735,2.473,2.474,2.473,2.473,1460882.0,1460882.0,1.0,-14554.137130491436,1.0,19.0,1.0,1.0,4.999999999943938e-05,6.11597635,0.0,61791.600000000006,705204850068.0,45874.0,-322100.0,-708400.0,386300.0,385600.0,595900.0,-210300.0,-733400.0,-220000.0,-513400.0,99600.0,23100.0,76500.0,-80000.0,102600.0,-182600.0,0.0463013560339099,0.0483424846014153
1059.0,20231027.0,2.0231027105859e+16,2.474,2.473,2980000.0,191600.0,2.475,2.472,4614510.0,5130700.0,2.476,2.471,4426100.0,7125200.0,2.477,2.47,679300.0,4057700.0,2.478,2.469,1865200.0,1618200.0,2.223,2.481,2.473,2.457,2.463,2.47,757342077.0,757342077.0,2.717,510050.0,2023-10-27 10:58:59,2.473060411148947,0.0004042854255105,0.0012128562765312,0.0009999999999998,-0.0009999999999998,0.0019999999999997,18123400.0,14565110.0,-3558290.0,2.4709017733979275,2.475576741267316,32688510.0,3558290.0,-0.0001145240511277,0.0029999999999996,0.0,2.4735,2.473,2.474,2.473,2.473,1350051.0,1350051.0,1.0,-106398.32346174492,12.0,8.0,5.0,5.0,0.0004000000000004,6.1186972000000015,0.0010000000000003,67379.05,614121976839.0,54175.0,-995100.0,713500.0,-1708600.0,832200.0,-552300.0,1384500.0,640600.0,220000.0,420600.0,1436300.0,-69200.0,1505500.0,-86000.0,-209800.0,123800.0,0.0365691051934277,0.0464076394080133
1100.0,20231027.0,2.0231027105959e+16,2.474,2.473,3596210.0,30000.0,2.475,2.472,4459100.0,6177300.0,2.476,2.471,4116200.0,7040600.0,2.477,2.47,591400.0,2571300.0,2.478,2.469,2102900.0,1644900.0,2.223,2.481,2.474,2.457,2.463,2.47,760451028.0,760451028.0,2.717,510050.0,2023-10-27 10:59:59,2.473008273100565,0.0004042854255105,0.0012128562765312,0.0009999999999998,-0.0009999999999998,0.0019999999999997,17464100.0,14865810.0,-2598290.0,2.4710215413333643,2.4755389205162714,32329910.0,2598290.0,-2.108262206312883e-05,0.004,0.0010000000000003,2.4735,2.473,2.474,2.473,2.474,3108951.0,3108951.0,1.0,30652303.842609737,7.0,13.0,4.0,3.0,0.0003500000000009,6.117460450000001,0.0010000000000003,148027.55,1324102975047.0,203095.25,-161600.0,616210.0,-777810.0,1046600.0,-155410.0,1202010.0,-84600.0,-309900.0,225300.0,-1486400.0,-87900.0,-1398500.0,26700.0,237700.0,-211000.0,0.0261268880530872,0.0444337156790695
1101.0,20231027.0,2.0231027110059e+16,2.475,2.473,2985710.0,4701800.0,2.476,2.472,3974000.0,6097200.0,2.477,2.471,2377000.0,5141200.0,2.478,2.47,1937100.0,2233100.0,2.479,2.469,1259300.0,1393300.0,2.223,2.481,2.474,2.457,2.463,2.47,765609274.0,765609274.0,2.717,510050.0,2023-10-27 11:00:59,2.4742232309291303,0.0008084074373485,0.0016168148746968,0.0009999999999998,-0.0009999999999998,0.0019999999999997,19566600.0,12533110.0,-7033490.0,2.471535662813161,2.476561982620435,32099710.0,7033490.0,0.0004911667675147,0.004,0.0,2.474,2.474,2.474,2.473,2.474,5158246.0,5158246.0,1.0,27057.75108439476,19.0,1.0,1.0,1.0,5.000000000032756e-05,6.120428650000003,0.0,255314.8,8461260589302.0,48233.75,4671800.0,-2985710.0,7657510.0,-80100.0,-3974000.0,3893900.0,-1899400.0,-2377000.0,477600.0,-338200.0,-1937100.0,1598900.0,-251600.0,-1259300.0,1007700.0,0.0348609702384248,0.0507688794759272
1102.0,20231027.0,2.0231027110159e+16,2.476,2.475,3291800.0,89800.0,2.477,2.474,3532810.0,4448200.0,2.478,2.473,3895100.0,4854100.0,2.479,2.472,1368100.0,3581600.0,2.48,2.471,2319800.0,3587900.0,2.223,2.481,2.475,2.457,2.463,2.47,767462190.0,767462190.0,2.717,510050.0,2023-10-27 11:01:59,2.4750265554766973,0.0004039587962027,0.0012118763886082,0.0009999999999998,-0.0009999999999998,0.0019999999999997,16561600.0,14407610.0,-2153990.0,2.472629890831804,2.47771482362446,30969210.0,2153990.0,0.0003246247772048,0.0049999999999998,0.0009999999999998,2.4755000000000003,2.474,2.475,2.474,2.475,1852916.0,1852916.0,1.0,30949383.353531945,3.0,17.0,1.0,0.0,0.00015,6.121418350000002,0.0,92645.8,1397470950894.0,31296.5,89800.0,-3291800.0,3381600.0,4448200.0,-3532810.0,7981010.0,4854100.0,-3895100.0,8749200.0,3581600.0,-1368100.0,4949700.0,3587900.0,-2319800.0,5907700.0,0.0528936008890445,0.0557637923239003
1103.0,20231027.0,2.0231027110259e+16,2.475,2.474,891100.0,2027800.0,2.476,2.473,4234310.0,5972500.0,2.477,2.472,4365200.0,5270600.0,2.478,2.471,3807100.0,3415800.0,2.479,2.47,1458800.0,2207700.0,2.223,2.481,2.475,2.457,2.463,2.47,769373375.0,769373375.0,2.717,510050.0,2023-10-27 11:02:59,2.474694713762034,0.0004041220448575,0.0012123661345726,0.0010000000000003,-0.0009999999999998,0.0020000000000002,18894400.0,14756510.0,-4137890.0,2.472116272546363,2.4770479916999344,33650910.0,4137890.0,-0.0001340850108966,0.0049999999999998,0.0,2.4745,2.476,2.476,2.475,2.475,1911185.0,1911185.0,1.0,-31019563.35353193,1.0,19.0,0.0,1.0,4.999999999988347e-05,6.12587255,0.0,95559.25,904073079049.0,34642.5,-2027800.0,891100.0,-2918900.0,-5972500.0,4234310.0,-10206810.0,-5270600.0,4365200.0,-9635800.0,-3415800.0,3807100.0,-7222900.0,-2207700.0,1458800.0,-3666500.0,0.0569282532849507,0.0568698749887066
1104.0,20231027.0,2.0231027110359e+16,2.476,2.475,201900.0,940400.0,2.477,2.474,3851110.0,4568800.0,2.478,2.473,6400800.0,5904100.0,2.479,2.472,1319600.0,3787800.0,2.48,2.471,2364100.0,2337700.0,2.223,2.481,2.476,2.457,2.463,2.47,775112201.0,775112201.0,2.717,510050.0,2023-10-27 11:03:59,2.475823251335026,0.0004039587962027,0.0012118763886082,0.0009999999999998,-0.0009999999999998,0.0019999999999997,17538800.0,14137510.0,-3401290.0,2.472885191689284,2.478126817947432,31676310.0,3401290.0,0.0004559270769229,0.0059999999999997,0.0009999999999998,2.4755000000000003,2.475,2.477,2.475,2.476,5738826.0,5738826.0,1.0,31204237.3831298,7.0,13.0,4.0,3.0,0.0002499999999998,6.131814450000002,0.0009999999999998,286569.8,13629678287104.0,82823.75,940400.0,-201900.0,1142300.0,4568800.0,-3851110.0,8419910.0,5904100.0,-6400800.0,12304900.0,3787800.0,-1319600.0,5107400.0,2337700.0,-2364100.0,4701800.0,0.098531341285165,0.0797199517709596
1105.0,20231027.0,2.0231027110459e+16,2.475,2.474,2153610.0,113600.0,2.476,2.473,4334800.0,5201300.0,2.477,2.472,3944600.0,7315600.0,2.478,2.471,2691500.0,3768100.0,2.479,2.47,964400.0,2354700.0,2.223,2.481,2.474,2.457,2.463,2.47,777778995.0,777778995.0,2.717,510050.0,2023-10-27 11:04:59,2.4740501056364432,0.0004041220448575,0.0012123661345726,0.0010000000000003,-0.0009999999999998,0.0020000000000002,18753300.0,14088910.0,-4664390.0,2.471837415281577,2.476714547115426,32842210.0,4664390.0,-0.0007164408648676,0.004,-0.0019999999999997,2.4745,2.476,2.476,2.473,2.474,2666794.0,2666794.0,1.0,-62726580.5985921,4.0,16.0,1.0,3.0,0.0003000000000001,6.122161100000002,0.0,131979.2,1829855600762.0,192844.5,-113600.0,2153610.0,-2267210.0,-5201300.0,4334800.0,-9536100.0,-7315600.0,3944600.0,-11260200.0,-3768100.0,2691500.0,-6459600.0,-2354700.0,964400.0,-3319100.0,0.1232010006411219,0.1013548588932043
1106.0,20231027.0,2.0231027110559e+16,2.474,2.473,1090000.0,2996300.0,2.475,2.472,4644610.0,7537400.0,2.476,2.471,3889500.0,4557400.0,2.477,2.47,900000.0,2305700.0,2.478,2.469,2082000.0,1998100.0,2.223,2.481,2.474,2.457,2.463,2.47,778423604.0,778423604.0,2.717,510050.0,2023-10-27 11:05:59,2.473733255022881,0.0004042854255105,0.0012128562765312,0.0009999999999998,-0.0009999999999998,0.0019999999999997,19394900.0,12606110.0,-6788790.0,2.4713726804469216,2.4758603367731995,32001010.0,6788790.0,-0.0001280778040988,0.004,0.0,2.4735,2.474,2.474,2.473,2.474,644609.0,644609.0,1.0,-47073.414329927415,11.0,9.0,4.0,4.0,0.0004499999999998,6.118449850000002,0.0010000000000003,28642.95,126452039041.0,23616.25,-2996300.0,1090000.0,-4086300.0,-7537400.0,4644610.0,-12182010.0,-4557400.0,3889500.0,-8446900.0,-2305700.0,900000.0,-3205700.0,-1998100.0,2082000.0,-4080100.0,0.1207026124206809,0.1004941783553281
1107.0,20231027.0,2.0231027110659e+16,2.472,2.471,3861810.0,1155400.0,2.473,2.47,6005100.0,5247600.0,2.474,2.469,3265900.0,4522300.0,2.475,2.468,267400.0,3108700.0,2.476,2.467,990600.0,2652200.0,2.223,2.481,2.472,2.457,2.463,2.47,793379842.0,793379842.0,2.717,510050.0,2023-10-27 11:06:59,2.471230287350938,0.0004046125834513,0.0012138377503539,0.0009999999999998,-0.0009999999999998,0.0019999999999997,16686200.0,14390810.0,-2295390.0,2.4689487780321464,2.47320226033142,31077010.0,2295390.0,-0.0010123301675537,0.0019999999999997,-0.0020000000000002,2.4715,2.474,2.474,2.471,2.472,14956238.0,14956238.0,1.0,-63475397.2525863,7.0,13.0,3.0,5.0,0.0007999999999994,6.111773699999999,0.0012499999999997,694154.4,62945891261164.0,375727.0,-1155400.0,3861810.0,-5017210.0,-5247600.0,6005100.0,-11252700.0,-4522300.0,3265900.0,-7788200.0,-3108700.0,267400.0,-3376100.0,-2652200.0,990600.0,-3642800.0,0.1308760673247947,0.1059157579771269
1108.0,20231027.0,2.0231027110759e+16,2.472,2.471,5495710.0,174700.0,2.473,2.47,5588400.0,4631600.0,2.474,2.469,2469100.0,5328000.0,2.475,2.468,344900.0,5258200.0,2.476,2.467,1307400.0,2403400.0,2.223,2.481,2.471,2.457,2.463,2.47,798959526.0,798959526.0,2.717,510050.0,2023-10-27 11:07:59,2.4710308090596627,0.0004046125834513,0.0012138377503539,0.0009999999999998,-0.0009999999999998,0.0019999999999997,17795900.0,15205510.0,-2590390.0,2.468714316218904,2.47310426417792,33001410.0,2590390.0,-8.072349375820576e-05,0.0009999999999998,-0.0009999999999998,2.4715,2.472,2.472,2.471,2.471,5579684.0,5579684.0,1.0,-32247493.98604365,8.0,12.0,4.0,5.0,0.0004000000000004,6.1078182000000005,0.0009999999999998,263414.7,4933391978152.0,327463.75,-980700.0,1633900.0,-2614600.0,-616000.0,-416700.0,-199300.0,805700.0,-796800.0,1602500.0,2149500.0,77500.0,2072000.0,-248800.0,316800.0,-565600.0,0.1379479652382478,0.1164177872661306
1109.0,20231027.0,2.0231027110859e+16,2.472,2.471,8065810.0,1000.0,2.473,2.47,3905900.0,4544600.0,2.474,2.469,2256400.0,5106600.0,2.475,2.468,646100.0,3482400.0,2.476,2.467,1060800.0,2455900.0,2.223,2.481,2.472,2.457,2.463,2.47,800827648.0,800827648.0,2.717,510050.0,2023-10-27 11:08:59,2.47100012396474,0.0004046125834513,0.0012138377503539,0.0009999999999998,-0.0009999999999998,0.0019999999999997,15590500.0,15935010.0,344510.0,2.468753208684776,2.4729162341285007,31525510.0,344510.0,-1.2418010060577522e-05,0.0019999999999997,0.0009999999999998,2.4715,2.471,2.472,2.471,2.472,1868122.0,1868122.0,1.0,32351602.544136293,9.0,11.0,4.0,3.0,0.0004500000000011,6.10806535,0.0009999999999998,90564.1,1045195253478.0,45717.25,-173700.0,2570100.0,-2743800.0,-87000.0,-1682500.0,1595500.0,-221400.0,-212700.0,-8700.0,-1775800.0,301200.0,-2077000.0,52500.0,-246600.0,299100.0,0.1115933119132537,0.1010285372030461
1110.0,20231027.0,2.0231027110959e+16,2.471,2.47,392400.0,6202900.0,2.472,2.469,4520810.0,4442400.0,2.473,2.468,5455300.0,4909800.0,2.474,2.467,2478900.0,2737700.0,2.475,2.466,653100.0,1867800.0,2.223,2.481,2.471,2.457,2.463,2.47,802054855.0,802054855.0,2.717,510050.0,2023-10-27 11:09:59,2.4709405030855307,0.0004047763610604,0.0012143290831815,0.0010000000000003,-0.0009999999999998,0.0020000000000002,20160600.0,13500510.0,-6660090.0,2.468514612660337,2.4728873738843937,33661110.0,6660090.0,-2.412852913924457e-05,0.0009999999999998,-0.0009999999999998,2.4705000000000004,2.471,2.471,2.47,2.471,1227207.0,1227207.0,1.0,-10335.283638384191,10.0,10.0,3.0,3.0,0.0004999999999999,6.103370500000001,0.0009999999999998,54362.0,308155835321.0,54469.25,-6202900.0,392400.0,-6595300.0,-4442400.0,4520810.0,-8963210.0,-4909800.0,5455300.0,-10365100.0,-2737700.0,2478900.0,-5216600.0,-1867800.0,653100.0,-2520900.0,0.0966029128695163,0.0844846119463205
1111.0,20231027.0,2.0231027111059e+16,2.471,2.47,1859410.0,1619600.0,2.472,2.469,5917500.0,5422100.0,2.473,2.468,2435900.0,5175500.0,2.474,2.467,668900.0,4357700.0,2.475,2.466,815700.0,1953000.0,2.223,2.481,2.47,2.457,2.463,2.47,805832742.0,805832742.0,2.717,510050.0,2023-10-27 11:10:59,2.4704655347354567,0.0004047763610604,0.0012143290831815,0.0010000000000003,-0.0009999999999998,0.0020000000000002,18527900.0,11697410.0,-6830490.0,2.4680214595286025,2.4723728509131506,30225310.0,6830490.0,-0.0001922401631848,0.0,-0.0009999999999998,2.4705000000000004,2.471,2.471,2.47,2.47,3777887.0,3777887.0,1.0,-32487839.653597627,6.0,14.0,1.0,2.0,0.0003000000000001,6.1023823,0.0009999999999998,183089.85,5430933386215.0,77556.5,-4583300.0,1467010.0,-6050310.0,979700.0,1396690.0,-416990.0,265700.0,-3019400.0,3285100.0,1620000.0,-1810000.0,3430000.0,85200.0,162600.0,-77400.0,0.0945791018285506,0.0835681211977784
1112.0,20231027.0,2.0231027111159e+16,2.472,2.471,98400.0,4142000.0,2.473,2.47,2122210.0,3738400.0,2.474,2.469,5818700.0,2538000.0,2.475,2.468,2645800.0,3375200.0,2.476,2.467,1632900.0,3592200.0,2.223,2.481,2.472,2.457,2.463,2.47,809421338.0,809421338.0,2.717,510050.0,2023-10-27 11:11:59,2.471976794642015,0.0004046125834513,0.0012138377503539,0.0009999999999998,-0.0009999999999998,0.0019999999999997,17385800.0,12318010.0,-5067790.0,2.46908413762956,2.474291653440776,29703810.0,5067790.0,0.0006115437886546,0.0019999999999997,0.0019999999999997,2.4715,2.471,2.472,2.47,2.472,3588596.0,3588596.0,1.0,32677438.88498849,7.0,13.0,4.0,3.0,0.0002999999999997,6.107324,0.0009999999999998,166330.8,3234145032884.0,93648.0,4142000.0,-98400.0,4240400.0,3738400.0,-2122210.0,5860610.0,2538000.0,-5818700.0,8356700.0,3375200.0,-2645800.0,6021000.0,3592200.0,-1632900.0,5225100.0,0.0862741980219501,0.0805364994402485
1113.0,20231027.0,2.0231027111259e+16,2.473,2.472,1433310.0,556300.0,2.474,2.471,4230700.0,3816600.0,2.475,2.47,4159200.0,4669600.0,2.476,2.469,1523500.0,2422100.0,2.477,2.468,867300.0,3309700.0,2.223,2.481,2.473,2.457,2.463,2.47,810366006.0,810366006.0,2.717,510050.0,2023-10-27 11:12:59,2.47227960253517,0.0004044489383214,0.0012133468149646,0.0009999999999998,-0.0010000000000003,0.0020000000000002,14774300.0,12214010.0,-2560290.0,2.469721658555736,2.4746856707993525,26988310.0,2560290.0,0.0001224887502624,0.0029999999999996,0.0009999999999998,2.4725,2.472,2.473,2.472,2.473,944668.0,944668.0,1.0,32729803.929506306,9.0,11.0,3.0,2.0,0.0004499999999993,6.113009249999999,0.0009999999999998,45750.4,214305880788.0,24286.75,556300.0,-1433310.0,1989610.0,3816600.0,-4230700.0,8047300.0,4669600.0,-4159200.0,8828800.0,2422100.0,-1523500.0,3945600.0,3309700.0,-867300.0,4177000.0,0.0725744331655103,0.0742411004850032
1114.0,20231027.0,2.0231027111359e+16,2.473,2.472,1151810.0,523100.0,2.474,2.471,4438700.0,5482500.0,2.475,2.47,4042700.0,4951300.0,2.476,2.469,2060300.0,2362900.0,2.477,2.468,794600.0,3322600.0,2.223,2.481,2.472,2.457,2.463,2.47,811631890.0,811631890.0,2.717,510050.0,2023-10-27 11:13:59,2.4723123152885824,0.0004044489383214,0.0012133468149646,0.0009999999999998,-0.0010000000000003,0.0020000000000002,16642400.0,12488110.0,-4154290.0,2.469851019083785,2.47475233882469,29130510.0,4154290.0,1.323173032530267e-05,0.0019999999999997,-0.0009999999999998,2.4725,2.473,2.473,2.471,2.472,1265884.0,1265884.0,1.0,-32866056.90042736,8.0,12.0,4.0,5.0,0.0007999999999994,6.111773399999999,0.0009999999999998,63294.2,442067136174.0,25152.5,-33200.0,-281500.0,248300.0,1665900.0,208000.0,1457900.0,281700.0,-116500.0,398200.0,-59200.0,536800.0,-596000.0,12900.0,-72700.0,85600.0,0.0622866498235097,0.0733061610946216
1115.0,20231027.0,2.0231027111459e+16,2.473,2.472,918100.0,5708500.0,2.474,2.471,2696110.0,4100200.0,2.475,2.47,5746900.0,4192400.0,2.476,2.469,2142500.0,1871100.0,2.477,2.468,1486100.0,3185700.0,2.223,2.481,2.472,2.457,2.463,2.47,817386286.0,817386286.0,2.717,510050.0,2023-10-27 11:14:59,2.472861452328494,0.0004044489383214,0.0012133468149646,0.0009999999999998,-0.0010000000000003,0.0020000000000002,19057900.0,12989710.0,-6068190.0,2.4703817157189407,2.475044834719174,32047610.0,6068190.0,0.0002220900894382,0.0019999999999997,0.0,2.4725,2.472,2.473,2.472,2.472,5754396.0,5754396.0,1.0,-198422.50690954924,12.0,8.0,4.0,4.0,0.0003999999999999,6.113751,0.0009999999999998,287719.8,4787860767490.0,741600.0,5185400.0,-233710.0,5419110.0,-1382300.0,-1742590.0,360290.0,-758900.0,1704200.0,-2463100.0,-491800.0,82200.0,-574000.0,-136900.0,691500.0,-828400.0,0.0763061238950366,0.0852987336494765
1116.0,20231027.0,2.0231027111559e+16,2.474,2.473,32700.0,3997000.0,2.475,2.472,2265110.0,5525800.0,2.476,2.471,6534300.0,2618800.0,2.477,2.47,3036800.0,2425100.0,2.478,2.469,2415500.0,1920800.0,2.223,2.481,2.474,2.457,2.463,2.47,822050850.0,822050850.0,2.717,510050.0,2023-10-27 11:15:59,2.473991885252004,0.0004042854255105,0.0012128562765312,0.0009999999999998,-0.0009999999999998,0.0019999999999997,16487500.0,14284410.0,-2203090.0,2.4714399150871875,2.476387645692052,30771910.0,2203090.0,0.0004570311129294,0.004,0.0020000000000002,2.4735,2.473,2.475,2.472,2.474,4664564.0,4664564.0,1.0,33035392.224890053,12.0,8.0,4.0,4.0,0.0006500000000002,6.118945250000001,0.0010000000000003,232733.7,6342228379478.0,220867.0,3997000.0,-32700.0,4029700.0,5525800.0,-2265110.0,7790910.0,2618800.0,-6534300.0,9153100.0,2425100.0,-3036800.0,5461900.0,1920800.0,-2415500.0,4336300.0,0.0917759226956397,0.0912231081678668
1117.0,20231027.0,2.0231027111659e+16,2.475,2.474,3583410.0,2400.0,2.476,2.473,5900900.0,3196600.0,2.477,2.472,2888300.0,5735700.0,2.478,2.471,2731000.0,3439800.0,2.479,2.47,1205100.0,1830000.0,2.223,2.481,2.475,2.457,2.463,2.47,825224714.0,825224714.0,2.717,510050.0,2023-10-27 11:16:59,2.474000669304844,0.0004041220448575,0.0012123661345726,0.0010000000000003,-0.0009999999999998,0.0020000000000002,14204500.0,16308710.0,2104210.0,2.471725551761766,2.476513970142335,30513210.0,2104210.0,3.550552165276777e-06,0.0049999999999998,0.0009999999999998,2.4745,2.474,2.475,2.473,2.475,3173864.0,3173864.0,1.0,33329366.609788768,3.0,17.0,2.0,1.0,0.0001000000000006,6.121171000000002,0.0,146565.7,2721738828750.0,57350.0,2400.0,-3583410.0,3585810.0,3196600.0,-5900900.0,9097500.0,5735700.0,-2888300.0,8624000.0,3439800.0,-2731000.0,6170800.0,1830000.0,-1205100.0,3035100.0,0.0811961166756329,0.0864268645747282
1118.0,20231027.0,2.0231027111759e+16,2.473,2.472,254900.0,4228300.0,2.474,2.471,4420200.0,3565800.0,2.475,2.47,5322400.0,4845400.0,2.476,2.469,2135800.0,2248800.0,2.477,2.468,806500.0,3114200.0,2.223,2.481,2.473,2.457,2.463,2.47,826930349.0,826930349.0,2.717,510050.0,2023-10-27 11:17:59,2.4729431432905065,0.0004044489383214,0.0012133468149646,0.0009999999999998,-0.0010000000000003,0.0020000000000002,18002500.0,12939800.0,-5062700.0,2.470196928204416,2.47490871574522,30942300.0,5062700.0,-0.0004275472172348,0.0029999999999996,-0.0020000000000002,2.4725,2.474,2.474,2.472,2.473,1705635.0,1705635.0,1.0,-33424340.051564906,5.0,15.0,4.0,5.0,4.999999999988347e-05,6.11597675,0.0002500000000003,83178.75,588081103721.0,110481.25,-4228300.0,254900.0,-4483200.0,-3565800.0,4420200.0,-7986000.0,-4845400.0,5322400.0,-10167800.0,-2248800.0,2135800.0,-4384600.0,-3114200.0,806500.0,-3920700.0,0.0843474998103144,0.0768874244347781
1119.0,20231027.0,2.0231027111859e+16,2.473,2.472,4276810.0,783800.0,2.474,2.471,4908100.0,3966400.0,2.475,2.47,2748900.0,3787800.0,2.476,2.469,1184200.0,4344800.0,2.477,2.468,806000.0,3320400.0,2.223,2.481,2.472,2.457,2.463,2.47,830049302.0,830049302.0,2.717,510050.0,2023-10-27 11:18:59,2.472154882514164,0.0004044489383214,0.0012133468149646,0.0009999999999998,-0.0010000000000003,0.0020000000000002,16203200.0,13924010.0,-2279190.0,2.469663547941148,2.4742340195101846,30127210.0,2279190.0,-0.0003188049170739,0.0019999999999997,-0.0009999999999998,2.4725,2.473,2.473,2.472,2.472,3118953.0,3118953.0,1.0,-33461874.95954324,4.0,16.0,0.0,1.0,0.0002000000000008,6.111773,0.0,155947.65,4833631235641.0,4264.5,-3444500.0,4021910.0,-7466410.0,400600.0,487900.0,-87300.0,-1057600.0,-2573500.0,1515900.0,2096000.0,-951600.0,3047600.0,206200.0,-500.0,206700.0,0.0838135434207687,0.0731873748158881
1120.0,20231027.0,2.0231027111959e+16,2.474,2.473,3574300.0,94300.0,2.475,2.472,4794300.0,4667300.0,2.476,2.471,3795400.0,3795300.0,2.477,2.47,1240100.0,4050400.0,2.478,2.469,2112100.0,1964400.0,2.223,2.481,2.474,2.457,2.463,2.47,831830679.0,831830679.0,2.717,510050.0,2023-10-27 11:19:59,2.4730257046284687,0.0004042854255105,0.0012128562765312,0.0009999999999998,-0.0009999999999998,0.0019999999999997,14571700.0,15516200.0,944500.0,2.470785659874963,2.4755824622007965,30087900.0,944500.0,0.0003521902215546,0.004,0.0020000000000002,2.4735,2.472,2.474,2.472,2.474,1781377.0,1781377.0,1.0,67201242.67654675,14.0,6.0,4.0,2.0,0.00095,6.115482250000001,0.0012500000000001,89068.85,1612240927819.0,27207.5,94300.0,-3574300.0,3668600.0,4667300.0,-4794300.0,9461600.0,3795300.0,-3795400.0,7590700.0,4050400.0,-1240100.0,5290500.0,1964400.0,-2112100.0,4076500.0,0.0745705830523615,0.064667354456489
1121.0,20231027.0,2.0231027112059e+16,2.474,2.473,892600.0,1113300.0,2.475,2.472,5181110.0,3905400.0,2.476,2.471,4510400.0,4475000.0,2.477,2.47,1283300.0,2589900.0,2.478,2.469,2104000.0,1981100.0,2.223,2.481,2.473,2.457,2.463,2.47,832220437.0,832220437.0,2.717,510050.0,2023-10-27 11:20:59,2.4735550127124983,0.0004042854255105,0.0012128562765312,0.0009999999999998,-0.0009999999999998,0.0019999999999997,14064700.0,13971410.0,-93290.0,2.4709701308950778,2.4758944265467835,28036110.0,93290.0,0.0002140096831713,0.0029999999999996,-0.0010000000000003,2.4735,2.474,2.474,2.473,2.473,389758.0,389758.0,1.0,-33676454.86459402,8.0,12.0,2.0,3.0,0.0004000000000004,6.117707800000002,0.0010000000000003,19487.9,83575388006.0,12366.25,1019000.0,-2681700.0,3700700.0,-761900.0,386810.0,-1148710.0,679700.0,715000.0,-35300.0,-1460500.0,43200.0,-1503700.0,16700.0,-8100.0,24800.0,0.0597095223982193,0.0580383312513263
1122.0,20231027.0,2.0231027112159e+16,2.475,2.474,1600.0,5492100.0,2.476,2.473,3466300.0,4093900.0,2.477,2.472,4619610.0,3483600.0,2.478,2.471,3045800.0,1572600.0,2.479,2.47,1530700.0,2211800.0,2.223,2.481,2.476,2.457,2.463,2.47,835366947.0,835366947.0,2.717,510050.0,2023-10-27 11:21:59,2.474999708757304,0.0004041220448575,0.0012123661345726,0.0010000000000003,-0.0009999999999998,0.0020000000000002,16854000.0,12664010.0,-4189990.0,2.472538857244571,2.4772082831583364,29518010.0,4189990.0,0.0005838860706467,0.0059999999999997,0.0030000000000001,2.4745,2.473,2.476,2.473,2.476,3146510.0,3146510.0,1.0,101151825.73743246,8.0,12.0,3.0,0.0,0.0008000000000003,6.1216664000000005,0.0012500000000001,157325.5,2146213364786.0,150500.0,5492100.0,-1600.0,5493700.0,4093900.0,-3466300.0,7560200.0,3483600.0,-4619610.0,8103210.0,1572600.0,-3045800.0,4618400.0,2211800.0,-1530700.0,3742500.0,0.0792820594304394,0.0702145808954417
1123.0,20231027.0,2.0231027112259e+16,2.475,2.474,1298700.0,1472000.0,2.476,2.473,5145510.0,4169800.0,2.477,2.472,4228300.0,5003800.0,2.478,2.471,2595800.0,1750900.0,2.479,2.47,1240000.0,2295200.0,2.223,2.481,2.475,2.457,2.463,2.47,837345539.0,837345539.0,2.717,510050.0,2023-10-27 11:22:59,2.47453127368535,0.0004041220448575,0.0012123661345726,0.0010000000000003,-0.0009999999999998,0.0020000000000002,14691700.0,14508310.0,-183390.0,2.4720525807088354,2.4768161667347885,29200010.0,183390.0,-0.0001892846312159,0.0049999999999998,-0.0009999999999998,2.4745,2.475,2.475,2.474,2.475,1978592.0,1978592.0,1.0,-13144.101385720074,17.0,3.0,2.0,2.0,0.0001499999999992,6.12488265,0.0,98558.6,2240448542350.0,30932.5,-4020100.0,1297100.0,-5317200.0,75900.0,1679210.0,-1603310.0,1520200.0,-391310.0,1911510.0,178300.0,-450000.0,628300.0,83400.0,-290700.0,374100.0,0.0811420841576233,0.0707023510609754
1124.0,20231027.0,2.0231027112359e+16,2.475,2.474,455100.0,4498500.0,2.476,2.473,4429510.0,5250800.0,2.477,2.472,5040300.0,3419300.0,2.478,2.471,4011800.0,1512900.0,2.479,2.47,1256700.0,2386000.0,2.223,2.481,2.474,2.457,2.463,2.47,838032703.0,838032703.0,2.717,510050.0,2023-10-27 11:23:59,2.4749081274224807,0.0004041220448575,0.0012123661345726,0.0010000000000003,-0.0009999999999998,0.0020000000000002,17067500.0,15193410.0,-1874090.0,2.472466553390948,2.4770780265917924,32260910.0,1874090.0,0.0001522813827253,0.004,-0.0009999999999998,2.4745,2.475,2.475,2.474,2.474,687164.0,687164.0,1.0,-33891260.50060461,6.0,14.0,2.0,3.0,0.0003000000000006,6.122160700000002,0.0009999999999998,34358.2,137001640012.0,14597.0,3026500.0,-843600.0,3870100.0,1081000.0,-716000.0,1797000.0,-1584500.0,812000.0,-2396500.0,-238000.0,1416000.0,-1654000.0,90800.0,16700.0,74100.0,0.0806411360415113,0.0677154732512733
1125.0,20231027.0,2.0231027112459e+16,2.476,2.475,957100.0,5687000.0,2.477,2.474,2469510.0,4721900.0,2.478,2.473,6079100.0,2827700.0,2.479,2.472,3098200.0,1681600.0,2.48,2.471,3254400.0,1159400.0,2.223,2.481,2.475,2.457,2.463,2.47,840500769.0,840500769.0,2.717,510050.0,2023-10-27 11:24:59,2.475855947381888,0.0004039587962027,0.0012118763886082,0.0009999999999998,-0.0009999999999998,0.0019999999999997,16077600.0,15858310.0,-219290.0,2.4737523199980096,2.478329372423669,31935910.0,219290.0,0.0003828984603855,0.0049999999999998,0.0009999999999998,2.4755000000000003,2.474,2.475,2.474,2.475,2468066.0,2468066.0,1.0,33861280.64504008,18.0,2.0,2.0,1.0,9.999999999932284e-05,6.1251301,0.0,123403.3,2579761211230.0,19181.25,5687000.0,-957100.0,6644100.0,4721900.0,-2469510.0,7191410.0,2827700.0,-6079100.0,8906800.0,1681600.0,-3098200.0,4779800.0,1159400.0,-3254400.0,4413800.0,0.0816668512518539,0.0636975109016097
1126.0,20231027.0,2.0231027112559e+16,2.476,2.475,1214500.0,3575000.0,2.477,2.474,4079010.0,4699400.0,2.478,2.473,5790800.0,4256300.0,2.479,2.472,3219700.0,2093400.0,2.48,2.471,2832000.0,1759500.0,2.223,2.481,2.475,2.457,2.463,2.47,842331911.0,842331911.0,2.717,510050.0,2023-10-27 11:25:59,2.4757464244701954,0.0004039587962027,0.0012118763886082,0.0009999999999998,-0.0009999999999998,0.0019999999999997,16383600.0,17136010.0,752410.0,2.473380685563612,2.478138637290712,33519610.0,752410.0,-4.4237361357168936e-05,0.0049999999999998,0.0,2.4755000000000003,2.476,2.476,2.475,2.475,1831142.0,1831142.0,1.0,-33986297.48171163,9.0,11.0,1.0,2.0,0.0004499999999998,6.127852950000001,0.0009999999999998,91557.1,1189109619250.0,41525.75,-2112000.0,257400.0,-2369400.0,-22500.0,1609500.0,-1632000.0,1428600.0,-288300.0,1716900.0,411800.0,121500.0,290300.0,600100.0,-422400.0,1022500.0,0.0853592615528088,0.0691081248511327
1127.0,20231027.0,2.0231027112659e+16,2.476,2.475,136500.0,5083200.0,2.477,2.474,2688700.0,4214500.0,2.478,2.473,4952310.0,3002800.0,2.479,2.472,4443900.0,1903900.0,2.48,2.471,3231500.0,1959800.0,2.223,2.481,2.476,2.457,2.463,2.47,845180290.0,845180290.0,2.717,510050.0,2023-10-27 11:26:59,2.475973849071785,0.0004039587962027,0.0012118763886082,0.0009999999999998,-0.0009999999999998,0.0019999999999997,16164200.0,15452910.0,-711290.0,2.4735294044864578,2.4785141555862293,31617110.0,711290.0,9.185680498358106e-05,0.0059999999999997,0.0009999999999998,2.4755000000000003,2.475,2.476,2.475,2.476,2848379.0,2848379.0,1.0,33983177.87951847,13.0,7.0,4.0,3.0,0.0003499999999996,6.128843150000002,0.0009999999999998,142047.45,5005046117925.0,12998.75,1508200.0,-1078000.0,2586200.0,-484900.0,-1390310.0,905410.0,-1253500.0,-838490.0,-415010.0,-189500.0,1224200.0,-1413700.0,200300.0,399500.0,-199200.0,0.0592003255834048,0.0505284969039153
